4442 5825
751 601 912 656 EPISTOLAE
929 602 946 654 l.
965 602 1053 655 susti
1069 600 1201 656 ioannis.
1236 601 1318 655 vulis.
1337 600 1456 655 25.-27.
1744 602 1816 671 707

369 780 535 861 promissa3
557 777 635 838 alter
649 778 802 860 antiptosi,
818 797 881 859 qua
896 799 998 841 casum
1015 777 1064 839 oh·
1123 778 1296 852 admonens,
1319 779 1397 838 utin
1414 796 1448 838 eo
1465 780 1615 851 maneant,
1635 768 1718 854 quod
1732 791 1816 833 acce·

370 866 490 948 liquum
512 866 616 947 posuit
637 886 692 947 pro
716 874 814 926 recto:
841 870 940 927 vitam
965 874 1069 927 aeter·
1123 875 1239 948 perunt.
1263 866 1361 946 Igitur
1377 862 1538 926 secundnm
1555 861 1699 923 Graecam
1714 859 1816 921 lectio·

370 973 463 1029 nam,
485 955 587 1025 idest,
610 954 675 1013 vita
698 962 830 1014 aeterna.
853 954 968 1015 Sensus
992 955 1069 1014 enim
1123 975 1191 1014 nem
1209 953 1374 1032 Apostolus
1396 949 1536 1012 hocloco
1551 949 1659 1031 repetit
1681 944 1818 1028 pluribus

371 1050 437 1103 est:
452 1040 531 1100 Nem
544 1039 626 1120 quod
639 1039 712 1115 dixi,
728 1060 783 1100 ros
799 1041 829 1101 in
840 1040 922 1103 Filio
938 1049 968 1101 ot
979 1040 1070 1100 Patre
1122 1040 1224 1102 vorbis
1240 1038 1278 1114 id,
1294 1039 1376 1121 quod
1392 1056 1485 1120 supra
1501 1035 1593 1097 dixit:
1616 1038 1677 1097 Vos
1690 1034 1819 1096 auctio·

370 1144 543 1199 mansuros,
570 1137 684 1188 merces
709 1134 770 1201 est,
797 1127 882 1187 nohis
905 1129 936 1187 in
959 1126 1069 1186 tradita
1124 1148 1195 1189 acm
1212 1124 1332 1187 habetis
1348 1146 1369 1186 a
1384 1127 1513 1199 Sancto,
1536 1131 1565 1184 et
1584 1125 1681 1185 nostis
1697 1121 1817 1183 omnia.

371 1216 501 1276 veritate
515 1214 760 1294 permanentibus
773 1236 792 1275 a
803 1211 923 1275 Obristo
937 1212 1069 1274 Domino
1124 1215 1200 1276 Nam
1218 1212 1299 1274 illam
1314 1222 1446 1294 partem:
1466 1215 1650 1273 unctionem
1665 1208 1784 1269 hahetis
1799 1225 1820 1268 a

372 1303 530 1382 promissa,
554 1300 618 1360 vita
634 1300 750 1362 scilicet
766 1308 895 1362 aeterna.
920 1301 1003 1360 Dicit
1018 1320 1068 1360 au·
1124 1303 1260 1375 Sancto,
1287 1321 1367 1361 nunc
1392 1299 1478 1361 uelut
1504 1299 1641 1380 exponit,
1668 1315 1734 1357 cum
1761 1294 1819 1356 ait:

371 1396 450 1450 tem:
475 1387 575 1463 nebia
592 1395 632 1461 ut,
656 1387 908 1467 quemadmodum
924 1389 1069 1449 societate
1131 1391 1253 1463 Unctio,
1276 1407 1374 1466 qaam
1399 1388 1560 1463 accepistis
1582 1385 1622 1446 ah
1641 1402 1687 1459 ee,
1711 1389 1820 1443 maaet

369 1475 434 1557 jam
451 1475 605 1553 conjuncti
628 1484 714 1535 erant
729 1494 796 1537 cum
813 1477 924 1536 sanctis
939 1474 1069 1554 Aposto·
1124 1479 1160 1536 in
1176 1475 1273 1536 vohis.
1298 1475 1433 1536 Alterum
1455 1493 1544 1534 vero:
1572 1473 1675 1534 Nestis
1697 1471 1819 1545 omniu,

373 1561 412 1624 lis
428 1564 517 1623 sicuti
533 1559 609 1621 dixit
625 1581 690 1642 cap.
708 1567 753 1622 1.:
784 1563 823 1624 Ut
846 1571 875 1622 et
898 1579 954 1622 vos
972 1565 1070 1622 socie·
1125 1560 1309 1623 antecedens
1325 1558 1423 1623 estad
1439 1561 1504 1633 hoc,
1522 1558 1602 1642 qnod
1618 1558 1769 1638 sequitur:

372 1656 472 1711 tatem
488 1648 628 1709 babeatis
642 1650 814 1724 nohmcam,
838 1652 882 1710 ita
902 1656 929 1708 ct
950 1658 1071 1730 sperent
1168 1652 1211 1710 Et
1222 1669 1288 1712 non
1301 1666 1421 1711 necesse
1432 1647 1561 1723 habetis,
1578 1653 1614 1708 ut
1628 1645 1745 1723 aliquis
1760 1644 1819 1705 da·

375 1756 443 1799 cum
457 1734 563 1797 iisdem
579 1736 703 1817 praemii
719 1737 1026 1798 communicationem.
1124 1743 1192 1797 ccat
1210 1754 1270 1797 vos.
1293 1737 1429 1797 Eatenus
1450 1733 1572 1795 doctore
1594 1751 1670 1812 opus
1692 1751 1753 1792 non
1767 1730 1819 1792 ha·

418 1824 469 1886 26.
493 1824 580 1883 Haec
595 1826 705 1900 scripsi
721 1823 807 1885 vohis
822 1823 859 1883 de
875 1826 931 1898 his,
953 1826 1009 1900 qai
1022 1840 1070 1882 sc·
1124 1823 1251 1897 hebent,
1274 1831 1424 1905 quatenus
1447 1823 1547 1883 omnia
1568 1827 1723 1883 noverant.
1750 1816 1819 1899 Quo

374 1910 499 1972 ducunt
514 1927 577 1970 cor.
601 1911 769 1971 Pronomen
791 1911 867 1970 haec
887 1911 1070 1971 demonstrat
1124 1920 1223 1972 autem
1248 1930 1338 1972 sensu
1358 1912 1510 1972 accensit
1532 1911 1642 1970 omnia
1665 1904 1767 1967 fideles
1789 1904 1820 1980 ii,

374 2017 420 2072 ea,
448 2015 528 2079 qnae
550 1997 669 2078 scripsit
693 1999 732 2059 ah
756 1997 808 2057 illo
834 1998 919 2059 loco:
948 1997 1068 2074 Filioli,
1125 1997 1232 2080 quihus
1248 1998 1322 2059 haec
1337 1997 1449 2071 scribit,
1471 2007 1526 2058 suo
1541 1996 1608 2057 loco
1633 1991 1820 2055 declaratum

374 2085 642 2147 nauudmahora
655 2092 706 2145 est.
730 2085 825 2159 Haec,
842 2085 947 2165 inquit,
963 2084 1071 2164 scripsi
1126 2092 1177 2146 est.
1201 2085 1365 2146 Habebunt
1387 2085 1465 2146 enim
1489 2083 1661 2163 Episcopus
1683 2089 1714 2143 et
1735 2098 1820 2160 pres·

375 2172 464 2233 vobis
487 2169 524 2231 dc
547 2170 631 2232 falsis
652 2173 823 2253 magistris,
848 2173 901 2253 qui
924 2180 1071 2232 conantur
1125 2173 1259 2253 hyteros,
1280 2170 1420 2254 aquibus
1443 2169 1667 2234 instruebantur
1682 2177 1713 2230 et
1727 2168 1820 2229 centi-

372 2278 430 2321 ros
446 2260 479 2319 iu
495 2277 623 2319 errorem
646 2258 787 2319 inducere
811 2258 966 2320 doctrinae
985 2258 1071 2320 robis
1125 2261 1272 2321 uehuntur
1286 2261 1317 2321 in
1332 2258 1469 2319 doctrina
1484 2256 1679 2338 Aposwlica3
1694 2274 1752 2316 uec
1766 2253 1818 2316 ad·

309 2364 310 2369 ’
373 2346 413 2408 ah
430 2347 518 2407 initio
529 2343 660 2406 traditae
676 2347 866 2420 contrarium,
883 2345 1071 2426 eundemque
1124 2347 1184 2407 buc
1200 2346 1238 2407 uh
1253 2345 1412 2407 haereticis
1427 2344 1545 2407 seducti
1560 2352 1654 2418 erant,
1668 2341 1723 2404 sed
1737 2350 1819 2403 teus·

372 2431 568 2517 pestiferum,
600 2440 631 2494 et
659 2436 711 2514 qui
740 2434 954 2515 sempiternum
985 2431 1071 2493 vohis
1125 2433 1207 2507 hant,
1220 2432 1302 2514 quod
1315 2441 1504 2512 acceperant.
1528 2431 1660 2492 Proinde
1670 2450 1732 2491 non
1743 2448 1821 2509 epus

372 2529 456 2582 creet
472 2520 606 2581 exitium.
1124 2520 1276 2582 habebant
1292 2519 1421 2594 doctore,
1444 2520 1521 2580 sicut
1544 2537 1620 2600 opus
1643 2517 1756 2578 bahent
1769 2514 1821 2578 rel

417 2609 471 2667 ut.
496 2608 538 2668 Et
559 2625 614 2667 vos
635 2609 817 2668 unctionem
827 2654 837 2684 ‚
864 2627 960 2685 qaam
983 2624 1071 2667 accc·
1125 2606 1223 2682 rudes,
1240 2608 1288 2669 rel
1300 2605 1432 2684 seducti3
1448 2605 1544 2680 rudes,
1557 2613 1591 2667 nt
1601 2604 1726 2678 discant,
1738 2599 1822 2684 quod

368 2698 467 2774 pistis
489 2694 529 2754 ab
545 2696 605 2769 Eo,
629 2703 760 2755 maneat
781 2697 817 2756 irs
837 2695 932 2755 vohis.
955 2695 1071 2754 Rursus
1124 2715 1285 2776 numquam
1301 2697 1467 2769 sciverunt3
1490 2692 1617 2768 seducti,
1639 2701 1674 2753 ut
1694 2688 1823 2752 redeant

372 2782 537 2862 antiptosis
562 2788 625 2842 est:
658 2783 844 2843 linctionem
865 2803 919 2862 pro
942 2783 1070 2857 uncti05
1127 2781 1220 2857 adid,
1244 2801 1338 2861 aquo
1353 2779 1554 2856 desciverunt.
1577 2778 1638 2841 Sed
1655 2787 1756 2839 tamen
1771 2774 1822 2838 ad·

371 2871 456 2931 sieut
482 2869 515 2929 in
536 2868 724 2957 Evangelio:
751 2870 952 2944 Sermonem,
980 2886 1072 2945 quem
1124 2870 1184 2931 buc
1199 2889 1277 2951 opus
1293 2867 1448 2930 habebant
1471 2866 1602 2943 doctore,
1625 2867 1711 2946 cujus
1727 2883 1821 2947 opera

371 2955 522 3031 audistis,
547 2957 974 3032 nonestmeas,doan.14.,
998 2963 1070 3016 tcm-
1125 2960 1325 3020 retinerentur
1355 2958 1387 3016 in
1416 2954 1552 3016 doctrina
1577 2956 1660 3036 prius
1689 2957 1821 3034 accepta,

370 3045 435 3108 etsi
450 3042 615 3104 Graecum:
639 3036 674 3101 τὸ
690 3038 818 3122 χρίσμα,
839 3044 1011 3122 ambiguum
1027 3050 1073 3104 est
1126 3053 1219 3124 atque
1234 3044 1266 3104 in
1283 3063 1319 3104 ea
1341 3042 1459 3123 plenius
1476 3043 1701 3115 instruerentur,
1721 3047 1754 3102 et
1768 3037 1820 3100 ad·

371 3129 414 3194 ad
426 3138 586 3212 utrumque
598 3150 709 3204 casum,
725 3140 757 3192 ut
769 3133 858 3191 etiam
874 3132 983 3192 unctio
996 3130 1071 3191 verti
1125 3151 1232 3193 versus
1255 3148 1370 3191 errores
1385 3149 1421 3189 ac
1436 3128 1632 3209 deceptiones
1653 3128 1820 3189 haeretico·

370 3218 480 3302 possit.
510 3217 568 3277 hist
590 3225 691 3277 autem
713 3226 880 3298 syntaxeos
907 3217 1071 3278 ordinatio:
1125 3239 1190 3278 rum
1214 3219 1408 3278 munirentur.
1431 3217 1532 3277 Locus
1553 3216 1659 3276 similis
1680 3223 1727 3275 est
1740 3210 1821 3296 apud

378 3306 496 3369 Unctis
505 3348 515 3379 ,
547 3322 645 3381 qaam
672 3322 726 3364 vos
752 3308 913 3381 accepistis
942 3304 982 3363 ah
1011 3306 1071 3379 Eo,
1126 3304 1253 3365 Paulum
1272 3309 1286 3365 1
1302 3304 1412 3364 Thess.
1425 3306 1470 3364 4.:
1486 3305 1535 3365 De
1551 3306 1684 3364 caritate
1697 3302 1820 3379 frater·

370 3398 511 3454 maneat
535 3393 572 3452 in
594 3390 690 3452 vohis.
723 3392 797 3465 Vel,
825 3401 858 3451 nt
884 3393 915 3451 in
939 3389 1072 3454 Gracco:
1126 3393 1254 3466 nitatis,
1285 3392 1400 3471 inquit,
1427 3408 1496 3453 ucri
1524 3409 1644 3452 messae
1673 3389 1822 3450 hahemus

371 3471 480 3560 μένει,
502 3485 611 3539 nranct
637 3479 672 3540 irs
699 3479 793 3540 vohis.
830 3477 925 3558 Quem
951 3478 1071 3538 modum
1125 3480 1258 3540 scrihere
1276 3478 1370 3540 vobis.
1396 3480 1463 3555 Ipsi
1479 3481 1561 3539 enim
1579 3497 1634 3539 vor
1648 3496 1669 3537 a
1684 3478 1753 3538 Deo
1769 3474 1821 3534 di·

372 3566 599 3629 onuntiativum
630 3568 721 3625 etiam
748 3565 930 3627 Oscumenio
961 3564 1071 3625 lectum
1127 3567 1260 3641 dicistis,
1287 3574 1324 3627 ut
1350 3565 1492 3643 dilipatis
1513 3568 1658 3628 invicem.
1692 3564 1821 3626 Etenim

371 3652 483 3725 fuisse,
499 3654 573 3712 satis
589 3650 702 3712 indicat
717 3653 782 3731 ejus
799 3654 956 3733 expositio.
973 3651 1073 3713 Juxta
1126 3654 1208 3714 illud
1221 3654 1329 3731 facitis
1340 3656 1376 3713 irc
1389 3671 1496 3714 omues
1508 3654 1639 3731 fratres,
1655 3659 1710 3713 etc.
1734 3649 1820 3730 Quos

370 3740 517 3803 Latinam
533 3738 689 3799 lectionem
706 3740 876 3799 exhortatio
893 3748 946 3811 est,
962 3747 996 3797 ut
1006 3758 1071 3819 per·
1126 3749 1235 3812 tamen,
1251 3751 1283 3799 ut
1298 3740 1426 3820 amplius
1441 3740 1473 3800 id
1484 3739 1606 3815 saciant,
1620 3740 1763 3811 hortatur,
1779 3736 1823 3796 ita

370 3835 519 3888 sererent
531 3827 562 3885 in
574 3824 711 3886 doctrina
720 3826 847 3906 Spiritus
860 3826 957 3886 sancti
969 3821 1072 3905 (quam
1126 3827 1325 3906 subjungens:
1354 3829 1515 3902 Ropamus
1538 3834 1643 3889 autem
1660 3844 1725 3903 vot,
1747 3825 1821 3902 fra·

369 3931 481 3976 rursus
503 3914 685 3974 auctionem
705 3922 802 3987 vocat,
826 3911 931 3974 eudem
946 3915 1073 3984 ratione,
1127 3923 1199 3988 tres,
1216 3920 1252 3974 at
1267 3915 1434 3975 abundetis
1450 3917 1561 3991 mapis,
1578 3922 1632 3976 etc.

370 4021 439 4083 qua
470 4019 563 4080 supra
589 4019 678 4060 versu
705 3998 783 4074 tu),
814 4019 903 4080 quem
930 3999 1072 4078 Spiritum
1170 4001 1241 4062 Jnm
1257 4001 1454 4081 igiturpatet,
1470 3998 1823 4083 exbisstsuperiorihus

370 4094 513 4151 sanctum
538 4108 556 4145 a
572 4082 691 4147 Christo
713 4088 843 4147 Domino
866 4082 995 4162 (Sancto
1018 4085 1071 4145 ihi·
1127 4089 1254 4150 Joannis
1269 4087 1408 4168 Apostoli
1431 4088 1532 4149 verbis
1554 4110 1615 4151 uon
1636 4107 1705 4150 esse
1720 4105 1822 4150 conss-

371 4174 445 4237 dem
473 4170 659 4252 nuncupato)
686 4182 872 4253 acceperant.
915 4171 1005 4253 Quae
1034 4173 1074 4233 sit
1129 4194 1223 4254 quens
1245 4173 1341 4254 (quod
1357 4173 1446 4235 bodie
1461 4177 1580 4237 sectarii
1602 4171 1733 4253 docent),
1756 4173 1823 4254 spi-

370 4267 478 4323 autcm
502 4262 579 4320 ratio
603 4260 827 4321 conservandae
848 4259 941 4338 hujus
956 4260 1071 4321 unctio·
1128 4263 1216 4322 ritum
1239 4271 1373 4322 sanctum
1398 4263 1441 4321 ita
1464 4262 1589 4325 cuilibet
1612 4261 1719 4324 adesse
1741 4260 1824 4321 curi-

370 4351 434 4421 nis,
458 4346 537 4407 hene
560 4345 649 4407 docet
670 4347 828 4407 Hesselius
852 4349 883 4409 in
907 4355 1073 4420 comment,
1129 4351 1234 4420 stieno,
1251 4357 1284 4408 nt
1298 4348 1348 4409 vel
1363 4359 1489 4410 externo
1510 4351 1677 4413 ministerio
1693 4347 1825 4411 doctoris

371 4434 416 4497 ad
433 4454 526 4516 quem
541 4435 626 4494 mitto
641 4433 792 4494 lectorem.
1129 4438 1250 4496 omnino
1265 4455 1327 4496 non
1342 4445 1436 4516 egeat,
1460 4438 1510 4498 rel
1526 4440 1592 4520 ipse
1615 4458 1667 4518 per
1691 4458 1723 4499 se
1743 4432 1824 4515 judi·

421 4520 592 4593 Caeterum,
611 4520 701 4598 juxta
716 4520 846 4581 Graecos
870 4519 997 4593 codices,
1020 4523 1074 4582 ite·
1129 4543 1199 4583 care
1214 4523 1308 4603 possit
1331 4523 1371 4584 de
1394 4523 1634 4605 quibuscumque
1652 4525 1726 4587 fidei
1742 4520 1825 4585 chri-

372 4629 443 4672 rum
460 4628 493 4669 se
509 4614 635 4669 excusat
650 4607 824 4687 Apostolus,
840 4605 951 4682 dicens,
968 4627 1000 4668 se
1015 4627 1075 4668 non
1129 4612 1246 4671 stianae
1270 4612 1494 4671 controversiis.
1518 4612 1588 4674 Non
1604 4614 1682 4674 enim
1697 4607 1826 4690 singulis

372 4697 455 4758 baec
479 4697 523 4755 eis
545 4692 682 4768 scrihere,
707 4696 793 4775 quasi
816 4696 975 4755 veritatem
991 4696 1074 4773 igno-
1128 4695 1269 4757 fidelihus
1285 4696 1389 4757 tribuit
1404 4697 1539 4759 «loannes
1558 4699 1658 4761 emnia
1673 4715 1772 4770 nosse,
1795 4702 1828 4758 et

371 4791 459 4858 rent,
482 4802 548 4843 cnm
561 4783 593 4842 in
605 4800 638 4841 se
650 4780 843 4842 domesticam
858 4790 889 4842 et
904 4790 1073 4842 manentem
1130 4785 1198 4857 alio,
1225 4785 1278 4863 qui
1302 4783 1419 4859 doceat,
1445 4805 1521 4866 opus
1535 4781 1741 4865 ncnlbaherm
1767 4783 1828 4845 nisi

372 4868 511 4932 babeant
526 4867 698 4929 unctionem
714 4889 733 4929 a
748 4869 879 4929 Domino
901 4867 1074 4948 suppedita-
1126 4872 1214 4950 juxta
1229 4889 1348 4931 sensum
1360 4871 1426 4949 jam
1442 4872 1636 4953 explicatum.

373 4966 458 5033 tam3
474 4955 528 5018 sed
540 4954 719 5017 exhortandi
732 4975 830 5018 cansa.
855 4953 1074 5035 Quamexbor-
1178 4958 1239 5021 Sed
1265 4962 1345 5019 sicat
1370 4963 1479 5021 unctio
1505 4953 1687 5039 ejuaffdocet
1712 4975 1769 5020 vor
1789 4957 1828 5018 ds

374 5045 520 5107 aeonem
543 5039 638 5123 paulo
662 5051 729 5123 post
751 5062 807 5103 erra
828 5039 924 5102 forma
948 5042 1076 5122 subjicit,
1136 5045 1290 5107 omnihus.
1312 5045 1439 5106 Variani
1460 5045 1568 5108 Graeci
1591 5044 1719 5108 codices.
1748 5043 1828 5109 llam

1554 5151 1589 5179 ιι
1603 5142 1622 5179 dt
