4442 5825
771 609 933 667 simum
957 613 998 669 Ab
1015 612 1184 670 mittitis.
1219 617 1304 672 im.
1324 619 1348 671 t.
1364 619 1391 671 ι.
1761 627 1830 697 ῃ.

356 786 561 873 Angelorum
599 788 686 857 dixit
720 792 897 880 aliquando
909 783 955 874 ¹):
990 791 1078 861 Sede
1106 816 1127 862 a
1155 797 1280 864 dextris
1307 799 1409 877 meis,
1446 797 1661 887 quoadusque
1687 820 1808 887 ponam

356 892 505 957 inimicos
531 898 611 959 tuos
648 893 831 963 scabellum
865 897 989 985 pedum
1026 902 1181 967 tuorum?
1227 904 1283 968 tt.
1311 902 1427 968 Nonne
1456 921 1569 968 omues
1597 907 1672 970 suut
1700 903 1808 970 admi·

356 996 538 1063 nistratorii
566 989 761 1086 spiritus²),
794 999 827 1066 in
854 1002 1070 1068 ministerium
1097 1005 1188 1070 missi
1213 1011 1353 1093 propter
1382 996 1450 1092 eo's,
1478 1006 1534 1093 qui
1561 1006 1806 1075 haereditatem

359 1099 489 1185 capient
518 1100 669 1168 salutis?

932 1343 1237 1357 -m

844 1534 1048 1604 §imitatori
1068 1536 1196 1606 atritis
1218 1537 1326 1606 l’ltllll.

358 1659 429 1711 locst
447 1660 598 1721 ausum,
623 1672 670 1723 par
694 1670 772 1727 quem
794 1659 940 1713 hominibus
962 1661 1063 1713 locotus
1088 1664 1129 1712 est
1146 1661 1228 1723 Deus.
1253 1674 1312 1714 essa
1331 1661 1398 1714 Patri
1424 1661 1573 1727 aeoudem,
1599 1661 1704 1725 sugetis
1729 1660 1808 1723 lonae

455 1731 689 1791 excellentiorem,
708 1728 862 1782 confirmans
881 1729 907 1781 id
925 1729 1011 1781 miritis
1028 1730 1176 1793 scripturae
1195 1731 1354 1784 testimoniis.

399 1860 425 1913 1.
448 1853 671 1931 Multisne-iam
682 1854 852 1931 multisque
866 1854 968 1915 modis
981 1855 1056 1915 olim
1154 1855 1243 1934 Quod
1267 1855 1387 1916 additur
1411 1856 1520 1916 maltis
1544 1854 1664 1927 modis,
1692 1851 1810 1913 Graece

361 1941 440 2000 Desss
469 1941 608 2018 loquens
635 1940 784 2017 patribus
815 1944 852 2002 irs
881 1942 1057 2017 Prophetis.
1110 1951 1156 2002 est
1171 1934 1391 2018 πολυτρόπως,
1408 1940 1438 2000 id
1454 1948 1499 2000 est
1510 1940 1707 2013 multimode,
1723 1939 1809 2000 mesl-

361 2025 521 2087 Exordium
543 2027 602 2087 hoc
623 2026 780 2107 Epistolae
804 2025 985 2106 quibusdam
1006 2028 1057 2088 ab·
1109 2028 1304 2106 tisorms‘tcr5
1331 2039 1364 2088 ut
1390 2027 1579 2106 significetur
1603 2027 1688 2086 varis
1713 2024 1810 2086 fuisse

359 2122 474 2192 ruptum
499 2111 636 2186 ridetur,
659 2113 741 2193 quod
767 2114 877 2173 animis
901 2113 1056 2175 Hebraeo·
1109 2116 1261 2176 visionum
1276 2134 1403 2195 genera,
1425 2114 1529 2173 modos
1544 2133 1580 2174 ac
1595 2112 1723 2184 formas,
1745 2113 1809 2192 qui·

360 2220 419 2259 rum
433 2199 521 2260 uuila
536 2200 721 2260 sulrrtstioue
735 2201 939 2281 praeparatis,
963 2201 1057 2261 irruat
1109 2200 1165 2261 bue
1180 2202 1339 2263 illuminati
1354 2200 1524 2282 Prophetae
1545 2208 1675 2260 venturu
1689 2196 1809 2278 praedi·

361 2288 499 2365 inipsam
513 2286 675 2348 materiam
697 2285 901 2367 principalem.
936 2286 1056 2366 Quibus
1109 2297 1225 2348 eerent:
1251 2288 1338 2348 velut
1359 2306 1414 2367 per
1434 2289 1566 2359 somnia,
1589 2304 1643 2366 per
1666 2291 1808 2358 ecstsses,

361 2371 599 2454 respondendum
622 2382 683 2449 est,
706 2372 899 2454 Apostolum,
920 2392 983 2454 qua
1009 2393 1055 2434 ra·
1109 2393 1164 2454 per
1178 2376 1363 2454 aenigmata,
1390 2393 1444 2453 per
1465 2373 1596 2452 figuras,
1620 2390 1673 2450 per
1695 2370 1807 2430 allocu-

363 2462 434 2520 tioue
451 2478 565 2520 nomen
586 2479 673 2520 suum
689 2458 825 2520 consulto
845 2460 1056 2538 praetermisit,
1109 2462 1221 2532 tiones,
1244 2481 1299 2542 per
1312 2460 1518 2540 apparitiones
1533 2457 1691 2518 sensibiles
1713 2465 1810 2536 atque

366 2546 515 2607 otdictum
537 2556 585 2607 est
606 2547 638 2607 in
657 2544 923 2626 praecedentibus,
949 2546 1056 2607 eadem
1109 2566 1277 2627 corporeas
1311 2548 1453 2608 Breviter
1473 2546 1531 2606 hoc
1550 2553 1597 2604 est
1623 2541 1704 2623 quod
1728 2542 1809 2622 Apo·

365 2652 409 2692 uec
444 2633 662 2694 salutationem
700 2631 870 2693 adscribere
904 2631 1053 2693 debuisse.
1110 2635 1205 2694 stolus
1222 2634 1310 2694 dicit:
1335 2633 1544 2713 Multipliciter
1563 2650 1600 2691 ao
1622 2630 1707 2691 varie
1723 2628 1808 2690 Deus

363 2718 433 2780 llam
448 2739 524 2780 usus
539 2740 600 2779 uon
616 2718 713 2792 habet,
727 2738 783 2780 noc
797 2719 967 2780 honestatis
978 2720 1055 2780 ratio
1110 2721 1181 2781 olim
1203 2722 1319 2782 locutus
1341 2721 1495 2800 patribus,
1522 2719 1554 2778 id
1577 2724 1623 2779 est
1642 2716 1809 2794 majoribus

362 2808 481 2885 patitur,
509 2814 543 2866 ut
558 2806 700 2866 salutatio
716 2826 784 2866 cum
807 2807 858 2878 iis,
882 2825 962 2886 qnae
977 2806 1055 2866 salu·
1109 2808 1217 2867 nostris
1235 2807 1397 2878 Israelitis,
1420 2826 1473 2886 per
1494 2804 1673 2885 Prophetas.
1712 2800 1808 2862 Porro

361 2894 456 2953 lationi
472 2892 576 2955 solent
590 2894 727 2966 annecti,
742 2894 881 2954 mittatur
892 2911 1056 2974 suppresso
1108 2893 1223 2955 Mosam
1248 2895 1280 2957 in
1306 2913 1430 2955 numero
1462 2892 1679 2972 Prophetarum
1704 2887 1809 2964 iusisse,

362 2983 475 3041 nomine
499 2979 667 3041 remansis.
705 2981 761 3041 Est
782 2987 881 3041 autern
901 2980 1056 3042 exordium
1110 3000 1163 3060 per
1178 2995 1254 3061 quos
1273 2980 1410 3060 patribus
1432 2981 1551 3041 locutus
1573 2986 1619 3037 est
1633 2976 1733 3037 Deus:
1755 2993 1808 3036 ne·

359 3070 412 3142 rei,
426 3066 465 3128 de
481 3088 543 3147 qua
558 3076 688 3127 tractam
702 3067 840 3139 instituit,
853 3068 1056 3147 aptissimum
1109 3070 1182 3128 mini
1205 3068 1330 3128 dubium
1351 3076 1403 3127 est.
1437 3067 1544 3147 Itaque
1566 3064 1669 3124 statim
1684 3061 1749 3137 hic,
1775 3063 1809 3123 iu

360 3162 460 3234 utpote
475 3172 572 3235 grave
587 3161 681 3233 atque
696 3153 829 3228 sublime,
850 3172 911 3232 quo
927 3153 1056 3232 dignita·
1109 3156 1175 3234 ipso
1190 3154 1306 3225 limine,
1330 3153 1431 3214 Moses
1454 3154 1486 3213 in
1502 3152 1639 3214 ordinem
1661 3147 1809 3229 redigitur

360 3248 414 3300 tem
429 3241 536 3322 incipit
559 3259 708 3320 exponere
724 3241 817 3313 illius,
844 3241 930 3319 cujus
948 3240 1055 3320 legem,
1109 3261 1230 3315 eorum,
1245 3243 1296 3319 qui
1312 3238 1434 3300 Christo
1449 3246 1520 3300 sunt
1533 3239 1671 3297 minores.
1694 3235 1809 3296 Verum

359 3337 582 3400 testamentum,
606 3326 804 3387 sacerdotium
825 3344 917 3405 supra
939 3327 1054 3386 bissem
1110 3326 1157 3402 id,
1180 3345 1219 3387 ue
1233 3325 1379 3400 offendat,
1402 3327 1491 3386 tacite
1505 3323 1580 3384 iacit
1594 3322 1756 3403 Apostolus
1771 3340 1808 3382 ao
1916 3385 1919 3392 ¹

360 3424 388 3473 et
401 3415 504 3475 Aaron
520 3421 587 3473 tota
599 3412 737 3492 Epistola
753 3412 951 3473 commendat
990 3413 1054 3472 Pri·
1109 3421 1227 3474 tautum
1242 3411 1296 3474 sub
1316 3415 1436 3473 nomine
1459 3410 1605 3491 generali.
1641 3408 1712 3469 Non
1727 3407 1809 3474 enim

360 3519 434 3560 mum
448 3501 543 3580 igitar
557 3499 614 3560 hoc
625 3501 724 3579 capite
737 3499 927 3562 divinitatem
943 3498 1065 3560 chassi
1108 3502 1192 3580 prius
1207 3498 1244 3559 de
1259 3499 1344 3559 Mose
1359 3498 1527 3580 quidquam
1545 3513 1690 3575 expresse
1704 3493 1807 3555 dicen·

360 3587 477 3660 statuit,
502 3585 664 3647 ostendeus
690 3605 758 3646 eum
784 3605 850 3647 esse
871 3586 964 3647 tilium
987 3586 1055 3659 Dei,
1109 3586 1180 3647 dum
1210 3593 1289 3659 arat,
1320 3604 1410 3667 quam
1435 3584 1472 3645 de
1497 3581 1613 3664 angelis
1639 3598 1808 3643 sermonem

360 3683 388 3733 et
401 3693 455 3753 per
468 3673 529 3734 hoc
543 3672 661 3754 angelis
672 3672 764 3753 louge
778 3673 969 3752 superiorem,
985 3671 1056 3733 inde
1109 3674 1349 3753 interposuisset.

359 3760 551 3839 probaturus,
578 3767 693 3839 quanto
715 3758 766 3820 lox
787 3758 900 3821 Christi
922 3766 1057 3837 praestet
1153 3764 1181 3821 2.
1205 3761 1379 3822 Novissime
1401 3758 1509 3819 dicbtss
1530 3759 1598 3817 istis
1620 3756 1744 3816 locutas
1762 3759 1807 3815 est

359 3846 416 3926 legi
431 3845 606 3917 ldosaicae,
629 3846 749 3907 tametsi
762 3865 818 3926 per
830 3846 955 3926 angelos
969 3846 1053 3905 mini·
1108 3847 1199 3907 uobis
1213 3849 1249 3907 iss
1264 3848 1361 3907 Filio.
1383 3844 1542 3907 Graecast
1556 3842 1683 3923 Syrisce
1697 3842 1808 3901 ments·

358 3942 477 3994 strstae.
516 3931 608 4014 Quod
623 3934 665 3992 ait
678 3933 913 4010 multifarium,
938 3932 1055 3993 Graece
1108 3935 1212 4008 mmm,
1247 3932 1327 4014 quod
1356 3940 1388 3993 et
1416 3933 1447 3990 in
1475 3931 1595 3991 Latinis
1625 3925 1808 4009 quibusdam

359 4027 409 4092 est,
423 4014 616 4096 πολυμερῶς,
632 4027 666 4078 ut
680 4019 705 4078 si
717 4018 816 4079 dicas:
832 4019 1054 4095 multipartita.
1107 4018 1194 4081 MSS.
1210 4019 1335 4098 legitur:
1351 4018 1471 4078 mmetsi
1486 4037 1546 4076 nou
1562 4016 1672 4076 demut
1686 4011 1808 4075 codices

358 4104 423 4165 Non
446 4106 529 4166 euim
551 4106 667 4178 omnia,
692 4123 748 4165 nec
770 4104 892 4178 mdem,
919 4104 1056 4166 omuibus
1108 4105 1233 4178 Graeci,
1264 4107 1318 4185 qui
1343 4106 1393 4166 hic
1416 4103 1519 4184 legant
1544 4092 1699 4179 ἰσχάτου,
1730 4099 1809 4159 inter

359 4191 517 4273 Prophetis
532 4192 667 4252 revelata
682 4198 767 4263 sunt,
790 4189 846 4251 sed
861 4193 951 4272 quasi
964 4193 1054 4272 parti·
1108 4209 1186 4271 quos
1201 4191 1429 4271 complutensis.
1467 4188 1528 4250 Sed
1548 4188 1674 4250 alterum
1688 4185 1810 4246 ridetur

360 4275 410 4338 bus
438 4279 651 4358 mysteriorum
682 4276 862 4351 distributis,
896 4277 957 4337 alia
986 4277 1056 4337 aliis
1108 4281 1225 4357 potius:
1247 4298 1317 4338 nam
1340 4286 1372 4337 et
1386 4275 1459 4337 alibi
1481 4274 1607 4353 legimus
1622 4273 1810 4334 novlsmmm

359 4365 515 4446 inspirata:
549 4364 683 4445 exempli
697 4381 802 4436 musa,
829 4363 969 4436 «lessies,
988 4382 1054 4443 par·
1108 4366 1191 4439 dics,
1217 4366 1391 4425 moismmo
1413 4371 1575 4438 temporo,
1602 4360 1810 4422 noctramom

359 4460 404 4511 tus
427 4451 558 4532 virginis
579 4461 611 4512 et
636 4450 737 4531 passio
763 4447 893 4528 Christi3
922 4449 1055 4521 Danieli,
1107 4452 1219 4513 boram
1229 4474 1242 4528 ;
1258 4470 1313 4530 per
1328 4469 1409 4530 quae
1424 4438 1809 4528 omniasigniiiesturillud

359 4545 473 4618 tempus
495 4536 645 4600 adventu
667 4537 751 4614 ἠως
778 4535 895 4610 ionae,
922 4535 1055 4617 ejusdem
1108 4546 1244 4615 tempus,
1271 4545 1339 4617 poet
1356 4535 1442 4617 ¹quod
1454 4536 1518 4614 jam
1541 4555 1602 4595 uon
1620 4531 1702 4592 aliud
1717 4549 1808 4611 quam

361 4625 527 4704 sepultum
542 4623 728 4696 Malachiae,
753 4621 901 4685 adventus
917 4642 1055 4703 praecur-
1107 4623 1212 4684 mundi
1238 4624 1307 4684 finis
1329 4630 1360 4683 et
1383 4622 1531 4683 adventus
1553 4619 1666 4698 judicis
1688 4619 1729 4678 sit
1754 4635 1807 4677 ex·

361 4715 446 4789 soris,
477 4733 513 4774 ac
527 4729 662 4783 rursum,
686 4709 754 4771 aliis
770 4708 875 4790 plura,
897 4710 963 4770 aliis
980 4727 1054 4789 pau·
1108 4710 1307 4791 spectandus;
1329 4716 1433 4788 utpote
1448 4703 1597 4786 completo
1611 4704 1707 4784 primo
1723 4703 1807 4765 chri-

361 4799 446 4860 ciora.
1107 4798 1148 4857 sti
1175 4796 1322 4872 adventu,
1358 4794 1559 4874 omnibusque
1587 4791 1741 4872 mysteriis
1768 4786 1809 4851 sd

365 4935 670 4950 ——-—

436 5027 477 5110 .¹)
494 5030 590 5084 reem
607 5030 672 5112 Iros.
693 5031 714 5084 t.
748 5028 876 5093 ouem.
898 5030 940 5094 te,
959 5029 999 5083 ro.
1026 5030 1079 5084 te.
1099 5030 1125 5095 e,
1146 5030 1187 5083 ss.
