4442 5825
706 563 1295 629 ermonario-assonantur.
1624 573 1703 656 use

385 753 531 825 pemotc,
553 742 701 806 subaudi:
723 744 889 822 acenteta.
916 742 954 804 ln
1052 741 1112 804 Sed
1140 740 1240 803 adhue
1263 750 1358 803 restat
1380 743 1528 823 quaestio,
1555 742 1603 804 cui
1626 745 1706 825 parti

371 853 401 897 ιο
426 841 544 894 tantum
566 832 695 912 legitur:
720 839 749 892 et
769 840 954 909 peecatum
1010 829 1206 910 praecedenti
1222 829 1334 890 debeat
1349 831 1479 907 annecti3
1496 832 1528 892 id
1540 833 1617 892 enim
1633 853 1705 893 nou-

373 921 498 983 nomino
518 939 574 1001 per
597 919 824 981 translationem
840 917 952 998 signifi·
1010 917 1080 978 dum
1107 915 1212 997 liquet
1243 916 1357 978 Planus
1381 917 1505 996 quidem
1528 926 1631 987 textus
1655 938 1705 979 ex·

371 1010 460 1069 estio
474 1025 535 1085 pro
549 1014 690 1083 peccato,
714 1018 748 1066 ut
763 1005 863 1066 Levit.
880 1006 908 1064 4.
926 1019 956 1066 et
1009 1023 1137 1085 poscere
1152 1005 1280 1078 videtur,
1296 1014 1330 1064 ut
1345 1002 1384 1064 ad
1400 1002 1601 1079 id-scleratur,
1625 1006 1706 1088 qnod

371 1092 483 1168 Porro,
505 1113 568 1175 quo
590 1112 680 1155 sensu
702 1114 763 1154 uon
786 1092 956 1171 placuerint
1008 1092 1145 1172 proxime
1157 1091 1320 1172 praecedit,
1345 1089 1401 1150 hoc
1415 1091 1521 1155 modo:
1544 1093 1705 1169 Scriptum

371 1188 427 1254 leo,
449 1181 590 1260 superius
606 1183 778 1259 expositum
794 1185 850 1238 est.
1009 1186 1053 1239 est
1068 1178 1107 1239 de
1129 1197 1189 1253 me,
1212 1185 1249 1238 ιιι
1271 1180 1392 1256 sociam
1407 1186 1484 1257 etc.;
1508 1178 1561 1240 sed
1577 1179 1705 1261 Aposto-

371 1268 449 1329 brac
465 1268 549 1329 diui:
574 1268 655 1329 Eece
670 1269 773 1328 verrio.
796 1265 884 1326 Dixit
899 1263 955 1325 hoc
1009 1265 1057 1326 lus
1073 1264 1193 1325 videtur
1207 1285 1268 1326 nou
1288 1265 1496 1344 permissurus.
1520 1265 1599 1327 Nam
1614 1267 1707 1348 paulo

371 1372 400 1428 s,
423 1353 544 1436 quaudo
560 1355 733 1414 incarnatus
748 1361 810 1428 ιιι,
834 1353 955 1412 tametsi
1009 1360 1094 1433 post,
1124 1353 1236 1431 omissa
1261 1351 1320 1412 bac
1344 1352 1479 1431 proxime
1510 1353 1707 1433 praecedente

379 1447 460 1513 branc
473 1442 570 1520 magis
584 1439 761 1513 illationem,
778 1458 868 1519 quam
883 1451 953 1499 tem·
1010 1447 1104 1518 parte,
1131 1437 1227 1498 verba
1247 1437 1362 1499 Psalmi
1389 1441 1461 1499 citat
1487 1441 1517 1501 in
1545 1439 1624 1500 bunc
1645 1461 1706 1501 mo·

371 1529 515 1607 purificare
541 1525 679 1601 videtur,
707 1538 741 1588 ut
766 1545 872 1586 sensus
898 1527 954 1585 sit:
1009 1525 1096 1586 dum:
1116 1527 1206 1587 Turre
1222 1525 1308 1586 disi:
1324 1526 1403 1586 Ecce
1417 1529 1520 1601 venio,
1536 1527 1707 1605 etfaciam

371 1613 418 1675 idi
433 1615 508 1695 legis
522 1613 671 1674 sacrificia
685 1634 746 1675 non
758 1614 813 1675 tibi
828 1611 955 1693 placere,
1010 1613 1209 1674 voluntatem
1228 1612 1341 1673 Tuum.
1358 1612 1408 1672 Ex
1420 1632 1480 1694 qno
1493 1613 1559 1673 loeo
1571 1624 1707 1694 apparet,

371 1702 396 1765 is
418 1701 534 1783 placari
556 1719 662 1782 posse,
685 1700 753 1761 ideo
775 1717 824 1759 me
846 1698 955 1779 ipsum,
1009 1719 1045 1759 ea
1058 1700 1167 1759 verba:
1182 1706 1218 1759 ut
1232 1699 1353 1775 focium
1371 1708 1437 1774 etc,
1453 1721 1521 1761 cum
1538 1700 1589 1760 ille
1604 1708 1705 1780 perte:

371 1798 414 1849 rto
429 1807 562 1869 corpore,
577 1787 656 1867 quod
672 1787 746 1847 mihi
761 1788 881 1867 aptasti,
904 1805 955 1867 pa·
1009 1804 1074 1847 ecoe
1089 1789 1198 1859 versio,
1214 1788 1347 1846 construi
1359 1784 1475 1861 debere,
1490 1796 1524 1847 ut
1535 1807 1604 1868 pars
1615 1787 1705 1848 inter·

380 1874 481 1937 obtuli
505 1873 543 1936 sd
569 1872 753 1946 faciendam,
781 1874 859 1934 sicut
878 1872 956 1932 infra
1009 1873 1125 1954 posita:
1148 1875 1314 1950 decapite
1336 1873 1411 1933 libri
1432 1877 1585 1951 scriptum
1608 1873 1705 1935 ratde

370 2007 377 2033 ‚
402 1968 486 2023 tuam
509 1961 702 2023 voluntatem.
725 1963 853 2022 densum
877 1959 956 2019 hunc
1009 1978 1076 2034 rue,
1102 1959 1272 2041 parenthesi
1298 1962 1339 2020 sit
1365 1960 1557 2022 includenda.
1596 1960 1704 2043 Neque

371 2068 409 2111 tm
431 2050 500 2130 ipse
514 2048 676 2128 Apostolus
701 2050 730 2108 in
747 2047 955 2126 consequenti·
1009 2056 1106 2107 tamen
1132 2048 1190 2109 boc
1215 2046 1331 2121 obstat,
1358 2067 1418 2128 quo
1444 2051 1545 2110 miuus
1571 2044 1609 2108 ad
1637 2067 1705 2110 eam

371 2139 489 2219 iggerit.
527 2134 637 2216 Aliqua
664 2133 824 2196 difficultas
852 2143 899 2195 est
925 2134 956 2193 iu
1009 2153 1141 2215 quoque,
1157 2133 1264 2195 saltem
1277 2153 1315 2195 ex
1328 2137 1535 2216 consequenti,
1552 2135 1703 2215 persenb-

371 2222 404 2285 >d
420 2224 572 2304 sequitur:
1009 2241 1137 2302 sequens
1166 2220 1329 2295 toleratur,
1354 2230 1389 2281 nt
1417 2221 1617 2302 significetur,
1647 2223 1705 2284 hoc

371 2314 471 2389 sopita
490 2308 565 2369 libri
584 2311 738 2384 scriptum
759 2314 803 2368 ιιι
829 2307 868 2366 de
889 2326 955 2367 me:
1008 2309 1114 2389 ipsum,
1130 2307 1265 2390 adquod
1281 2306 1525 2383 vendobrinse,
1549 2309 1629 2388 quod
1649 2318 1705 2382 est,

371 2401 459 2473 sem,
486 2396 591 2471 Deus,
620 2396 815 2456 celeritatem
842 2395 954 2454 Tuom.
1008 2398 1108 2456 facere
1135 2396 1322 2456 voluntatem
1346 2396 1413 2468 Dei,
1440 2393 1477 2454 de
1504 2414 1539 2455 eo
1561 2397 1704 2479 scriptum

371 2483 427 2544 ine
442 2491 472 2542 et
488 2484 706 2544 constructione
729 2481 818 2559 hujus
838 2491 954 2540 senten·
1009 2501 1078 2543 esse
1104 2485 1134 2541 in
1161 2484 1261 2562 capite
1286 2481 1364 2542 libri.
1395 2482 1483 2564 Quee
1509 2502 1574 2556 res,
1600 2481 1705 2544 addita

371 2571 445 2632 rimo
473 2567 640 2630 rideamne.
676 2568 810 2629 Hebraei
837 2566 955 2629 codices
1008 2569 1157 2649 particula
1171 2571 1261 2643 sicut,
1285 2568 1417 2629 dilucida
1436 2568 1496 2642 tiet,
1518 2568 1576 2628 boc
1597 2569 1703 2630 modo:

371 2686 374 2716 ι
404 2655 483 2733 banc
513 2656 722 2736 posteriorem:
766 2656 805 2716 Ut
832 2654 954 2732 facicm
1008 2657 1088 2717 Ecce
1104 2658 1195 2716 renio
1219 2649 1311 2729 (siout
1334 2659 1370 2717 in
1393 2659 1496 2733 eapite
1511 2655 1585 2717 libri
1601 2656 1639 2717 de
1654 2675 1704 2717 me

371 2751 457 2805 utem
487 2743 600 2818 Tuom,
627 2749 769 2822 separent
791 2763 809 2801 a
831 2759 953 2820 preecc-
1007 2744 1160 2820 scriptum
1176 2739 1244 2821 eat),
1265 2742 1434 2817 etfaciam,
1450 2743 1544 2817 Deus,
1566 2743 1703 2804 volunta·

387 2830 564 2909 iaciuntque
593 2831 663 2890 novi
693 2847 799 2890 versus
827 2828 955 2901 initium,
1008 2838 1070 2891 tem
1090 2828 1198 2890 Tuam.
1221 2831 1281 2889 Pro
1304 2849 1340 2890 ea
1360 2840 1460 2891 temen
1482 2833 1704 2895 constructione

371 2926 420 2979 tes
435 2936 504 2978 earu
516 2937 584 2978 eum
599 2925 683 2997 parte
698 2916 853 2997 sequenti:
869 2916 957 2975 Deus
1009 2924 1039 2978 et
1054 2917 1256 2991 distinctione,
1272 2937 1353 2998 quae
1369 2928 1416 2978 est
1428 2920 1457 2978 in
1474 2918 1629 2979 codicibus
1639 2918 1702 2981 He·

373 3006 475 3080 uolui,
499 3023 590 3084 quam
605 3004 769 3084 Apostolus
785 3003 898 3079 omisit;
922 3012 956 3061 ut
1008 3003 1113 3077 brasis,
1139 3013 1171 3065 et
1192 3005 1224 3065 in
1245 3006 1383 3066 versione
1405 3006 1440 3065 B.
1462 3005 1641 3084 Hieronymi
1664 3025 1704 3068 ex

380 3091 470 3151 ordo:
493 3092 577 3152 Deus
600 3110 694 3165 meus,
718 3091 807 3163 volui,
831 3096 864 3147 ut
879 3090 955 3150 fece·
1009 3090 1166 3164 Hebraeo,
1192 3110 1310 3154 necnon
1337 3093 1368 3152 in
1390 3091 1488 3152 LXX.
1510 3092 1625 3153 Romae
1649 3094 1702 3153 im·

380 3186 435 3253 est,
446 3177 531 3238 volui
541 3177 642 3239 lacere
650 3179 836 3238 voluntatem
846 3177 953 3236 Tuam.
1008 3179 1128 3259 pressis,
1144 3186 1205 3238 tam
1222 3177 1347 3250 Graece,
1364 3198 1455 3258 quem
1470 3178 1588 3252 Latine,
1603 3180 1704 3240 facere

371 3276 470 3327 sutem
491 3264 665 3345 praecedit:
692 3266 734 3325 Ιιι
755 3265 858 3340 eapite
881 3262 956 3323 libri
1009 3273 1108 3345 potest
1120 3264 1208 3328 etiam
1225 3265 1289 3338 boc,
1306 3265 1387 3344 quod
1403 3264 1442 3324 ad
1458 3266 1581 3326 verbnm
1595 3268 1703 3344 faeere

371 3352 588 3426 maternis,
605 3371 739 3413 seorsum
755 3358 896 3423 statuunt,
912 3358 954 3421 ιιι,
1008 3350 1092 3412 nulla
1121 3370 1251 3432 persona
1280 3350 1417 3428 additum
1448 3351 1574 3412 deberet
1603 3361 1703 3413 autem

371 3441 492 3521 sriptum
508 3440 555 3511 sir,
573 3459 630 3499 uon
643 3447 746 3519 aperte
760 3435 955 3516 significetur.
1008 3437 1079 3500 addi
1094 3438 1284 3498 accusatives
1300 3438 1413 3518 primae
1427 3457 1582 3518 personne,
1601 3441 1628 3499 si
1644 3441 1704 3500 ists

371 3527 602 3588 ecconstructio
615 3524 792 3606 quibusdam
805 3523 954 3604 displicet,
1009 3543 1078 3606 pers
1103 3524 1182 3586 soret
1203 3523 1359 3604 jungenda
1380 3525 1646 3606 praecedentibus;
1671 3524 1702 3586 id

371 3613 403 3676 sd
418 3612 562 3674 Hebraea
578 3620 608 3672 et
623 3612 740 3675 Gnaeos
762 3632 821 3672 non
844 3610 956 3672 babent
1008 3611 1092 3694 qnod
1105 3633 1165 3672 non
1187 3612 1357 3691 requiritur,
1379 3613 1404 3672 si
1414 3613 1560 3692 jungatur
1575 3631 1701 3693 sequen·

371 3701 436 3761 riter
456 3700 576 3777 serere,
601 3699 656 3759 sad
671 3699 813 3760 Hebraea
836 3696 955 3778 quidem
1009 3698 1097 3760 tibus.
1130 3697 1240 3759 Plenus
1263 3718 1359 3758 sermo
1386 3709 1445 3760 est:
1481 3700 1575 3760 Volui
1594 3700 1702 3775 faeere

371 3785 448 3847 ldita
463 3788 699 3865 praepositione,
723 3783 841 3846 Graece
856 3796 954 3844 autem
1009 3785 1206 3848 uoluntatem
1225 3787 1348 3862 Τιιαιιι,
1371 3806 1430 3846 non
1446 3793 1494 3846 est
1510 3786 1630 3865 plenus:
1655 3787 1703 3848 De

371 3874 470 3934 ticulo
493 3874 618 3951 genitivi
634 3892 728 3945 casus,
752 3872 840 3951 quasi
857 3869 953 3930 dieat:
1007 3891 1056 3933 me
1092 3876 1245 3949 scriptum
1282 3879 1326 3932 est
1360 3873 1469 3949 faeere
1503 3872 1702 3934 voluntatem

371 3961 516 4033 undem,
532 3958 583 4019 val
594 3978 691 4020 causa
703 3958 859 4036 faciendi,
875 3956 955 4038 quod
1012 3960 1125 4019 Tuam.

371 4072 374 4104 ι
395 4049 540 4108 vertitur:
561 4053 599 4107 ut
620 4045 753 4123 facicm.
779 4045 829 4105 Sic
856 4054 955 4104 autem
1051 4037 1155 4126 Q'uare
1169 4044 1327 4106 dicendum
1343 4045 1471 4116 videtur,
1492 4046 1603 4106 rectius
1617 4047 1703 4127 jungi

370 4134 471 4215 aptius
485 4141 593 4213 putant
607 4132 766 4193 cohaerere
786 4151 852 4191 cum
868 4149 954 4211 prae·
1007 4133 1220 4214 sequentibus,
1247 4130 1286 4192 ad
1310 4150 1428 4191 sensum
1455 4139 1554 4193 tamen
1578 4154 1638 4194 nou
1659 4153 1702 4194 re-

371 4221 382 4281 i
394 4229 490 4302 parte,
512 4240 605 4300 quam
621 4238 687 4279 cum
703 4238 746 4289 ea,
764 4236 842 4297 quae
857 4219 953 4298 sequi·
1008 4219 1105 4292 ferre,
1135 4239 1174 4279 an
1200 4216 1467 4298 praecedentibus;
1497 4238 1567 4280 uam
1596 4219 1704 4281 saltam

371 4309 520 4388 sparsim
542 4307 574 4367 in
597 4306 760 4385 Scripturis
781 4301 888 4365 videre
911 4311 957 4364 est
1007 4308 1098 4367 tacite
1118 4305 1158 4365 ad
1181 4304 1235 4365 illa
1255 4305 1414 4385 pertinere.
1436 4304 1509 4366 Vult
1523 4309 1600 4368 enim
1616 4304 1703 4367 Obri-

371 4391 431 4456 rodi
452 4393 615 4454 infinitivus
636 4389 886 4472 praecedentibus
905 4389 955 4450 ad·
1008 4399 1071 4453 stus
1094 4392 1212 4466 dicere,
1238 4391 1309 4465 hoc,
1336 4391 1375 4452 da
1401 4409 1461 4470 quo
1485 4404 1705 4472 consequenter

371 4500 387 4555 ι,
408 4480 557 4542 interdum
574 4481 665 4540 etiam
688 4478 813 4539 articulo
829 4498 887 4537 non
905 4475 955 4538 ad·
1008 4478 1149 4560 loquitur,
1173 4498 1238 4539 esse
1253 4480 1396 4557 scriptum
1412 4480 1443 4538 in
1458 4478 1613 4539 volumine
1627 4478 1704 4540 libri.

371 4577 389 4629 ιι
404 4568 437 4628 iu
452 4567 578 4632 canticis
595 4565 629 4625 B.
644 4565 781 4645 Virginis
796 4571 830 4625 st
844 4563 956 4623 Zacha·
1009 4566 1058 4627 Ita
1073 4564 1148 4626 nihil
1163 4567 1279 4635 mirum,
1302 4566 1329 4624 si
1344 4563 1507 4644 Apostolus
1523 4563 1703 4645 praeceden-

371 4673 421 4718 ue.
438 4658 467 4714 1.
493 4652 554 4716 Ubi
576 4661 673 4712 autern
698 4650 891 4732 sequentibus
906 4649 956 4709 ad·
1008 4652 1090 4713 tibus
1107 4671 1172 4712 eam
1189 4649 1355 4712 clausulam
1373 4659 1530 4728 annectat3
1553 4650 1644 4731 idque
1659 4645 1706 4725 (ut

371 4749 420 4815 ιιι,
446 4739 529 4801 baud
555 4739 645 4800 facile
670 4739 796 4799 eredunt
821 4737 954 4817 reperiri.
1010 4735 1151 4819 apparet)
1175 4759 1236 4799 non
1251 4758 1311 4799 uno
1327 4736 1432 4805 modo;
1457 4736 1511 4798 sed
1533 4738 1616 4816 prius
1639 4737 1704 4819 qui·

371 4826 559 4892 manifestum
578 4836 632 4896 est,
655 4825 832 4906 Apostolum
846 4822 956 4884 referre
1010 4825 1079 4885 dem
1105 4826 1163 4885 sic:
1188 4827 1228 4887 Ιιι
1255 4826 1357 4902 cupite
1383 4823 1457 4882 libri
1483 4825 1635 4899 scriptum
1662 4831 1707 4884 est

371 4965 373 4976 ,
399 4913 480 4984 banc
506 4914 545 4974 ed
568 4914 737 4995 superiora,
764 4911 878 4991 quippe
903 4913 956 4990 qui
1009 4912 1048 4972 de
1070 4932 1136 4987 me,
1158 4919 1196 4971 ιιι
1215 4912 1351 4990 saelum,
1380 4909 1483 4983 Deua,
1509 4910 1706 4992 volantatem

371 5001 523 5082 rbjungat,
539 4998 577 5059 sd
593 5019 673 5081 quae
688 4997 796 5062 reterri
810 4999 912 5078 possit.
1013 5000 1135 5077 Tuom5
1163 5007 1271 5078 postea
1291 5004 1392 5060 antem
1412 4996 1471 5056 sic:
1497 4998 1578 5059 Ecce
1599 5000 1705 5073 venio,
1751 5005 1753 5009 ‘

1431 5094 1500 5163 lb*
