4442 5825
742 590 907 649 mutatas
923 592 963 647 till
981 592 1146 649 lisimas
1163 592 1248 647 iuss,
1268 593 1307 645 it.
1323 593 1362 646 tr.
1702 600 1773 668 129

371 764 501 829 sinam
517 766 569 829 lib.
585 764 718 831 ducein
733 777 764 830 et
777 768 857 830 Abel
872 789 939 849 cap.
957 771 1023 831 10.:
1050 775 1055 805 ¹
1078 770 1277 851 aposiopesim
1296 769 1360 848 ipsa
1373 770 1577 831 exsecratione
1593 777 1714 850 propter
1729 789 1773 831 rs·

371 857 503 930 uniam,
534 856 650 935 inquit,
680 874 737 917 aar
762 858 866 917 acrius
888 857 1024 917 soleatus
1078 858 1242 919 verentium
1270 856 1346 932 Dei;
1372 857 1450 915 sicut
1476 855 1589 918 dictum
1616 865 1663 917 est
1684 876 1776 936 snpra

371 941 468 1017 uere,
503 942 590 1019 quod
615 943 832 1017 iureiurando
862 943 1022 1020 firmatur,
1078 965 1143 1025 cap.
1160 944 1189 1005 3.
1214 942 1252 1003 de
1272 962 1307 1003 eo
1325 943 1512 1022 juramento:
1538 945 1573 1006 Si
1595 942 1777 1005 introibunt

378 1038 491 1091 saura
505 1028 664 1091 claudicet
677 1029 765 1105 tldcs,
781 1030 898 1090 idcirco
912 1034 1023 1104 jurare
1077 1035 1114 1092 tu
1128 1034 1269 1108 requiem
1284 1048 1399 1090 meam.
1423 1030 1454 1091 S.
1467 1030 1601 1091 Thomas
1613 1039 1684 1110 post
1695 1029 1774 1110 glos·

371 1115 514 1175 toribitw
536 1116 641 1190 Dcus,
668 1120 724 1193 qui
745 1119 810 1194 ipsc
834 1134 902 1179 uon
918 1121 1022 1193 iurat,
1078 1139 1141 1179 sem
1157 1117 1339 1177 ordinariam
1354 1115 1411 1177 hoo
1433 1116 1522 1178 modo
1538 1118 1678 1198 supplet:
1705 1116 1775 1177 Non

371 1202 376 1255 l
383 1204 578 1278 jurantium
588 1203 692 1277 jaceo
699 1247 710 1279 ,
733 1211 763 1264 ct
781 1203 868 1264 ultor
890 1212 934 1264 cst
946 1224 1023 1281 pcr-
1077 1205 1151 1266 mihi
1166 1203 1310 1282 deinceps
1333 1202 1490 1277 credatur,
1517 1204 1573 1265 nisi
1593 1202 1776 1265 benedixero

371 1292 516 1351 ιιιιιὲιιιιι.
539 1289 728 1369 Augustinus
743 1290 832 1351 edam
849 1289 900 1350 lib.
918 1291 956 1351 de
971 1312 1022 1370 pa·
1078 1291 1142 1351 tibi.
1173 1289 1379 1351 Veruntamen
1395 1289 1549 1351 sciendam
1564 1300 1626 1365 est,
1648 1291 1776 1370 partiou-

371 1376 473 1451 ribas,
501 1394 569 1455 cap.
593 1379 637 1451 a,
666 1384 795 1437 tractans
818 1376 907 1437 illuri:
945 1378 1023 1439 Viuo
1078 1379 1137 1437 lam
1152 1379 1215 1439 :siai
1229 1398 1289 1437 noa
1311 1375 1413 1437 haberi
1436 1377 1467 1438 in
1483 1375 1609 1438 Graecis
1625 1375 1776 1457 exempla·

371 1484 394 1540 ι,
409 1463 687 1538 airammum,
702 1464 746 1524 sic
761 1464 819 1523 ait:
846 1465 1023 1541 Tamquam
1077 1465 1172 1535 ribus,
1203 1473 1236 1524 ut
1258 1483 1313 1525 neo
1335 1464 1366 1523 in
1386 1464 1511 1544 Syriaco
1533 1471 1634 1538 textu,
1663 1484 1719 1524 neo
1744 1464 1775 1523 in

371 1554 443 1613 asso
467 1556 515 1609 cat
536 1550 599 1610 Dei
625 1551 802 1627 testificatio
828 1553 913 1613 vitae
939 1570 1023 1613 suae.
1078 1551 1217 1630 originali
1243 1549 1399 1629 Scriptura
1425 1549 1503 1611 Gen.
1531 1552 1581 1613 22.
1619 1548 1679 1611 Sed
1710 1550 1776 1629 ejus

371 1636 528 1710 sidicat,
543 1658 603 1697 non
617 1641 740 1718 proprie
750 1637 932 1717 jurationem
949 1657 1023 1710 esse,
1078 1638 1145 1698 loco
1161 1636 1277 1697 Graece
1291 1647 1354 1697 cst:
1376 1624 1395 1714 ἦ
1410 1629 1468 1714 μὴν
1476 1681 1487 1712 ,
1514 1636 1545 1697 id
1561 1645 1606 1697 est
1620 1636 1775 1714 equidem,

371 1722 378 1783 l
397 1721 521 1804 aliquid
539 1723 684 1802 jurationi
705 1724 804 1785 simile
811 1769 820 1799 ,
845 1725 919 1804 qaia
941 1725 1022 1785 nimi·
1077 1732 1177 1800 certe,
1200 1722 1283 1803 qnod
1306 1723 1560 1803 Theophylactas
1583 1730 1615 1784 et
1633 1722 1776 1785 Oeeume·

371 1811 450 1871 asic
465 1810 604 1871 homines
618 1811 717 1873 solent
730 1811 850 1890 jurare,
874 1810 1024 1871 dicentes:
1078 1814 1147 1871 nius
1164 1818 1317 1890 exponunt
1331 1803 1452 1886 ὄντως,
1475 1829 1557 1871 vere.
1590 1809 1776 1872 Aduerbiam

371 1898 412 1959 rit
428 1896 590 1959 Dominus
1079 1905 1126 1958 est
1140 1896 1349 1971 confirmandi,
1372 1918 1432 1977 quo
1448 1896 1556 1959 Graeci
1580 1897 1612 1959 in
1623 1896 1775 1977 jurameu-

371 1984 460 2065 Quae
475 1986 626 2044 sentemia
640 1986 666 2046 si
680 1983 795 2065 placet,
812 1985 860 2045 hic
875 1985 1023 2064 eritApo-
1078 1986 1134 2058 tis,
1163 1984 1377 2064 sponsionibus
1404 1993 1435 2044 et
1460 1984 1707 2064 promissionibus
1733 1983 1778 2044 uti

371 2068 630 2133 limantium
645 2070 849 2146 nonhaberet,
864 2089 919 2151 per
935 2090 1024 2150 quern
1079 2072 1185 2132 solent.
1223 2070 1334 2131 Noster
1358 2073 1505 2152 interpres
1529 2070 1648 2132 ridetur
1667 2070 1778 2151 legisse

371 2160 444 2239 :prio
454 2158 589 2236 juraret,
603 2158 630 2219 is
644 2159 723 2219 enim
737 2158 834 2237 major
845 2177 913 2219 ease
928 2157 1025 2231 debet,
1079 2149 1105 2219 εἰ
1121 2151 1163 2237 μὴ
1170 2203 1181 2233 ,
1198 2157 1229 2218 id
1244 2167 1289 2217 est
1304 2161 1373 2218 nisi.
1397 2159 1443 2218 Ao
1461 2158 1590 2219 sortasse
1610 2156 1776 2239 suspicabi-

371 2252 421 2309 ιιι
443 2246 565 2324 ipsum,
593 2244 625 2305 id
650 2256 698 2307 est
723 2244 840 2320 Deum,
869 2264 922 2325 pro
950 2252 1026 2306 teste
1079 2255 1128 2306 tar
1142 2247 1219 2326 quis,
1235 2264 1335 2305 veram
1352 2244 1428 2304 banc
1444 2265 1510 2306 esse
1524 2244 1691 2306 lectionem.
1713 2241 1775 2306 Sed

371 2318 489 2413 nisit,
507 2329 676 2413 quoddam
691 2331 1025 2411 faciuntlrominss,ju·
1080 2330 1245 2395 reclament
1266 2351 1326 2392 non
1353 2331 1448 2392 solam
1472 2332 1581 2394 Graeci
1604 2329 1722 2392 codices
1748 2340 1778 2392 et

371 2428 402 2479 Ι.
434 2418 538 2481 Juxta
552 2437 643 2499 quem
665 2437 785 2479 sensum
796 2421 902 2499 jurare
916 2417 1026 2480 dicitnr
1079 2427 1344 2490 commentatores,
1371 2418 1582 2480 verumetiam
1597 2418 1777 2498 interpretes

371 2522 410 2567 Ι
421 2524 481 2587 per
496 2514 633 2585 tropum,
657 2504 778 2586 quando
794 2506 825 2566 id
840 2504 928 2578 lacit,
944 2505 1026 2585 quod
1078 2506 1196 2578 Lxx..
1216 2525 1293 2586 quos
1308 2506 1338 2565 in
1355 2504 1411 2565 hae
1426 2503 1564 2586 Epistola
1579 2502 1695 2565 Paulus
1710 2523 1777 2587 per·

371 2600 460 2655 fles
474 2590 590 2667 solent:
614 2591 692 2653 sicut
711 2594 801 2653 irasci
823 2601 852 2652 et
873 2595 1027 2672 poenitere
1079 2603 1172 2673 petuo
1185 2594 1337 2672 seqnitur,
1354 2601 1387 2650 ut
1401 2610 1494 2673 saepe
1508 2590 1648 2653 dixiruua
1684 2587 1778 2674 Apud

371 2679 449 2753 itur,
478 2677 602 2759 quaudo
617 2679 705 2752 lacit,
729 2698 809 2759 qnae
824 2679 920 2740 solent
935 2680 1025 2741 homi·
1080 2700 1133 2743 eos
1149 2679 1226 2740 enim
1241 2680 1273 2739 in
1296 2679 1363 2739 loco
1377 2677 1454 2740 Gen.
1479 2679 1571 2740 citato
1589 2697 1711 2758 prorsus
1727 2697 1776 2738 ea·

371 2765 464 2827 sirati
480 2775 534 2825 aut
544 2767 742 2846 poenitentes.
765 2766 859 2827 Recte
873 2775 973 2829 autem
989 2787 1027 2827 ex
1080 2767 1149 2828 darn
1165 2766 1316 2827 habentur
1328 2763 1438 2841 verba,
1461 2786 1541 2846 quac
1555 2765 1704 2839 hocloco,
1719 2764 1778 2825 nisi

371 2852 473 2916 close
497 2850 630 2914 ostendit
650 2853 683 2916 S.
698 2853 848 2928 Thomas,
872 2854 1025 2933 juramen·
1080 2852 1161 2935 qaod
1188 2852 1343 2914 brevitatis
1370 2872 1461 2915 cansa
1490 2852 1568 2915 dixit
1595 2850 1775 2934 Apostolus:

371 2959 392 3002 ι
405 2959 463 3021 par
479 2959 514 3000 se
529 2961 591 3002 uon
605 2959 673 3002 esse
688 2939 835 3013 illicitum,
849 2943 926 3018 qula
940 2942 1027 3004 Scri·
1080 2941 1298 3017 multiplicaba
1314 2947 1343 2999 tc
1352 2984 1361 3014 ,
1388 2961 1441 3021 pro
1458 2961 1494 3002 eo
1515 2938 1596 3021 quod
1611 2939 1642 3000 in
1658 2938 1778 3012 Genesi,

371 3045 424 3090 nu
444 3044 543 3088 sacra
564 3028 647 3089 nitet
660 3030 730 3089 Deo
748 3029 913 3104 attribuit,
940 3027 1025 3105 quod
1081 3038 1142 3090 um
1157 3026 1237 3108 apud
1254 3026 1371 3097 Lxx..
1395 3048 1485 3108 quam
1501 3029 1531 3088 in
1546 3024 1688 3087 Hebraeo
1702 3025 1776 3106 legi·

375 3131 409 3176 aa
422 3118 467 3174 sit
479 3121 653 3190 peccatum.
676 3115 822 3176 Intendit
839 3117 923 3179 enim
939 3115 1025 3176 Scri·
1079 3124 1145 3175 tar:
1172 3114 1392 3192 multiplicabo
1414 3134 1519 3175 acmen
1543 3122 1645 3176 tuum.
1682 3111 1777 3174 Porro

371 3219 425 3264 ssu
439 3219 501 3264 uos
515 3200 676 3263 achum
689 3201 843 3265 ordinare
858 3210 888 3263 ct
902 3203 1024 3262 ducere.
1080 3204 1191 3262 veritas
1218 3200 1370 3262 Hebraico
1391 3200 1464 3262 nihil
1486 3201 1577 3268 lubet
1596 3199 1640 3260 illi
1667 3198 1773 3261 adver·

371 3287 453 3350 :illc
477 3286 541 3350 Sed
555 3307 595 3349 ex
616 3289 813 3372 sequentibus
828 3288 926 3350 adhuc
941 3307 1025 3367 aper·
1080 3288 1131 3349 bio
1157 3286 1357 3368 respondens,
1384 3288 1443 3348 nisi
1470 3296 1643 3349 consuetam
1666 3294 1722 3365 l2,
1746 3284 1778 3346 id

371 3375 576 3450 scomtabit,
602 3376 640 3438 sd
663 3376 888 3456 componendas
911 3387 1025 3436 contro·
1081 3385 1142 3451 est,
1172 3377 1258 3453 quia.
1294 3376 1348 3435 Est
1377 3375 1467 3454 igitm
1493 3374 1550 3434 hoa
1570 3373 1776 3453 juramentum

371 3463 439 3524 stu
452 3481 542 3524 uum
561 3464 684 3542 jurandi
708 3462 826 3524 licitam
849 3481 916 3524 esse
931 3470 962 3524 et
975 3483 1026 3523 ue·
1080 3462 1227 3542 simplex,
1243 3482 1303 3522 non
1319 3462 1556 3522 exsecratoriuua

371 3551 505 3610 unum.
1123 3549 1195 3612 Jam
1210 3548 1259 3609 hic
1273 3548 1427 3608 laboratur
1441 3568 1460 3607 e
1482 3544 1650 3619 nonnullis,
1676 3554 1710 3606 ut
1724 3543 1775 3607 do·

373 3639 424 3698 14.
445 3637 582 3697 naam·
606 3636 677 3696 Nisi
697 3635 882 3699 benedicens
898 3635 1026 3696 benedi·
1081 3644 1185 3707 ccsnt,
1211 3634 1359 3716 quomodo
1374 3634 1473 3695 verbis
1490 3636 1529 3696 ab
1545 3630 1689 3715 Apostolo
1704 3633 1777 3693 reci·

371 3741 398 3784 u
412 3729 461 3798 ts,
478 3728 509 3782 et
522 3722 743 3798 multiplicans
755 3722 973 3801 multiplicabo
988 3729 1026 3782 tc.
1081 3724 1151 3784 tatis
1162 3722 1247 3783 Deus
1258 3741 1310 3802 per
1325 3732 1421 3783 semet
1432 3722 1530 3799 ipsum
1536 3721 1692 3801 juraverit,
1709 3739 1776 3779 oum

371 3810 467 3890 spicit
481 3807 720 3888 adscripturum
735 3808 811 3872 Gen.
827 3813 886 3884 22,
907 3809 958 3869 ubi
973 3805 1027 3869 :ios
1082 3813 1112 3871 in
1135 3810 1177 3869 cis
1199 3829 1238 3870 ne
1258 3809 1353 3869 iormu
1378 3806 1501 3888 quidem
1528 3815 1672 3889 appareat
1690 3805 1776 3886 jura-

391 3893 575 3975 Hieronymi
603 3897 795 3957 translatione
816 3900 861 3958 sic
886 3895 1026 3975 legimus:
1080 3897 1180 3958 menti.
1219 3894 1327 3957 Gracci
1350 3893 1528 3975 confugiant
1546 3894 1584 3955 ad
1599 3891 1777 3974 particulam

371 3990 521 4044 rmcmat
540 3983 643 4059 ipsum
661 3988 793 4060 juravi,
821 3985 898 4044 dicit
913 3985 1027 4044 Domi·
1081 3985 1292 4044 memoratam:
1320 3971 1438 4059 ἧμὴν,
1466 3980 1496 4040 id
1521 3989 1567 4041 est
1589 3999 1680 4056 vcra,
1707 3979 1779 4061 quia

371 4087 407 4130 u:
435 4071 522 4150 Quia
545 4068 649 4146 fecisti
674 4072 759 4131 bane
787 4090 871 4145 reru,
901 4077 931 4129 ct
959 4088 1027 4129 nou
1081 4070 1186 4131 dicant
1205 4070 1364 4128 veritatem
1390 4066 1569 4147 significari,
1593 4086 1673 4148 quae
1693 4065 1778 4127 Deus

371 4158 498 4234 porcisti
525 4154 593 4232 pllio
623 4164 679 4218 tuo
702 4159 869 4232 uuipcaita
893 4163 1027 4232 propter
1081 4168 1136 4218 est.
1173 4155 1280 4235 Itaque
1307 4155 1404 4214 Deum
1430 4152 1573 4216 dicendo:
1606 4172 1692 4228 oerc,
1722 4172 1778 4233 per

371 4261 399 4318 r,
428 4241 612 4304 benedicam
642 4245 716 4320 tibi,
751 4252 780 4304 ct
809 4243 1027 4320 multiplicabo
1081 4252 1178 4305 semet
1201 4244 1298 4322 ipsum
1317 4242 1454 4320 jurasse3
1477 4238 1726 4321 quemadmodum
1749 4248 1779 4299 et

371 4345 435 4392 m
446 4337 537 4391 tuum
548 4333 628 4391 sicut
639 4333 745 4393 :tellas
756 4332 834 4392 coeli
846 4339 903 4391 etc.
925 4328 1028 4389 Verba
1082 4328 1250 4404 Christum,
1278 4332 1330 4407 qui
1346 4329 1457 4388 veritas
1474 4336 1538 4403 est,
1556 4327 1644 4408 ajunt
1655 4328 1778 4406 jurasse

371 4423 403 4476 ut
415 4416 517 4495 angeli
531 4414 688 4478 referentis
694 4420 899 4498 juramentum
915 4427 948 4476 et
962 4436 1027 4495 pro·
1082 4439 1136 4496 per
1151 4437 1184 4476 se
1203 4417 1316 4495 ipsum,
1343 4415 1463 4494 quotics
1479 4414 1571 4476 dixit:
1599 4418 1701 4475 Amen
1709 4455 1720 4488 ,
1747 4410 1777 4473 id

371 4502 503 4564 doum
516 4501 589 4562 Dei.
619 4505 709 4586 Quod
724 4525 796 4585 ergo
812 4503 886 4565 dicit
900 4503 1027 4583 Aposto·
1081 4513 1130 4564 est
1142 4522 1213 4563 aare
1229 4503 1299 4561 dico
1311 4501 1407 4562 vobis.
1429 4500 1516 4561 Haec
1526 4501 1679 4581 responsio
1691 4497 1778 4559 nobis

371 4607 397 4652 s:
420 4592 561 4654 Juraoit
572 4610 632 4667 per
645 4599 739 4653 semet
761 4595 884 4668 ipsum,
912 4589 1027 4663 dicerer,
1082 4611 1142 4650 non
1164 4588 1316 4670 probetur.
1354 4587 1424 4648 Non
1451 4589 1528 4648 enim
1552 4584 1692 4668 jurandi,
1723 4581 1778 4646 sed
1842 4593 1847 4601 '

377 4673 492 4738 nomn
506 4678 644 4758 intellige
664 4679 845 4740 internuntio
861 4676 969 4756 angelo
985 4676 1024 4737 lo·
1081 4673 1246 4737 affirmandi
1261 4683 1330 4734 sunt
1348 4672 1492 4736 adverbia
1508 4692 1596 4747 ocra,
1623 4677 1722 4746 cem,
1748 4677 1780 4730 et

371 4769 440 4824 nte
470 4762 511 4825 ad
538 4762 703 4826 Abrabam.
739 4763 900 4826 Caeterum
926 4764 957 4823 in
983 4782 1029 4836 eo,
1081 4763 1142 4824 alia
1158 4759 1346 4841 bajusmodi3
1362 4762 1498 4841 quamvis
1515 4767 1546 4819 st
1560 4759 1592 4820 in
1602 4756 1778 4837 juramentis

371 4847 412 4912 ud
424 4848 551 4912 dicitur:
567 4853 639 4914 Nisi
649 4852 836 4916 temonem
847 4850 1029 4912 benedicam
1081 4849 1219 4910 adhiberi
1235 4846 1360 4908 soleant.
1384 4845 1475 4908 Unde
1490 4865 1544 4906 nec
1554 4845 1660 4924 jurare
1674 4864 1776 4906 oense·

382 4943 458 5012 ste,
482 4937 588 5000 Latini
608 4937 674 4999 iere
693 4939 898 5017 juramentum
920 4935 1028 4998 intelli·
1082 4944 1144 5009 tur,
1176 4937 1227 5016 qni
1248 4932 1334 4994 dicit:
1371 4934 1448 4995 Vcrc
1470 4934 1518 4992 ita
1541 4939 1600 5007 cst,
1630 4932 1687 4993 nisi
1701 4929 1778 4993 iorte
1848 4942 1854 4969 ⁸

371 5031 408 5086 nt
420 5026 666 5100 amatorium,
683 5044 846 5108 suppressa
859 5033 960 5086 umen
971 5041 1029 5104 per
1082 5021 1190 5085 addat:
1203 5039 1264 5099 pc:
1274 5022 1391 5095 Deum,
1403 5015 1661 5099 sut-aliquidtale
1677 5017 1779 5099 Quare

380 5145 449 5186 tati.
466 5144 535 5186 lattt
547 5146 625 5185 usn.
638 5143 695 5183 τι.
707 5141 745 5182 us
1552 5125 1573 5185 9
