4442 5825
371 1521 412 1622 u
449 1456 811 1626 suscensus
849 1520 1203 1624 sucuunau
1238 1518 1320 1622 uu
1357 1518 1645 1622 usurum

371 1725 586 1896 llll
664 1726 1112 1899 lllllll
1190 1722 1719 1897 lltlltll

507 2044 1483 2182 consecuturus.

792 2315 1203 2360 W

760 2535 1238 2604 PRAEFATIO.

371 2749 399 2786 rn
426 2726 582 2789 defuerunt
608 2731 665 2789 hoc
688 2732 823 2803 saeculo,
851 2732 904 2811 qui
930 2731 969 2792 de
1024 2730 1273 2810 Carthaginiensi,
1294 2748 1372 2811 quae
1388 2729 1444 2789 sub
1460 2726 1615 2808 Cypriane
1629 2725 1721 2787 hebo·

371 2817 455 2874 litote
469 2827 499 2874 et
509 2826 629 2876 auctore
641 2818 747 2877 hartrm
761 2816 886 2878 duarum
898 2820 969 2898 Epi·
1024 2819 1123 2891 batur,
1141 2819 1183 2877 ita
1198 2817 1309 2896 legitur
1323 2817 1471 2876 sententis
1487 2819 1538 2876 81.
1555 2815 1633 2874 inter
1649 2813 1722 2893 lepi-

374 2924 420 2960 um
437 2900 577 2964 dubitare
600 2905 732 2981 vollent3
757 2905 866 2985 quibus
882 2925 967 2985 argu·
1025 2925 1184 2984 scoporum
1205 2903 1363 2983 suffragiu:
1387 2906 1536 2966 Jconucs
1551 2899 1723 2977 Apostolus

371 2992 476 3058 scroti,
493 2998 598 3068 postes
609 2990 753 3065 dicemus
769 2993 794 3052 si
811 2996 895 3069 prius
910 3011 971 3051 una
1023 2996 1059 3053 in
1075 2991 1222 3068 Epistola
1237 2993 1427 3066 conposuit,
1453 2990 1577 3050 dicens:
1600 2989 1635 3050 sc·
1650 2991 1721 3065 quit

371 3095 445 3153 oque
458 3096 556 3154 opera,
572 3097 623 3136 eas
640 3088 670 3136 ot
685 3078 707 3137 J
711 3080 815 3139 oannis
830 3078 971 3158 Apostoli
1023 3080 1067 3139 ed
1081 3095 1137 3139 voe
1160 3080 1245 3138 uouit
1261 3085 1327 3151 cte,
1343 3096 1381 3137 ex
1396 3076 1544 3137 secundus
1559 3072 1719 3155 Epistulae

371 3173 401 3220 et
416 3163 574 3222 canonicas
590 3183 656 3223 esse
671 3163 849 3243 Scripturas,
873 3174 970 3224 osteu-
1025 3188 1054 3227 v.
1074 3165 1122 3224 10.

371 3267 419 3306 us.
443 3246 500 3307 Oui
523 3251 566 3308 rei
589 3250 724 3309 sufficere
738 3261 866 3330 possunt
883 3252 971 3310 haec:
1068 3248 1220 3330 Objicitur
1240 3259 1346 3324 eutem,
1371 3247 1453 3329 quod
1467 3249 1502 3309 B.
1519 3248 1722 3328 Hieronymus

374 3335 443 3393 lium
453 3333 701 3414 Carthaginiense
710 3340 828 3397 tertium
838 3358 901 3397 cau.
912 3337 972 3408 4⁷,
1026 3336 1126 3398 ccccl.
1150 3338 1181 3396 iu
1202 3337 1337 3410 dusinus,
1360 3335 1447 3398 dicit:
1469 3335 1620 3414 Reliquae
1642 3333 1723 3394 duee

371 3441 381 3479 s
397 3421 564 3500 catalogum
580 3422 805 3501 scripturarum=
817 3426 971 3483 canonica·
1026 3423 1185 3502 Epistulae
1202 3422 1330 3482 Joannis
1353 3422 1523 3503 presbyteri
1540 3434 1723 3492 asseruntur,

382 3526 431 3566 ess
456 3508 523 3568 aliis
545 3508 709 3588 scripturis
731 3520 917 3580 annumerat,
943 3518 974 3569 et
1027 3511 1114 3589 cujus
1130 3521 1161 3569 ut
1174 3508 1266 3569 hodie
1288 3509 1415 3569 alterum
1435 3508 1627 3589 sepulchrum
1643 3506 1724 3588 apud

374 3615 401 3651 1n
432 3593 488 3652 sub
519 3597 638 3655 nomine
667 3596 795 3656 Joeuuis
827 3596 973 3676 Apostoli.
1027 3596 1182 3678 Ephesum
1205 3594 1383 3655 ostenditur.
1408 3594 1468 3655 Sed
1491 3594 1587 3654 facilis
1610 3605 1656 3653 est
1678 3611 1724 3652 re·

371 3700 411 3739 em
436 3681 540 3740 codem
562 3681 649 3741 modo
674 3694 811 3743 recenset
828 3684 974 3744 lunocen·
1027 3684 1159 3764 sponsio,
1183 3682 1213 3742 S.
1238 3681 1460 3761 Hieronymum
1484 3682 1579 3741 obiter
1599 3678 1723 3752 referre,

371 3768 476 3838 rimus,
501 3769 529 3825 in
546 3768 668 3827 Conone
691 3770 856 3830 universali
876 3788 972 3829 sacra·
1028 3767 1101 3850 quid
1120 3768 1170 3830 alii
1182 3767 1318 3828 nonnulli
1330 3778 1401 3828 tunc
1413 3767 1561 3842 dicerent,
1577 3787 1637 3827 uon
1652 3786 1724 3827 vero

371 3855 589 3931 lcripturarum‚
607 3874 693 3933 quem
710 3858 791 3915 misit
805 3854 844 3915 sd
856 3855 974 3936 Exupe·
1028 3854 1204 3937 approhare,
1217 3873 1315 3933 neque
1327 3853 1407 3934 quod
1419 3855 1458 3914 dc
1471 3852 1617 3934 sepulcro,
1629 3871 1725 3933 neque

391 3940 576 3999 Tolosanum
599 3944 629 4001 in
654 3940 758 4002 Gallia
780 3943 975 4021 Episcopum,
1029 3942 1110 4022 quod
1126 3941 1166 4001 de
1181 3940 1329 4020 Epistolis
1350 3939 1497 4012 dicabunt,
1521 3959 1586 4000 esse
1601 3940 1725 3999 ulterius

373 4071 379 4084 .
404 4029 430 4086 3.
457 4047 521 4104 cup.
543 4031 570 4085 7.
607 4027 693 4088 Idem
720 4029 755 4087 fit
781 4033 812 4090 in
839 4025 975 4089 Concilio
1029 4026 1182 4106 cujusdam
1206 4025 1348 4088 Josnuis.
1381 4025 1493 4087 Subdit
1514 4026 1608 4087 enim:
1634 4027 1725 4086 Non·

371 4114 453 4171 icono
482 4133 545 4193 cop.
572 4113 626 4174 ult.
657 4114 794 4175 Eundem
821 4115 975 4175 (lunonem
1029 4116 1115 4178 nulli
1138 4115 1219 4178 dunc
1239 4122 1360 4191 putant
1375 4131 1436 4173 case
1458 4116 1627 4174 memorius
1642 4115 1725 4187 ejun-

371 4210 390 4257 rt
416 4199 445 4259 S.
472 4201 659 4279 Augustinus
686 4200 739 4260 lib.
766 4203 794 4263 ll.
822 4199 861 4261 de
885 4203 975 4262 doctr.
1029 4203 1099 4268 dem
1115 4203 1259 4263 Jooostc
1273 4200 1507 4276 Euuuyeliotue.
1529 4199 1597 4259 Hoc
1619 4197 1657 4258 du
1680 4218 1724 4258 se-

373 4296 394 4343 t.
411 4305 478 4364 csp.
494 4287 533 4359 8.,
555 4287 607 4347 nbi
624 4287 761 4348 similiter
779 4288 837 4350 hee
852 4286 977 4350 ducent
1029 4287 1132 4369 pulcro
1155 4287 1370 4368 Hieronymus.
1392 4286 1441 4347 De
1458 4284 1602 4368 lipistolls
1624 4293 1726 4346 autem

371 4371 422 4431 toli
448 4373 576 4433 Josnnis
601 4383 804 4435 numerantur.
842 4373 975 4445 Accedit,
1028 4376 1076 4434 his
1091 4373 1163 4454 qnid
1188 4376 1301 4434 sentiet
1322 4375 1394 4453 ipse,
1417 4374 1605 4433 manifestum
1628 4379 1674 4432 est
1688 4390 1727 4432 ex

380 4458 518 4519 Ecclesia
536 4462 599 4536 jem
619 4459 688 4520 olim
706 4481 759 4522 ess
775 4462 804 4521 in
820 4460 975 4521 Nocturuo
1028 4459 1170 4541 Epistola
1182 4461 1247 4539 ojus
1260 4459 1310 4522 85.
1335 4457 1473 4539 Olangst,
1486 4461 1537 4532 ait,
1549 4460 1622 4519 tube
1634 4477 1724 4518 evan·

371 4567 377 4602 o
401 4549 478 4605 inter
497 4547 659 4606 canonicas
674 4548 843 4625 Scripturas
858 4550 976 4618 recitat,
1029 4547 1135 4626 gelius,
1151 4547 1231 4607 lilius
1245 4548 1368 4606 tonitrui
1383 4544 1518 4624 (respicit
1532 4544 1570 4606 ad
1587 4545 1627 4619 id,
1644 4544 1726 4625 quod

371 4632 430 4691 tulo
442 4631 571 4692 Joannis
579 4634 724 4713 Apostoli.
742 4633 805 4695 Sub
818 4649 877 4713 quo
888 4634 976 4694 titulo
1028 4634 1141 4713 legitur
1151 4633 1244 4694 hiere.
1257 4630 1309 4708 3.),
1325 4652 1413 4711 quem
1426 4632 1519 4694 Jecur
1534 4636 1646 4693 amauit
1661 4631 1725 4713 plu·

371 4739 402 4777 un
419 4718 552 4797 allegant
567 4722 761 4780 vetustisslmi
778 4722 889 4802 quique
904 4722 975 4781 scri·
1029 4722 1137 4780 rimum
1161 4717 1265 4796 (Josn.
1289 4721 1346 4793 13,
1369 4722 1443 4779 item
1469 4715 1650 4794 19.ot21.),
1673 4721 1726 4800 qui

371 4825 392 4877 s,
415 4806 625 4866 Tertullianus
648 4806 686 4866 de
709 4809 884 4887 praescript.
909 4827 975 4886 cap.
1029 4806 1066 4866 de
1083 4806 1386 4885 pectoreSulvatoris
1399 4804 1602 4865 doctrinarum
1614 4804 1726 4865 fluente

371 4894 507 4970 injuncto
524 4911 590 4953 cunr
608 4894 657 4955 33.
674 4893 805 4971 ejusdem
822 4894 931 4973 operis,
947 4905 978 4954 et
1029 4895 1148 4974 potavit
1171 4889 1267 4968 (dicto
1283 4914 1347 4973 cup.
1366 4888 1443 4967 13).
1467 4892 1634 4967 Presbyter
1647 4893 1725 4953 Ete-

373 4998 392 5037 c
405 4999 493 5039 cerne
509 4977 631 5054 Christi,
647 5001 711 5061 cap.
728 4982 778 5041 24.
801 4980 837 5040 In
852 4978 976 5061 Synodo
1030 4989 1097 5041 ctae
1120 4981 1288 5055 dominae,
1313 4988 1344 5041 ct
1366 4981 1441 5057 tiliis
1463 4984 1546 5055 ejus,
1571 4998 1650 5056 patos
1671 4997 1726 5055 epo
