4442 5825
721 584 886 643 mom
900 584 990 641 ellit
1006 583 1121 642 siconi.
1154 582 1238 639 lm.
1256 584 1282 639 4.
1298 582 1324 638 5.
1678 588 1750 658 461

371 761 528 849 ΙιὶῙῆἰῃ
547 764 687 827 nomine:
713 763 923 846 Principetue,
947 763 1005 826 Po·
1058 763 1147 845 queei
1176 759 1257 823 dicet
1281 758 1462 842 Apostolue:
1492 757 1625 841 Corpore
1652 766 1755 820 reetre

371 859 452 929 teter,
477 850 623 914 V'rrtutcn
658 850 755 928 Vide,
780 871 859 933 quue
874 850 1007 913 diximue
1058 850 1149 911 leutio
1164 848 1262 930 epuli·
1277 849 1400 929 egregie
1416 847 1589 927 reginutie.

377 936 449 1001 illud
468 939 555 1001 Rom.
573 941 640 1002 lic
661 940 730 1001 Niei
751 940 912 1001 Dominoe
926 938 1006 1002 Sol>-
1101 939 1143 1001 ln
1169 936 1221 997 die
1247 937 1419 998 ocdeionie.
1455 933 1588 998 Graece:
1613 934 1694 994 deut
1719 935 1754 995 in

371 1025 828 1105 tdeelt'puitretcrobieeemen.
1058 1024 1111 1085 die
1125 1024 1338 1100 nreetotionie,
1356 1020 1491 1102 σφαγῆς.
1512 1021 1654 1103 syriace:
1669 1027 1755 1081 tom·

371 1113 390 1175 i.
407 1114 545 1192 Epeluti
559 1116 631 1175 ertio
644 1132 741 1191 nuper
754 1120 883 1174 terrum.
920 1111 1006 1174 Divi·
1058 1130 1155 1189 quom
1170 1110 1214 1171 od
1232 1109 1317 1172 diem
1336 1112 1558 1186 moctotionie,
1584 1107 1650 1175 rol:
1674 1111 1756 1170 dcet

371 1200 441 1263 iulii
454 1202 499 1261 ite
513 1209 636 1262 touccee
650 1208 734 1275 eunt,
758 1208 794 1261 ut
813 1199 922 1282 opibue
936 1218 1005 1259 oon·
1058 1198 1160 1260 indie
1175 1201 1331 1260 victimae.
1368 1195 1459 1277 Quod
1476 1194 1614 1259 biiuriuur
1631 1196 1755 1277 exponi·

371 1286 1006 1369 licutinouuudeuntnepeounierumucer·
1059 1294 1118 1347 tur.
1155 1285 1224 1346 Uno
1239 1281 1345 1359 modo,
1371 1290 1406 1344 ut
1428 1284 1615 1365 computatio
1636 1288 1756 1364 rumpte

379 1375 550 1451 minuetum
569 1375 608 1436 de
622 1374 736 1456 quibue
746 1374 810 1454 jem
826 1373 937 1436 dictum
951 1380 1007 1434 eet
1057 1375 1097 1434 eit
1110 1372 1149 1434 ub
1165 1371 1262 1453 epolie
1274 1370 1496 1445 cccrificelibur,
1515 1390 1595 1452 quue
1609 1370 1756 1431 lentiore·

371 1460 579 1545 iproiunduut
600 1481 651 1523 ece
673 1462 704 1523 iu
718 1460 823 1522 luxum
845 1470 875 1522 et
891 1459 1007 1542 epuler,
1059 1478 1126 1521 eeee
1141 1458 1240 1521 colent
1250 1460 1408 1540 magisque
1421 1459 1557 1539 geniulcr
1572 1457 1673 1540 epulie
1687 1456 1755 1519 vul·

371 1568 461 1611 nuou
474 1548 597 1610 rollieitl
611 1567 776 1630 peupcrunr
796 1547 1006 1625 juveudorunr,
1057 1546 1197 1628 guribue3
1222 1555 1328 1628 utpote
1355 1564 1393 1607 ex
1413 1546 1601 1608 victimarum
1623 1544 1755 1607 immole-

371 1654 409 1699 ee
424 1636 515 1698 etieur
530 1635 722 1698 cdumnioeir
741 1637 858 1698 ertibue
880 1633 1007 1714 perdere
1058 1643 1157 1695 terum
1172 1634 1312 1696 cornibur
1335 1639 1518 1696 entructee.
1555 1632 1652 1713 Queri
1674 1631 1757 1693 dicet

371 1730 451 1787 neor.
480 1721 518 1784 In
533 1722 590 1784 hoe
603 1741 685 1786 nuuc
700 1722 850 1786 invehitur
863 1722 899 1782 Β.
915 1722 1006 1783 Jeeo·
1058 1720 1236 1803 Apoetolue:
1252 1719 1441 1801 Quotidiene
1450 1722 1593 1801 egiteetie
1608 1720 1756 1794 convivit,

371 1854 378 1871 .
398 1810 539 1889 ltpolott
552 1812 635 1887 ectio,
650 1808 785 1873 Graece:
801 1800 1005 1888 ἰτρυφήσατε,
1057 1817 1212 1890 temqueur
1227 1827 1331 1870 omnee
1345 1806 1410 1870 dice
1421 1816 1523 1870 cuent
1533 1809 1621 1871 vobio
1630 1807 1713 1881 teeti,
1724 1807 1756 1868 in

371 1900 452 1961 eaeo
480 1899 571 1974 ecee,
601 1897 721 1959 delictit
750 1897 943 1972 indueret,
972 1903 1007 1956 ut
1058 1896 1171 1978 quibue
1192 1897 1335 1958 victime
1356 1894 1442 1957 oeedi
1463 1895 1569 1957 colent
1605 1895 1657 1957 sic
1682 1893 1756 1956 olibi

371 1994 430 2047 nut
451 2002 490 2046 ex
503 1984 651 2065 Syriueo5
672 1987 708 2047 in
730 1985 852 2048 delictit
874 1985 1005 2060 oieirtie,
1057 1984 1214 2064 Scriptum
1228 2003 1248 2045 u
1261 1983 1392 2044 viotimie
1408 1983 1565 2064 epulerum
1579 1990 1757 2064 epperctunr

371 2070 525 2135 mulie
552 2072 707 2133 Erumur.
751 2072 863 2133 Noeter
898 2071 1006 2132 vertit:
1058 2069 1224 2151 significet,
1249 2077 1284 2132 ut
1307 2069 1371 2132 der.
1394 2071 1460 2146 34„
1485 2071 1575 2133 Pror.
1600 2072 1628 2131 7.
1652 2078 1683 2131 et
1705 2072 1755 2131 17.

371 2158 449 2223 acri
462 2161 534 2221 cotie
540 2203 552 2235 ,
571 2158 654 2239 quod
670 2157 795 2221 deliciue
809 2158 938 2220 divitum
953 2178 1004 2240 po·
1059 2157 1179 2238 Quibus
1193 2156 1272 2219 udde
1286 2157 1386 2218 locum
1399 2157 1527 2219 Nollem.
1544 2158 1573 2217 8.

371 2266 422 2309 ne
436 2246 603 2307 eoneirtunt
620 2247 652 2307 in
672 2247 780 2328 epuliu
813 2243 910 2307 Addit
923 2244 1005 2325 Apo·
1100 2243 1187 2306 Alter
1209 2263 1315 2306 reum
1338 2252 1397 2318 eet,
1423 2245 1554 2320 diriter,
1580 2244 1651 2305 dum
1676 2262 1757 2305 nore

371 2352 418 2397 rr:
449 2340 699 2412 superterram,
725 2332 807 2416 quod
821 2333 916 2393 omnic
930 2332 1007 2395 heco
1059 2334 1165 2395 divitie
1187 2329 1267 2393 illiue
1290 2331 1474 2412 evengeliei,
1500 2332 1575 2394 Luc.
1595 2336 1661 2407 te..
1684 2350 1756 2414 epu·

371 2419 469 2483 etetio
492 2421 533 2481 eit
553 2422 586 2481 in
606 2419 695 2483 bonit
714 2420 841 2483 terreni·
864 2419 1006 2494 otilonis,
1059 2421 1163 2483 lentur
1184 2418 1320 2501 quotidie
1341 2416 1516 2500 epleudide,
1541 2439 1610 2483 rere
1631 2439 1757 2500 parcere

371 2506 457 2571 brevi
481 2507 640 2589 periturie;
669 2527 737 2569 curu
766 2505 1006 2569 Christianorum
1059 2527 1096 2569 eo
1111 2507 1268 2588 reginae,
1291 2515 1447 2587 temquern
1461 2508 1492 2569 in
1507 2506 1585 2569 diern
1600 2508 1756 2569 inuentio-

371 2593 457 2659 Ιιιιίο
471 2595 529 2672 rit,
552 2612 700 2676 quaerere
722 2614 758 2656 ec
778 2613 903 2675 repere,
925 2613 1007 2673 quoe
1058 2597 1123 2668 nie,
1137 2594 1168 2654 id
1184 2604 1230 2657 eet
1243 2602 1398 2675 temquern
1412 2595 1443 2656 iu
1459 2593 1533 2656 illud
1547 2603 1682 2676 tempor,
1697 2616 1757 2677 quo

371 2700 432 2745 un
446 2689 540 2758 eunt,
567 2681 601 2743 id
622 2688 669 2743 ert
691 2680 849 2756 coelectie,
873 2700 943 2744 oon
957 2701 1005 2758 eo,
1058 2681 1211 2744 nectendi
1236 2682 1311 2760 eint3
1347 2681 1498 2763 quomodo
1524 2702 1635 2764 pecore
1659 2683 1759 2745 uolent

371 2775 662 2846 experientem,
686 2766 800 2832 (lolii.
837 2766 898 2830 Vel
911 2786 1008 2847 cuper
1060 2768 1200 2848 diligenti
1215 2788 1289 2830 curu
1303 2769 1436 2849 cornui
1457 2766 1497 2830 cd
1519 2771 1679 2833 victimam.
1716 2770 1758 2833 Ut

371 2872 449 2933 unt,
474 2853 507 2918 id
524 2864 570 2918 eet
584 2856 614 2918 iu
629 2854 688 2919 heo
702 2856 766 2920 vite
779 2855 913 2933 mortali,
928 2874 1008 2939 quoe
1060 2854 1128 2917 dier
1142 2856 1329 2919 mectctionie
1351 2855 1534 2938 intelligetur
1555 2856 1619 2920 diee
1637 2857 1758 2940 judieii,

371 2951 526 3006 erterreur
541 2944 649 3024 agitor.
679 2943 741 3005 Per
755 2941 837 3026 quod
850 2944 1008 3024 riguificet,
1060 2942 1183 3025 quundo
1205 2943 1243 3005 de
1265 2943 1405 3005 eunibue
1427 2945 1582 3027 impiorum
1601 2945 1758 3028 perebitur

371 3033 568 3094 inmemoree
584 3048 652 3092 eece
667 3031 747 3091 vitoe
762 3030 890 3091 futurae.
1061 3028 1184 3113 epulum
1207 3032 1344 3093 omnibue
1367 3031 1476 3093 eribus
1499 3032 1575 3094 coeli
1598 3042 1628 3094 et
1650 3033 1758 3096 beetiie

371 3119 448 3182 ltin
458 3117 598 3180 lucreriie
609 3119 771 3179 enutrirtie
782 3117 881 3178 cordo
892 3123 1007 3179 oeetro.
1060 3126 1174 3191 urree,
1195 3117 1226 3179 id
1242 3127 1289 3178 eet
1303 3117 1507 3180 daemonibus.
1532 3120 1621 3201 Quod
1637 3121 1758 3201 epulum

371 3223 440 3270 ecee
459 3205 504 3266 Et
518 3204 693 3266 meten.
716 3206 894 3267 Eume
908 3204 1008 3265 cordo
1061 3210 1130 3286 poet
1143 3204 1337 3266 Exechielem
1352 3204 1537 3286 Prophetucn
1560 3227 1625 3290 oep.
1641 3209 1692 3269 39.
1708 3207 1758 3270 de·

371 3309 421 3354 ro.
443 3291 489 3353 Ut
502 3290 594 3352 illud:
610 3291 827 3367 etloeetoirtir,
843 3289 1010 3352 edhucreet
1060 3291 1166 3353 ecribit
1188 3291 1690 3374 loenneeApoetoloeApoc.19.‚
1717 3296 1759 3355 itu

371 3377 618 3460 ipreeoedeuti:
646 3379 796 3441 Delicioti
817 3381 889 3440 cette
912 3395 1009 3456 ceper
1061 3376 1259 3440 concludene:
1293 3380 1338 3441 Et
1363 3396 1472 3441 omnes
1497 3398 1572 3441 over
1594 3388 1758 3444 coeocoeoc

371 3483 426 3526 nen
441 3473 473 3526 et
482 3465 669 3543 Ιαεοίυὲιὲίις
684 3464 796 3527 deiude
808 3486 889 3527 nove
900 3484 1007 3545 reque·
1060 3472 1136 3528 runt
1150 3466 1301 3528 corotico
1315 3482 1435 3526 eorum.
1459 3466 1528 3546 Quo
1539 3467 1645 3530 referri
1657 3476 1760 3550 poteet

382 3553 545 3635 pericope:
575 3553 752 3615 Erretrietie
776 3553 875 3614 cordo
901 3559 1007 3614 veetro
1061 3554 1150 3614 etiem
1172 3551 1224 3613 ille
1249 3551 1415 3614 verniculus
1437 3553 1547 3614 Peelm.
1570 3556 1640 3616 48.:
1669 3557 1759 3620 Siout

391 3639 538 3702 Deliciae
549 3640 704 3719 pertinent
717 3636 758 3700 ud
771 3639 893 3721 epuler,
916 3640 1008 3700 locci-
1062 3657 1134 3701 over
1148 3641 1184 3701 in
1204 3642 1335 3721 inferno
1355 3643 1453 3718 potiti
1475 3647 1568 3715 roret,
1594 3661 1680 3705 more
1701 3642 1758 3704 de-

371 3725 415 3788 ed
438 3745 596 3802 renum,
617 3727 709 3806 juxte
733 3723 810 3787 illud
825 3727 920 3787 Amor
934 3726 1006 3788 Pro·
1057 3734 1166 3804 puroet
1189 3745 1248 3788 eor.
1282 3724 1471 3788 Probabilem
1495 3728 1567 3789 iecit
1586 3729 1666 3791 hunc
1688 3749 1756 3792 een·

371 3819 418 3875 tue
432 3813 617 3893 increpentie
632 3812 791 3895 opulentoe
805 3814 836 3873 in
851 3813 926 3874 Sion
941 3833 1007 3893 cup.
1061 3833 1127 3875 eum
1142 3812 1224 3875 locun
1240 3814 1304 3875 Jer.
1323 3816 1389 3888 12,
1412 3812 1465 3874 ubi
1487 3814 1526 3875 de
1545 3816 1646 3897 impiie
1661 3817 1704 3878 elo
1719 3813 1759 3877 ed

379 3900 445 3980 Qui
458 3900 606 3962 dormitis
620 3901 656 3962 in
678 3900 765 3961 lectie
787 3900 951 3976 enorme,
979 3907 1009 3961 et
1060 3901 1161 3961 Deum
1187 3900 1338 3981 loquitor:
1369 3901 1534 3979 eonorcpa
1568 3922 1636 3978 eoe,
1665 3906 1759 3984 quari

371 3987 768 4066 initieinnrntieoeetrie3
783 3985 1006 4049 temeteiGree·
1059 4005 1185 4065 prepem
1208 3988 1252 4051 ud
1274 3989 1452 4064 victimam,
1480 3997 1510 4050 et
1531 3991 1694 4069 mortifico
1709 4009 1760 4053 eor

371 4073 516 4136 rrerburn
532 4070 704 4151 οπαταλᾶν,
720 4075 856 4136 hocloco
869 4076 1007 4155 positum,
1060 4076 1097 4136 in
1128 4075 1180 4137 die
1208 4077 1381 4137 oecieionie.
1418 4075 1533 4139 m:
1567 4069 1615 4147 ele
1643 4068 1759 4158 ἡμίραν

371 4181 374 4218 ι
387 4159 529 4222 videntur
544 4161 678 4241 ejuedom
692 4181 762 4223 cese
780 4161 1008 4243 significationi
1062 4162 1205 4242 σφαγῆς,
1220 4162 1265 4223 od
1279 4162 1362 4223 diem
1377 4166 1589 4226 murtationt'e.

371 4291 374 4308 .
389 4249 502 4330 prlore,
522 4257 554 4308 et
566 4268 621 4330 por
644 4251 782 4310 euxeeiur
804 4267 823 4309 e
838 4248 874 4309 B.
889 4248 1008 4310 Jeeobo
1105 4247 1173 4310 Nec
1189 4251 1291 4312 obstet
1304 4249 1374 4310 huic
1390 4249 1572 4327 intellectui,
1587 4252 1671 4333 quod
1685 4251 1758 4315 diei·

371 4345 468 4398 return.
488 4334 569 4396 Nem
584 4327 729 4414 οπατάλη
745 4334 872 4398 Grecoie
887 4334 1009 4397 delicati
1060 4342 1128 4396 tur:
1154 4340 1190 4399 in
1212 4336 1281 4412 dic,
1307 4356 1385 4397 uon:
1412 4340 1449 4398 ier
1463 4338 1546 4400 diem
1562 4334 1759 4420 (quemquern

392 4439 490 4504 geuue
516 4429 578 4497 eet,
604 4422 685 4504 quod
711 4432 812 4484 tumen
838 4422 927 4483 etiem
953 4443 1007 4504 pro
1061 4423 1119 4484 hoc
1148 4425 1180 4484 in
1206 4423 1323 4484 Letinie
1349 4422 1528 4505 quibuedem
1553 4427 1760 4507 menuecriptie

371 4516 469 4590 tptete
483 4509 639 4591 recipitur.
662 4511 821 4573 Enetrire
840 4509 938 4570 cordo
954 4517 1008 4584 eet,
1062 4507 1204 4591 legitur);
1231 4517 1349 4572 conetur
1364 4510 1458 4585 euim,
1485 4512 1648 4593 Apoetoloe
1667 4514 1758 4575 inter·

385 4593 549 4676 hdulgere
570 4597 602 4658 in
625 4597 701 4659 oibie
723 4606 753 4658 et
775 4604 865 4678 potu,
887 4616 948 4657 non
969 4595 1008 4657 ed
1062 4595 1133 4658 dum
1149 4616 1294 4679 ueurpere
1306 4599 1561 4680 praepositionem
1577 4591 1609 4659 dt
1624 4620 1678 4682 pro
1694 4589 1760 4679 eic3

371 4701 479 4746 mm
498 4684 707 4758 neeereitetie,
729 4692 782 4745 eut
803 4682 940 4765 regulem
962 4703 1007 4745 re·
1060 4691 1096 4744 ut
1106 4684 1157 4745 hic
1172 4685 1261 4766 peulo
1277 4694 1364 4746 enter
1383 4686 1633 4749 timenreut·
1647 4691 1684 4749 in
1697 4705 1759 4750 ero-

371 4771 412 4846 Ιι,
439 4766 496 4832 red
517 4779 665 4851 quentuur
688 4791 741 4832 cor
755 4774 870 4853 expetit
891 4778 924 4831 et
938 4791 1007 4832 con·
1062 4773 1197 4834 &nimie
1211 4772 1330 4848 dubet,
1343 4771 1374 4834 id
1386 4781 1432 4833 eet
1444 4774 1476 4835 iu
1487 4774 1666 4836 novireinroe
1678 4773 1759 4853 diee3

371 4859 446 4931 'nuit
470 4855 504 4918 id
519 4865 567 4918 eet
580 4859 613 4919 in
628 4877 753 4940 corpore
767 4855 920 4940 pereundo
935 4877 1009 4919 eure
1062 4867 1094 4919 et
1109 4858 1193 4920 Rom.
1211 4861 1257 4920 λι
1276 4861 1485 4921 Tdemurieoe
1496 4860 1553 4921 tibi
1564 4863 1648 4922 irem
1659 4864 1696 4924 iet
1708 4861 1759 4923 die

371 4945 575 5028 repleeeutiee
588 4943 774 5007 eeticstcere.
811 4945 907 5027 Syrus
922 4964 1007 5026 pere·
1060 4947 1149 5022 irae,
1167 4945 1198 5006 id
1213 4955 1259 5007 eet
1274 4948 1304 5007 in
1319 4945 1398 5008 diem
1412 4947 1485 5008 iree
1519 4947 1602 5010 Huic
1616 4949 1759 5030 interpre-

371 5041 447 5098 eece
473 5029 575 5096 cordo
612 5036 829 5114 interpretetur
860 5049 1008 5110 corporo,
1061 5032 1169 5096 udoni
1183 5033 1272 5096 cffine
1286 5043 1349 5109 ert,
1363 5031 1445 5115 quod
1460 5031 1663 5100 Oeeunreuiuc
1677 5034 1760 5115 dleit
