4442 5825
742 604 904 660 marotia
920 603 961 658 m
979 601 1145 659 mosmos
1177 602 1261 657 rma
1279 603 1305 657 e.
1659 604 1731 674 m

365 822 369 841 .
401 778 516 841 Panes
548 778 696 841 interdum
729 781 853 860 legitur,
887 780 986 843 sancti
1038 801 1058 841 a
1072 780 1201 842 veerte
1215 779 1410 859 Apostolioee
1423 774 1578 837 doctrinae
1593 774 1735 846 allecum

365 886 413 929 am
429 867 658 929 excellentiores
670 867 849 948 plurapasai
863 867 987 940 luerint,
1039 866 1120 948 quod
1141 864 1181 928 ad
1202 866 1352 927 tollendas
1373 862 1505 925 fidelium
1528 882 1584 942 pro
1606 861 1736 942 peccetis

365 974 380 1015 n
407 972 512 1015 eorum
535 962 660 1034 peccate
679 956 764 1034 justo
789 957 849 1016 Dei
871 954 986 1034 judicio
1039 952 1275 1027 satisfactiones,
1298 962 1329 1014 et
1344 949 1555 1012 destruendum
1570 950 1735 1010 animarum

365 1040 497 1115 bantur,
510 1049 547 1101 nt
561 1040 666 1101 beatus
681 1040 752 1116 Job,
767 1042 879 1123 aliique
893 1044 987 1103 aanor
1039 1043 1246 1121 purgatorium
1270 1039 1358 1101 docet
1372 1036 1534 1110 Calvinus,
1559 1036 1659 1097 Deum
1675 1054 1736 1096 non

365 1126 475 1201 ibatne,
494 1126 634 1207 Apostoli
649 1138 813 1209 martyres,
836 1126 985 1190 contesso-
1039 1129 1146 1208 punire
1163 1129 1315 1207 justorum
1338 1132 1478 1205 peecata,
1501 1121 1555 1185 sed
1577 1123 1735 1203 impiorum

374 1214 510 1276 dubitari
525 1223 634 1295 potest.
667 1214 730 1276 Sed
751 1235 818 1276 cum
833 1216 987 1295 Scriptura
1039 1222 1173 1292 tautum3
1199 1223 1349 1276 cestorum
1369 1212 1470 1290 justos
1496 1209 1536 1271 ad
1558 1208 1616 1271 boo
1638 1206 1735 1269 solum

365 1301 489 1376 talibi,
510 1320 723 1381 quaecumque
738 1302 795 1363 tilii
809 1302 868 1362 Dei
885 1304 916 1362 in
930 1303 988 1363 boc
1039 1303 1146 1381 poenis
1168 1301 1379 1381 temporalibus
1401 1300 1433 1359 iu
1455 1298 1514 1359 bac
1534 1297 1598 1356 vita
1613 1296 1701 1374 affligi
1716 1313 1736 1354 a

365 1386 402 1449 to
416 1386 546 1450 adrem
557 1388 728 1468 patiuntur,
743 1391 942 1451 correctiones
958 1399 988 1450 et
1039 1387 1123 1461 Deo,
1149 1399 1184 1451 nt
1198 1387 1238 1449 ad
1253 1388 1395 1447 virtutem
1411 1390 1609 1446 exerceantur
1623 1390 1655 1443 et
1670 1400 1735 1461 pro·

366 1476 509 1555 gationee
522 1484 624 1548 vocet,
649 1474 723 1536 alibi
742 1496 865 1557 quoquo
887 1475 925 1536 ad
936 1478 985 1557 ju·
1039 1474 1104 1535 beri
1119 1484 1297 1557 appareant.
1331 1472 1429 1554 Quasi
1449 1474 1492 1532 ita
1506 1470 1642 1532 cbristus
1657 1471 1689 1530 in
1703 1484 1737 1529 ee

380 1560 446 1623 Dei
456 1561 607 1641 iudicium
621 1561 747 1636 referat,
770 1572 805 1624 ut
821 1567 837 1622 1
852 1562 932 1623 Patr.
948 1566 987 1636 4.,
1040 1563 1207 1643 susceperit
1229 1579 1342 1640 poenes
1363 1561 1498 1641 peccetis
1521 1556 1631 1618 nostris
1652 1555 1735 1616 debi-

366 1650 495 1709 eetiam
521 1649 702 1710 sanctissimi
724 1651 756 1710 in
777 1650 987 1710 afflictionibus
1040 1657 1102 1723 tas,
1129 1659 1164 1709 ut
1185 1650 1272 1709 nobis
1294 1651 1324 1709 in
1348 1648 1477 1727 gratiam
1500 1641 1737 1722 receptionum
1809 1638 1813 1651 ’

366 1736 578 1817 ingnoaeant,
593 1743 627 1795 ut
641 1735 775 1809 Tobiae,
791 1737 911 1809 Daniel,
927 1748 987 1797 trae
1037 1736 1100 1814 jam
1116 1737 1234 1816 reliqua
1254 1735 1294 1795 sit
1317 1752 1416 1815 poena
1437 1750 1491 1813 pro
1515 1730 1645 1812 peccatis
1667 1728 1736 1790 sub·

366 1823 422 1885 iin
436 1820 589 1883 fornacem
611 1821 764 1883 ardentem
787 1824 884 1894 missi,
908 1824 986 1884 Dan.
1040 1823 1146 1884 eunde
1181 1822 1297 1901 Hujus,
1321 1826 1460 1899 inquam,
1482 1817 1638 1879 doctrinae
1652 1815 1735 1877 talsi-

366 1918 373 1969 t
387 1916 506 1991 septem
520 1908 628 1970 trabea
643 1918 800 1990 martyres,
818 1910 986 1973 llleebab.
1040 1916 1133 1971 tatem
1148 1910 1196 1971 bie
1211 1908 1349 1989 Apostoli
1361 1908 1445 1967 locus
1457 1913 1561 1987 aperte
1575 1899 1736 1983 redarguit.

366 2014 486 2076 umque
501 1998 541 2057 ait
558 2014 618 2057 vox
634 1995 759 2073 publica
773 1998 866 2057 totius
881 1996 986 2060 liceis·
1041 1997 1190 2077 Quemvis
1216 1998 1296 2057 enim
1322 2012 1465 2074 expresse
1487 1991 1564 2054 nibil
1590 1991 1674 2052 dieat
1700 1988 1739 2051 de

366 2084 397 2145 ln
421 2081 617 2143 tribulatione
632 2083 732 2144 Deum
755 2086 888 2145 orantia:
912 2085 987 2146 Om·
1041 2085 1173 2163 peccatis
1199 2082 1422 2156 Hebraeorum,
1449 2079 1488 2140 ob
1508 2098 1588 2158 qnae
1611 2077 1736 2157 punian-

389 2189 475 2247 qrsoe
499 2170 602 2246 fecisti
627 2169 737 2245 nobie,
769 2173 924 2244 Domine,
952 2174 988 2232 ιἰι
1040 2180 1103 2232 tur:
1119 2173 1186 2250 ipsa
1197 2166 1471 2231 tamenvocabula:
1487 2165 1738 2240 dieciplirtosive

372 2257 502 2333 micio
511 2257 616 2334 fecisti
632 2253 677 2333 (ut
691 2277 728 2317 no
740 2257 838 2319 adhuc
854 2258 987 2320 adieram
1040 2260 1217 2334 correptio,
1232 2258 1414 2332 castipatio,
1441 2252 1633 2332 populatio,
1650 2259 1682 2311 et
1696 2251 1736 2311 si·

367 2345 462 2405 nonis
484 2342 623 2417 Petrum,
648 2343 825 2422 Augustini,
848 2345 988 2425 Gregorii
1039 2343 1136 2418 milia,
1163 2363 1242 2424 qnae
1268 2343 1317 2403 bic
1342 2340 1521 2411 audiuntur,
1551 2337 1737 2418 punitionem

366 2434 481 2503 mm,
503 2428 615 2511 quibus
631 2430 663 2491 id
686 2429 797 2492 diserte
812 2428 987 2508 affir·maut):
1040 2426 1087 2508 (ut
1100 2440 1170 2492 ante
1185 2426 1261 2506 dixi)
1275 2438 1463 2509 peecatorum
1476 2425 1652 2506 significant,
1665 2432 1738 2484 tam·

367 2526 463 2579 artem
489 2517 672 2596 quaestionis
698 2521 867 2597 negativam
893 2519 989 2580 fateor
1040 2520 1096 2579 etei
1111 2517 1293 2578 destinatam
1314 2515 1353 2576 ed
1377 2512 1615 2576 emendationem
1637 2521 1669 2571 et
1689 2530 1737 2572 aa·

367 2606 453 2685 sagis
467 2622 658 2684 propensam.
1040 2604 1134 2666 lutam
1150 2622 1268 2677 corum,
1284 2606 1335 2684 qui
1350 2603 1519 2685 puniuntur.
1541 2596 1631 2659 Unde
1649 2598 1738 2659 etism

367 2689 543 2753 scarbitror
558 2690 691 2763 obstere,
718 2689 800 2771 quod
817 2693 921 2753 Patres
935 2691 988 2752 ali·
1041 2700 1141 2772 patet,
1167 2692 1247 2752 bunc
1272 2690 1369 2751 locum
1391 2689 1530 2768 apposite
1551 2705 1604 2766 pro
1631 2684 1738 2766 poenis

370 2779 556 2839 eontrarium
574 2776 673 2839 dicere
684 2776 856 2851 viduantur,
872 2779 990 2841 seilicet
1040 2776 1250 2840 satisfactoriis
1265 2798 1283 2837 a
1298 2775 1465 2839 Catholicis
1481 2772 1617 2853 allegari.

367 2890 373 2926 t
404 2883 530 2946 ριιιοι,
559 2882 650 2944 quam
676 2868 924 2944 commeruerint,
958 2863 989 2928 id
1085 2866 1179 2928 Porro
1202 2863 1381 2938 notandum,
1408 2882 1463 2945 pro
1486 2878 1536 2934 eo,
1560 2856 1737 2941 quodApo·

378 2961 467 3014 recte
487 2949 598 3012 dicitur
620 2952 785 3033 spectando
809 2951 929 3015 modum
944 2973 989 3015 or·
1041 2954 1148 3027 stolus,
1177 2952 1276 3014 Lxx.
1299 2962 1436 3023 secutus,
1459 2950 1550 3030 legit:
1576 2946 1740 3023 Flcpellut

367 3039 451 3113 ιίιιιι,
466 3057 526 3118 quo
540 3039 638 3113 Deus,
654 3047 807 3118 tamquam
822 3042 990 3102 misericors
1041 3048 1147 3101 actem
1177 3058 1301 3100 omnem
1335 3040 1456 3117 tilium,
1494 3055 1586 3116 quem
1615 3036 1739 3111 recipit,

367 3147 392 3202 ε,
417 3125 500 3186 solet
511 3125 589 3186 filios
610 3146 682 3187 auos
703 3128 735 3188 iu
749 3127 807 3187 hac
820 3129 886 3188 vita
901 3130 988 3188 casti·
1041 3128 1259 3206 Hieronymum
1288 3145 1327 3187 ex
1353 3125 1497 3187 Hebraeo
1523 3124 1567 3184 sic
1591 3122 1738 3183 vertisse:

394 3211 497 3294 qoem
512 3213 655 3286 ordinem,
671 3214 711 3274 ad
724 3214 888 3275 statuenda
897 3234 988 3295 qnae·
1041 3216 1085 3277 Et
1100 3217 1191 3293 ᾳιιιιι·
1211 3220 1308 3290 puter
1328 3215 1364 3276 ιἰι
1387 3213 1455 3289 tilio
1478 3212 1651 3287 complacet
1671 3207 1738 3268 sibi.

387 3299 523 3379 insignia
549 3301 717 3380 patientiae
741 3319 777 3361 ac
807 3299 990 3363 tortitudinis
1041 3302 1215 3363 Diremitas
1240 3299 1311 3362 inde
1337 3308 1425 3372 nata,
1452 3298 1533 3378 quod
1556 3295 1655 3357 LXX.
1679 3293 1740 3369 ,lod

367 3385 451 3468 ipis,
465 3384 628 3466 aliquando
643 3386 915 3467 praetergreditur,
938 3408 990 3449 vs·
1041 3407 1095 3469 pro
1110 3387 1346 3466 conlegerunt,
1372 3405 1452 3465 qnae
1474 3384 1578 3446 literae
1593 3382 1656 3444 sola
1673 3400 1737 3461 pro

368 3473 602 3554 snartyribus,
628 3473 759 3553 aliisque
782 3493 874 3556 supra
896 3475 991 3536 dictis.
1041 3478 1179 3536 tensione
1204 3473 1352 3535 differunt.
1387 3471 1506 3534 Deinde
1533 3470 1614 3551 quod
1640 3467 1738 3530 m

368 3561 416 3644 Ιιιί
429 3569 514 3622 certe
524 3560 674 3639 justorum
700 3563 829 3623 omniun
846 3581 913 3622 eom
929 3563 990 3624 Da·
1042 3582 1098 3641 pro
1114 3561 1217 3623 Gbeob
1232 3561 1360 3641 legerint
1379 3558 1498 3633 Obaab,
1520 3557 1601 3640 quod
1615 3552 1738 3618 totidem

381 3657 415 3708 α
436 3645 573 3709 Jeremia
594 3650 757 3710 communis
780 3651 914 3727 precatio
937 3659 991 3724 est,
1037 3649 1141 3709 litoris
1154 3649 1310 3722 scribitur,
1332 3648 1387 3709 sed
1410 3647 1528 3728 punctis
1550 3652 1665 3706 tantum
1686 3663 1738 3726 po·

375 3733 513 3796 Domino
528 3735 560 3796 ia
574 3733 675 3799 iurare
694 3744 870 3815 arguentur,
893 3755 992 3815 neque
1042 3745 1108 3796 stea
1138 3735 1251 3797 additis
1282 3736 1422 3796 radatur.
1468 3734 1601 3812 Quarum
1632 3751 1739 3793 vocum

368 3822 612 3902 acorripiautnr,
628 3821 739 3884 Psslm.
756 3827 794 3895 6.,
809 3822 833 3884 J
835 3842 924 3884 erem.
941 3824 990 3884 10.
1043 3825 1123 3903 prior
1141 3823 1306 3903 composita
1317 3830 1363 3882 est
1374 3841 1411 3883 ex
1423 3821 1513 3898 Oaplt
1527 3817 1739 3893 similitudine,

368 3927 449 3988 Ιιιιιι
463 3909 659 3989 posteriorem
672 3910 770 3971 lucum
785 3911 991 3990 Hieronymus
1043 3918 1162 3988 etna,
1179 3908 1209 3969 id
1225 3918 1271 3970 est
1286 3917 1384 3988 paterr
1414 3909 1564 3988 posterior
1577 3905 1741 3987 significate

368 4014 480 4058 uacua
494 3994 666 4074 Prophetae
680 3998 723 4057 ita
741 3996 858 4057 scribit:
887 3999 992 4060 ltere·
1044 3996 1153 4058 dolere
1162 3998 1270 4074 societ,
1286 3996 1470 4074 propellebat.
1492 3995 1562 4056 lltsi
1574 4011 1647 4054 varo
1659 3994 1741 4072 prior

378 4081 509 4162 quidm
532 4085 661 4158 ornatu,
684 4102 767 4165 quoe
790 4085 990 4157 monemur,
1044 4083 1148 4157 lectio,
1175 4103 1267 4162 quarn
1289 4101 1391 4144 ornnes
1414 4082 1529 4143 habeut
1542 4080 1676 4143 Hebraei
1691 4100 1739 4141 eo·

368 4169 440 4232 atta
454 4174 773 4246 mereinarmuiora,
790 4189 886 4248 paam
900 4174 990 4248 poti·
1044 4170 1140 4243 dices,
1170 4180 1203 4231 et
1224 4189 1315 4248 qnam
1337 4189 1406 4230 cum
1427 4169 1614 4249 Hieronymo
1637 4187 1742 4230 omnes

370 4277 386 4334 3
424 4263 639 4318 οινυιιίαιιιιιι
673 4259 731 4320 ltoe
768 4257 910 4334 obeeero,
955 4264 992 4319 ret
1043 4257 1095 4317 elil
1110 4259 1291 4337 interpretes
1307 4265 1471 4337 exponunt,
1484 4256 1627 4318 sincerior
1638 4252 1739 4317 videa·

369 4345 506 4420 ipoter
528 4363 579 4405 me
605 4347 779 4421 corripior,
807 4363 874 4406 non
901 4347 992 4422 pacet
1043 4352 1107 4415 tur,
1131 4362 1248 4405 sensum
1273 4352 1374 4406 umen
1389 4344 1497 4406 efficiet
1517 4363 1577 4404 non
1592 4341 1683 4403 valde
1698 4342 1740 4403 di·

369 4431 991 4509 meriremttmeemeadeequuaipilirsm,
1043 4449 1165 4492 venum
1181 4431 1220 4491 ab
1235 4451 1288 4505 eo,
1310 4450 1398 4510 quem
1413 4431 1513 4492 Lxx
1529 4428 1695 4500 dederunt,
1716 4429 1743 4489 sl

369 4535 408 4578 ιιι
421 4520 648 4595 moeret
659 4520 844 4591 inimicarer
860 4523 993 4595 oosttpue
1045 4537 1112 4579 cum
1129 4517 1261 4578 Vatablo
1286 4519 1418 4596 aliisque
1439 4515 1607 4589 nonnullis,
1629 4514 1742 4576 Bibere

369 4621 522 4666 tannem
538 4605 660 4684 fllium,
685 4624 776 4683 quem
791 4607 913 4676 recipie.
943 4606 993 4666 Sic
1045 4604 1274 4684 comprobante,
1297 4605 1336 4666 erl
1352 4604 1432 4664 bunc
1447 4602 1568 4663 modum
1592 4619 1742 4681 exponssr

386 4689 510 4772 Quibus
525 4689 636 4752 similia
650 4692 754 4752 scribit
769 4694 798 4752 iu
815 4701 992 4753 commenta·
1046 4695 1146 4770 Quem
1160 4692 1267 4768 elilipit
1281 4694 1450 4767 Dominum
1467 4691 1609 4765 eorttqut,
1626 4695 1657 4748 et
1669 4689 1743 4763 qut-

369 4776 513 4858 lplstolae
528 4777 617 4840 Pauli
631 4777 670 4837 ad
683 4779 793 4858 prea
810 4799 902 4859 super
918 4778 992 4839 illud
1045 4780 1116 4839 clem
1129 4786 1165 4839 ut
1174 4787 1268 4856 poter
1279 4780 1392 4856 fllium,
1409 4775 1569 4853 (suberrdiz
1584 4771 1742 4850 coelipot),

369 4865 420 4930 bc
437 4863 568 4928 Gentius
578 4872 704 4942 spectes
718 4884 841 4943 semper
849 4884 913 4942 pro
925 4885 993 4927 om·
1046 4869 1081 4927 ιἰι
1106 4884 1169 4942 pao
1195 4867 1254 4926 eibi
1279 4867 1467 4942 complacet,
1496 4864 1563 4924 sive
1589 4862 1637 4921 eui
1662 4862 1743 4923 bane

369 4971 395 5016 e.
416 4949 506 5024 Vide,
520 4971 601 5033 quae
616 4951 747 5012 diximus
758 4952 798 5013 ad
813 4955 833 5014 2
846 4953 955 5014 Thess.
967 4959 993 5014 1.
1045 4952 1127 5026 vult,
1143 4973 1231 5034 qoem
1248 4960 1329 5013 amat
1340 4953 1437 5012 unice.
1462 4947 1647 5030 Quantulum
1663 4949 1743 5009 enim

369 5037 826 5119 ahmeinona,
849 5043 997 5123 quamsit
1047 5037 1743 5119 diffemmefflpdlmommmptltmpaem
