4442 5825
731 608 1158 667 usrousnmrsurrrn
1192 608 1276 665 rme.
1297 612 1337 667 ιι
1688 610 1762 686 tlt

361 782 512 869 ιχαλίδος,
538 788 714 851 adsumas.
737 787 910 867 Tamquam
933 787 1014 848 dicat
1067 789 1138 849 dum
1151 788 1228 849 firmi
1242 796 1312 850 sunt
1327 791 1358 849 in
1371 786 1441 862 tide,
1463 786 1516 848 ssd
1531 787 1633 848 adhuc
1647 795 1762 848 natam.

361 876 501 939 nstcluss
529 878 572 938 ln
600 878 678 952 ipsis
706 875 804 937 omlis
832 874 1013 935 adulteram
1067 875 1158 954 Quod
1170 876 1320 955 significat
1328 874 1444 936 Graeca
1456 893 1532 934 vox:
1546 865 1762 951 ἀστηρίκτους.

361 972 483 1040 mam,
505 972 538 1026 et
551 962 627 1024 nibil
643 961 734 1035 alind,
757 980 847 1041 qnam
862 960 1014 1023 adulterae
1067 961 1155 1023 Unde
1169 964 1199 1022 iu
1215 963 1292 1023 libro
1308 962 1345 1022 de
1361 962 1573 1040 singularitate
1588 962 1763 1022 clericorum

361 1049 635 1132 plandselr‘nidiuis
649 1051 747 1130 gratia
762 1055 942 1127 spectantes.
965 1048 1015 1109 Sic
1067 1051 1112 1109 sic
1133 1049 1258 1129 legitur:
1282 1053 1441 1126 capientes
1463 1050 1590 1110 animas
1609 1049 1763 1124 infirmas.

361 1142 396 1201 m
418 1138 595 1218 Gaignacus
615 1138 744 1219 exponit,
768 1134 887 1196 Graeca
901 1134 1015 1197 scholia
1067 1136 1207 1196 Tametsi
1219 1137 1424 1217 Hieronymus
1440 1134 1479 1196 de
1494 1136 1626 1195 utitatis
1641 1134 1762 1196 intinni-

361 1236 448 1289 tatas.
483 1223 574 1305 Quod
595 1242 686 1285 sensu
705 1224 858 1284 diversum
881 1243 942 1283 nou
968 1230 1015 1283 cst
1066 1230 1129 1284 tate
1144 1227 1276 1302 exponit,
1299 1223 1368 1284 dum
1383 1223 1460 1283 banc
1475 1230 1591 1301 partem
1608 1223 1650 1282 ita
1663 1220 1763 1284 reddit

370 1332 418 1387 eo,
441 1311 523 1395 quod
536 1329 593 1372 nos
608 1309 768 1371 habemus:
788 1310 903 1385 plenos
917 1310 1015 1370 adul·
1066 1310 1303 1391 paraphrastice:
1335 1312 1507 1386 Decipinnt
1536 1312 1664 1370 animas
1684 1328 1760 1372 nee·

361 1403 402 1476 a,
425 1398 572 1480 quodque
594 1396 707 1477 legitur
720 1398 752 1457 in
765 1396 842 1457 libro
858 1395 897 1456 de
912 1398 1014 1476 singa-
1067 1398 1145 1458 dum
1168 1397 1283 1459 Oloristi
1304 1400 1437 1458 caritate
1457 1397 1609 1458 robitstas.
1632 1396 1709 1456 Nam
1733 1404 1764 1456 ct

361 1485 636 1557 immolationum,
650 1484 705 1546 sub
717 1480 1014 1563 nominecypriani:
1068 1484 1169 1565 quiin
1185 1487 1310 1546 raritate
1332 1486 1430 1545 minus
1445 1491 1515 1544 sunt
1534 1482 1668 1557 radicati,
1689 1483 1762 1545 iaci·

361 1592 432 1638 m
460 1572 736 1635 mosmanontbas.
770 1571 884 1632 Oculos
913 1579 1014 1630 autem
1067 1571 1128 1631 lius
1152 1571 1191 1632 ab
1215 1570 1372 1633 haereticis
1398 1570 1596 1646 seducentem
1623 1572 1763 1650 quamvis

361 1662 467 1734 uiuat,
490 1658 569 1742 quod
585 1676 639 1739 per
653 1658 755 1719 oculos
770 1658 908 1730 maxime,
929 1656 1016 1718 velut
1068 1657 1274 1719 infirmitatem
1288 1659 1357 1720 fidei
1374 1658 1413 1718 ab
1428 1656 1574 1738 Apostolo
1589 1657 1763 1737 significari,

361 1758 487 1822 muas,
518 1746 694 1808 hauriantur
721 1745 874 1807 vanitates
904 1744 1014 1806 muudi.
1068 1746 1262 1807 vsusimilius
1291 1755 1346 1807 cst.
1384 1745 1464 1805 Nam
1494 1745 1540 1805 his
1570 1753 1763 1824 opponuntur

361 1843 452 1915 cptsr
480 1832 562 1915 qnod
590 1841 658 1894 orat
686 1832 861 1893 Psalmistar
899 1835 1016 1893 Aceste
1069 1822 1188 1910 στερεοὶ
1211 1825 1243 1892 ἐν
1266 1827 1385 1908 πίστει,
1411 1833 1511 1910 fortes
1536 1851 1590 1893 sen
1615 1831 1702 1908 firmi
1727 1834 1764 1892 in

361 1922 427 1985 slas
455 1938 558 1996 meas,
594 1940 636 1983 ne
668 1920 800 1982 uideam
828 1921 1015 1994 uanitatem,
1068 1918 1141 1998 tide,
1164 1920 1244 2001 apud
1265 1919 1392 1982 cundem
1415 1919 1604 1999 Apostolum,
1628 1919 1761 2001 rapiet.

361 2010 433 2071 alm.
448 2011 518 2070 118.
535 2008 574 2067 Et
584 2008 624 2069 de
635 2026 669 2068 sc
680 2013 889 2067 commemorat
899 2005 930 2067 S.
942 2006 1014 2068 Job.
1069 2025 1134 2087 cap.
1152 2009 1179 2068 b.

363 2119 386 2158 .:
409 2098 523 2172 Pepipi
544 2095 657 2172 foedus
671 2113 741 2155 eum
759 2093 858 2154 oculis
871 2096 959 2167 meis,
986 2100 1016 2153 et
1113 2094 1177 2156 Gor
1202 2097 1407 2156 exercitatum
1433 2096 1578 2154 σοσιίιίιι
1606 2093 1762 2154 babentes.

361 2202 445 2244 rum:
467 2184 505 2244 ss·
517 2190 657 2243 secatum
677 2189 721 2242 est
744 2180 849 2241 oculos
863 2198 947 2241 meos
961 2199 1017 2241 cos
1068 2182 1229 2256 Auaritia,
1261 2180 1390 2243 Graece:
1419 2174 1622 2255 πλεονεξίαις,
1654 2181 1687 2242 id
1713 2188 1760 2241 est

361 2288 435 2333 sum.
451 2269 531 2330 liam
543 2276 575 2329 ct
585 2269 732 2330 Dominus
744 2266 882 2328 adulterii
899 2268 1014 2346 ingres·
1069 2270 1218 2329 scamnis
1247 2286 1301 2329 sou
1330 2267 1565 2344 cupiditatibus.
1599 2267 1762 2329 Erasmus:

361 2379 386 2419 ιιι
400 2359 433 2418 iu
450 2355 545 2417 oculis
560 2358 671 2435 posuit,
687 2355 806 2415 diceus:
823 2357 885 2432 (lui
899 2354 1016 2415 viderit
1069 2357 1202 2431 rapinis.
1225 2354 1304 2415 Nam
1318 2349 1480 2421 πλεονεξία
1494 2375 1554 2416 non
1569 2355 1697 2434 simplex
1710 2353 1763 2415 ba·

361 2446 487 2505 slierem
500 2441 933 2519 odeoncapiseendamsam,
945 2447 1016 2515 jam
1068 2440 1161 2503 bendi
1187 2441 1335 2520 cupiditas
1357 2449 1410 2515 est,
1436 2441 1489 2502 sed
1515 2440 1586 2502 dum
1608 2443 1678 2521 quis
1700 2459 1763 2501 rem

361 2532 501 2593 umores
511 2536 556 2591 est
566 2529 857 2602 samincosdesno,
870 2529 976 2590 blatth.
986 2532 1015 2590 b.
1068 2529 1198 2588 alienam
1215 2537 1280 2588 arte
1295 2549 1355 2588 non
1370 2528 1449 2589 bone
1463 2529 1520 2590 eibi
1536 2529 1692 2607 conquirit
1708 2527 1763 2589 Su·

362 2617 457 2699 Quod
471 2619 624 2697 sequitur:
639 2619 684 2678 Et
692 2614 884 2677 incessabilis
899 2615 1016 2689 delicti,
1069 2617 1159 2675 mitur
1174 2614 1319 2676 interdum
1342 2614 1422 2693 apud
1437 2615 1564 2676 Paulum
1579 2634 1634 2697 pro
1649 2617 1762 2676 incatu-

361 2724 440 2767 Ιιοιιο
451 2694 1015 2780 cst:saldraranadcroocc‘zpapriac,
1068 2702 1155 2763 rabili
1178 2704 1308 2781 turpium
1330 2702 1519 2782 voluptatum
1542 2702 1705 2775 aviditate,
1731 2708 1764 2762 ut

363 2792 563 2853 incessabiles
575 2793 716 2868 peccam
731 2798 762 2851 ut
775 2789 814 2850 ad
830 2790 935 2850 oeulos
951 2810 1014 2868 por·
1069 2789 1180 2870 Ephes.
1201 2793 1244 2850 t:
1271 2791 1313 2850 In
1335 2793 1552 2866 operationem
1576 2792 1678 2851 omnis
1700 2791 1763 2850 im·

361 2890 431 2954 cat,
457 2881 534 2957 quia
548 2877 708 2956 peccando
730 2894 847 2938 cessam
861 2881 1014 2952 nesciant,
1068 2877 1256 2953 munditiae,
1283 2880 1320 2938 in
1345 2879 1507 2955 avantia3
1529 2879 1607 2939 sicut
1632 2896 1669 2938 so
1695 2875 1762 2938 loco

361 2968 470 3030 ‚vertit
485 2967 638 3028 Erasmus.
660 2966 798 3027 Breviter
814 2964 939 3025 dixeris:
962 2966 1015 3025 Is·-
1069 2966 1262 3025 ostendimus.
1300 2964 1412 3045 Itaque
1440 2973 1527 3045 petat
1553 2964 1762 3041 Oecumsnius,

361 3057 478 3134 puietos
499 3072 520 3114 a
541 3061 685 3131 peccato,
711 3051 850 3112 videlicet
875 3061 1015 3131 aspectus
1067 3054 1118 3115 bic
1133 3052 1261 3131 intelligi
1285 3071 1371 3130 posse
1395 3051 1598 3131 cupiditatem,
1621 3054 1687 3113 sire
1710 3053 1762 3113 irn-

362 3141 475 3203 idinosi
490 3139 658 3211 mulierum,
681 3141 768 3219 quasi
783 3137 881 3199 dicat:
905 3138 1016 3200 Oculos
1069 3138 1241 3219 pudicitiae,
1264 3139 1330 3199 sive
1346 3141 1583 3217 possessionum
1606 3138 1762 3220 impudici·

361 3230 435 3290 bant
450 3226 634 3289 insatiabiles
648 3225 687 3287 ad
702 3225 862 3286 videndum
879 3226 918 3299 id,
934 3226 1016 3306 quod
1068 3229 1128 3287 tiae
1146 3225 1265 3305 quidem
1279 3233 1401 3306 propter
1411 3247 1457 3300 oa,
1472 3245 1552 3305 quas
1563 3225 1762 3306 praecedunt3

361 3315 475 3378 idincm
487 3322 639 3395 provocat.
651 3313 824 3393 Gaignaeus
836 3315 1016 3393 suspicatur,
1069 3314 1291 3394 possessionum
1303 3331 1376 3374 vero
1389 3333 1425 3373 ac
1436 3315 1629 3392 pecuniarum
1641 3321 1763 3391 propter

363 3411 510 3483 erpretem
546 3402 654 3482 legisse
690 3401 822 3480 genitivo
859 3400 1015 3479 singulari:
1070 3399 1240 3482 exemplum
1255 3400 1389 3474 Balaam,
1414 3398 1496 3480 quod
1518 3421 1587 3461 mor
1603 3399 1759 3461 inducitur.

361 3484 574 3550 ιαταπαύοτου.
597 3489 673 3549 Mihi
684 3488 876 3548 verisimilius
885 3495 937 3561 est,
950 3509 1016 3549 eum
1070 3489 1158 3568 Quae
1184 3489 1334 3567 posterior
1360 3488 1510 3568 expositio
1540 3487 1602 3548 fere
1632 3489 1761 3549 omnium

361 3578 495 3657 ripsisse:
517 3576 724 3650 incessabiles,
747 3573 876 3654 quadiu
891 3577 1015 3637 nonnul·
1069 3584 1115 3636 est
1137 3576 1348 3653 interpretum,
1375 3595 1411 3635 ec
1431 3593 1538 3636 revera
1561 3574 1761 3654 probabilior3

374 3664 475 3725 adbuc
497 3663 718 3742 exemplaribus
732 3661 852 3741 legitur.
875 3663 912 3722 In
928 3681 1016 3723 sensu
1068 3672 1101 3723 nt
1128 3681 1206 3741 qnae
1231 3663 1319 3723 etiam
1344 3682 1411 3722 cum
1437 3682 1490 3734 co,
1520 3660 1601 3740 quod
1627 3664 1762 3741 proxime

361 3771 422 3828 nen
435 3749 517 3812 haud
528 3752 651 3812 multum
664 3756 711 3809 est
723 3747 913 3809 discriminis.
935 3749 1015 3810 Nam
1068 3750 1238 3830 praecessit,
1253 3749 1363 3828 optime
1379 3750 1544 3810 cohaereat
1559 3749 1637 3809 Nam
1650 3749 1689 3809 ad
1705 3750 1763 3811 hoc

361 3857 426 3900 naus
446 3837 589 3917 vulgatae
610 3838 747 3897 lectionis
767 3844 823 3908 est,
847 3835 949 3897 oeulos
966 3856 1014 3897 oo·
1068 3836 1243 3898 seductores
1259 3837 1304 3897 illi
1320 3835 1495 3897 insonabant
1517 3836 1673 3898 doctrinae
1688 3855 1763 3898 suae

361 3945 385 3986 m
407 3925 537 3986 intentos
559 3944 623 3986 csse
643 3923 684 3985 ad
702 3922 888 4002 peccandum
906 3923 1015 3985 indesi·
1066 3924 1223 3985 blanditiis
1237 3924 1399 3996 auditores,
1413 3932 1447 3983 nt
1462 3925 1606 4003 pecunias
1622 3943 1762 4004 emungo

361 4021 426 4073 nter
441 4021 474 4072 ot
488 4012 639 4073 continue.
1067 4021 1141 4084 rent,
1164 4017 1195 4072 et
1217 4030 1278 4070 rem
1294 4030 1379 4072 suam
1403 4020 1556 4086 augerent
1579 4010 1648 4071 Hoc
1669 4012 1763 4090 igitur

364 4099 559 4162 Pelliaientes
588 4100 714 4160 animas
740 4098 908 4159 instabiles.
947 4097 1016 4157 Hoc
1068 4106 1120 4171 est,
1144 4096 1227 4178 quod
1242 4098 1404 4176 Apostolus
1420 4097 1501 4170 dicit,
1526 4116 1578 4156 cos
1593 4096 1689 4158 multo
1706 4118 1762 4159 usu

361 4205 382 4246 n
395 4204 453 4246 nou
469 4185 510 4247 ad
525 4188 631 4248 oculos
644 4184 781 4258 retertur,
797 4195 832 4245 ut
844 4203 883 4244 ex
894 4183 1013 4245 Gracco
1066 4193 1170 4246 tenere
1192 4195 1274 4245 artes
1298 4185 1475 4265 acquirendi
1496 4203 1551 4264 per
1566 4183 1615 4246 fas
1630 4195 1662 4246 et
1675 4186 1761 4246 nefas

361 4281 450 4349 rstat3
473 4273 526 4333 sed
542 4273 580 4335 ad
603 4275 686 4353 ipsos
705 4270 850 4343 homines,
873 4270 1014 4350 quemad·
1066 4273 1104 4332 eb
1132 4273 1187 4347 iis,
1218 4272 1328 4351 quibus
1354 4291 1388 4332 se
1413 4273 1574 4350 magistros
1613 4273 1761 4352 ingerunt.

361 4359 438 4421 idum
447 4360 652 4440 etscquentia.
664 4360 871 4434 Pellicientes,
885 4357 1013 4422 Graece:
1067 4359 1158 4439 Quod
1170 4368 1201 4420 ot
1212 4378 1302 4437 supra
1313 4358 1402 4431 dixit,
1417 4378 1495 4419 vers.
1510 4363 1555 4421 A:
1572 4360 1615 4420 Et
1629 4362 1665 4421 in
1680 4377 1762 4420 aaa·

361 4440 539 4522 λεάζοντος,
568 4452 760 4521 inerrantes,
791 4449 930 4509 nimirum
961 4465 1014 4524 per
1066 4450 1144 4507 sitia
1156 4446 1346 4523 pictitverbis
1357 4445 1761 4521 devobtsnepotiabnntnr.

361 4533 485 4614 luptatea
501 4535 607 4608 carnis,
623 4554 701 4614 quas
717 4536 861 4614 promittit
875 4541 906 4593 et
921 4531 1013 4593 tradit
1109 4527 1344 4596 Maledictionis
1354 4534 1422 4610 filii.
1437 4533 1634 4594 Hebraismus
1647 4543 1700 4605 est,
1713 4534 1762 4595 vel

361 4639 419 4682 rum
432 4620 575 4696 doctriua,
590 4639 726 4702 quasque
738 4621 851 4683 affatim
862 4627 1011 4680 exercent
1066 4641 1119 4702 pro
1132 4641 1175 4694 eo,
1191 4620 1272 4701 qnod
1284 4620 1410 4682 diceret:
1425 4621 1579 4681 Homines
1590 4621 1760 4697 maledieti,

361 4725 392 4769 m
402 4709 554 4784 voluptas
564 4725 632 4770 esea
642 4709 801 4770 molseon
814 4717 867 4783 est,
880 4716 912 4768 ut
923 4706 1011 4767 Plato
1066 4709 1276 4782 exsecrabiles,
1293 4708 1324 4768 id
1336 4716 1390 4780 est,
1406 4709 1538 4767 omnium
1554 4711 1762 4769 emeeratione

361 4793 442 4872 nbat,
464 4796 552 4873 qnod
566 4815 604 4857 ea
619 4796 763 4857 videlicet
778 4798 921 4858 homines
934 4796 1013 4855 mali
1065 4796 1158 4876 digni,
1181 4803 1215 4856 ut
1237 4795 1373 4876 plerique
1394 4801 1563 4872 exponunt3
1586 4794 1634 4855 vel
1650 4797 1759 4872 potius,

361 4885 499 4958 mnne,
513 4890 551 4945 nt
565 4884 659 4944 bama
670 4887 779 4960 pisces,
796 4884 947 4946 referente
962 4879 1010 4942 Ci-
1066 4891 1098 4943 ut
1114 4885 1158 4943 ita
1180 4881 1316 4943 dicantur
1338 4881 1570 4944 maledictionis
1592 4882 1661 4958 tilii,
1684 4884 1763 4966 siunt

361 4987 421 5031 uus
435 4971 469 5032 lu
482 4969 562 5032 libro
577 4969 617 5030 de
632 4978 791 5031 senectute.
808 4973 943 5033 Animas
957 4971 1011 5030 in·
1064 4969 1138 5031 alibi
1154 4970 1296 5049 leguntur
1318 4970 1379 5045 pito·
1394 4971 1515 5044 mortis,
1540 4971 1619 5045 irae,
1643 4971 1760 5046 penen-

361 5056 437 5122 bilss
452 5066 546 5122 vocat
558 5056 725 5140 Apostolus
739 5077 850 5137 eorum,
867 5057 921 5141 qui
936 5076 1009 5120 nou-
1063 5073 1137 5137 nus,
1152 5056 1184 5119 id
1195 5064 1243 5119 est
1254 5057 1366 5141 quibus
1380 5075 1468 5136 mors,
1483 5058 1538 5134 ira,
1552 5056 1694 5144 ςοίιοιιιιο
1708 5055 1757 5121 dc·
