4442 5825
430 574 478 645 73
941 563 1363 623 commemoremus

427 752 531 827 putres
545 742 637 805 vestri
658 744 690 806 in
705 742 840 820 deserto3
866 741 904 804 ds
919 741 1030 823 quibus
1044 740 1125 803 inire
1178 744 1363 822 primaevum
1387 743 1454 823 ejus
1472 763 1510 805 se
1523 743 1712 807 notissimum
1727 740 1867 825 sigelin

429 828 553 893 dicitur:
569 831 709 910 Quidam
724 833 810 893 euim
821 830 985 892 audientes
997 847 1125 891 exacer-
1178 831 1305 904 tionem,
1331 833 1463 893 maxime
1481 829 1605 911 ,quando
1630 831 1691 892 buo
1716 831 1828 893 inritet
1845 837 1871 893 tt

429 918 593 979 buverurst
1178 919 1259 996 cogit
1275 937 1329 978 nos
1345 917 1525 996 Apostolus,
1539 937 1600 979 non
1614 937 1651 979 eo
1666 916 1773 991 solnm,
1796 915 1871 997 quod

471 1005 543 1067 Diei
558 1004 650 1069 stium
663 1010 778 1084 potest,
805 1003 850 1067 itu
864 1001 992 1063 dictum:
1018 1003 1053 1064 Si
1068 1019 1129 1085 vo·¹
1178 1003 1233 1065 ills
1248 1005 1356 1065 verbs:
1385 1007 1489 1065 Hodie
1503 1008 1531 1064 ts'
1544 1023 1650 1067 vocem
1666 1006 1750 1080 ij
1764 1003 1872 1066 eudio-

429 1110 493 1152 ccm
521 1092 601 1166 liius
628 1090 814 1163 audieritis,
841 1091 939 1151 nolite
966 1089 1126 1149 obdurare
1177 1094 1266 1165 ritis,
1289 1093 1449 1152 menifeste
1472 1089 1528 1152 sub
1542 1111 1603 1152 uno
1618 1111 1708 1153 versu
1724 1091 1873 1153 conseo&

429 1185 487 1239 otu
501 1179 579 1239 siout
594 1174 730 1237 Christus
746 1176 770 1238 J
773 1196 840 1237 oen.
859 1181 925 1238 14.:
945 1177 979 1237 st
994 1176 1126 1251 dilips'ts's
1178 1177 1390 1256 sequentibus:
1413 1179 1518 1241 Nolite
1533 1177 1693 1238 obdurare
1707 1177 1811 1238 cordo
1824 1194 1873 1239 os·

427 1283 494 1341 mc,
520 1264 678 1325 mundato
703 1282 773 1324 msc
797 1271 937 1338 servate,
964 1270 1000 1323 ut
1017 1281 1125 1323 sensus
1178 1272 1260 1340 stru,
1277 1263 1371 1344 idque
1386 1263 1565 1338 uonsomel,
1581 1263 1633 1326 sed
1648 1264 1872 1339 tertiorum
1911 1268 1914 1303 ³

429 1353 481 1413 sit:
507 1349 541 1414 si
559 1340 663 1413 rocem
678 1351 801 1411 Domini
816 1350 947 1421 suditis,
972 1348 1004 1409 id
1025 1358 1080 1422 est,
1099 1349 1125 1408 si
1178 1352 1285 1424 etism,
1308 1352 1380 1432 quis
1402 1371 1466 1432 cup.
1490 1370 1592 1430 sequ,
1612 1341 1658 1414 'sd
1684 1349 1762 1413 husu
1782 1349 1872 1413 verbs
1899 1360 1914 1401 ·'

428 1457 502 1513 uere
517 1440 590 1501 estis
604 1437 778 1498 obedientes
802 1438 870 1499 voci
892 1436 973 1516 ejus,
994 1435 1026 1496 id
1039 1436 1125 1496 lectis
1178 1438 1293 1499 Psalmi
1314 1439 1494 1517 respiciens,
1515 1437 1558 1499 its
1577 1437 1698 1499 scribit:
1724 1437 1789 1499 &a
1811 1455 1873 1501 m
1911 1456 1915 1481 ·

428 1523 812 1673 &diffiditis
831 1522 1126 1691 tittltttlt
1177 1524 1394 1688 libili
1393 1543 1500 1674 ,21¹¹
1502 1524 1872 1688 itiiiswffi
1912 1530 1914 1625 ³

807 1657 815 1686 r
1484 1655 1495 1685 s
1780 1648 1792 1670 ³
1912 1630 1915 1655 ¹

428 1697 562 1761 feceruut
577 1699 609 1759 in
624 1697 754 1759 desorto.
785 1697 848 1759 Sed
862 1699 982 1777 utrique
997 1695 1066 1756 huic
1082 1698 1124 1757 in·
1179 1699 1285 1778 procul
1313 1697 1406 1759 dubio
1431 1697 1616 1760 audientium
1641 1697 1681 1760 sb
1704 1696 1873 1761 obediatis

428 1785 563 1851 tellectui
588 1783 708 1845 videtur
735 1785 855 1846 obstsre
881 1783 1031 1845 distinctio
1058 1801 1124 1842 ver·
1180 1793 1310 1864 separet.
1913 1794 1914 1799 ’

428 1891 531 1944 suum,
556 1890 635 1952 quse
661 1880 708 1931 est
733 1873 765 1932 iu
789 1870 941 1932 codicibus
968 1869 1125 1941 Hebraeis,
1221 1872 1315 1932 Porro
1337 1869 1506 1945 sciendum,
1527 1870 1688 1932 nonnullos
1709 1870 1794 1933 lrsns
1807 1890 1870 1952 pn·
1913 1886 1914 1917 ³

428 1958 482 2021 ubi
496 1976 565 2039 pers
581 1956 650 2017 ills:
676 1958 768 2019 bodie
790 1961 817 2021 si
840 1976 945 2019 vocem
968 1958 1048 2033 Ejus
1064 1974 1126 2016 ae·
1180 1967 1239 2018 tem
1262 1958 1307 2017 its
1328 1959 1481 2037 accipere,
1506 1964 1661 2037 tamquam
1676 1958 1764 2019 Deus
1788 1958 1873 2021 Pes

430 2043 569 2119 dissitis,
593 2064 660 2107 cum
675 2045 776 2105 verbis
790 2044 993 2126 superioribus
1008 2045 1041 2103 iu
1056 2062 1125 2102 euu-
1180 2043 1217 2106 de
1231 2045 1311 2105 Filio
1327 2044 1467 2125 loquetur
1486 2042 1525 2103 sd
1539 2043 1563 2105 J
1567 2044 1687 2117 udseos,
1702 2043 1872 2118 sdmousns,

345 2142 352 2153 '
429 2130 497 2193 dem
512 2151 629 2194 versum
645 2131 838 2206 concluditur,
853 2131 910 2193 hoc
923 2129 1028 2192 modo:
1045 2128 1126 2209 Quis
1180 2139 1227 2204 ut,
1254 2131 1358 2194 auditu
1380 2130 1447 2208 ejus
1461 2150 1536 2191 voce
1555 2132 1587 2192 in
1601 2140 1760 2211 assumpte
1787 2150 1872 2193 ωηο

428 2218 495 2299 ipse
517 2226 561 2279 est
586 2218 734 2280 Dominus
756 2220 841 2281 Deus
868 2227 984 2290 noster,
1015 2223 1046 2279 et
1070 2234 1126 2276 uos
1180 2216 1336 2298 loquentis,
1352 2226 1509 2297 praestent
1520 2218 1548 2278 ei
1560 2217 1774 2279 obedientium.
1790 2215 1872 2279 Unde

427 2304 559 2388 populus
573 2325 706 2385 pascuae
721 2306 788 2385 ejus
806 2303 1126 2386 etgrexmsnusejus,
1179 2313 1209 2365 et
1237 2306 1269 2364 iu
1306 2303 1557 2386 praecedentibus
1593 2303 1736 2383 ejusdem
1763 2303 1873 2373 Psalmi

429 2390 520 2455 hodie
533 2394 560 2454 si
573 2412 679 2453 vocem
699 2394 765 2472 ejus
780 2391 943 2453 audieritis.
982 2391 1044 2471 Qui
1059 2408 1125 2450 ver·
1179 2391 1324 2453 contineri
1341 2390 1444 2450 dicunt
1458 2389 1717 2467 ex'hortstiouem,
1749 2410 1813 2472 qus
1827 2410 1872 2472 pc·

428 2498 479 2543 sus
494 2497 514 2537 s
528 2479 905 2560 sequentibussepsrstus,
920 2476 1044 2538 totidem
1060 2495 1125 2536 ver·
1179 2476 1269 2558 pulus
1298 2476 1449 2539 Jndsicus
1487 2478 1634 2539 excitetur
1671 2475 1711 2540 sd
1748 2477 1873 2539 ouen

429 2564 476 2627 bis
490 2562 810 2645 legiturinPsslterio,
826 2563 908 2645 quod
918 2565 1126 2643 Hieronymus
1178 2583 1281 2636 suum,
1307 2565 1410 2625 idest
1435 2561 1602 2639 Christum,
1628 2583 1723 2645 quum
1751 2564 1872 2639 venerit,

431 2671 469 2713 ex
482 2650 624 2713 Hebrseo
641 2653 796 2713 convertit
1177 2650 1380 2730 recipiendum
1403 2658 1433 2712 et
1454 2648 1649 2712 adorandum.
1687 2649 1753 2730 Qui
1773 2669 1873 2719 esum

470 2736 691 2818 Undequidsm
699 2738 877 2801 recentiores
885 2734 1124 2797 huncHebreeo·
1176 2736 1374 2798 hauddubie
1397 2737 1465 2817 pius
1493 2745 1539 2798 est
1565 2747 1595 2798 et
1620 2739 1800 2817 sppositus,
1824 2734 1873 2803 ssi

429 2843 495 2887 rem
512 2823 732 2887 distinctionem
748 2825 851 2897 secuti,
869 2840 986 2883 sensum
1001 2820 1125 2895 isciunt,
1176 2831 1276 2884 utrum
1292 2823 1436 2899 literulis,
1460 2822 1587 2884 hicnon
1605 2823 1752 2904 disquiro.

430 2911 484 2993 qui
495 2909 617 2973 videtur
629 2910 753 2972 obvius:
768 2913 841 2989 Ipse
856 2918 900 2971 cst
911 2910 997 2971 Deus
1008 2916 1124 2985 netur,
1221 2909 1293 2972 Jsm
1309 2909 1391 2993 quod
1406 2911 1464 2971 sit:
1481 2913 1587 2974 Nolite
1602 2911 1764 2974 obdurare
1778 2909 1874 2973 sorde

431 3006 461 3060 st
490 3017 548 3060 nos
573 2999 713 3075 populus
738 3001 823 3074 rjus,
853 3000 879 3058 si
905 3004 1013 3057 tumen
1037 2996 1127 3057 bodie
1179 3004 1302 3072 vestra,
1330 2997 1392 3058 tulo
1415 3005 1477 3071 est,
1503 3017 1540 3058 sc
1566 2999 1592 3059 si
1617 2996 1747 3060 diceret:
1774 2997 1874 3060 Nolite

430 3103 537 3147 uocem
562 3087 629 3158 ctus
651 3085 855 3146 audierimus.
890 3081 1128 3145 seductoriis
1178 3085 1320 3145 resistere
1330 3084 1430 3146 verbis
1440 3085 1563 3146 Domini
1575 3084 1738 3165 loquentis.
1763 3084 1876 3146 Durum

429 3189 536 3233 sensus
551 3170 781 3246 incommodum,
797 3169 878 3251 qnod
890 3169 1049 3230 secundum
1061 3188 1126 3249 per·
1180 3170 1259 3231 enim
1275 3177 1333 3243 est,
1350 3169 1433 3250 quod
1447 3190 1508 3232 nun
1522 3170 1617 3245 cedit,
1631 3190 1687 3234 neo
1697 3172 1812 3251 resipit
1825 3172 1874 3232 im·

428 3276 533 3320 sonum
559 3266 656 3318 mutet
682 3260 715 3320 in
736 3259 879 3338 primum,
906 3256 1073 3317 audieritis
1096 3257 1127 3315 in
1179 3257 1365 3336 pressionem
1379 3259 1515 3337 agentis,
1537 3256 1592 3319 sed
1613 3258 1715 3338 egenti
1731 3265 1764 3319 et
1779 3258 1875 3339 impri-

429 3343 636 3408 oudirrimus.
669 3345 819 3425 Quocirca
839 3343 892 3404 elii
907 3344 1085 3424 particulsm
1100 3344 1128 3402 εἰ
1179 3344 1273 3403 menti
1303 3344 1424 3404 resistit.
1469 3344 1581 3425 Itsque
1610 3344 1731 3406 durum
1765 3362 1823 3406 eor
1848 3344 1877 3408 ἱι

429 3450 484 3512 per
511 3433 638 3493 utinum
668 3438 839 3513 exponunt,
876 3431 953 3490 sicut
982 3430 1128 3509 accipitur
1179 3428 1343 3510 scripturis
1359 3440 1501 3504 vocetur,
1527 3428 1610 3511 quod
1623 3431 1739 3492 resisfit
1749 3429 1877 3510 jussioni

428 3517 503 3580 Luc.
521 3522 585 3581 le:
616 3519 651 3580 ss·
669 3521 864 3596 copnovt’sscs
884 3523 912 3577 ct
934 3523 978 3576 te.
1016 3515 1127 3576 Verum
1180 3514 1310 3578 divinae
1331 3516 1432 3596 Quem
1445 3515 1542 3578 cordis
1555 3515 1694 3579 duritiem
1705 3517 1876 3597 scopum·

429 3603 602 3684 hujusmodi
618 3607 756 3666 contortis
772 3601 1068 3682 interpretationibus
1083 3602 1127 3663 ui·
1181 3602 1381 3681 significavit,
1411 3602 1531 3684 quaudo
1555 3622 1621 3664 curn
1648 3603 1877 3684 exprobratum

428 3690 473 3752 hil
494 3699 540 3751 est
563 3709 649 3771 opus.
685 3692 795 3772 Neque
817 3689 894 3750 tenti
918 3686 1060 3750 iscieuds
1083 3697 1129 3748 est
1181 3687 1258 3749 dixit
1272 3688 1417 3752 Judseis:
1439 3691 1500 3751 Vos
1514 3690 1636 3767 semper
1649 3691 1791 3767 spiritns·
1804 3708 1877 3754 sun·

429 3775 484 3838 ills
499 3776 639 3839 codicum
650 3778 859 3839 Hebraeorum
871 3773 1034 3848 distinctio,
1050 3793 1129 3855 quse
1180 3782 1229 3835 cto
1244 3779 1400 3851 resistitis,
1429 3776 1496 3837 Act.
1514 3779 1542 3837 7.
1565 3776 1633 3838 Non
1648 3774 1765 3838 diecret
1779 3785 1876 3838 sutus

431 3883 493 3924 nou
518 3883 537 3923 c
563 3864 656 3924 sceris
682 3863 854 3926 unctoribus
881 3862 1046 3935 emanavit,
1072 3859 1128 3922 sed
1179 3880 1234 3941 per
1248 3863 1876 3945 ProphetsmstApostolumSpiritusun·

429 3948 523 4011 multo
548 3958 617 4031 post
643 3949 805 4013 adventum
831 3948 1000 4011 Sslvstoris
1025 3968 1044 4008 s
1069 3947 1126 4010 Ju·
1181 3955 1262 4010 etus:
1277 3950 1382 4010 Nolite
1399 3949 1557 4010 obdurare
1575 3950 1675 4012 corda
1690 3957 1808 4027 eodm,
1823 3949 1877 4014 nin'

432 4033 576 4099 (lusorum
591 4037 754 4112 Rsbbinis,
778 4055 856 4116 quos
870 4035 1052 4096 Messoretes
1075 4054 1126 4096 vo-
1179 4040 1339 4116 utrumque
1354 4043 1431 4096 esset
1446 4037 1478 4100 iu
1494 4036 1643 4098 hominurn
1656 4046 1816 4116 potestus,
1831 4033 1878 4098 ob·

431 4132 515 4196 cent,
530 4121 614 4184 iectu
630 4132 683 4198 est,
703 4132 738 4185 ut
750 4124 810 4204 ipsi
824 4123 915 4192 etism
929 4120 1043 4186 Judsei
1058 4140 1127 4181 con·
1181 4119 1290 4182 durare
1302 4121 1460 4183 cordurus
1472 4121 1744 4198 etnonobdursrs,
1759 4122 1877 4185 obedire

432 4207 563 4270 fitentur.
601 4207 670 4288 Quo
696 4210 742 4288 lit,
771 4217 806 4268 ut
834 4228 895 4269 non
921 4208 1016 4268 sulum
1045 4205 1128 4286 apud
1181 4214 1213 4268 et
1223 4227 1284 4268 non
1295 4207 1429 4269 obedire.
1453 4210 1502 4271 Ex
1517 4229 1579 4290 quo
1590 4230 1650 4270 non
1661 4228 1832 4290 perpmsm,
1846 4214 1878 4270 ut

429 4294 530 4358 LXX.
546 4296 728 4377 interpretes,
743 4315 849 4357 verum
868 4294 951 4375 spud
965 4293 1041 4354 elios
1054 4313 1126 4375 quo·
1181 4294 1223 4354 eit
1238 4291 1394 4367 Celsinus,
1405 4294 1459 4356 sed
1474 4303 1557 4358 certe
1569 4295 1706 4358 etsolids
1720 4297 1875 4358 rstiosins·

429 4402 497 4464 qus,
520 4383 572 4465 qui
597 4403 698 4444 sacros
716 4382 809 4446 libros
829 4402 868 4443 ex
889 4381 1032 4442 Hebraeo
1047 4388 1128 4440 tren·
1181 4381 1263 4441 tione
1274 4379 1439 4461 colligitur,
1455 4400 1520 4442 esse
1531 4383 1563 4442 in
1577 4380 1664 4442 nobis
1679 4382 1806 4444 liberem
1820 4381 1875 4444 ior·

430 4468 580 4531 etulerunt
608 4472 640 4530 in
670 4468 835 4543 Graecum,
873 4467 990 4529 diverse
1022 4465 1126 4527 distin-
1179 4466 1392 4529 mendiinDei
1402 4467 1581 4547 obsequium
1589 4466 1876 4541 cordisiscultstsm,

430 4556 490 4618 ctio
511 4556 625 4637 passim
648 4558 821 4635 reperietur.
853 4555 923 4634 Qus
944 4552 982 4614 de
1002 4573 1035 4612 re
1058 4572 1126 4613 oon·
1180 4572 1361 4634 quemquem
1372 4555 1495 4627 uenite,
1510 4554 1876 4638 utiseereidbomopos·

429 4642 496 4704 sule
518 4641 743 4704 Genebrsrdum
766 4641 855 4703 docte
877 4640 1070 4700 disserentem
1097 4640 1127 4700 in
1179 4640 1225 4713 sit,
1241 4639 1266 4699 si
1281 4660 1343 4701 non
1356 4641 1385 4703 si
1400 4639 1503 4702 dotum
1518 4638 1640 4702 tuente
1654 4641 1733 4716 Deo,
1745 4644 1878 4705 omniun

430 4727 569 4808 Epistola
591 4729 630 4790 ed
652 4730 794 4791 lectorem
816 4726 952 4808 praefixe
975 4725 1069 4804 ipsius
1096 4726 1127 4785 in
1180 4725 1324 4788 bonorum
1338 4726 1492 4806 largitore,
1507 4730 1566 4806 qui,
1582 4732 1675 4802 cujus
1688 4730 1771 4805 vett,
1786 4733 1877 4792 mise

430 4812 614 4876 Psslterium
629 4814 857 4877 commentariis.
1055 4846 1058 4853 ·
1179 4818 1285 4888 retur,
1302 4821 1332 4873 ct
1347 4831 1438 4891 pm
1454 4811 1541 4888 vult,
1556 4814 1710 4892 indurat,
1725 4816 1814 4879 Rom.
1831 4819 1877 4892 bt

473 4899 597 4962 Manet
610 4921 681 4983 ergo
695 4903 793 4984 prims
805 4898 977 4978 responsio,
1000 4895 1128 4957 verbum
1179 4899 1350 4973 miseretur,
1366 4899 1562 4981 impertiendo
1577 4900 1723 4981 grstismp
1750 4901 1878 4977 induret,

431 4985 587 5050 audiendi
615 4988 797 5070 generaliter
833 4984 931 5066 recipi
963 4980 1126 5054 seeundum
1177 4984 1304 5063 grstism
1328 5003 1389 5047 non
1409 4984 1606 5067 opponendo,
1625 4987 1879 5069 quemodmodsm
