4442 5825
820 601 983 656 erismae
1000 602 1040 655 All
1059 601 1224 657 malaue.
1242 602 1327 657 VEBS.
1345 604 1370 656 2.
1735 603 1807 678 28¹1

359 779 541 858 ipsaEpist
558 778 692 859 capuit
730 776 828 858 Quid,
844 778 926 857 quod
940 779 999 841 bac
1014 800 1061 841 ra·
1115 780 1203 842 modo
1219 778 1332 840 oblatio
1348 778 1415 858 ejus
1430 779 1589 851 interstat,
1616 797 1655 838 ex
1670 776 1809 858 Apostoli

359 868 441 925 tione
456 867 551 926 etiam
567 866 627 944 ipsi
648 865 797 943 baptismo
812 885 868 926 aua
885 868 979 926 virtus
994 887 1061 927 san·
1115 868 1231 929 ratione
1246 865 1364 948 probari
1380 867 1512 944 ineptam
1525 863 1562 925 ad
1579 865 1727 925 hominem
1742 887 1808 947 per

360 951 514 1013 ctificandi
540 951 729 1024 detrahetur,
760 961 791 1012 ct
820 950 899 1012 male
926 974 945 1014 a
972 954 1062 1012 Petro
1116 953 1284 1015 ficieudum.
1316 951 1436 1013 Deinde
1452 960 1552 1011 manet
1567 951 1665 1011 adhuc
1680 953 1809 1031 objectio

361 1041 476 1100 dictum
500 1039 559 1098 erit
581 1037 726 1100 Judseie:
748 1042 938 1115 Baptizatur
959 1058 1061 1099 uuus-
1115 1041 1154 1100 de
1170 1047 1356 1100 sacramento
1373 1039 1592 1119 poenitentiae,
1609 1036 1706 1118 doque
1721 1041 1810 1100 sacri·

360 1131 493 1204 quisque
508 1132 648 1186 vestrum
669 1128 935 1186 inremissionem
948 1145 1061 1202 pccca-
1115 1127 1189 1186 ficiis
1205 1125 1428 1207 spiritualibus,
1444 1144 1522 1206 quae
1538 1144 1631 1203 saepo
1647 1125 1811 1206 repetenda

360 1222 487 1288 torum,
516 1214 584 1273 Act.
605 1214 652 1288 23
682 1213 760 1274 male
786 1216 877 1272 ctiam
903 1211 996 1274 Saule
1023 1212 1061 1272 ab
1114 1222 1199 1286 sunt,
1215 1214 1272 1274 etsi
1288 1232 1410 1274 numero
1425 1231 1485 1272 non
1501 1210 1614 1272 eadem.

360 1303 499 1361 Ananis:
521 1302 715 1376 Baptizara,
739 1307 768 1361 ct
787 1301 915 1360 abluere
927 1307 1062 1375 peccatu
1157 1300 1356 1379 Respondeo,
1382 1301 1413 1361 in
1435 1297 1608 1378 quotidiano
1631 1299 1740 1359 missae
1762 1318 1809 1359 sa·

361 1397 436 1462 tuo,
460 1389 526 1447 Act
544 1388 595 1446 22.
631 1387 710 1447 Nam
725 1389 781 1447 etsi
806 1386 883 1446 idem
899 1385 986 1446 homo
1001 1406 1062 1446 non
1115 1388 1224 1448 crificio
1249 1389 1380 1448 actiones
1405 1384 1545 1466 quidem,
1569 1387 1657 1446 utin
1679 1404 1713 1445 se
1735 1385 1811 1465 ipsis
1892 1438 1894 1443 ,

361 1477 399 1534 sit
422 1475 531 1533 iterum
554 1473 769 1553 baptizandus,
797 1473 938 1550 baptismi
961 1482 1062 1532 tamen
1115 1472 1356 1547 considerantur,
1382 1492 1448 1534 esse
1464 1470 1616 1545 diversas,
1639 1481 1669 1533 et
1683 1471 1811 1551 proinde

361 1568 581 1622 ammentum
607 1581 666 1620 non
700 1560 796 1620 semel
823 1558 972 1619 duntaxat
996 1578 1060 1639 per·
1115 1561 1284 1622 oblationes
1295 1561 1420 1637 multas,
1437 1560 1494 1619 imo
1507 1567 1539 1619 et
1548 1559 1697 1621 sacrificia
1708 1558 1810 1633 multa,
1902 1590 1905 1596 ·

361 1659 463 1709 actum
481 1657 543 1719 est,
565 1648 643 1707 sicut
658 1645 797 1707 Christus
820 1647 851 1705 in
867 1665 956 1706 cruce
970 1646 1062 1705 semel
1117 1652 1143 1708 si
1168 1648 1305 1709 sacrificii
1330 1648 1450 1708 nomine
1480 1645 1631 1724 intelligas
1659 1666 1719 1706 non
1748 1666 1810 1707 rem

361 1734 500 1811 oblatus,
531 1732 584 1793 sed
607 1734 743 1814 quotidie
766 1733 931 1793 celebratur
952 1734 984 1793 in
1003 1733 1061 1792 Ec·
1116 1735 1262 1807 oblatam,
1281 1733 1335 1794 secl
1350 1735 1501 1794 actionem
1516 1732 1674 1794 offerentis.
1698 1732 1811 1794 Verum

362 1821 467 1882 clasis.
1114 1841 1216 1882 omnes
1231 1821 1299 1882 illas
1313 1821 1378 1881 sive
1394 1821 1539 1894 actiones,
1556 1821 1621 1882 sive
1635 1819 1810 1894 oblationes,

403 1908 454 1968 No
476 1908 572 1986 igitur
593 1904 633 1967 ad
658 1906 733 1967 haec
764 1912 793 1965 et
815 1904 987 1984 hujusmodi
1010 1903 1061 1964 ab·
1113 1910 1247 1989 reputari
1264 1907 1373 1968 debere
1388 1917 1539 1986 tamquam
1555 1927 1661 1980 unam,
1677 1927 1713 1968 eo
1729 1905 1811 1986 qnod

361 1993 455 2056 surda
484 1992 643 2068 ducamur,
670 1991 851 2066 videndum,
881 2012 941 2070 quo
971 2009 1063 2052 sensu
1115 2015 1219 2055 ornnes
1241 1993 1281 2054 ad
1303 2015 1391 2054 unam
1412 1992 1595 2066 reserantur,
1622 2013 1661 2056 ex
1681 2014 1745 2075 qua
1760 1995 1810 2055 de·

361 2101 436 2140 vera
451 2080 493 2139 sit
508 2089 538 2140 et
552 2079 655 2141 valeat
672 2078 810 2160 Apostoli
827 2080 903 2139 ratio
920 2076 958 2138 de
972 2079 1061 2138 sacri·
1115 2082 1263 2161 pendent3
1284 2099 1401 2155 omnes,
1422 2081 1560 2160 inquam,
1581 2082 1756 2142 incruentae
1770 2079 1811 2142 ad

361 2169 441 2228 liciis
455 2169 600 2246 antiquae
612 2165 706 2246 legis:
722 2166 755 2225 Si
769 2165 918 2245 perlectos
929 2164 1062 2225 facerent
1116 2189 1205 2229 unam
1227 2176 1388 2239 cruentam,
1412 2187 1490 2247 quse
1511 2167 1590 2228 lacta
1605 2177 1652 2229 est
1666 2169 1697 2229 in
1713 2187 1811 2240 cruce,

362 2257 543 2324 offerentes,
558 2263 726 2315 cessassent
738 2255 844 2314 offerri.
867 2249 1062 2331 Respondent
1114 2276 1133 2315 a
1163 2274 1222 2334 qus
1247 2275 1364 2315 omnem
1392 2274 1478 2315 suam
1506 2255 1565 2315 vim
1592 2263 1623 2315 ct
1649 2254 1811 2316 efficaciam

362 2343 612 2420 chrysostomus,
643 2348 673 2401 et
702 2341 756 2420 qui
786 2360 856 2400 eum
887 2345 1062 2418 sequuntur,
1115 2341 1270 2416 hauriunt,
1290 2339 1417 2419 perinde
1431 2349 1464 2399 ut
1478 2351 1667 2401 sacramenta
1681 2342 1751 2401 novi
1766 2349 1810 2402 te·

361 2428 548 2490 oblationem
564 2427 702 2487 sacrificii
716 2429 810 2489 nostri
823 2424 991 2507 quotidiani
1003 2442 1062 2484 non
1116 2429 1263 2489 strumenti.
1286 2427 1371 2488 Sicut
1384 2426 1461 2487 enim
1473 2445 1528 2505 per
1539 2428 1597 2488 ista
1610 2427 1698 2489 nobie
1713 2427 1809 2507 appli-

362 2533 430 2576 csae
446 2513 598 2575 diversam
615 2514 654 2575 sb
666 2513 727 2586 illa,
745 2535 806 2593 qua
818 2512 956 2575 Christus
968 2509 1063 2571 semel
1116 2523 1201 2576 catur
1216 2524 1248 2575 et
1263 2512 1302 2574 ad
1316 2533 1371 2575 nos
1388 2512 1540 2574 derivatur
1557 2513 1698 2575 salumris
1715 2517 1811 2577 virtus

361 2601 616 2682 obtulitaeipsum
628 2601 660 2660 in
671 2620 770 2674 cruce,
784 2598 837 2661 sed
849 2620 939 2661 unam
953 2606 1060 2658 atean-
1116 2602 1267 2683 passionis
1294 2599 1420 2675 Christi,
1443 2602 1487 2660 sic
1513 2607 1544 2661 et
1565 2621 1621 2681 per
1644 2601 1818 2664 oblationes·

363 2691 442 2749 dem.
466 2686 553 2748 Idem
569 2689 648 2748 enim
665 2685 819 2759 Christus,
835 2687 888 2766 qui
903 2684 996 2746 semel
1010 2685 1062 2746 ob·
1116 2689 1254 2750 sacrificii
1269 2689 1395 2758 missae,
1419 2706 1480 2747 non
1501 2685 1598 2749 solum
1618 2690 1649 2749 in
1664 2690 1811 2750 remissio·

361 2776 433 2835 tulit
448 2795 482 2835 ae
503 2776 602 2853 ipsum
624 2781 762 2846 cruente,
788 2771 924 2854 quotidie
947 2775 978 2835 iu
996 2791 1060 2850 my·
1116 2795 1185 2836 nem
1201 2782 1405 2856 peccatorum,
1431 2792 1513 2854 quae
1534 2795 1553 2834 a
1568 2774 1653 2837 nobie
1675 2775 1813 2854 quotidie

361 2863 464 2924 steriis
490 2861 648 2922 iumueme
669 2881 722 2941 per
743 2879 848 2921 manus
874 2859 1062 2921 sacedotum
1115 2864 1356 2937 committuntur,
1375 2862 1588 2923 verumetiam
1604 2860 1642 2923 ad
1658 2861 1720 2925 alia
1735 2862 1810 2926 diri·

361 2950 500 3020 offertur,
528 2968 587 3009 non
614 2948 675 3008 alia
699 2957 793 3027 atque
819 2946 880 3007 alia
899 2947 1061 3018 oblatione,
1114 2947 1704 3029 naegratiaebeueficiaconsequenda,
1719 2950 1813 3031 idque

361 3036 417 3097 sed
444 3036 536 3096 nnius
562 3043 592 3096 et
619 3035 754 3113 ejusdem
781 3033 943 3095 oblationis
969 3033 1062 3094 semel
1117 3056 1153 3097 eo
1168 3038 1283 3117 magis,
1311 3034 1391 3114 qnod
1407 3035 1464 3095 boc
1479 3036 1656 3097 sacrificium
1671 3057 1710 3097 cx
1725 3038 1811 3098 insti-

361 3124 466 3184 iactae
486 3124 783 3196 commemoratione,
810 3122 889 3181 sicut
913 3122 950 3182 iia
976 3138 1061 3200 prae·
1115 3124 1230 3183 tutione
1244 3122 1357 3184 christi
1369 3125 1661 3183 commemoratirnm
1673 3124 1713 3183 eit
1727 3122 1811 3186 illine

363 3219 484 3289 ceptum
500 3217 561 3270 est:
589 3211 660 3269 Hoc
679 3210 778 3286 facita
800 3210 836 3267 iu
857 3226 960 3267 meam
976 3225 1062 3267 com·
1115 3211 1195 3272 unici
1210 3207 1364 3282 sacrificii,
1391 3226 1452 3287 quo
1473 3228 1507 3268 sc
1529 3211 1627 3287 ipsum
1647 3229 1701 3289 pro
1724 3210 1811 3272 nobis

361 3297 634 3356 mensurationem.
656 3294 990 3373 Inlcgcsutemvsteri
1003 3313 1062 3354 non
1115 3298 1224 3358 obtulit
1239 3297 1271 3356 in
1286 3314 1384 3355 cruce.
1418 3294 1561 3355 Similiter
1584 3304 1685 3355 autem
1709 3295 1810 3358 dicen·

363 3382 469 3443 cadem
485 3381 729 3461 semperboetia,
753 3382 807 3442 aad
822 3381 961 3442 diversae
976 3379 1061 3441 offer·
1115 3384 1184 3444 dum
1200 3381 1238 3442 de
1255 3382 1407 3442 sacrificiis
1422 3379 1566 3440 bonorum
1581 3402 1711 3461 operum.
1751 3383 1810 3444 Re-

361 3468 513 3540 rebantur,
528 3467 778 3549 quotiescumque
792 3467 976 3529 offerendum
990 3475 1062 3527 erat
1115 3477 1259 3551 putantur
1273 3468 1353 3529 enim
1364 3468 1463 3528 omnia
1473 3477 1508 3527 ut
1518 3485 1609 3527 unum
1624 3468 1811 3544 sacrificium,

405 3554 521 3615 Verum
536 3553 607 3615 hnic
621 3556 808 3636 responsioni
826 3562 925 3634 potest
941 3555 1062 3635 opponi,
1114 3566 1235 3637 propter
1250 3573 1342 3618 uuam
1358 3553 1470 3616 Christi
1493 3554 1688 3627 oblationem,
1715 3576 1734 3616 a
1750 3574 1812 3634 qua

363 3639 619 3724 quemadmodum
634 3653 664 3702 ot
675 3642 820 3703 Calvinus
834 3643 968 3720 opponit,
980 3642 1061 3720 Apo·
1115 3642 1290 3724 dependent
1312 3641 1511 3703 strationem
1535 3640 1647 3702 babent
1672 3641 1812 3704 sacrificii

363 3727 473 3789 stolum
496 3744 641 3806 expresse
661 3727 746 3808 loqui
768 3727 807 3788 de
829 3726 936 3788 iisdem
957 3727 1063 3788 hostiis
1115 3730 1181 3791 Deo
1209 3730 1325 3810 placiti.
1362 3727 1405 3787 At
1432 3748 1504 3790 vero
1527 3727 1673 3788 sacrificia
1698 3729 1811 3791 veteris

364 3818 472 3876 iterato
489 3812 606 3874 oblatis.
640 3817 705 3876 Per
718 3814 859 3889 ausuros
873 3832 995 3889 anuos,
1019 3816 1063 3874 in·
1116 3817 1302 3890 testamenti,
1318 3823 1350 3875 ut
1366 3811 1456 3889 talia,
1472 3834 1533 3877 non
1547 3813 1756 3876 referebantur
1768 3816 1812 3878 ad

364 3904 446 3982 quit,
462 3899 575 3960 stadam
592 3903 668 3976 ipsis
682 3904 807 3973 laosttis,
829 3919 909 3977 quus
924 3902 1064 3981 offerunt
1114 3923 1204 3965 unani
1231 3903 1364 3983 aliquem
1389 3900 1585 3974 oblationem,
1615 3919 1634 3961 a
1658 3920 1720 3979 qus
1749 3903 1811 3964 vim

363 3988 601 4063 indesinenter3
625 3998 655 4047 et
671 3989 763 4049 infra:
790 3988 913 4048 cosdem
930 3988 1064 4067 offerens
1116 3988 1324 4050 sanctificandi
1347 3990 1534 4068 acciperent,
1565 3987 1745 4069 nequidem
1772 3985 1812 4049 ad

363 4077 493 4136 hostias.
526 4074 706 4154 Respondet
721 4072 984 4153 Theophylsctus,
999 4094 1062 4134 eas
1116 4074 1295 4137 sacrificium
1310 4075 1421 4152 crucis3
1437 4076 1481 4135 sic
1495 4075 1572 4136 eninr
1588 4073 1625 4135 ad
1642 4094 1752 4134 novum
1768 4082 1811 4135 to-

364 4163 434 4224 dem
463 4161 558 4221 fuisse
593 4162 722 4233 hostias,
759 4170 909 4240 quatenus
938 4162 1063 4223 eaedem
1117 4172 1296 4223 elementum
1310 4161 1542 4241 pertinuissent,
1559 4161 1613 4221 sed
1628 4161 1746 4240 singula
1759 4181 1813 4240 per

364 4248 484 4326 species
514 4247 730 4323 offerebantur,
766 4246 850 4307 velut
882 4265 981 4326 agnus
1010 4247 1061 4307 ho·
1116 4269 1149 4309 se
1163 4269 1200 4309 ac
1214 4251 1338 4310 seorsim
1354 4248 1590 4321 exhibebantur,
1615 4258 1704 4329 prout
1718 4248 1811 4310 habe·

365 4333 431 4407 die,
458 4343 489 4394 et
510 4352 578 4394 cras
601 4336 707 4395 iterum
729 4352 847 4414 agnus,
875 4355 936 4394 non
962 4341 1063 4395 autem
1115 4336 1169 4396 bat
1183 4336 1330 4396 institutio
1353 4336 1464 4397 veteris
1487 4336 1667 4396 testamenti.
1703 4335 1813 4417 Itaque

365 4420 598 4500 easdemqnoad
611 4442 785 4496 numerum
800 4417 953 4480 Christum
961 4432 1063 4482 autem
1115 4422 1291 4502 simpliciter
1306 4432 1336 4483 st
1351 4421 1445 4482 multa
1460 4430 1560 4494 erant,
1583 4430 1613 4482 et
1629 4421 1669 4484 ad
1683 4420 1812 4482 sanctiti-

364 4508 436 4568 olim
452 4506 601 4577 oblatum,
628 4528 721 4569 unum
744 4526 865 4587 prorsus
885 4516 914 4567 et
936 4507 1062 4569 cundem
1116 4507 1244 4570 candum
1262 4507 1387 4570 inutilia.

365 4595 465 4655 offerri
495 4593 640 4674 quotidie.
678 4594 738 4656 Sed
763 4613 818 4654 nec
844 4614 880 4653 ca
908 4596 1063 4674 responsio
1159 4597 1207 4657 Ex
1222 4596 1270 4656 bie
1286 4598 1378 4675 igitur
1389 4596 1454 4674 jam
1470 4594 1597 4672 intelligi
1613 4602 1721 4673 potest,
1738 4613 1811 4671 quo·

364 4681 489 4762 pacabit
502 4680 717 4741 adversarium.
748 4682 791 4742 Ut
806 4682 887 4741 enim
901 4700 949 4742 res
963 4679 1064 4742 oblata
1115 4681 1204 4743 modo
1215 4691 1297 4743 recte
1309 4680 1435 4760 colligat
1446 4680 1610 4759 Apostolus
1619 4680 1812 4746 inefficaciam

365 4770 406 4828 sit
421 4766 538 4838 eadem,
563 4776 668 4827 tamen
679 4768 867 4838 causabitur,
894 4767 1064 4832 oblationes
1116 4769 1329 4830 sacrificiorum
1344 4769 1454 4829 veteris
1466 4765 1542 4845 legis
1554 4785 1592 4826 ex
1608 4785 1711 4826 eorum
1726 4786 1814 4857 repo·¹

365 4873 435 4914 esse
457 4852 612 4927 diversas,
643 4863 745 4934 utpote
769 4855 904 4915 actiones
931 4855 1008 4914 inter
1030 4874 1064 4916 se
1115 4857 1239 4932 titione,
1262 4866 1295 4916 et
1308 4875 1362 4916 cur·
1375 4854 1465 4916 simili
1488 4860 1667 4931 argumento
1681 4873 1741 4912 non
1758 4874 1811 4916 ax·

366 4940 543 5015 dicturus,
573 4941 656 5018 quod
679 4944 759 5003 enim
781 4940 820 5001 sd
842 4961 906 5001 rem
931 4938 1063 5002 oblatam
1116 4951 1266 5021 pugnetur
1303 4941 1434 5003 efficacia
1471 4936 1639 5017 quotidiani
1673 4941 1814 5006 sacrificii

365 5028 493 5101 attinet,
508 5028 574 5088 siro
587 5025 642 5090 illa
655 5030 696 5090 ait
710 5028 833 5102 eadem,
853 5030 921 5090 sive
934 5026 1063 5102 diversa,
1115 5028 1238 5090 Missae
1275 5028 1353 5091 tiam
1367 5027 1421 5088 llis
1435 5032 1537 5088 vetem
1550 5023 1765 5102 repetebantur
1779 5035 1815 5092 ut
