4442 5825
392 602 469 672 μθ
907 595 1320 652 commonuerimus.

391 775 501 834 tremis
521 772 646 849 diebus,
673 770 828 856 ludetque
847 771 928 835 huno
951 793 1088 836 sensum:
1138 773 1192 836 sed
1207 774 1505 855 quomodocumque,
1529 774 1625 836 etism
1643 771 1801 835 nuens

390 860 526 921 Divitiae
548 869 684 934 vestrae,
709 880 785 941 quse
810 868 964 940 temqusm
987 862 1088 941 ignem
1137 870 1208 921 tete
1246 860 1337 942 Quod
1360 860 1435 921 iecit
1456 860 1495 921 sd
1519 861 1664 940 mojorem
1677 858 1803 938 hujudr

391 968 445 1027 pro
475 947 618 1007 thessere
644 947 851 1009 recondidistis
878 949 909 1008 in
936 959 1088 1009 extremos
1137 948 1224 1009 minis
1238 950 1471 1021 accusationem,
1486 946 1804 1028 quendoetismsbqu

392 1034 465 1107 dies,
481 1034 513 1095 id
529 1042 575 1095 est
589 1035 620 1095 iu
632 1034 796 1095 edrentunr
807 1035 939 1107 Domini,
955 1035 1089 1099 exedent
1136 1033 1246 1096 frende
1260 1037 1341 1096 sectr
1355 1034 1501 1096 mercedis
1517 1034 1669 1108 detentio,
1689 1033 1766 1094 modo
1775 1033 1804 1093 ἰ

392 1140 499 1181 cernes
513 1129 640 1181 vestrss.
674 1120 790 1182 Eodem
806 1123 956 1182 distinctio
973 1124 1088 1203 conepi·
1133 1122 1232 1201 juste,
1247 1124 1356 1182 olsmst
1371 1124 1401 1182 in
1417 1120 1548 1182 coelum.
1572 1120 1678 1202 Qum
1693 1118 1804 1201 simpliei-

391 1208 469 1269 eitur
484 1209 575 1267 etism
598 1207 689 1268 bodie
710 1209 740 1268 in
763 1208 914 1268 nonnullis
937 1207 1088 1270 codicibus
1137 1217 1185 1268 ter
1198 1210 1276 1270 verti
1291 1211 1402 1289 potuit:
1423 1227 1504 1286 quus
1518 1204 1805 1281 minuetum&-

391 1292 482 1371 (iuter
493 1313 570 1373 quos
581 1290 817 1375 complutensis)
830 1293 968 1368 Greecis3
981 1297 1087 1357 eedem
1136 1294 1238 1373 tenta)
1254 1304 1298 1357 est
1312 1315 1333 1356 a
1348 1296 1444 1358 vobi.

391 1390 437 1442 est
451 1388 483 1442 et
496 1382 529 1441 in
544 1380 670 1464 Syrium
693 1390 795 1453 textu,
818 1383 876 1442 nisi
899 1380 981 1463 qnod
1004 1383 1035 1441 in
1051 1402 1087 1443 eo
1180 1383 1223 1442 Et
1244 1384 1367 1444 elamor
1389 1400 1498 1443 eorum
1526 1384 1563 1443 in
1588 1400 1685 1442 aures
1702 1378 1806 1443 uren

391 1469 595 1549 supprimatur
609 1467 815 1528 similitudinis
829 1476 910 1530 note.
942 1468 992 1529 Sic
1007 1469 1088 1529 enim
1136 1468 1464 1531 &emonensem
1496 1467 1632 1530 Graece:
1658 1467 1806 1531 mem

390 1554 498 1617 hebet:
520 1555 631 1632 Ipnem
647 1558 840 1632 conpessistis
861 1556 949 1616 vobis
971 1558 1006 1616 in
1023 1556 1088 1616 dies
1137 1574 1186 1616 res
1207 1574 1336 1630 eorum,
1362 1558 1418 1633 qui
1437 1562 1658 1630 messuerunt,
1684 1557 1720 1616 in
1739 1568 1807 1619 Μ

390 1642 528 1704 Minos.
577 1643 666 1723 Quae
695 1641 816 1723 quidem
846 1643 999 1704 distinctio
1028 1663 1088 1703 non
1138 1644 1273 1705 Domini
1287 1643 1447 1705 Sobbootlt
1465 1645 1674 1704 introierunt.
1696 1640 1815 1721 Syrien:-

391 1748 513 1810 prorsus
529 1727 726 1813 improbanda
741 1737 796 1789 eet.
1138 1731 1181 1790 Et
1195 1732 1385 1808 vociferatio
1406 1747 1580 1790 messorum
1603 1732 1640 1791 in
1659 1746 1748 1789 neres
1759 1728 1808 1791 te·

434 1817 462 1876 4.
486 1817 584 1893 Ecce,
619 1834 734 1876 merces
756 1820 980 1893 operariorum
987 1863 998 1893 ,
1033 1820 1089 1894 qui
1137 1820 1219 1878 mini
1247 1817 1406 1880 &diaetis
1434 1818 1594 1878 introivit.
1634 1816 1720 1877 Prius
1746 1812 1810 1889 ud.

391 1905 743 1979 mesmerrentrepiones
753 1911 883 1977 vestros,
895 1922 977 1980 quoe
990 1905 1088 1981 fruu-
1138 1905 1309 1966 mecedem
1325 1907 1550 1982 operariorum
1559 1903 1749 1982 fraudatore
1760 1899 1814 1963 iu-

392 1989 470 2049 doto
486 1999 531 2052 eet
544 2011 566 2052 u
580 1991 685 2066 vobis,
701 1991 828 2050 clamat.
860 1991 998 2050 Avsritie
1013 1991 1087 2051 divi·
1138 2009 1245 2067 more,
1273 2012 1351 2052 nunc
1374 1993 1456 2070 ipsos
1477 1992 1646 2070 opererio&
1680 1982 1812 2070 ΟΜ

392 2086 455 2137 tum
471 2077 648 2158 plerumque
671 2079 796 2138 comites
811 2078 905 2139 hebet
920 2077 1088 2138 inhumani·
1138 2079 1229 2138 etism
1244 2080 1274 2139 in
1290 2078 1527 2139 Deuteronomio
1549 2075 1591 2139 de
1613 2078 1746 2158 opererio
1757 2092 1812 2156 μ’.

392 2172 502 2238 tutem,
533 2166 727 2246 injustitism,
757 2164 945 2237 violentiam,
982 2173 1012 2225 et
1041 2164 1087 2225 his
1138 2184 1212 2243 pere
1239 2164 1351 2225 dictum
1378 2173 1439 2226 est:
1462 2166 1510 2226 Ns
1532 2164 1649 2225 dumet
1667 2164 1814 2239 costum

391 2260 521 2331 cogneis
534 2253 618 2313 sitis.
655 2251 738 2312 Hinc
756 2271 869 2313 merces
884 2253 1088 2330 operariorum
1137 2251 1181 2312 ad
1208 2254 1393 2313 Dominum.
1428 2250 1490 2313 Sed
1515 2270 1565 2312 res
1593 2249 1699 2313 eodem
1722 2244 1815 2317 ussi

390 2339 579 2419 iniquissime
601 2338 741 2415 detente3
764 2358 854 2419 qusm
878 2338 1006 2417 injuriae
1022 2358 1086 2419 epe·
1137 2338 1216 2398 Nem
1231 2339 1341 2418 injurie
1356 2338 1490 2399 violente
1513 2357 1609 2419 esopo
1633 2339 1724 2400 etiem
1743 2322 1815 2427 Ν

392 2427 468 2487 ciem
484 2446 521 2488 ex
542 2427 645 2486 multis
667 2445 758 2486 onem
779 2425 829 2486 hic
851 2427 987 2506 ettiugit,
1014 2433 1088 2485 tem·
1138 2425 1249 2505 quibos
1265 2425 1405 2498 infertur,
1436 2423 1476 2486 sd
1490 2425 1685 2487 elemundum
1700 2418 1815 2504 inpii

391 2532 482 2593 quem
513 2515 545 2574 in
571 2514 675 2592 primis
705 2510 855 2586 odiosum,
885 2521 917 2572 et
945 2511 1089 2574 sdversns
1138 2510 1229 2573 Unde
1244 2530 1299 2591 per
1313 2513 1526 2593 metonymiam
1548 2514 1673 2574 donor
1687 2504 1815 2585 irtel&

392 2619 483 2679 quern
498 2618 673 2680 expressum
695 2600 725 2659 in
746 2598 814 2678 lege
829 2608 1022 2681 praeceptum
1039 2599 1089 2660 de·
1138 2598 1287 2678 ejusmodi
1302 2600 1411 2677 injurie
1426 2607 1560 2672 vocetur,
1575 2608 1609 2661 ut
1626 2599 1691 2661 ὕοι
1707 2597 1749 2658 in
1773 2608 1782 2628 ²
1800 2643 1805 2650 ,

391 2696 453 2746 tum
468 2685 585 2762 iusrrt,
600 2694 633 2747 ut
648 2686 724 2747 Les.
740 2691 804 2750 1e.:
820 2689 894 2748 Non
909 2687 1090 2747 morosum
1137 2689 1286 2762 spectooi,
1297 2687 1640 2765 utfoceretjudieiesm,
1656 2693 1756 2748 deses

392 2791 472 2850 opus
500 2776 694 2836 mercenarii
723 2776 772 2834 tui
808 2776 899 2850 epod
932 2781 962 2834 te
989 2792 1090 2852 usque
1138 2775 1244 2850 orsitm
1250 2795 1263 2850 ,-
1278 2781 1308 2834 et
1318 2776 1490 2848 justitium,
1502 2780 1533 2834 et
1547 2793 1617 2835 eccs
1631 2774 1755 2835 rimor.
1771 2779 1776 2818 ³
1792 2836 1802 2847 ,,

391 2879 495 2922 mone.
533 2859 623 2939 Quod
645 2861 743 2942 ipsum
765 2860 901 2943 pluribus
924 2862 1022 2923 uerbis
1038 2880 1088 2923 ex·
1139 2862 1213 2936 sive,
1226 2861 1280 2940 qui
1293 2861 1609 2940 potiunturinjurimn,
1621 2860 1753 2934 clement,
1805 2929 1807 2936 ,

392 2948 523 3029 plicetur
548 2948 640 3009 Dent.
667 2950 734 3022 Ἃ,
759 2968 827 3009 cum
850 2949 1011 3028 subjuncto
1034 2948 1091 3010 hec
1137 2955 1264 3022 tsceeut,
1279 2948 1422 3010 ultionem
1435 2948 1630 3030 Deiproprie
1645 2946 1724 3012 uos'
1806 3022 1809 3025 ⁴

392 3036 638 3097 comminutione:
660 3038 707 3097 Ne
729 3037 843 3097 clamet
865 3044 978 3097 contro
1001 3044 1031 3096 te
1045 3037 1090 3096 od
1140 3043 1281 3115 provocet
1301 3032 1426 3108 clsruor,
1452 3034 1507 3096 ssd
1529 3054 1624 3096 essse
1638 3034 1773 3105 charris

393 3124 588 3196 Dominum,
611 3129 641 3184 et
659 3130 826 3199 reputetur
847 3123 906 3185 tibi
926 3126 962 3185 in
974 3142 1090 3200 pecco·
1140 3123 1316 3202 estinjurie,
1329 3123 1385 3196 rie,
1397 3122 1562 3204 oppressio,
1574 3121 1737 3204 qusmpsu'
1776 3150 1779 3157 ·

393 3217 470 3272 tum.
508 3208 558 3270 Ad
580 3229 668 3289 quem
691 3210 789 3271 locum
813 3212 1041 3272 Deuteronomii
1059 3210 1090 3271 S.
1181 3210 1280 3289 Igitur
1294 3229 1361 3270 cum
1378 3208 1465 3282 dicit,
1488 3211 1663 3271 clamorem
1677 3224 1777 3271 eom

392 3295 544 3360 Jooobnm
561 3296 708 3372 alludere,
724 3298 864 3379 qnoniam
877 3297 1016 3359 clamoris
1031 3318 1090 3358 me·
1138 3316 1233 3358 aures
1249 3298 1384 3359 Domini
1397 3296 1558 3358 &bonnm
1567 3299 1736 3371 intestine,
1809 3305 1811 3308 '

392 3385 494 3456 miuit,
523 3382 684 3445 admodum
710 3383 875 3445 verisimile
905 3394 960 3446 est.
1001 3384 1091 3465 Ques
1138 3393 1218 3445 mete
1234 3382 1723 3465 Scripturisismilisrisiguidest.
1748 3390 1754 3430 Ι
1793 3440 1801 3462 1

393 3471 481 3532 etism
496 3489 603 3544 esuse,
629 3490 682 3532 cur
704 3478 860 3552 peccatum
883 3472 939 3534 hoo
953 3472 1092 3534 deteutse
1139 3471 1405 3551 greviterillorum
1425 3471 1555 3550 injurius
1577 3470 1720 3532 ulturum.
1760 3463 1780 3513 l

393 3555 539 3618 mercedis
564 3578 600 3619 sc
625 3557 757 3619 frustrati
787 3557 899 3621 loboris
926 3579 1090 3641 pauperum
1139 3569 1239 3620 sutem
1257 3560 1391 3619 Domini
1405 3558 1574 3634 sabbaoth,
1596 3557 1628 3621 id
1644 3565 1728 3620 ost!
1798 3629 1801 3636 Ι

394 3646 472 3706 iuter
487 3652 612 3722 pecoris
625 3647 657 3705 in
680 3645 794 3706 coelum
815 3646 977 3708 clementie
998 3646 1090 3727 vulgo
1140 3649 1350 3720 exercituum,
1366 3653 1400 3705 ut
1416 3644 1472 3706 hoc
1487 3646 1680 3726 epithetos
1709 3645 1718 3662 ‘
1763 3669 1765 3675 ·

393 3750 430 3792 rc
444 3739 525 3792 recte
539 3740 718 3793 numeretur.
1140 3733 1199 3794 Dei
1214 3734 1378 3813 potentium
1394 3741 1530 3812 opponet
1551 3733 1605 3808 iis,
1632 3733 1688 3815 qui
1710 3763 1758 3782 ‚‚.‚

437 3818 557 3880 Dicitur
571 3826 672 3880 entem
689 3837 820 3894 merces,
837 3839 918 3897 quoe
932 3821 1092 3900 frondete
1140 3828 1210 3881 snut
1225 3821 1255 3880 in
1279 3819 1415 3891 soeculo,
1436 3839 1494 3881 nec
1517 3819 1650 3883 humens
1672 3821 1766 3882 curet
1798 3818 1802 3874 ἶ

394 3911 456 3981 est,
484 3903 515 3966 id
530 3913 577 3966 est
592 3904 738 3968 mercedis
761 3904 948 3967 deirendetio
971 3926 1025 3968 seu
1041 3906 1091 3968 de·
1139 3906 1270 3968 bunelis.
1312 3905 1468 3967 Caeterum
1494 3916 1621 3989 usurpet
1645 3925 1746 3969 voest
1773 3910 1776 3947 ³

395 3993 506 4066 tentio,
521 3993 662 4054 clamore
686 3994 716 4054 in
732 3992 846 4054 eoelum
863 3994 913 4054 uel
928 3994 966 4054 sd
983 3994 1092 4068 Deum,
1140 3994 1262 4055 breuem
1277 3993 1446 4069 Subbaotl,
1462 3992 1622 4074 sirequod
1633 3993 1704 4055 He·
1754 4026 1772 4037 ··

394 4087 519 4160 propter
543 4080 690 4160 insignem
726 4102 761 4141 so
786 4079 974 4142 menifestum
1001 4080 1094 4160 hujus
1141 4081 1282 4153 curibus,
1298 4079 1336 4140 sd
1352 4100 1428 4159 quos
1443 4081 1556 4154 scribit,
1571 4078 1733 4161 grstnmid
1798 4074 1800 4076 '

394 4167 511 4246 peccati
544 4165 708 4239 melitium,
743 4165 822 4228 sdeo
852 4174 887 4226 ut
914 4168 945 4228 in
976 4167 1092 4228 coelum
1141 4170 1208 4228 sive
1223 4167 1553 4229 eximitationeLXL
1568 4168 1763 4247 iuterprstu.

395 4251 572 4328 escendere,
589 4261 621 4314 et
631 4253 730 4315 Deum
746 4252 786 4314 sd
800 4253 947 4315 ultionem
963 4255 1010 4314 sui
1025 4275 1091 4335 pro·
1141 4253 1222 4329 iere,
1248 4253 1427 4333 ubicumque
1453 4254 1610 4334 epitheton
1637 4254 1694 4316 lroe
1717 4249 1778 4316 Ν-

393 4339 660 4402 vocsrevidestur.
683 4342 777 4402 Porro
788 4342 948 4422 speciatim
960 4340 1094 4422 loquitur
1141 4340 1284 4403 Hebraeo
1307 4351 1493 4413 occurreret,
1516 4341 1645 4405 eandem
1671 4357 1763 4403 roe·
1797 4393 1799 4396 .

394 4425 561 4508 Apostolus
583 4426 621 4488 de
643 4428 785 4508 opereriis
807 4435 940 4510 segetum
957 4428 1092 4490 messori·
1141 4428 1290 4490 uerietsm
1320 4427 1444 4489 Grsoeis
1481 4429 1578 4489 litoris
1619 4449 1673 4492 ex·
1704 4474 1707 4477 -
1747 4465 1766 4476 -·

394 4514 467 4587 bus,
482 4514 630 4595 egricoles
646 4515 868 4595 synecdochice
884 4515 1091 4596 volenssigni·
1141 4514 1272 4577 Nomine
1302 4518 1497 4578 exercituum
1537 4515 1663 4596 quidem

394 4600 501 4676 iissre,
515 4601 586 4682 quie
600 4599 689 4662 uelde
705 4600 861 4682 indiguum
877 4611 939 4676 est,
956 4620 1024 4676 eos,
1039 4602 1093 4683 qui
1141 4604 1311 4664 universum
1329 4610 1510 4674 creatorem,
1531 4623 1611 4682 quse
1627 4610 1691 4666 tote

394 4707 502 4767 penem
518 4707 558 4749 ex
580 4707 636 4749 suo
658 4687 762 4749 lebore
783 4688 869 4750 nobis
884 4689 1092 4769 suppeditent,
1141 4690 1251 4750 militet
1264 4690 1323 4750 Dei
1339 4688 1496 4750 voluntsti.
1519 4688 1579 4753 Sed
1591 4689 1759 4772 Scriptum
1776 4755 1794 4764 ,,

395 4794 474 4855 psus
499 4775 557 4837 sibi
578 4772 681 4836 debito
703 4774 845 4837 steudsri.
898 4775 1092 4858 Quemqusm
1141 4776 1189 4856 gis
1204 4796 1365 4837 consonum
1388 4784 1449 4847 est,
1479 4775 1657 4857 augelorum
1682 4774 1790 4856 copi!

396 4859 565 4936 sciendum,
585 4859 706 4924 Grseoo
728 4859 894 4923 vocabulo:
919 4854 1092 4942 ἁπεοτερη-
1141 4863 1252 4943 telligi,
1279 4864 1332 4944 qni
1355 4862 1503 4942 peculiari
1518 4863 1610 4926 morlo
1624 4862 1746 4927 nffiffl
1767 4872 1794 4921 ἡ

395 4937 505 5026 pilot,
532 4967 592 5011 non
615 4948 711 5011 solum
726 4948 887 5030 significsri
901 4948 1092 5012 mitroctio·
1140 4959 1241 5011 mente
1257 4950 1375 5013 scilicet
1397 4969 1433 5011 sc
1456 4949 1618 5014 voluntsts
1643 4971 1673 5014 o·
1706 4994 1732 4999 -.
1786 5004 1790 5007 .

395 5053 470 5100 nem
491 5036 558 5098 sire
578 5035 793 5101 Momm
816 5037 938 5118 froude
957 5038 1091 5118 summ,
1140 5034 1252 5099 divinis
1277 5037 1419 5120 imperiis.
1453 5036 1492 5102 In
1520 5039 1633 5124 quibu
1658 5039 1750 5103 tii-³
