4442 5825
663 584 827 641 aeroma
842 585 932 643 naen
947 583 1062 642 ascens
1096 585 1182 641 rsus
1201 586 1242 642 ιι.
1263 585 1303 641 ιι.
1633 592 1711 681 4·st¹

371 780 416 825 rss
439 760 687 825 comustudinem
716 782 753 824 ex
780 761 959 842 Apostolica
1011 763 1149 837 nierunt,
1172 761 1308 825 effecum
1330 761 1422 842 hujus
1436 761 1622 825 wmarus
1642 782 1708 824 esse

371 868 424 911 ons
437 858 621 922 manantem,
648 847 770 911 decreto
793 868 848 911 suc
864 851 958 931 expli·
1012 850 1118 910 mentis
1143 850 1347 927 sanationem
1377 850 1409 911 in
1438 856 1583 930 qusntum
1609 857 1709 912 autern

378 935 470 1015 Quod
484 938 552 1017 ejus
574 936 726 998 decretura
742 938 856 1017 passim
871 958 890 997 a
905 958 957 1017 po·
1011 937 1151 1018 expedit,
1167 937 1254 997 etism
1270 937 1412 1016 corporis.
1448 934 1575 997 Addunt
1590 945 1710 999 autem:

371 1022 435 1086 rhus
448 1023 615 1103 Theolcgis
631 1025 754 1098 citatur,
772 1044 810 1085 se
824 1026 956 1086 nomina·
1009 1026 1047 1085 in
1076 1032 1234 1100 quantum
1265 1024 1408 1101 expedit,
1438 1024 1518 1084 sieut
1544 1033 1576 1083 et
1600 1023 1709 1087 Patres

371 1110 537 1173 Venerabili
558 1108 657 1184 Beda,
681 1110 780 1173 locum
802 1111 881 1172 hunc
904 1130 956 1172 ex·
1011 1110 1199 1172 Tridentini:
1232 1112 1292 1172 Ubi
1306 1111 1403 1172 saluti
1417 1112 1547 1173 animae
1563 1111 1709 1186 especte-

371 1216 410 1272 ι,
435 1198 467 1259 iu
488 1199 692 1259 ωιῐίιιιοιιὶιιω
707 1197 874 1259 adducitur.
911 1198 958 1256 Aa
1010 1199 1067 1273 rit,
1091 1198 1177 1276 quia,
1202 1217 1267 1259 cum
1284 1196 1330 1271 id,
1348 1197 1430 1277 quod
1445 1196 1629 1259 salutaribus
1644 1199 1706 1277 agi·

371 1286 434 1347 sols
446 1285 604 1347 Romanae
622 1285 781 1347 Ecclesise
795 1293 955 1346 consuetu·
1010 1284 1269 1347 turSaeramentis
1281 1284 1575 1364 (utaitAugustinns
1586 1283 1707 1345 Euchir.

371 1369 501 1433 ideamur
516 1372 734 1451 praescribere:
754 1391 865 1433 morem
880 1371 956 1432 cele·
1012 1368 1076 1450 66.)
1091 1372 1188 1450 magis
1210 1370 1248 1432 ad
1271 1391 1355 1452 spem
1370 1374 1535 1433 futurorum
1555 1374 1708 1447 bonorum,

398 1458 491 1537 hujus
522 1458 710 1521 sacramenti
742 1479 762 1519 a
791 1457 956 1536 majoribus
1011 1479 1102 1538 quarn
1131 1457 1170 1518 sd
1200 1461 1398 1521 retentionem
1429 1458 1480 1519 vel
1515 1459 1706 1538 adeptionem

371 1564 415 1606 ura
444 1546 537 1607 etiam
566 1544 752 1607 Graecorum
788 1544 956 1617 Ecclesiae,
1011 1547 1214 1624 praesentium
1229 1547 1394 1627 pertineat,
1417 1564 1477 1605 ncn
1499 1545 1604 1608 debuit
1621 1543 1707 1606 absc-

374 1634 400 1692 is
414 1631 637 1705 schismaticae,
658 1652 757 1712 usque
779 1631 870 1694 hodie
888 1632 956 1692 reti·
1010 1633 1073 1692 late
1094 1629 1233 1693 fidelibus
1256 1654 1311 1714 per
1332 1633 1390 1695 boc
1415 1631 1575 1695 Ecclesiae
1601 1631 1707 1713 §aare

372 1720 417 1781 uti
432 1717 570 1798 locuples
585 1720 671 1780 testis
686 1728 734 1780 est
749 1721 883 1798 ipsorum
898 1718 955 1778 Pa·
1010 1726 1159 1793 ruentum,
1185 1741 1241 1781 nee
1263 1740 1318 1801 per
1340 1721 1436 1782 ullum
1462 1717 1546 1781 aliud
1573 1720 1708 1799 promitti

372 1826 393 1869 s
406 1807 565 1878 Jeremias,
581 1807 634 1885 qui
645 1806 802 1868 consultus
813 1827 833 1867 a
844 1804 956 1866 Lude
1010 1807 1142 1885 corporis
1157 1807 1258 1884 salne;
1274 1807 1326 1868 sed
1342 1808 1385 1869 its
1400 1807 1536 1881 demum,
1560 1814 1708 1886 quatenus

381 1900 443 1955 tarn
458 1893 498 1955 de
511 1893 570 1955 hcc
585 1892 794 1968 sacramento,
814 1913 903 1974 quum
919 1890 958 1952 de
1011 1892 1049 1953 sd
1065 1893 1184 1954 animae
1207 1895 1335 1955 salntem
1351 1903 1383 1956 et
1397 1892 1594 1972 adipiscenda
1613 1894 1706 1955 ccele-

371 1999 441 2061 qase
455 1980 664 2041 Pretestsntee
679 1987 909 2051 controvertunt,
925 1977 957 2038 id
1011 1981 1068 2041 stis
1079 1980 1158 2040 bona
1170 1980 1355 2042 conduceret
1380 1980 1471 2043 Unde
1478 1982 1558 2042 hune
1567 1979 1708 2041 effectum

371 2114 373 2131 .
398 2064 481 2146 quod
495 2065 633 2128 Ecclesia
646 2068 784 2129 Romana
805 2076 905 2128 serrat
921 2085 959 2126 ae
1010 2067 1117 2127 meritc
1140 2067 1349 2130 secundarium
1374 2070 1536 2149 minusque
1559 2068 1706 2149 priucipa-

377 2156 467 2215 etisnr
483 2153 564 2234 apud
579 2173 650 2216 suos
669 2156 782 2217 servari
796 2173 833 2214 ac
848 2152 957 2228 doceri,
1011 2153 1070 2215 lem
1092 2154 1183 2233 hujus
1205 2154 1391 2217 decrementi
1412 2164 1589 2236 nuncupant
1607 2154 1707 2216 Theo-

371 2242 458 2303 ssime
473 2241 639 2319 profitetur.
1011 2241 1082 2320 logi.

376 2329 535 2391 moroso
547 2329 622 2405 fidei
633 2325 956 2403 salvabitissllrmum.
1053 2325 1226 2389 Notandum
1249 2336 1366 2402 tamen,
1393 2326 1528 2389 subhac
1549 2327 1707 2392 unedone

371 2435 395 2477 t:
417 2409 471 2473 τὸν
486 2406 658 2493 κάμνοντα,
682 2415 899 2486 laborantem,
924 2419 958 2471 ut
1011 2416 1158 2494 corporali
1174 2415 1339 2494 quamlibet
1352 2417 1441 2477 etiarn
1453 2413 1599 2476 modicam
1612 2411 1708 2475 morbi

371 2502 526 2574 himmas,
549 2510 643 2583 atque
665 2505 754 2563 etiam
779 2501 854 2582 legit
867 2499 957 2559 Iunc·
1010 2502 1229 2564 relevationem
1245 2501 1472 2582 comprehendi,
1495 2502 1581 2563 velut
1594 2510 1707 2564 motum

371 2608 386 2649 ι.
424 2587 496 2668 Quo
511 2589 602 2650 verbo
617 2589 782 2669 perieulum
798 2595 956 2667 aegrotun·
1011 2590 1145 2669 aliquem
1160 2588 1199 2650 ad
1211 2591 1378 2650 sanitatem.
1400 2587 1506 2663 Unde,
1522 2588 1592 2651 licet
1606 2590 1706 2650 rarius

371 2677 513 2749 innunt,
546 2684 697 2756 tamquam
723 2675 892 2738 deficientis
922 2693 958 2733 se
1011 2677 1180 2756 contingat,
1195 2676 1344 2737 hominem
1360 2675 1532 2757 periculose
1546 2686 1706 2758 aegrotu-

377 2763 608 2825 succumbentis.
631 2763 775 2825 Declarst
794 2759 957 2843 Apostolus
1011 2773 1086 2836 tem,
1102 2782 1189 2825 sacra
1202 2763 1260 2825 hac
1275 2766 1418 2825 unctione
1428 2763 1571 2838 sdhihits,
1587 2764 1706 2825 restitui

371 2860 419 2914 rte
442 2860 473 2913 et
494 2851 690 2932 sequentibus
713 2851 850 2914 effectum
866 2847 957 2922 huius
1011 2850 1150 2923 sanitati,
1176 2870 1391 2931 saepenumero
1412 2860 1511 2914 tamen
1527 2852 1648 2927 evenit,
1674 2857 1708 2911 ut

395 2939 558 3000 unctionis.
602 2941 713 3002 Oratio
742 2940 817 3017 fidei
846 2936 958 2998 dicitnr
1011 2939 1106 3000 morbi
1120 2938 1261 2999 levamen
1284 2939 1410 3019 aliquod
1431 2949 1574 3020 aegrotus
1589 2940 1706 3001 sentiat.

379 3046 400 3087 a
421 3025 483 3088 fide
503 3026 651 3105 prolecta,
677 3026 798 3108 fideque
820 3024 957 3096 subnixa,
1010 3026 1047 3087 Id
1062 3024 1143 3107 qnod
1164 3028 1257 3086 variis
1276 3024 1427 3088 decausis
1446 3026 1624 3089 adsalutem
1641 3028 1705 3088 ani·

378 3114 476 3194 ipsius
497 3114 623 3174 ministri
645 3109 737 3195 (quod
760 3113 800 3174 ad
822 3111 958 3173 effectum
1010 3133 1079 3174 nrue
1094 3119 1195 3193 potest
1210 3112 1384 3174 conducere.
1418 3113 1510 3175 Hunc
1524 3123 1623 3176 autem
1639 3115 1707 3178 effe·

371 3202 450 3262 renti
463 3220 524 3260 non
539 3207 586 3261 ast
600 3196 836 3275 neceesarium),
852 3199 958 3259 saltem
1011 3208 1088 3261 ctum
1105 3199 1253 3279 signifieat
1267 3200 1380 3275 oleum,
1395 3210 1546 3282 quotenne
1561 3208 1607 3262 eat
1620 3222 1706 3264 sana·

371 3288 428 3360 isc,
455 3288 540 3366 eujus
563 3286 614 3347 ille
636 3307 796 3369 personam
818 3287 849 3347 in
864 3284 957 3347 admi·
1011 3290 1114 3348 tivum.

371 3371 417 3435 rdc
433 3374 630 3436 Sacramenta
654 3376 797 3446 sustinet,
824 3382 855 3434 et
871 3373 959 3451 cujus
1054 3374 1114 3436 Sed
1131 3373 1237 3452 objicit
1250 3372 1447 3447 adversariae,
1467 3374 1603 3436 effectum
1618 3373 1706 3450 hunc,

371 3480 525 3540 unusquam
555 3461 663 3523 delicit.
700 3460 819 3524 Verbo:
851 3452 957 3535 σώσει,
1012 3462 1189 3543 quicumque
1204 3460 1403 3540 significetur,
1425 3482 1485 3524 non
1507 3463 1641 3524 unctioni
1654 3463 1706 3524 ad·

370 3551 415 3623 it,
431 3549 557 3610 salvum
573 3550 700 3623 reddat,
725 3550 838 3609 sanitas
853 3566 957 3626 corpo·
1012 3548 1118 3621 scribi,
1144 3546 1199 3610 scd
1225 3549 1363 3608 crationi.
1400 3547 1597 3629 Respondec,
1623 3547 1707 3629 quod

371 3636 520 3708 uideatur,
540 3635 628 3714 juxta
642 3637 772 3698 omnium
788 3635 853 3697 iere
868 3636 957 3695 inter·
1012 3643 1081 3696 ante
1102 3638 1166 3716 jam
1194 3636 1276 3709 dixi,
1306 3636 1482 3708 oraticnem,
1513 3656 1604 3716 qnam
1632 3635 1708 3698 facit

371 3746 377 3782 ι
393 3723 622 3804 expositionem.
655 3720 731 3785 (lom
747 3724 825 3784 enim
840 3721 880 3783 de
894 3741 956 3782 ccr-
1012 3723 1170 3804 presbyter
1181 3742 1274 3803 snper
1284 3723 1439 3796 infirmum,
1455 3721 1708 3803 comprehendere

398 3811 569 3872 infirmitate
604 3810 746 3891 loquatur
786 3807 958 3888 Apostolus,
1011 3809 1136 3872 formam
1151 3810 1242 3889 hujus
1257 3810 1450 3872 Sacramenti.
1484 3811 1557 3871 Cum
1572 3810 1662 3890 igitur
1676 3811 1707 3874 iu

371 3905 494 3959 ,teneura
516 3906 579 3972 est,
605 3898 676 3970 hcc,
702 3898 783 3979 qood
805 3897 957 3975 sequitur:
1011 3897 1213 3960 sacramentis
1231 3896 1422 3976 principalior
1437 3900 1478 3959 ait
1496 3896 1601 3968 lorma,
1616 3915 1706 3977 quam

371 3987 414 4060 it,
441 3983 480 4045 de
501 3983 636 4062 ejusdem
658 3987 777 4064 generis
800 3984 898 4045 solute
913 3983 956 4043 in·
1011 3986 1148 4057 materia,
1162 3984 1238 4046 nihil
1253 3985 1367 4056 mirum,
1382 3987 1409 4046 si
1424 3987 1526 4066 potius
1542 3984 1705 4046 orationem

371 4092 449 4144 ;non
461 4070 957 4133 excludendctsmsnintelleetum
1011 4072 1177 4133 nominavit
1202 4070 1381 4153 Apostolus,
1411 4092 1502 4152 quam
1527 4072 1706 4148 unctionem,

371 4167 412 4220 ste
427 4178 464 4219 ac
482 4159 641 4221 sanatione
665 4161 800 4235 animae;
827 4158 958 4219 maxime
1009 4158 1060 4218 ubi
1075 4157 1261 4221 sacramenti
1279 4158 1416 4220 effectam
1432 4178 1582 4241 exponere
1592 4159 1706 4236 voluit;

371 4243 427 4305 rlus
442 4247 576 4325 corporis
589 4244 765 4307 adsalutem
778 4247 894 4305 animae
907 4245 957 4306 hie
1011 4247 1147 4320 tametsi,
1170 4246 1250 4328 qnod
1266 4244 1305 4306 dc
1327 4248 1465 4308 oratioue
1483 4247 1572 4318 dixit,
1598 4244 1638 4308 de
1652 4266 1705 4308 un·

371 4329 417 4393 rds
428 4339 483 4394 est.
505 4333 586 4393 'l'um
598 4334 672 4414 qnia
685 4352 743 4393 non
754 4332 844 4393 dicit:
859 4350 956 4393 sana·
1011 4332 1126 4405 ctione,
1156 4332 1241 4394 velut
1268 4332 1366 4395 altera
1394 4333 1583 4395 decrementi
1612 4341 1705 4412 parte,

371 4417 432 4481 uod
446 4419 544 4500 magis
565 4418 603 4480 ad
627 4439 736 4500 eorpus
751 4419 829 4480 solet
843 4418 956 4492 referri,
1006 4421 1071 4499 jam
1087 4421 1223 4498 proxime
1238 4440 1298 4482 uon
1313 4421 1408 4482 otiose
1423 4421 1527 4501 utique
1542 4421 1706 4495 nominata,

371 4506 496 4582 slaabs't,
513 4504 595 4586 quod
610 4515 670 4568 tam
687 4507 726 4568 de
742 4507 851 4579 anima,
868 4526 957 4585 qnam
1010 4504 1132 4585 reliquit
1145 4507 1379 4589 intelligendum.
1413 4509 1538 4587 Alioqui
1560 4527 1653 4581 saue,
1679 4509 1705 4568 si

371 4612 439 4673 pore
453 4592 578 4666 dicitur,
604 4613 640 4654 ac
654 4592 841 4675 frequentina
864 4595 894 4654 in
910 4613 956 4653 se·
1010 4593 1077 4673 quis
1093 4592 1187 4656 solam
1203 4596 1366 4656 orationem
1382 4595 1546 4668 adhiberet,
1568 4595 1707 4658 unctione

371 4682 432 4743 sris
446 4680 487 4741 sd
502 4681 632 4740 animam
647 4680 788 4754 refertur,
804 4690 837 4742 ut
852 4682 883 4741 in
897 4680 957 4741 fine
1009 4679 1163 4758 neglecta,
1190 4682 1286 4744 nihilo
1301 4681 1370 4762 plus
1386 4682 1529 4754 efficeret,
1556 4701 1646 4762 quam
1661 4678 1704 4742 le·
1793 4675 1796 4686 '

372 4767 496 4848 capitis:
519 4766 665 4829 salvabo
688 4771 832 4829 animam
856 4771 923 4842 eires
937 4785 958 4827 a
1010 4768 1122 4829 cissent
1137 4769 1291 4849 Apostoli,
1317 4770 1343 4829 si
1358 4768 1479 4849 qnando
1490 4770 1569 4849 jussi
1585 4767 1706 4829 inerunt

1010 4873 1124 4932 ungere
1139 4876 1246 4936 aegros
1268 4853 1335 4917 cleo
1355 4865 1387 4917 et
1411 4875 1535 4929 muare,
1562 4853 1704 4938 quemad·

371 4975 373 4992 ι
392 4943 536 5023 pertinet,
560 4939 641 5021 quod
655 4932 957 5019 PatresfFlorentiui,
1008 4940 1131 5002 modum
1142 4943 1281 5005 scribitur
1290 4943 1382 5004 Mero.
1396 4945 1434 5016 6.,
1443 4936 1706 5012 cmiass'uncticne

371 5036 453 5092 astes
468 5025 508 5089 sd
522 5025 598 5090 haec
611 5027 751 5110 Apostoli
761 5028 868 5104 verbs,
886 5025 956 5091 defi·
1009 5025 1104 5091 solam
1135 5027 1345 5118 adhibuissent
1369 5029 1420 5104 sel
1445 5029 1627 5107 oraticnem,
1655 5027 1706 5104 vel
