4442 5825
401 600 449 673 qq
951 592 1355 651 comminuentem

399 771 535 832 Primum
550 772 628 832 enim
643 769 823 844 introduxit,
840 770 958 853 quando
972 771 1096 832 verbum
1150 774 1314 836 naturalis:
1352 775 1582 856 primogenitum
1611 782 1711 836 autem
1740 796 1764 837 u

399 877 519 920 earnem
545 859 656 921 iactum
679 858 752 920 fecit
773 859 918 919 babitare
933 865 969 922 in
994 860 1095 934 nebia,
1150 882 1210 920 non
1233 871 1348 922 tantum
1371 882 1425 941 per
1451 863 1646 937 allusionem,
1673 873 1708 922 ut
1728 880 1765 942 qu

398 945 438 1006 de
453 965 514 1025 quo
530 945 608 1007 infra
623 965 689 1026 cap.
708 947 755 1006 10.
771 947 905 1026 loquitur
920 946 1096 1027 Apostolus,
1150 948 1337 1022 existimant,
1359 969 1395 1009 eo
1418 949 1499 1029 quod
1521 949 1603 1030 apud
1617 949 1764 1010 Hebraeo

398 1051 464 1095 oum
476 1035 531 1094 ait:
550 1034 628 1094 Ideo
640 1033 823 1110 inprediertr
833 1035 1002 1108 mundum,
1020 1035 1096 1093 dicit
1149 1037 1291 1114 mogeniti
1303 1044 1401 1097 essent
1412 1035 1555 1097 haeredes
1565 1046 1595 1096 et
1606 1038 1741 1097 omnium
1753 1056 1765 1094 r

397 1127 453 1180 eto
490 1121 606 1182 Rursus
625 1129 725 1181 autem
746 1119 930 1194 introduxit,
958 1120 1007 1182 vel
1022 1130 1095 1181 tunc
1150 1120 1277 1196 domini,
1299 1123 1354 1183 sed
1370 1125 1443 1203 quia
1464 1142 1537 1185 vere
1557 1126 1765 1200 primoqem'u

397 1207 518 1287 quando
535 1216 605 1288 post
627 1208 693 1288 ejus
717 1209 924 1269 ascensionem
947 1209 978 1269 in
994 1209 1094 1268 coelos
1149 1212 1234 1269 inter
1248 1213 1367 1271 multos
1379 1211 1516 1287 fratrea,
1540 1220 1574 1271 ut
1592 1210 1704 1271 dicitur
1719 1212 1765 1271 Ro

397 1301 427 1353 et
448 1297 617 1356 missionem
639 1294 771 1376 Spiritus
793 1296 907 1368 saneti,
933 1315 987 1376 per
1013 1295 1094 1374 Apo·
1149 1294 1211 1375 Qui
1239 1297 1376 1376 quamvis
1413 1299 1479 1358 sola
1512 1300 1573 1358 sint
1601 1296 1765 1378 adoptione

394 1380 538 1441 stolorum
552 1381 810 1464 praedicationem
825 1383 939 1455 effecit,
962 1390 1092 1441 utmun·
1149 1383 1225 1443 Dei:
1252 1404 1312 1445 non
1335 1392 1435 1444 tamen
1457 1382 1652 1446 contunditur
1670 1384 1765 1444 eoslr

395 1466 452 1530 dus
467 1486 534 1529 eum
550 1467 609 1529 fide
627 1469 776 1549 reciperet
791 1477 822 1530 et
836 1468 990 1531 dominum
1005 1488 1093 1530 suum
1148 1489 1273 1544 vocare,
1297 1470 1416 1532 dicens:
1440 1473 1607 1533 Nuntiato
1620 1485 1765 1533 uomens

394 1564 585 1636 agnosceret3
610 1555 661 1616 vel
676 1556 840 1618 secundnm
855 1556 945 1631 alios,
971 1555 1093 1635 quando
1146 1557 1307 1634 fratribus
1321 1561 1417 1636 meis,·
1443 1568 1477 1619 ut
1498 1559 1591 1620 babes
1614 1578 1681 1639 cap.
1701 1578 1765 1640 seqr

392 1661 460 1704 eum
483 1643 515 1703 in
536 1644 793 1704 consummatione
816 1644 927 1705 saeculi
950 1643 988 1703 de
1008 1642 1093 1703 coelo
1147 1644 1264 1705 Horum
1287 1664 1358 1725 ergo
1383 1645 1509 1706 filiorum
1537 1645 1597 1706 Dei
1620 1665 1765 1726 compara

392 1728 537 1804 adducet,
559 1739 593 1790 ut
612 1730 758 1791 mundum
778 1731 915 1810 judicet,
941 1731 1091 1791 omnibus·
1148 1732 1366 1812 primogenitus
1388 1743 1450 1806 est,
1475 1742 1580 1813 utpote
1602 1753 1679 1813 quos
1703 1753 1765 1793 oms

393 1836 452 1897 que
477 1818 535 1877 sibi
556 1817 699 1897 subjectis
722 1818 844 1899 plenam
871 1838 907 1880 ao
929 1817 1092 1899 perfectam
1148 1827 1247 1879 aetate
1261 1819 1430 1899 praecedit,
1446 1822 1518 1900 quia
1532 1829 1690 1894 aeteruus3
1707 1819 1765 1879 etl

392 1907 486 1965 totius
511 1908 597 1985 regni
624 1905 672 1964 eui
703 1908 923 1987 possessionem
957 1906 1093 1986 accipiat,
1148 1914 1225 1979 tate,
1246 1909 1319 1987 quia
1334 1906 1490 1966 naturalis.
1530 1906 1605 1968 Vide
1620 1926 1699 1988 quae
1715 1905 1765 1968 dix

372 1991 509 2073 ,fiatque
539 1990 631 2065 illud,
658 1993 741 2073 quod
772 1996 853 2054 canit
878 1990 1021 2052 Psalmus
1047 1992 1094 2051 hio
1148 1990 1188 2052 ad
1203 1994 1302 2053 locum
1316 2003 1512 2054 memoratum
1526 1995 1612 2053 Rom.
1629 1995 1658 2053 8.

393 2079 519 2139 citatus:
535 2080 862 2156 Domineareprrooit.
886 2081 981 2141 Nunc
997 2082 1091 2153 esaim,
1190 2081 1235 2140 Et
1259 2081 1396 2142 adorent
1416 2099 1487 2141 eum
1516 2099 1623 2142 omnes
1644 2079 1757 2154 cupels·

393 2172 428 2225 ut
442 2164 552 2226 dicitur
575 2188 641 2250 oap.
664 2170 819 2248 sequenti,
845 2167 980 2228 neodem
1004 2165 1092 2228 vide·
1147 2166 1302 2247 sumptum
1318 2177 1362 2226 eet
1385 2169 1587 2230 testimonium
1602 2187 1640 2229 ex
1655 2165 1764 2228 Psalm

392 2262 463 2316 moa
478 2255 589 2316 omnio
606 2255 746 2330 subjecto
762 2258 799 2315 ai.
1148 2254 1186 2314 de
1216 2275 1277 2335 quo
1302 2255 1422 2315 variant
1450 2256 1648 2335 interpretum
1681 2256 1765 2333 opini

434 2342 638 2405 Posteriorem
659 2341 738 2403 hunc
762 2359 899 2413 sensum,
925 2348 1044 2420 praeter
1062 2339 1091 2399 id
1146 2350 1245 2401 unum
1257 2340 1296 2401 sd
1308 2341 1425 2402 literam
1436 2341 1475 2402 de
1485 2341 1600 2404 Christi
1610 2361 1708 2422 regno
1720 2362 1765 2404 scr

392 2429 475 2513 quod
496 2430 560 2510 jam
584 2430 664 2503 dixi,
690 2428 879 2510 probabilem
904 2428 993 2487 nobis
1011 2427 1093 2501 iacit,
1148 2431 1201 2501 sit,
1224 2449 1263 2488 an
1286 2432 1414 2508 mystico
1438 2436 1554 2489 tanturn
1577 2448 1668 2490 sensu
1684 2429 1761 2491 illuc

393 2515 476 2599 quod
492 2537 560 2577 cum
574 2516 755 2598 Apostolus,
771 2519 802 2577 in
813 2514 929 2576 duobus
944 2515 1093 2594 prioribus
1146 2514 1274 2590 rendus3
1297 2514 1378 2595 quod
1393 2517 1542 2596 posterius
1558 2516 1648 2576 bonis
1664 2535 1765 2596 argum

392 2602 584 2678 testimoniis,
600 2603 639 2664 de
654 2602 803 2683 dignitate
818 2600 928 2661 Christi
943 2618 998 2680 per
1010 2601 1093 2681 Apo·
1147 2603 1332 2662 aJanseuio
1354 2602 1506 2663 suadetur.
1543 2602 1765 2664 Verumtamen

394 2689 534 2750 stolioem
557 2687 812 2771 praedicationem
833 2687 945 2747 mundo
967 2686 1092 2748 manile·
1147 2708 1239 2767 supra
1254 2691 1328 2749 eatis
1343 2687 1527 2749 ostendimus
1550 2690 1641 2750 etiam
1662 2709 1704 2751 ex
1719 2709 1765 2771 m)

392 2784 473 2837 stata
487 2774 607 2837 locutus
622 2773 746 2854 inisset3
771 2774 821 2836 hio
838 2775 920 2853 jam,
946 2774 1031 2834 velut
1053 2773 1093 2833 de
1147 2794 1237 2835 sensa
1253 2776 1353 2835 valere
1375 2775 1592 2855 probationem.
1626 2776 1765 2856 Quonias

393 2861 515 2925 diverso
530 2871 666 2945 tempore
681 2860 824 2943 loquens,
839 2879 901 2923 non
915 2862 1009 2922 utitur
1024 2881 1091 2922 con·
1146 2870 1208 2923 tem
1231 2860 1354 2922 Psalmo
1381 2861 1433 2922 illo
1456 2866 1506 2925 96.
1530 2864 1621 2924 etiam
1648 2863 1689 2924 de
1717 2882 1765 2925 sec

388 2951 546 3031 junctione
558 2950 734 3031 copulante3
749 2948 802 3010 sed
814 2951 858 3009 sic
869 2951 919 3021 ait,
932 2946 1093 3008 secundum
1147 2948 1260 3013 Christi
1274 2946 1407 3010 adventu
1422 2951 1538 3028 agitur,
1559 2971 1621 3030 quo
1636 2962 1765 3014 venturo

393 3036 544 3099 Graecam
558 3035 737 3096 lectionem:
757 3035 896 3117 Quando
910 3042 1016 3095 autem
1033 3037 1092 3094 ite·
1146 3034 1184 3095 ad
1203 3034 1369 3113 judicium:
1396 3035 1506 3096 idcirco
1528 3045 1599 3117 apte
1619 3038 1759 3118 quadrat

392 3141 466 3185 ream
495 3123 673 3185 introducit
701 3130 756 3184 ete
805 3121 923 3182 Eodem
953 3130 1093 3200 spectare
1147 3122 1247 3181 citatio
1273 3121 1313 3181 ad
1337 3121 1548 3202 praecedentia
1573 3123 1670 3185 verba
1696 3126 1765 3204 Apo

392 3207 514 3271 videtur
528 3209 732 3272 testimonium
744 3209 849 3289 ipsum,
865 3205 947 3288 quod
957 3207 1007 3267 hio
1018 3209 1089 3268 cita·
1145 3207 1255 3289 quibus
1270 3206 1310 3268 de
1331 3205 1547 3269 introducendo
1568 3211 1679 3271 iterum
1692 3210 1765 3271 Fili«

392 3303 449 3357 tur.
478 3293 515 3356 Id
529 3297 608 3357 enim
624 3294 791 3357 secundum
806 3295 974 3375 Scripturas
995 3295 1027 3355 in
1046 3311 1090 3354 se
1145 3296 1176 3354 in
1191 3293 1294 3355 orbem
1308 3303 1405 3355 terrae
1421 3292 1608 3375 loquebatur.

391 3381 490 3443 cundo
512 3382 646 3444 adventu
668 3382 830 3443 Dominico
849 3380 1032 3462 implebitur,
1058 3387 1093 3438 ut
1188 3380 1262 3441 Plus
1277 3381 1371 3441 babet
1386 3380 1581 3456 difficultatis,
1595 3382 1752 3462 quomodo

390 3489 462 3531 mox
477 3468 662 3531 docebimus.
693 3468 796 3540 Adde,
834 3466 895 3529 uod
906 3469 998 3547 juxta
1013 3466 1092 3527 huno
1144 3469 1277 3527 monium
1292 3467 1350 3527 boc
1365 3467 1403 3526 ad
1418 3487 1480 3527 rem
1502 3477 1694 3549 praesentem
1712 3469 1764 3551 leg

391 3573 511 3617 sensum
525 3556 622 3635 magis
637 3563 764 3637 apparet
785 3489 923 3632 ἒνῖργεια
938 3554 1023 3613 vocis
1037 3555 1090 3613 irs-
1144 3552 1313 3633 proferatur
1328 3556 1366 3615 ab
1382 3555 1538 3632 apostolo,
1553 3574 1646 3634 quum
1660 3557 1692 3616 in
1706 3557 1765 3617 Hel

391 3643 577 3719 trodueer05
603 3649 752 3722 quatenus
779 3661 816 3702 ea
838 3640 1025 3721 significatur
1051 3638 1090 3712 id,
1144 3660 1205 3700 non
1220 3640 1344 3720 angelos
1360 3641 1435 3715 Dei,
1454 3639 1506 3701 sed
1522 3640 1637 3701 elohim
1651 3640 1765 3721 legemr

392 3725 474 3807 quod
489 3728 666 3808 ‚iurisperiti
680 3735 793 3788 vocant
804 3725 948 3787 inducere
959 3745 1011 3787 seu
1025 3727 1089 3785 mit·
1145 3733 1192 3787 eet
1203 3728 1296 3787 Deos.
1319 3725 1409 3787 Unde
1417 3726 1621 3806 Hieronymus
1632 3731 1765 3791 vertite.

390 3820 456 3875 tere
478 3813 510 3874 in
536 3816 767 3895 possessionem.
804 3812 949 3892 Denique
970 3830 1090 3871 sensum
1143 3820 1213 3872 rute
1227 3830 1299 3872 eum
1314 3828 1422 3873 omnes
1437 3813 1492 3871 dii.
1526 3812 1658 3893 Quidam
1673 3818 1764 3897 auspi

390 3898 472 3961 bunc
502 3900 657 3962 confirmat
685 3899 762 3960 illud
788 3899 893 3980 capitis
919 3900 1089 3977 sequentis:
1143 3899 1324 3959 Hebraieum
1348 3907 1463 3960 textum·
1485 3900 1625 3959 vitiatum
1649 3918 1718 3960 esee
1733 3922 1754 3963 a

392 3986 465 4048 Nora
482 3989 567 4048 enim
590 3986 713 4062 anneto
734 3987 864 4062 subjecit
879 3988 965 4047 Deos
985 3984 1089 4046 orbem
1142 3986 1238 4058 binis,
1260 4003 1348 4046 erasa
1370 3984 1501 4045 dictiom
1521 3986 1657 4060 matam,
1681 3986 1716 4047 id
1731 4007 1765 4050 es

390 4078 495 4133 terroe
509 4073 668 4150 [estunam.
706 4072 795 4153 Quod
815 4071 854 4133 ad
877 4071 1008 4133 futurum
1023 4091 1089 4132 sae·
1143 4070 1221 4152 geli,
1237 4091 1302 4130 cum
1319 4074 1403 4149 prius
1417 4072 1593 4132 baberetur:
1610 4074 1761 4136 Admota

391 4158 490 4219 culum
504 4161 667 4240 pertinere,
690 4180 724 4219 eo
741 4158 807 4219 loeo
824 4156 1003 4219 docebimus.
1143 4176 1251 4218 onrrsea
1279 4158 1387 4232 sepeli
1416 4160 1492 4231 Dei,
1523 4156 1619 4239 idque
1649 4161 1765 4223 eonion

432 4243 527 4307 Porro
549 4247 576 4305 si
594 4247 643 4305 cui
666 4248 763 4325 magis
777 4243 899 4306 videtur
914 4243 1088 4304 adverbium
1143 4263 1211 4303 cum
1226 4262 1276 4313 eo,
1292 4243 1373 4322 quod
1388 4245 1487 4303 LXX.
1502 4252 1677 4305 sertorum:
1701 4242 1765 4309 Aria

389 4333 508 4393 turum
522 4331 573 4392 hio
588 4332 666 4392 siout
688 4331 761 4393 alibi
780 4332 895 4392 servire
910 4350 990 4390 novo
1004 4331 1086 4391 testi·
1142 4349 1213 4391 eum
1229 4348 1336 4391 omnes
1358 4332 1467 4405 onyeli
1485 4335 1559 4405 eiua.
1593 4330 1657 4392 Sed
1680 4335 1765 4396 insui

390 4419 491 4479 monio
503 4418 638 4479 citando:
653 4420 764 4499 poterit
776 4420 802 4478 le
812 4416 966 4478 bocmodo
974 4425 1088 4478 textum
1141 4417 1217 4477 haec
1232 4418 1371 4496 suspicio.
1393 4417 1463 4478 Non
1479 4421 1560 4477 enim
1576 4419 1607 4478 in
1622 4417 1681 4479 boo
1697 4419 1765 4483 loco

390 4526 451 4567 non
466 4502 653 4566 incommode
676 4524 842 4586 exponere:
869 4506 1006 4566 Etcum
1028 4507 1088 4563 ite·
1141 4512 1218 4575 tum,
1241 4502 1295 4562 sed
1310 4505 1340 4564 in
1354 4504 1456 4564 multis
1472 4504 1556 4573 aliis,
1582 4503 1686 4565 Lxx„
1703 4525 1760 4569 eeu

389 4609 479 4667 ram,
497 4590 589 4653 idest
604 4591 664 4653 alio
676 4592 847 4674 Scripturae
863 4591 938 4663 loeo,
954 4597 1088 4652 testetur
1141 4609 1194 4651 scu
1220 4596 1402 4669 apparenter
1425 4590 1597 4671 discrepant
1622 4610 1642 4651 a
1669 4593 1759 4657 ronta

389 4695 421 4738 re
434 4679 636 4740 introducere
647 4681 898 4757 primopersitem
914 4686 973 4738 eto.
1140 4676 1249 4749 braeo,
1275 4696 1365 4755 quem
1380 4674 1506 4756 proinde
1526 4676 1691 4739 retornus
1709 4682 1764 4742 vel

390 4763 1086 4930 attittrt⁰tttttmtttt2t
1140 4762 1467 4928 limitis
1493 4772 1730 4843 ''³⁰⁹⁰'‘mm
1756 4787 1765 4829 ¹

558 4875 568 4913 1
642 4897 649 4926 ,
784 4875 804 4914 n
1075 4883 1085 4892 ·
1374 4894 1382 4909 .

389 4933 459 4996 bolo
487 4935 559 4998 fidei
587 4874 774 5001 confiiemur.
809 4871 990 5019 Igteespondeo
1020 4955 1087 4997 enm
1183 4935 1319 4995 Dicimus
1346 4953 1435 5015 ergo:
1460 4935 1590 4996 Paulum
1611 4937 1744 5018 quidem

389 5021 577 5103 unigenitum
592 5044 670 5098 esse,
684 5028 759 5106 quia
769 5024 853 5088 solus
864 5034 911 5088 est
920 5025 981 5086 Dei
991 5024 1088 5086 lilius
1140 5031 1284 5102 perpetuo
1298 5022 1388 5099 hujus
1398 5021 1559 5103 Epistulae
1568 5025 1765 5089 toednonisr
