4442 5825
829 592 992 650 mutulen
1008 594 1049 648 so
1066 594 1231 650 milam&
1262 594 1346 649 vens.
1363 596 1389 650 t.
1753 609 1826 681 119

403 779 548 830 mronan
563 776 594 830 ct
613 770 777 832 bireoraam
792 771 921 848 unsarai
933 777 1076 847 peccato,
1130 790 1197 831 mur
1212 769 1333 832 Christo
1357 771 1507 846 crucifixo,
1528 775 1605 835 sicut
1626 774 1708 837 inira
1725 774 1824 839 decla·

400 857 584 918 s11.:staa
599 856 661 934 lide
679 857 872 934 impoaat'bt'lc
888 865 932 918 cat
948 857 1077 933 plectra
1130 858 1254 918 rabitur.
1278 858 1361 919 Satis
1384 861 1476 939 igitar
1497 879 1535 921 ex
1556 862 1602 923 his
1624 871 1763 943 apparet,
1786 863 1825 925 de

399 945 459 1005 lieo.
474 941 530 1002 His
553 940 643 1015 adde,
665 942 756 1024 quod,
777 945 804 1005 si
818 944 1008 1021 inpossibile
1022 963 1077 1024 per
1130 964 1191 1005 non
1205 944 1368 1023 repetendo
1392 947 1538 1026 baptismo
1559 947 1660 1010 locum
1680 948 1761 1011 hunc
1774 971 1823 1011 ao

396 1028 499 1091 difficile
519 1038 696 1110 exponatur,
718 1029 808 1091 valde
822 1029 941 1092 difficile
956 1032 1010 1090 erit
1025 1031 1075 1092 bo
1130 1030 1301 1109 cipiendum
1316 1049 1392 1092 esse.

396 1136 448 1177 ram
471 1115 631 1177 verborum
657 1115 777 1179 adferre
801 1116 986 1198 probabilem
1008 1137 1076 1178 con·
1173 1118 1377 1179 Veruntamen
1399 1128 1429 1178 ct
1449 1120 1496 1181 hio
1520 1139 1634 1196 sensns,
1656 1131 1689 1184 ut
1710 1122 1827 1202 absque

394 1202 539 1264 maionem
553 1221 625 1263 cnm
640 1204 687 1275 iia
703 1223 783 1284 qnae
797 1202 987 1265 antecedunt.
1130 1204 1269 1284 scrupulo
1293 1206 1464 1284 recipiatur,
1487 1207 1733 1287 interpretatione
1750 1210 1825 1272 indi-

422 1288 556 1351 Aliorum
576 1290 764 1371 quorundam
790 1291 890 1371 opinio
919 1299 980 1364 est,
1007 1311 1074 1370 pro·
1129 1301 1187 1369 get
1203 1291 1281 1351 Nam
1296 1312 1437 1371 quorsum
1449 1292 1615 1372 Apostolus
1626 1304 1686 1356 tam
1698 1296 1825 1360 sollicite

392 1376 442 1456 pria
451 1374 575 1456 quidem
587 1378 686 1457 accipi
697 1377 905 1454 impossibilc,·
917 1375 970 1438 aed
981 1378 1075 1455 ajunt,
1129 1376 1252 1439 doceret
1264 1376 1430 1452 Hebraeos,
1446 1400 1506 1440 non
1517 1399 1607 1457 posse
1622 1382 1713 1443 semel
1727 1383 1823 1465 bapti·

392 1464 479 1541 naaari
492 1463 711 1543 poenitentiam
733 1472 938 1544 postmortem
955 1465 1002 1535 iis,
1023 1465 1075 1544 qui
1128 1472 1211 1524 natos
1226 1466 1332 1525 iterum
1349 1466 1504 1545 baptisari,
1520 1486 1586 1527 oum
1600 1467 1684 1530 nulla
1698 1469 1825 1531 historia

392 1553 471 1611 sitam
492 1549 573 1611 bano
594 1552 626 1613 in
649 1552 767 1632 magnis
787 1553 920 1631 peccatis
934 1550 1074 1612 finierint.
1128 1559 1263 1624 testetur,
1285 1550 1405 1630 aliquos
1426 1552 1518 1613 luisse
1541 1562 1674 1634 tempore
1695 1555 1824 1636 Aposto-

351 1690 354 1699 .
392 1636 738 1700 ltaPatruaLombardna
750 1638 878 1717 etHugo
888 1638 1058 1698 Victorinus
1065 1659 1074 1715 ς
1128 1638 1233 1711 lorum,
1257 1639 1310 1718 qni
1332 1639 1476 1719 baptismi
1492 1639 1718 1703 Sacramentum
1733 1643 1825 1704 semel

393 1724 457 1784 aeli.
469 1723 609 1783 Thomas
624 1727 714 1785 etiam
729 1726 872 1787 meminit.
895 1723 954 1786 Sed
971 1725 1002 1784 in
1018 1724 1075 1785 hoc
1128 1734 1281 1806 acceptum
1293 1735 1472 1806 repeterent,
1487 1735 1542 1786 aut
1552 1728 1747 1808 repetendum
1759 1749 1825 1791 esee

394 1828 467 1872 ιιιιι
488 1809 658 1872 rotulando
680 1832 741 1872 non
763 1820 816 1885 eet,
838 1810 919 1891 qnod
940 1812 1073 1878 immore-
1129 1809 1293 1873 ducerent?
1331 1812 1450 1873 Deinde
1478 1833 1534 1874 nec
1562 1813 1653 1876 facile
1682 1817 1823 1897 cuiqnam

394 1916 452 1970 aar,
472 1915 542 1958 enm
563 1898 597 1959 in
618 1905 704 1961 textu
726 1897 803 1960 nibil
822 1898 873 1972 sit,
902 1897 983 1977 quod
1005 1917 1075 1959 eum
1129 1908 1203 1970 erat,
1222 1897 1278 1957 hoc
1293 1907 1520 1975 sacramentum,
1544 1902 1619 1961 sicut
1634 1902 1672 1963 ab
1687 1901 1824 1964 Ecclesia

396 1983 573 2045 mendac
1129 1984 1406 2059 administrabatur,
1432 1988 1538 2046 iterum
1565 1991 1725 2069 suscipere
1756 1989 1825 2050 Non

426 2069 476 2130 Ηοο
497 2072 595 2151 igitur
615 2070 693 2132 alius
715 2089 828 2142 aeneus,
851 2070 991 2152 idemque
1013 2092 1073 2133 ma·
1129 2073 1212 2133 enirn
1238 2073 1282 2132 sic
1308 2073 1341 2132 in
1366 2081 1504 2152 promptu
1530 2083 1595 2134 erat
1621 2075 1824 2138 Christianum

397 2158 460 2218 rixae
477 2166 629 2237 rmeptna,
651 2166 687 2219 nt
707 2157 890 2237 intelligatur
908 2159 1075 2238 Apostolus
1128 2158 1288 2237 baptisma,
1310 2160 1389 2217 sicut
1408 2157 1539 2220 Judaeis
1561 2181 1616 2223 sna
1635 2162 1824 2242 baptismata,

398 2245 668 2324 impoenitentiam
689 2263 801 2323 negare
816 2244 990 2324 possibilem
1005 2254 1076 2324 post
1128 2264 1208 2325 quae
1230 2244 1289 2305 sibi
1311 2245 1385 2324 ipsis
1406 2244 1608 2321 adhibebant,
1632 2250 1751 2328 quoties
1771 2249 1823 2308 im·

398 2329 569 2409 bunnam,
583 2329 642 2392 sod
656 2331 753 2411 ipsius
769 2331 908 2410 baptismi
924 2334 1073 2413 repetitio·
1127 2330 1303 2391 munditiam
1319 2334 1555 2409 contraxissent,
1571 2333 1626 2394 sed
1641 2354 1708 2394 curn
1724 2333 1822 2396 solen·

401 2434 461 2491 ιι,
483 2418 577 2498 qnasi
600 2415 731 2478 breviter
756 2416 853 2479 dicat:
883 2418 1075 2498 Impossibile
1128 2418 1215 2479 nibus
1230 2418 1416 2491 ceremoniis,
1439 2426 1468 2477 et
1491 2421 1613 2481 statutis
1628 2420 1823 2501 temporibus,
1909 2451 1912 2461 ·

403 2511 445 2575 ae,
465 2503 563 2566 umal
588 2504 759 2583 baptisatoa
784 2504 894 2565 iterum
919 2505 1074 2586 baptisari.
1128 2524 1185 2564 nec
1198 2505 1259 2565 nisi
1276 2524 1331 2584 per
1353 2503 1509 2566 Ecclesiae
1534 2507 1688 2568 ministros
1715 2526 1753 2568 ea
1774 2525 1824 2569 rea

399 2587 436 2651 ta
451 2598 608 2672 aponum
622 2588 733 2651 Graeci
751 2598 997 2653 commentatores
1012 2612 1073 2653 om·
1128 2590 1282 2671 agebatur.

398 2694 443 2749 tta,
461 2685 492 2740 et
506 2677 685 2741 Latinorum
704 2679 835 2741 maxima
849 2697 928 2758 pars.
957 2678 1075 2740 Eadem
1171 2675 1261 2757 Quod
1284 2696 1355 2757 ergo
1378 2676 1478 2740 dicunt
1500 2678 1622 2752 Patres,
1645 2678 1823 2760 Apostolum

398 2771 433 2824 at
447 2763 598 2827 manua
615 2762 768 2826 Ambrosii
789 2763 840 2827 lib.
856 2766 885 2825 2.
902 2765 942 2827 de
962 2767 1073 2845 poenit.
1127 2762 1178 2824 hic
1193 2763 1278 2846 loqui
1293 2762 1332 2825 de
1351 2783 1411 2825 non
1426 2764 1591 2844 repetendo
1606 2766 1765 2846 baptismo,
1789 2763 1822 2826 id

396 2866 446 2932 ep.
465 2853 512 2926 2,
537 2851 706 2932 Augustini
727 2851 759 2911 in
779 2851 920 2913 inolroata
946 2852 1073 2934 exposit.
1127 2870 1188 2911 non
1202 2860 1263 2913 tam
1278 2849 1316 2910 de
1330 2850 1476 2931 baptismi
1487 2854 1664 2928 ceremonia,
1679 2873 1770 2933 quam
1784 2851 1825 2914 da

395 2935 472 3017 ipit
486 2936 528 3002 ad
541 2939 638 3013 eom,
653 2938 835 3002 Damasceni
850 2938 900 3000 lib.
915 2940 946 2999 4.
962 2938 1001 3001 de
1015 2938 1074 3000 fide
1128 2939 1194 3017 ejus
1207 2938 1313 3000 affectu
1325 2939 1467 2999 convenit
1481 2939 1657 3019 intelligere.
1672 2940 1823 3002 Effectum

351 3093 354 3098 ,
397 3041 448 3104 cap.
462 3026 523 3098 to,
543 3035 639 3105 atque
660 3024 795 3099 aliorum,
818 3045 896 3106 quoa
919 3044 1074 3088 recensere
1127 3023 1202 3097 dico,
1218 3046 1279 3086 non
1293 3024 1507 3097 characterem,
1522 3026 1578 3088 sed
1593 3045 1668 3101 eum,
1685 3028 1737 3108 qui
1751 3047 1820 3108 pso

351 3145 356 3194 2
396 3107 500 3190 lnam
513 3119 571 3174 eat
592 3111 637 3174 Et
650 3110 772 3193 quidem
783 3132 839 3193 pro
852 3112 910 3174 hoo
925 3130 1072 3174 commen·
1127 3110 1225 3173 cando
1247 3112 1404 3185 amittitur,
1426 3110 1529 3185 idest,
1552 3113 1678 3193 gratim
1697 3132 1822 3194 regene-

351 3231 356 3274 .·
396 3196 455 3258 ario
473 3185 587 3279 grisea
607 3207 679 3259 aunt
698 3199 830 3261 rationes
852 3218 891 3260 ex
915 3201 982 3278 ipso
1005 3217 1074 3259 oon·
1126 3198 1528 3275 rabonisaoronovationis3
1543 3198 1699 3280 nonquod
1713 3200 1824 3262 amissa

351 3285 364 3360 ξ·
395 3288 461 3346 tuta
484 3293 517 3346 at
536 3285 723 3366 proprietate
741 3285 901 3348 verborum
924 3284 1072 3366 Apostoli.
1127 3285 1218 3346 semel
1243 3285 1340 3365 gratia
1361 3286 1535 3364 recuperari
1557 3307 1619 3349 non
1641 3286 1745 3366 possit,
1768 3285 1823 3348 sed

396 3366 468 3449 Quod
488 3372 573 3433 enim
594 3369 636 3434 ad
657 3379 831 3433 contextum
853 3374 978 3445 attinet,
1003 3373 1072 3434 ideo
1127 3372 1201 3450 qnia
1211 3372 1296 3433 Deus
1308 3369 1420 3433 nullum
1430 3372 1559 3433 instituit
1569 3370 1743 3446 remedium,
1759 3391 1822 3454 qno

351 3487 355 3510 -·
395 3464 477 3537 nunt,
495 3475 532 3521 ae
549 3477 654 3519 turena
670 3460 824 3538 moturum
845 3457 1074 3521 fundamentum
1125 3466 1186 3519 tam
1201 3459 1292 3520 facile
1306 3459 1405 3538 gratia
1426 3469 1620 3536 recuperetur
1633 3460 1753 3533 amissa,
1775 3460 1822 3520 vi·

351 3539 358 3608 ss:
395 3544 579 3622 indutiae
600 3545 640 3607 ab
666 3544 806 3627 operibns
830 3546 972 3618 mortuis,
998 3548 1075 3626 qnia
1126 3543 1235 3605 delicet
1257 3566 1310 3627 per
1328 3543 1450 3606 modum
1472 3545 1710 3625 regenerationis
1725 3564 1762 3606 ao
1775 3565 1821 3608 re·

351 3651 355 3700 ζ
395 3627 517 3696 taison
530 3639 641 3711 porcat,
657 3641 693 3694 ut
702 3630 797 3693 semel
807 3631 953 3713 baptisati
964 3633 1073 3695 iterum
1125 3634 1312 3706 novationis,
1336 3651 1417 3711 qnae
1443 3628 1543 3693 fumat
1566 3652 1619 3714 per
1640 3631 1821 3712 baptismum

351 3715 354 3724 '
396 3718 661 3798 μιιαιίιοιιιίιιιι
682 3727 879 3797 renovantur,
901 3721 988 3799 atqui
1002 3738 1072 3800 poe·
1126 3719 1285 3799 acquisita.
1319 3718 1388 3780 Hoc
1419 3720 1499 3779 enirn
1532 3730 1595 3793 eat,
1626 3717 1708 3799 quod
1733 3716 1822 3780 docet

358 3857 361 3862 .
395 3804 535 3866 ιίιιιιίιιι
557 3806 650 3886 priori
671 3803 739 3867 looo
759 3804 967 3885 baptismalem
985 3805 1073 3867 intol-
1125 3806 1301 3885 Apostolus,
1315 3827 1377 3869 non
1389 3804 1430 3864 ita
1442 3803 1552 3885 deponi
1567 3824 1657 3888 posse
1673 3805 1822 3867 sarcinam

351 3897 356 3912 '
396 3885 471 3968 lmit3
498 3892 592 3971 igitur
615 3900 648 3952 et
671 3892 837 3973 posteriori.
874 3890 989 3954 Suadet
1014 3892 1073 3955 hoc
1126 3902 1325 3972 peccatorum,
1347 3892 1454 3971 siquis
1470 3891 1607 3975 relapsus
1623 3891 1721 3965 fuerit,
1742 3893 1822 3953 sicut

351 3983 360 4058 ἵ,-
396 3974 476 4054 ioan
494 3978 659 4040 verborum
680 3979 862 4060 proprietas,
885 3977 995 4059 quibus
1015 3980 1071 4040 uti·
1125 3980 1157 4039 in
1172 3979 1319 4060 baptismo
1335 3977 1492 4058 deponitur
1510 3980 1549 4041 ab
1566 4000 1611 4053 eo,
1627 3980 1680 4059 qui
1694 3979 1821 4057 gratiam

351 4079 354 4086 ·
396 4069 489 4138 imni,
504 4063 586 4145 qnod
597 4063 684 4139 dicit,
698 4062 793 4127 semel
803 4065 1002 4127 illuminatos
1012 4086 1073 4127 non
1126 4086 1289 4145 numquam
1315 4063 1437 4140 habuit,
1465 4066 1539 4145 qnia
1563 4066 1720 4148 poenitens
1746 4062 1821 4126 mul·

396 4165 468 4226 pone
486 4170 595 4218 ruraua
613 4150 653 4214 ad
672 4152 889 4233 poenitentiam
909 4156 1071 4214 renovari.
1127 4160 1190 4213 tum
1211 4152 1311 4213 adhuc
1337 4171 1373 4212 ea
1396 4155 1514 4212 sarcina
1535 4161 1688 4233 gravatur,
1714 4148 1821 4214 duram

351 4241 358 4266 '·
395 4231 457 4300 leta
477 4236 635 4302 addendo:
657 4240 750 4301 umet
773 4248 804 4299 et
823 4256 945 4314 ιιιιιιιι,
968 4240 1073 4320 utique
1127 4238 1283 4300 subeundo
1305 4236 1558 4313 adductionem,
1584 4240 1760 4320 priusquam
1782 4236 1822 4301 ad

351 4347 353 4354 ·
395 4317 517 4398 euna
530 4344 566 4387 aa
578 4325 707 4388 alteram
719 4324 969 4387 illuminationem
984 4333 1015 4386 et
1028 4324 1071 4386 al·
1125 4324 1248 4405 planam
1256 4335 1286 4388 et
1295 4326 1456 4404 perfectam
1467 4326 1743 4388 reconciliationem
1755 4344 1820 4405 per

396 4413 716 4475 &munerationem
731 4410 891 4474 excludere
904 4410 990 4474 velle
1014 4412 1073 4472 Est
1126 4413 1238 4473 veniat.
1262 4410 1464 4474 confirmatur
1478 4410 1554 4473 haec
1564 4413 1772 4493 interpretatio
1785 4432 1823 4473 ax

395 4504 479 4560 aaa
498 4497 668 4580 baptismus
690 4506 905 4560 nommentum
924 4496 1071 4559 illumina·
1126 4499 1192 4579 ipso
1208 4497 1366 4579 Apostolo.
1392 4496 1464 4558 Non
1486 4500 1563 4560 enim
1586 4500 1672 4562 dicit:
1695 4499 1822 4576 Impoa·

394 4581 466 4648 tau·
478 4592 512 4648 et
524 4586 740 4662 renovationis,
764 4586 809 4647 uti
829 4586 934 4647 statim
953 4584 1070 4646 docebi·
1125 4585 1213 4646 ribilc
1238 4594 1299 4660 est,
1327 4604 1377 4649 roa
1403 4603 1534 4647 currum
1560 4585 1720 4664 baptizari
1725 4627 1739 4659 ,
1765 4581 1822 4645 aed

393 4685 459 4748 naa3
476 4673 665 4753 poenitentia
679 4690 761 4747 vero,
776 4691 857 4752 quae
875 4679 946 4753 post
958 4670 1072 4751 baptis·
1125 4691 1254 4733 massam
1275 4673 1436 4735 renovari.
1467 4671 1537 4753 Quo
1560 4674 1651 4735 verbo
1673 4690 1734 4731 non
1754 4670 1822 4752 ipse

392 4773 454 4820 un
466 4760 575 4840 agitur,
591 4756 633 4822 ad
646 4767 865 4822 samamentum
876 4759 1011 4839 partinet
1025 4776 1070 4819 re
1126 4759 1300 4839 baptismus,
1324 4760 1378 4823 sod
1393 4758 1519 4822 effectus
1543 4760 1609 4839 ojus
1627 4756 1820 4837 significatur.

391 4845 604 4908 toaailian'onia.
630 4845 806 4908 Hucetiam
819 4844 896 4906 iacit
917 4845 969 4906 illa
985 4864 1071 4926 pars:
1125 4844 1214 4906 Idem
1240 4845 1342 4909 docem
1365 4854 1464 4927 potest
1488 4866 1527 4907 ex
1549 4865 1614 4926 cap.
1640 4844 1706 4920 10.‚
1729 4865 1820 4927 quem

389 4928 512 4996 Μιιι
534 4930 755 5009 memet
773 4930 896 4994 tibimet
916 4934 993 5011 a'paia
1012 4932 1071 4994 m·-
1124 4930 1222 4995 looum
1236 4932 1308 4995 huic
1322 4932 1448 4996 similem
1464 4931 1603 5004 diximus,
1619 4930 1693 5012 quia
1706 4952 1763 4996 nec
1777 4931 1820 4993 ibi

388 5013 452 5082 itus
474 5021 549 5084 Dei.
579 5016 662 5084 iiam
682 5020 715 5082 h
734 5018 883 5101 baptismo
904 5019 1069 5101 configura·
1123 5020 1289 5103 baptismus
1302 5021 1482 5095 nominatur,
1496 5018 1552 5084 aad
1566 5017 1666 5083 hostia
1678 5039 1734 5102 pro
1747 5036 1816 5102 peo-
