<?xml version="1.0" encoding="UTF-8"?>
<!DOCTYPE html PUBLIC "-//W3C//DTD XHTML 1.0 Transitional//EN"
    "http://www.w3.org/TR/xhtml1/DTD/xhtml1-transitional.dtd">
<html xmlns="http://www.w3.org/1999/xhtml" xml:lang="en" lang="en">
 <head>
  <title>
</title>
<meta http-equiv="Content-Type" content="text/html;charset=utf-8" />
  <meta name='ocr-system' content='tesseract 3.04.00' />
  <meta name='ocr-capabilities' content='ocr_page ocr_carea ocr_par ocr_line ocrx_word'/>
</head>
<body>
  <div class='ocr_page' id='page_1' title='image "./guilielmiestiii01estigoog_0181.png"; bbox 0 0 4442 5825; ppageno 0'>
   <div class='ocr_carea' id='block_1_1' title="bbox 800 610 1809 682">
    <p class='ocr_par' dir='ltr' id='par_1_1' title="bbox 800 610 1809 682">
     <span class='ocr_line' id='line_1_1' title="bbox 800 610 1809 682; baseline 0.004 -15"><span class='ocrx_word' id='word_1_1' title='bbox 800 611 965 668; x_wconf 75' lang='lat' dir='ltr'><strong>sslssotss</strong></span> <span class='ocrx_word' id='word_1_2' title='bbox 981 610 1021 666; x_wconf 80' lang='lat' dir='ltr'><strong>sn</strong></span> <span class='ocrx_word' id='word_1_3' title='bbox 1039 610 1204 667; x_wconf 70' lang='lat' dir='ltr'><strong>messos.</strong></span> <span class='ocrx_word' id='word_1_4' title='bbox 1240 610 1325 666; x_wconf 69' lang='lat' dir='ltr'><strong>lm.</strong></span> <span class='ocrx_word' id='word_1_5' title='bbox 1343 612 1368 664; x_wconf 76' lang='lat' dir='ltr'><strong>l.</strong></span> <span class='ocrx_word' id='word_1_6' title='bbox 1386 611 1411 665; x_wconf 81' lang='lat' dir='ltr'><strong>l.</strong></span> <span class='ocrx_word' id='word_1_7' title='bbox 1739 616 1809 682; x_wconf 74' lang='grc' dir='ltr'><strong>ΠΙ</strong></span> 
     </span>
    </p>
   </div>
   <div class='ocr_carea' id='block_1_2' title="bbox 364 784 1812 5047">
    <p class='ocr_par' dir='ltr' id='par_1_2' title="bbox 364 784 1812 5047">
     <span class='ocr_line' id='line_1_2' title="bbox 373 784 1809 863; baseline -0.003 -14"><span class='ocrx_word' id='word_1_8' title='bbox 373 808 429 849; x_wconf 83' lang='lat' dir='ltr'><strong>rsn</strong></span> <span class='ocrx_word' id='word_1_9' title='bbox 443 786 506 849; x_wconf 84' lang='lat' dir='ltr'><strong>Dei</strong></span> <span class='ocrx_word' id='word_1_10' title='bbox 519 790 554 850; x_wconf 90' lang='lat' dir='ltr'><strong>in</strong></span> <span class='ocrx_word' id='word_1_11' title='bbox 569 788 670 863; x_wconf 82' lang='lat' dir='ltr'><strong>eoelis,</strong></span> <span class='ocrx_word' id='word_1_12' title='bbox 690 788 792 851; x_wconf 76' lang='lat' dir='ltr'><strong>edlrne</strong></span> <span class='ocrx_word' id='word_1_13' title='bbox 809 797 1062 850; x_wconf 73' lang='lat' dir='ltr'><strong>esse-sanetorum</strong></span> <span class='ocrx_word' id='word_1_14' title='bbox 1115 788 1253 850; x_wconf 77' lang='lat' dir='ltr'><strong>Munera</strong></span> <span class='ocrx_word' id='word_1_15' title='bbox 1276 794 1360 847; x_wconf 80' lang='lat' dir='ltr'><strong>erunt</strong></span> <span class='ocrx_word' id='word_1_16' title='bbox 1382 786 1538 847; x_wconf 74' lang='lat' dir='ltr'><strong>incruente</strong></span> <span class='ocrx_word' id='word_1_17' title='bbox 1563 784 1726 858; x_wconf 68' lang='lat' dir='ltr'><strong>sacrificis,</strong></span> <span class='ocrx_word' id='word_1_18' title='bbox 1751 785 1809 845; x_wconf 80' lang='lat' dir='ltr'><strong>lto·</strong></span> 
     </span>
     <span class='ocr_line' id='line_1_3' title="bbox 372 873 1809 955; baseline -0.001 -20"><span class='ocrx_word' id='word_1_19' title='bbox 372 876 543 947; x_wconf 77' lang='lat' dir='ltr'><strong>ministrum,</strong></span> <span class='ocrx_word' id='word_1_20' title='bbox 557 874 590 936; x_wconf 89' lang='lat' dir='ltr'><strong>id</strong></span> <span class='ocrx_word' id='word_1_21' title='bbox 604 885 661 945; x_wconf 82' lang='lat' dir='ltr'><strong>est,</strong></span> <span class='ocrx_word' id='word_1_22' title='bbox 676 877 785 955; x_wconf 90' lang='lat' dir='ltr'><strong>inipso</strong></span> <span class='ocrx_word' id='word_1_23' title='bbox 801 875 896 947; x_wconf 87' lang='lat' dir='ltr'><strong>noelo,</strong></span> <span class='ocrx_word' id='word_1_24' title='bbox 910 886 1062 955; x_wconf 79' lang='lat' dir='ltr'><strong>tsmqnem</strong></span> <span class='ocrx_word' id='word_1_25' title='bbox 1114 877 1192 935; x_wconf 79' lang='lat' dir='ltr'><strong>stiae</strong></span> <span class='ocrx_word' id='word_1_26' title='bbox 1208 882 1345 949; x_wconf 81' lang='lat' dir='ltr'><strong>ornents3</strong></span> <span class='ocrx_word' id='word_1_27' title='bbox 1365 875 1444 934; x_wconf 85' lang='lat' dir='ltr'><strong>siout</strong></span> <span class='ocrx_word' id='word_1_28' title='bbox 1459 893 1498 934; x_wconf 91' lang='lat' dir='ltr'><strong>ex</strong></span> <span class='ocrx_word' id='word_1_29' title='bbox 1511 873 1662 933; x_wconf 77' lang='lat' dir='ltr'><strong>sententis</strong></span> <span class='ocrx_word' id='word_1_30' title='bbox 1676 880 1809 933; x_wconf 87' lang='lat' dir='ltr'><strong>soterum</strong></span> 
     </span>
     <span class='ocr_line' id='line_1_4' title="bbox 370 958 1811 1042; baseline -0.003 -19"><span class='ocrx_word' id='word_1_31' title='bbox 370 964 554 1033; x_wconf 66' lang='lat' dir='ltr'><strong>mutuatio,</strong></span> <span class='ocrx_word' id='word_1_32' title='bbox 578 963 778 1025; x_wconf 87' lang='lat' dir='ltr'><strong>ministerium</strong></span> <span class='ocrx_word' id='word_1_33' title='bbox 802 962 950 1042; x_wconf 77' lang='lat' dir='ltr'><strong>pontificis</strong></span> <span class='ocrx_word' id='word_1_34' title='bbox 976 981 1061 1023; x_wconf 90' lang='lat' dir='ltr'><strong>exer·</strong></span> <span class='ocrx_word' id='word_1_35' title='bbox 1115 962 1306 1042; x_wconf 87' lang='lat' dir='ltr'><strong>interpretum</strong></span> <span class='ocrx_word' id='word_1_36' title='bbox 1332 962 1409 1021; x_wconf 82' lang='lat' dir='ltr'><strong>hsee</strong></span> <span class='ocrx_word' id='word_1_37' title='bbox 1434 959 1493 1020; x_wconf 91' lang='lat' dir='ltr'><strong>dno</strong></span> <span class='ocrx_word' id='word_1_38' title='bbox 1519 961 1699 1039; x_wconf 84' lang='lat' dir='ltr'><strong>superinos</strong></span> <span class='ocrx_word' id='word_1_39' title='bbox 1724 958 1811 1019; x_wconf 92' lang='lat' dir='ltr'><strong>nobls</strong></span> 
     </span>
     <span class='ocr_line' id='line_1_5' title="bbox 369 1045 1810 1129; baseline -0.003 -20"><span class='ocrx_word' id='word_1_40' title='bbox 369 1068 442 1109; x_wconf 84' lang='lat' dir='ltr'><strong>esre.</strong></span> <span class='ocrx_word' id='word_1_41' title='bbox 481 1048 553 1109; x_wconf 74' lang='lat' dir='ltr'><strong>Vun</strong></span> <span class='ocrx_word' id='word_1_42' title='bbox 578 1052 747 1129; x_wconf 68' lang='lat' dir='ltr'><strong>argumenti</strong></span> <span class='ocrx_word' id='word_1_43' title='bbox 771 1070 841 1111; x_wconf 94' lang='lat' dir='ltr'><strong>mox</strong></span> <span class='ocrx_word' id='word_1_44' title='bbox 871 1068 1062 1128; x_wconf 75' lang='lat' dir='ltr'><strong>exponemus.</strong></span> <span class='ocrx_word' id='word_1_45' title='bbox 1116 1049 1256 1126; x_wconf 81' lang='lat' dir='ltr'><strong>expositu</strong></span> <span class='ocrx_word' id='word_1_46' title='bbox 1267 1056 1337 1108; x_wconf 90' lang='lat' dir='ltr'><strong>sunt</strong></span> <span class='ocrx_word' id='word_1_47' title='bbox 1347 1067 1411 1127; x_wconf 83' lang='lat' dir='ltr'><strong>esp.</strong></span> <span class='ocrx_word' id='word_1_48' title='bbox 1425 1050 1453 1109; x_wconf 84' lang='lat'><strong>5.</strong></span> <span class='ocrx_word' id='word_1_49' title='bbox 1470 1045 1607 1107; x_wconf 77' lang='lat' dir='ltr'><strong>Christus</strong></span> <span class='ocrx_word' id='word_1_50' title='bbox 1620 1047 1718 1125; x_wconf 77' lang='lat' dir='ltr'><strong>igitur,</strong></span> <span class='ocrx_word' id='word_1_51' title='bbox 1733 1064 1810 1105; x_wconf 91' lang='lat' dir='ltr'><strong>mor-</strong></span> 
     </span>
     <span class='ocr_line' id='line_1_6' title="bbox 368 1132 1811 1213; baseline -0.001 -19"><span class='ocrx_word' id='word_1_52' title='bbox 368 1136 491 1195; x_wconf 83' lang='lat' dir='ltr'><strong>lntsrim</strong></span> <span class='ocrx_word' id='word_1_53' title='bbox 515 1135 608 1213; x_wconf 67' lang='lat' dir='ltr'><strong>hosius</strong></span> <span class='ocrx_word' id='word_1_54' title='bbox 629 1138 795 1197; x_wconf 72' lang='lat' dir='ltr'><strong>sententies</strong></span> <span class='ocrx_word' id='word_1_55' title='bbox 816 1136 1004 1197; x_wconf 80' lang='lat' dir='ltr'><strong>intellectum</strong></span> <span class='ocrx_word' id='word_1_56' title='bbox 1019 1154 1062 1196; x_wconf 91' lang='lat' dir='ltr'><strong>re·</strong></span> <span class='ocrx_word' id='word_1_57' title='bbox 1115 1136 1184 1196; x_wconf 81' lang='lat' dir='ltr'><strong>telis</strong></span> <span class='ocrx_word' id='word_1_58' title='bbox 1207 1134 1337 1213; x_wconf 90' lang='lat' dir='ltr'><strong>quidem,</strong></span> <span class='ocrx_word' id='word_1_59' title='bbox 1359 1134 1469 1195; x_wconf 90' lang='lat' dir='ltr'><strong>obtulit</strong></span> <span class='ocrx_word' id='word_1_60' title='bbox 1489 1152 1607 1207; x_wconf 87' lang='lat' dir='ltr'><strong>munus,</strong></span> <span class='ocrx_word' id='word_1_61' title='bbox 1631 1132 1731 1206; x_wconf 78' lang='lat' dir='ltr'><strong>idest,</strong></span> <span class='ocrx_word' id='word_1_62' title='bbox 1753 1132 1811 1192; x_wconf 80' lang='lat' dir='ltr'><strong>En·</strong></span> 
     </span>
     <span class='ocr_line' id='line_1_7' title="bbox 368 1219 1811 1302; baseline -0.003 -19"><span class='ocrx_word' id='word_1_63' title='bbox 368 1231 432 1301; x_wconf 82' lang='lat' dir='ltr'><strong>pete</strong></span> <span class='ocrx_word' id='word_1_64' title='bbox 446 1242 488 1285; x_wconf 83' lang='lat' dir='ltr'><strong>ex</strong></span> <span class='ocrx_word' id='word_1_65' title='bbox 502 1242 570 1302; x_wconf 80' lang='lat' dir='ltr'><strong>esp.</strong></span> <span class='ocrx_word' id='word_1_66' title='bbox 582 1222 621 1293; x_wconf 76' lang='lat'><strong>5..</strong></span> <span class='ocrx_word' id='word_1_67' title='bbox 637 1223 725 1301; x_wconf 86' lang='lat' dir='ltr'><strong>enjus</strong></span> <span class='ocrx_word' id='word_1_68' title='bbox 741 1226 829 1285; x_wconf 92' lang='lat' dir='ltr'><strong>initio</strong></span> <span class='ocrx_word' id='word_1_69' title='bbox 843 1222 955 1284; x_wconf 90' lang='lat' dir='ltr'><strong>similis</strong></span> <span class='ocrx_word' id='word_1_70' title='bbox 969 1222 1064 1283; x_wconf 79' lang='lat' dir='ltr'><strong>verbu</strong></span> <span class='ocrx_word' id='word_1_71' title='bbox 1116 1223 1288 1284; x_wconf 79' lang='lat' dir='ltr'><strong>ohsristinm</strong></span> <span class='ocrx_word' id='word_1_72' title='bbox 1303 1222 1333 1281; x_wconf 93' lang='lat' dir='ltr'><strong>in</strong></span> <span class='ocrx_word' id='word_1_73' title='bbox 1350 1241 1445 1282; x_wconf 83' lang='lat' dir='ltr'><strong>eosne</strong></span> <span class='ocrx_word' id='word_1_74' title='bbox 1459 1222 1637 1296; x_wconf 85' lang='lat' dir='ltr'><strong>novissims;</strong></span> <span class='ocrx_word' id='word_1_75' title='bbox 1656 1219 1765 1279; x_wconf 88' lang='lat' dir='ltr'><strong>obtulit</strong></span> <span class='ocrx_word' id='word_1_76' title='bbox 1780 1226 1811 1279; x_wconf 88' lang='lat' dir='ltr'><strong>et</strong></span> 
     </span>
     <span class='ocr_line' id='line_1_8' title="bbox 367 1306 1810 1389; baseline -0.001 -20"><span class='ocrx_word' id='word_1_77' title='bbox 367 1309 513 1389; x_wconf 75' lang='lat' dir='ltr'><strong>leguntur.</strong></span> <span class='ocrx_word' id='word_1_78' title='bbox 534 1308 912 1389; x_wconf 73' lang='lat' dir='ltr'><strong>Quoetisrnloeodiotum</strong></span> <span class='ocrx_word' id='word_1_79' title='bbox 924 1320 975 1383; x_wconf 79' lang='lat' dir='ltr'><strong>est,</strong></span> <span class='ocrx_word' id='word_1_80' title='bbox 990 1306 1062 1389; x_wconf 87' lang='lat' dir='ltr'><strong>quid</strong></span> <span class='ocrx_word' id='word_1_81' title='bbox 1115 1309 1253 1379; x_wconf 79' lang='lat' dir='ltr'><strong>hostium,</strong></span> <span class='ocrx_word' id='word_1_82' title='bbox 1274 1327 1307 1367; x_wconf 86' lang='lat' dir='ltr'><strong>se</strong></span> <span class='ocrx_word' id='word_1_83' title='bbox 1330 1310 1427 1389; x_wconf 90' lang='lat' dir='ltr'><strong>ipsum</strong></span> <span class='ocrx_word' id='word_1_84' title='bbox 1451 1310 1481 1368; x_wconf 92' lang='lat' dir='ltr'><strong>in</strong></span> <span class='ocrx_word' id='word_1_85' title='bbox 1503 1327 1600 1369; x_wconf 79' lang='lat' dir='ltr'><strong>eruce.</strong></span> <span class='ocrx_word' id='word_1_86' title='bbox 1628 1307 1716 1368; x_wconf 83' lang='lat' dir='ltr'><strong>Nune</strong></span> <span class='ocrx_word' id='word_1_87' title='bbox 1739 1325 1810 1367; x_wconf 87' lang='lat' dir='ltr'><strong>sero</strong></span> 
     </span>
     <span class='ocr_line' id='line_1_9' title="bbox 367 1392 1810 1477; baseline -0.001 -22"><span class='ocrx_word' id='word_1_88' title='bbox 367 1397 482 1457; x_wconf 86' lang='lat' dir='ltr'><strong>intersit</strong></span> <span class='ocrx_word' id='word_1_89' title='bbox 498 1398 581 1457; x_wconf 84' lang='lat' dir='ltr'><strong>inter</strong></span> <span class='ocrx_word' id='word_1_90' title='bbox 592 1415 730 1459; x_wconf 76' lang='lat' dir='ltr'><strong>munero</strong></span> <span class='ocrx_word' id='word_1_91' title='bbox 741 1406 772 1459; x_wconf 89' lang='lat' dir='ltr'><strong>et</strong></span> <span class='ocrx_word' id='word_1_92' title='bbox 782 1400 911 1473; x_wconf 62' lang='lat' dir='ltr'><strong>mneos</strong></span> <span class='ocrx_word' id='word_1_93' title='bbox 925 1416 979 1477; x_wconf 89' lang='lat' dir='ltr'><strong>pro</strong></span> <span class='ocrx_word' id='word_1_94' title='bbox 996 1396 1063 1475; x_wconf 87' lang='lat' dir='ltr'><strong>qni·</strong></span> <span class='ocrx_word' id='word_1_95' title='bbox 1115 1395 1288 1457; x_wconf 67' lang='lat' dir='ltr'><strong>immortalis</strong></span> <span class='ocrx_word' id='word_1_96' title='bbox 1303 1396 1389 1455; x_wconf 78' lang='lat' dir='ltr'><strong>offert</strong></span> <span class='ocrx_word' id='word_1_97' title='bbox 1408 1394 1487 1455; x_wconf 90' lang='lat' dir='ltr'><strong>idem</strong></span> <span class='ocrx_word' id='word_1_98' title='bbox 1511 1413 1617 1454; x_wconf 89' lang='lat' dir='ltr'><strong>munus</strong></span> <span class='ocrx_word' id='word_1_99' title='bbox 1634 1392 1810 1453; x_wconf 77' lang='lat' dir='ltr'><strong>eucharisti-</strong></span> 
     </span>
     <span class='ocr_line' id='line_1_10' title="bbox 367 1480 1811 1563; baseline -0.001 -20"><span class='ocrx_word' id='word_1_100' title='bbox 367 1482 418 1543; x_wconf 79' lang='lat' dir='ltr'><strong>bus</strong></span> <span class='ocrx_word' id='word_1_101' title='bbox 455 1484 607 1563; x_wconf 80' lang='lat' dir='ltr'><strong>interpres</strong></span> <span class='ocrx_word' id='word_1_102' title='bbox 643 1484 705 1545; x_wconf 86' lang='lat' dir='ltr'><strong>illie</strong></span> <span class='ocrx_word' id='word_1_103' title='bbox 732 1484 821 1547; x_wconf 83' lang='lat' dir='ltr'><strong>dorsa</strong></span> <span class='ocrx_word' id='word_1_104' title='bbox 849 1494 880 1545; x_wconf 90' lang='lat' dir='ltr'><strong>et</strong></span> <span class='ocrx_word' id='word_1_105' title='bbox 908 1483 1064 1560; x_wconf 72' lang='lat' dir='ltr'><strong>morltlos&#39;o</strong></span> <span class='ocrx_word' id='word_1_106' title='bbox 1116 1504 1182 1544; x_wconf 89' lang='lat' dir='ltr'><strong>oum</strong></span> <span class='ocrx_word' id='word_1_107' title='bbox 1197 1481 1236 1541; x_wconf 85' lang='lat' dir='ltr'><strong>eb</strong></span> <span class='ocrx_word' id='word_1_108' title='bbox 1251 1490 1318 1541; x_wconf 88' lang='lat' dir='ltr'><strong>ortu</strong></span> <span class='ocrx_word' id='word_1_109' title='bbox 1341 1484 1413 1542; x_wconf 92' lang='lat' dir='ltr'><strong>solis</strong></span> <span class='ocrx_word' id='word_1_110' title='bbox 1432 1501 1526 1562; x_wconf 86' lang='lat' dir='ltr'><strong>usque</strong></span> <span class='ocrx_word' id='word_1_111' title='bbox 1549 1480 1588 1541; x_wconf 85' lang='lat' dir='ltr'><strong>ed</strong></span> <span class='ocrx_word' id='word_1_112' title='bbox 1604 1498 1742 1542; x_wconf 84' lang='lat' dir='ltr'><strong>oooesum</strong></span> <span class='ocrx_word' id='word_1_113' title='bbox 1756 1499 1811 1560; x_wconf 86' lang='lat' dir='ltr'><strong>per</strong></span> 
     </span>
     <span class='ocr_line' id='line_1_11' title="bbox 368 1566 1811 1645; baseline -0.003 -15"><span class='ocrx_word' id='word_1_114' title='bbox 368 1571 466 1631; x_wconf 77' lang='lat' dir='ltr'><strong>rsrtit</strong></span> <span class='ocrx_word' id='word_1_115' title='bbox 1115 1571 1244 1630; x_wconf 84' lang='lat' dir='ltr'><strong>viosrios</strong></span> <span class='ocrx_word' id='word_1_116' title='bbox 1257 1588 1328 1628; x_wconf 91' lang='lat' dir='ltr'><strong>snos</strong></span> <span class='ocrx_word' id='word_1_117' title='bbox 1340 1567 1623 1645; x_wconf 80' lang='lat' dir='ltr'><strong>ssoerdotes3offert</strong></span> <span class='ocrx_word' id='word_1_118' title='bbox 1635 1574 1667 1626; x_wconf 93' lang='lat' dir='ltr'><strong>et</strong></span> <span class='ocrx_word' id='word_1_119' title='bbox 1677 1566 1811 1640; x_wconf 78' lang='lat' dir='ltr'><strong>hostium,</strong></span> 
     </span>
     <span class='ocr_line' id='line_1_12' title="bbox 411 1656 1810 1736; baseline -0.004 -17"><span class='ocrx_word' id='word_1_120' title='bbox 411 1656 507 1719; x_wconf 77' lang='lat' dir='ltr'><strong>Unde</strong></span> <span class='ocrx_word' id='word_1_121' title='bbox 521 1674 644 1719; x_wconf 69' lang='lat' dir='ltr'><strong>moeste</strong></span> <span class='ocrx_word' id='word_1_122' title='bbox 657 1664 712 1733; x_wconf 80' lang='lat' dir='ltr'><strong>set,</strong></span> <span class='ocrx_word' id='word_1_123' title='bbox 728 1665 758 1719; x_wconf 82' lang='lat' dir='ltr'><strong>et</strong></span> <span class='ocrx_word' id='word_1_124' title='bbox 770 1658 856 1719; x_wconf 74' lang='lat' dir='ltr'><strong>tuos</strong></span> <span class='ocrx_word' id='word_1_125' title='bbox 869 1657 984 1718; x_wconf 69' lang='lat' dir='ltr'><strong>tauers</strong></span> <span class='ocrx_word' id='word_1_126' title='bbox 998 1658 1062 1717; x_wconf 81' lang='lat' dir='ltr'><strong>oli·</strong></span> <span class='ocrx_word' id='word_1_127' title='bbox 1116 1658 1189 1736; x_wconf 84' lang='lat' dir='ltr'><strong>quis</strong></span> <span class='ocrx_word' id='word_1_128' title='bbox 1204 1675 1237 1715; x_wconf 90' lang='lat' dir='ltr'><strong>se</strong></span> <span class='ocrx_word' id='word_1_129' title='bbox 1252 1658 1359 1734; x_wconf 81' lang='lat' dir='ltr'><strong>ipsum,</strong></span> <span class='ocrx_word' id='word_1_130' title='bbox 1382 1656 1453 1716; x_wconf 90' lang='lat' dir='ltr'><strong>olim</strong></span> <span class='ocrx_word' id='word_1_131' title='bbox 1467 1657 1499 1715; x_wconf 93' lang='lat' dir='ltr'><strong>in</strong></span> <span class='ocrx_word' id='word_1_132' title='bbox 1514 1673 1603 1716; x_wconf 86' lang='lat' dir='ltr'><strong>ornoe</strong></span> <span class='ocrx_word' id='word_1_133' title='bbox 1625 1672 1810 1733; x_wconf 83' lang='lat' dir='ltr'><strong>suspensum,</strong></span> 
     </span>
     <span class='ocr_line' id='line_1_13' title="bbox 366 1740 1810 1824; baseline -0.003 -21"><span class='ocrx_word' id='word_1_134' title='bbox 366 1743 454 1821; x_wconf 74' lang='lat' dir='ltr'><strong>quid,</strong></span> <span class='ocrx_word' id='word_1_135' title='bbox 476 1744 567 1821; x_wconf 79' lang='lat' dir='ltr'><strong>quod</strong></span> <span class='ocrx_word' id='word_1_136' title='bbox 588 1744 711 1823; x_wconf 72' lang='lat' dir='ltr'><strong>offeret.</strong></span> <span class='ocrx_word' id='word_1_137' title='bbox 736 1744 969 1824; x_wconf 76' lang='lat' dir='ltr'><strong>Argumentatio</strong></span> <span class='ocrx_word' id='word_1_138' title='bbox 992 1744 1062 1804; x_wconf 80' lang='lat' dir='ltr'><strong>telis</strong></span> <span class='ocrx_word' id='word_1_139' title='bbox 1116 1745 1303 1804; x_wconf 64' lang='lat' dir='ltr'><strong>uulneratum</strong></span> <span class='ocrx_word' id='word_1_140' title='bbox 1325 1758 1355 1803; x_wconf 87' lang='lat' dir='ltr'><strong>et</strong></span> <span class='ocrx_word' id='word_1_141' title='bbox 1376 1744 1516 1815; x_wconf 87' lang='lat' dir='ltr'><strong>oooisnm,</strong></span> <span class='ocrx_word' id='word_1_142' title='bbox 1537 1741 1637 1801; x_wconf 75' lang='lat' dir='ltr'><strong>adhue</strong></span> <span class='ocrx_word' id='word_1_143' title='bbox 1655 1760 1709 1820; x_wconf 89' lang='lat' dir='ltr'><strong>pro</strong></span> <span class='ocrx_word' id='word_1_144' title='bbox 1724 1740 1810 1801; x_wconf 88' lang='lat' dir='ltr'><strong>nobis</strong></span> 
     </span>
     <span class='ocr_line' id='line_1_14' title="bbox 367 1828 1810 1910; baseline -0.003 -19"><span class='ocrx_word' id='word_1_145' title='bbox 367 1842 424 1891; x_wconf 86' lang='lat' dir='ltr'><strong>est:</strong></span> <span class='ocrx_word' id='word_1_146' title='bbox 447 1828 557 1891; x_wconf 88' lang='lat' dir='ltr'><strong>Omnis</strong></span> <span class='ocrx_word' id='word_1_147' title='bbox 579 1830 718 1910; x_wconf 74' lang='lat' dir='ltr'><strong>pontifex</strong></span> <span class='ocrx_word' id='word_1_148' title='bbox 736 1834 934 1905; x_wconf 86' lang='lat' dir='ltr'><strong>eonstituitnr,</strong></span> <span class='ocrx_word' id='word_1_149' title='bbox 959 1839 992 1891; x_wconf 89' lang='lat' dir='ltr'><strong>ut</strong></span> <span class='ocrx_word' id='word_1_150' title='bbox 1008 1831 1062 1891; x_wconf 88' lang='lat' dir='ltr'><strong>nli·</strong></span> <span class='ocrx_word' id='word_1_151' title='bbox 1116 1832 1146 1889; x_wconf 90' lang='lat' dir='ltr'><strong>in</strong></span> <span class='ocrx_word' id='word_1_152' title='bbox 1162 1830 1244 1890; x_wconf 89' lang='lat' dir='ltr'><strong>ooelo</strong></span> <span class='ocrx_word' id='word_1_153' title='bbox 1260 1830 1340 1889; x_wconf 87' lang='lat' dir='ltr'><strong>sistit</strong></span> <span class='ocrx_word' id='word_1_154' title='bbox 1355 1850 1392 1890; x_wconf 90' lang='lat' dir='ltr'><strong>so</strong></span> <span class='ocrx_word' id='word_1_155' title='bbox 1406 1837 1612 1909; x_wconf 72' lang='lat' dir='ltr'><strong>repraesentat</strong></span> <span class='ocrx_word' id='word_1_156' title='bbox 1627 1828 1719 1888; x_wconf 82' lang='lat' dir='ltr'><strong>Petri.</strong></span> <span class='ocrx_word' id='word_1_157' title='bbox 1738 1829 1810 1887; x_wconf 86' lang='lat' dir='ltr'><strong>Pro·</strong></span> 
     </span>
     <span class='ocr_line' id='line_1_15' title="bbox 368 1916 1812 1997; baseline -0.003 -20"><span class='ocrx_word' id='word_1_158' title='bbox 368 1916 439 1996; x_wconf 79' lang='lat' dir='ltr'><strong>qnid</strong></span> <span class='ocrx_word' id='word_1_159' title='bbox 454 1917 574 1987; x_wconf 76' lang='lat' dir='ltr'><strong>offeret,</strong></span> <span class='ocrx_word' id='word_1_160' title='bbox 588 1936 618 1977; x_wconf 80' lang='lat' dir='ltr'><strong>v.</strong></span> <span class='ocrx_word' id='word_1_161' title='bbox 632 1938 663 1997; x_wconf 68' lang='lat' dir='ltr'><strong>g.</strong></span> <span class='ocrx_word' id='word_1_162' title='bbox 685 1938 809 1981; x_wconf 78' lang='lat' dir='ltr'><strong>munere</strong></span> <span class='ocrx_word' id='word_1_163' title='bbox 822 1927 852 1979; x_wconf 92' lang='lat' dir='ltr'><strong>et</strong></span> <span class='ocrx_word' id='word_1_164' title='bbox 867 1919 995 1993; x_wconf 80' lang='lat' dir='ltr'><strong>hostiss3</strong></span> <span class='ocrx_word' id='word_1_165' title='bbox 1018 1926 1060 1977; x_wconf 78' lang='lat' dir='ltr'><strong>st·</strong></span> <span class='ocrx_word' id='word_1_166' title='bbox 1115 1926 1181 1997; x_wconf 91' lang='lat' dir='ltr'><strong>pter</strong></span> <span class='ocrx_word' id='word_1_167' title='bbox 1207 1936 1298 1997; x_wconf 86' lang='lat' dir='ltr'><strong>quum</strong></span> <span class='ocrx_word' id='word_1_168' title='bbox 1321 1936 1444 1978; x_wconf 82' lang='lat' dir='ltr'><strong>oensem</strong></span> <span class='ocrx_word' id='word_1_169' title='bbox 1467 1918 1532 1995; x_wconf 88' lang='lat' dir='ltr'><strong>ipss</strong></span> <span class='ocrx_word' id='word_1_170' title='bbox 1554 1918 1642 1975; x_wconf 82' lang='lat' dir='ltr'><strong>etism</strong></span> <span class='ocrx_word' id='word_1_171' title='bbox 1665 1916 1812 1994; x_wconf 77' lang='lat' dir='ltr'><strong>passionis</strong></span> 
     </span>
     <span class='ocr_line' id='line_1_16' title="bbox 367 2000 1811 2085; baseline -0.001 -22"><span class='ocrx_word' id='word_1_172' title='bbox 367 2007 414 2085; x_wconf 80' lang='lat' dir='ltr'><strong>qni</strong></span> <span class='ocrx_word' id='word_1_173' title='bbox 429 2000 973 2083; x_wconf 77' lang='lat' dir='ltr'><strong>Christusotismnumpontilexest3</strong></span> <span class='ocrx_word' id='word_1_174' title='bbox 989 2024 1061 2084; x_wconf 79' lang='lat' dir='ltr'><strong>ergo</strong></span> <span class='ocrx_word' id='word_1_175' title='bbox 1115 2023 1188 2064; x_wconf 82' lang='lat' dir='ltr'><strong>suae</strong></span> <span class='ocrx_word' id='word_1_176' title='bbox 1213 2004 1340 2063; x_wconf 75' lang='lat' dir='ltr'><strong>vnlnere</strong></span> <span class='ocrx_word' id='word_1_177' title='bbox 1373 2004 1509 2084; x_wconf 82' lang='lat' dir='ltr'><strong>petentis</strong></span> <span class='ocrx_word' id='word_1_178' title='bbox 1545 2021 1602 2062; x_wconf 91' lang='lat' dir='ltr'><strong>suo</strong></span> <span class='ocrx_word' id='word_1_179' title='bbox 1628 2005 1660 2062; x_wconf 92' lang='lat' dir='ltr'><strong>in</strong></span> <span class='ocrx_word' id='word_1_180' title='bbox 1686 2019 1811 2081; x_wconf 71' lang='lat' dir='ltr'><strong>corpore</strong></span> 
     </span>
     <span class='ocr_line' id='line_1_17' title="bbox 368 2086 1811 2171; baseline -0.002 -20"><span class='ocrx_word' id='word_1_181' title='bbox 368 2110 488 2151; x_wconf 81' lang='lat' dir='ltr'><strong>neeesse</strong></span> <span class='ocrx_word' id='word_1_182' title='bbox 511 2100 569 2163; x_wconf 81' lang='lat' dir='ltr'><strong>est,</strong></span> <span class='ocrx_word' id='word_1_183' title='bbox 590 2098 670 2151; x_wconf 90' lang='lat' dir='ltr'><strong>utet</strong></span> <span class='ocrx_word' id='word_1_184' title='bbox 692 2093 759 2171; x_wconf 91' lang='lat' dir='ltr'><strong>ipse</strong></span> <span class='ocrx_word' id='word_1_185' title='bbox 782 2086 935 2171; x_wconf 82' lang='lat' dir='ltr'><strong>(quamvis</strong></span> <span class='ocrx_word' id='word_1_186' title='bbox 950 2094 981 2152; x_wconf 91' lang='lat' dir='ltr'><strong>in</strong></span> <span class='ocrx_word' id='word_1_187' title='bbox 996 2112 1060 2151; x_wconf 87' lang='lat' dir='ltr'><strong>eoe-</strong></span> <span class='ocrx_word' id='word_1_188' title='bbox 1115 2092 1291 2161; x_wconf 75' lang='lat' dir='ltr'>reservavit,</span> <span class='ocrx_word' id='word_1_189' title='bbox 1317 2091 1443 2151; x_wconf 83' lang='lat' dir='ltr'><strong>dooente</strong></span> <span class='ocrx_word' id='word_1_190' title='bbox 1457 2090 1544 2151; x_wconf 80' lang='lat' dir='ltr'><strong>besto</strong></span> <span class='ocrx_word' id='word_1_191' title='bbox 1560 2089 1718 2151; x_wconf 76' lang='lat' dir='ltr'><strong>Ambrosio</strong></span> <span class='ocrx_word' id='word_1_192' title='bbox 1735 2088 1811 2151; x_wconf 84' lang='lat' dir='ltr'><strong>libro</strong></span> 
     </span>
     <span class='ocr_line' id='line_1_18' title="bbox 368 2177 1413 2256; baseline -0.001 -18"><span class='ocrx_word' id='word_1_193' title='bbox 368 2178 423 2239; x_wconf 80' lang='lat' dir='ltr'><strong>lum</strong></span> <span class='ocrx_word' id='word_1_194' title='bbox 438 2188 594 2255; x_wconf 74' lang='lat' dir='ltr'><strong>receptus,</strong></span> <span class='ocrx_word' id='word_1_195' title='bbox 609 2188 641 2237; x_wconf 93' lang='lat' dir='ltr'><strong>et</strong></span> <span class='ocrx_word' id='word_1_196' title='bbox 654 2177 763 2239; x_wconf 87' lang='lat' dir='ltr'><strong>sedens</strong></span> <span class='ocrx_word' id='word_1_197' title='bbox 778 2177 819 2239; x_wconf 81' lang='lat' dir='ltr'><strong>sd</strong></span> <span class='ocrx_word' id='word_1_198' title='bbox 834 2178 990 2239; x_wconf 77' lang='lat' dir='ltr'><strong>dexteram</strong></span> <span class='ocrx_word' id='word_1_199' title='bbox 1002 2178 1060 2239; x_wconf 82' lang='lat' dir='ltr'><strong>Ps·</strong></span> <span class='ocrx_word' id='word_1_200' title='bbox 1118 2179 1166 2237; x_wconf 92' lang='grc'><strong>10.</strong></span> <span class='ocrx_word' id='word_1_201' title='bbox 1182 2196 1272 2256; x_wconf 85' lang='lat' dir='ltr'><strong>super</strong></span> <span class='ocrx_word' id='word_1_202' title='bbox 1287 2177 1413 2238; x_wconf 79' lang='lat' dir='ltr'><strong>Lunam.</strong></span> 
     </span>
     <span class='ocr_line' id='line_1_19' title="bbox 370 2263 1807 2344; baseline -0.002 -19"><span class='ocrx_word' id='word_1_203' title='bbox 370 2264 428 2341; x_wconf 87' lang='lat' dir='ltr'><strong>tris)</strong></span> <span class='ocrx_word' id='word_1_204' title='bbox 443 2263 563 2325; x_wconf 79' lang='lat' dir='ltr'><strong>hxbeet</strong></span> <span class='ocrx_word' id='word_1_205' title='bbox 577 2264 702 2343; x_wconf 81' lang='lat' dir='ltr'><strong>sliquid</strong></span> <span class='ocrx_word' id='word_1_206' title='bbox 718 2265 801 2343; x_wconf 82' lang='lat' dir='ltr'><strong>quod</strong></span> <span class='ocrx_word' id='word_1_207' title='bbox 812 2265 933 2339; x_wconf 75' lang='lat' dir='ltr'><strong>offerst3</strong></span> <span class='ocrx_word' id='word_1_208' title='bbox 948 2284 985 2324; x_wconf 83' lang='lat' dir='ltr'><strong>se</strong></span> <span class='ocrx_word' id='word_1_209' title='bbox 996 2284 1061 2344; x_wconf 91' lang='lat' dir='ltr'><strong>pro·</strong></span> <span class='ocrx_word' id='word_1_210' title='bbox 1159 2269 1187 2324; x_wconf 91' lang='grc'><strong>4.</strong></span> <span class='ocrx_word' id='word_1_211' title='bbox 1211 2265 1246 2325; x_wconf 77' lang='lat' dir='ltr'><strong>Sl</strong></span> <span class='ocrx_word' id='word_1_212' title='bbox 1272 2282 1345 2340; x_wconf 73' lang='lat' dir='ltr'><strong>erpo</strong></span> <span class='ocrx_word' id='word_1_213' title='bbox 1372 2271 1446 2324; x_wconf 81' lang='lat' dir='ltr'><strong>esset</strong></span> <span class='ocrx_word' id='word_1_214' title='bbox 1467 2280 1564 2338; x_wconf 79' lang='lat' dir='ltr'><strong>super</strong></span> <span class='ocrx_word' id='word_1_215' title='bbox 1585 2271 1723 2336; x_wconf 80' lang='lat' dir='ltr'><strong>terram,</strong></span> <span class='ocrx_word' id='word_1_216' title='bbox 1750 2280 1807 2323; x_wconf 79' lang='lat' dir='ltr'><strong>sset</strong></span> 
     </span>
     <span class='ocr_line' id='line_1_20' title="bbox 372 2349 1809 2429; baseline -0.003 -16"><span class='ocrx_word' id='word_1_217' title='bbox 372 2350 432 2413; x_wconf 82' lang='lat' dir='ltr'><strong>&#39;nde</strong></span> <span class='ocrx_word' id='word_1_218' title='bbox 445 2360 532 2411; x_wconf 85' lang='lat' dir='ltr'><strong>reete</strong></span> <span class='ocrx_word' id='word_1_219' title='bbox 549 2352 615 2429; x_wconf 79' lang='lat' dir='ltr'><strong>jem</strong></span> <span class='ocrx_word' id='word_1_220' title='bbox 635 2350 707 2424; x_wconf 82' lang='lat' dir='ltr'>dixi,</span> <span class='ocrx_word' id='word_1_221' title='bbox 730 2371 798 2413; x_wconf 90' lang='lat' dir='ltr'><strong>sum</strong></span> <span class='ocrx_word' id='word_1_222' title='bbox 813 2353 845 2412; x_wconf 91' lang='lat' dir='ltr'><strong>in</strong></span> <span class='ocrx_word' id='word_1_223' title='bbox 860 2351 944 2412; x_wconf 87' lang='lat' dir='ltr'><strong>eoelo</strong></span> <span class='ocrx_word' id='word_1_224' title='bbox 960 2351 1062 2411; x_wconf 85' lang='lat' dir='ltr'><strong>seden-</strong></span> <span class='ocrx_word' id='word_1_225' title='bbox 1115 2359 1189 2411; x_wconf 80' lang='lat' dir='ltr'><strong>esset</strong></span> <span class='ocrx_word' id='word_1_226' title='bbox 1202 2352 1356 2411; x_wconf 81' lang='lat' dir='ltr'><strong>saeerdos.</strong></span> <span class='ocrx_word' id='word_1_227' title='bbox 1379 2351 1418 2411; x_wconf 94' lang='lat' dir='ltr'><strong>In</strong></span> <span class='ocrx_word' id='word_1_228' title='bbox 1432 2349 1549 2411; x_wconf 84' lang='lat' dir='ltr'><strong>Grseeo</strong></span> <span class='ocrx_word' id='word_1_229' title='bbox 1565 2371 1625 2410; x_wconf 88' lang='lat' dir='ltr'><strong>non</strong></span> <span class='ocrx_word' id='word_1_230' title='bbox 1641 2350 1737 2409; x_wconf 88' lang='lat' dir='ltr'><strong>illstio</strong></span> <span class='ocrx_word' id='word_1_231' title='bbox 1754 2359 1809 2421; x_wconf 88' lang='lat' dir='ltr'><strong>est,</strong></span> 
     </span>
     <span class='ocr_line' id='line_1_21' title="bbox 377 2437 1809 2516; baseline -0.001 -19"><span class='ocrx_word' id='word_1_232' title='bbox 377 2446 510 2499; x_wconf 63' lang='lat' dir='ltr'><strong>messe</strong></span> <span class='ocrx_word' id='word_1_233' title='bbox 532 2447 703 2499; x_wconf 79' lang='lat' dir='ltr'><strong>motorum</strong></span> <span class='ocrx_word' id='word_1_234' title='bbox 722 2440 897 2511; x_wconf 88' lang='lat' dir='ltr'><strong>ministrum,</strong></span> <span class='ocrx_word' id='word_1_235' title='bbox 919 2438 1062 2499; x_wconf 80' lang='lat' dir='ltr'><strong>videlieet</strong></span> <span class='ocrx_word' id='word_1_236' title='bbox 1115 2437 1168 2497; x_wconf 92' lang='lat' dir='ltr'><strong>sed</strong></span> <span class='ocrx_word' id='word_1_237' title='bbox 1193 2437 1343 2516; x_wconf 80' lang='lat' dir='ltr'><strong>probatio:</strong></span> <span class='ocrx_word' id='word_1_238' title='bbox 1371 2440 1405 2499; x_wconf 80' lang='lat' dir='ltr'><strong>Si</strong></span> <span class='ocrx_word' id='word_1_239' title='bbox 1428 2441 1520 2499; x_wconf 81' lang='lat' dir='ltr'><strong>enim.</strong></span> <span class='ocrx_word' id='word_1_240' title='bbox 1550 2438 1643 2497; x_wconf 90' lang='lat' dir='ltr'><strong>Porro</strong></span> <span class='ocrx_word' id='word_1_241' title='bbox 1660 2455 1726 2496; x_wconf 83' lang='lat' dir='ltr'><strong>eum</strong></span> <span class='ocrx_word' id='word_1_242' title='bbox 1742 2456 1809 2514; x_wconf 82' lang='lat' dir='ltr'><strong>pss-</strong></span> 
     </span>
     <span class='ocr_line' id='line_1_22' title="bbox 377 2522 1810 2605; baseline -0.001 -20"><span class='ocrx_word' id='word_1_243' title='bbox 377 2525 539 2585; x_wconf 82' lang='lat' dir='ltr'><strong>mnsolunr</strong></span> <span class='ocrx_word' id='word_1_244' title='bbox 550 2524 771 2605; x_wconf 75' lang='lat' dir='ltr'><strong>interpellando</strong></span> <span class='ocrx_word' id='word_1_245' title='bbox 783 2545 836 2605; x_wconf 87' lang='lat' dir='ltr'><strong>pro</strong></span> <span class='ocrx_word' id='word_1_246' title='bbox 848 2526 942 2595; x_wconf 85' lang='lat' dir='ltr'><strong>nobis,</strong></span> <span class='ocrx_word' id='word_1_247' title='bbox 956 2544 1060 2585; x_wconf 85' lang='lat' dir='ltr'><strong>vernm</strong></span> <span class='ocrx_word' id='word_1_248' title='bbox 1114 2534 1191 2584; x_wconf 89' lang='lat' dir='ltr'><strong>tem:</strong></span> <span class='ocrx_word' id='word_1_249' title='bbox 1215 2533 1289 2585; x_wconf 81' lang='lat' dir='ltr'><strong>esset</strong></span> <span class='ocrx_word' id='word_1_250' title='bbox 1311 2544 1406 2601; x_wconf 79' lang='lat' dir='ltr'><strong>super</strong></span> <span class='ocrx_word' id='word_1_251' title='bbox 1428 2532 1557 2597; x_wconf 80' lang='lat' dir='ltr'><strong>terrum,</strong></span> <span class='ocrx_word' id='word_1_252' title='bbox 1580 2522 1745 2604; x_wconf 83' lang='lat' dir='ltr'><strong>Csjetsnns</strong></span> <span class='ocrx_word' id='word_1_253' title='bbox 1766 2524 1810 2583; x_wconf 93' lang='lat' dir='ltr'><strong>in·</strong></span> 
     </span>
     <span class='ocr_line' id='line_1_23' title="bbox 375 2609 1809 2693; baseline -0.001 -22"><span class='ocrx_word' id='word_1_254' title='bbox 375 2612 452 2671; x_wconf 69' lang='lat' dir='ltr'><strong>ulem</strong></span> <span class='ocrx_word' id='word_1_255' title='bbox 474 2611 594 2689; x_wconf 70' lang='lat' dir='ltr'><strong>aliquid</strong></span> <span class='ocrx_word' id='word_1_256' title='bbox 617 2611 776 2672; x_wconf 77' lang='lat' dir='ltr'><strong>offerendo.</strong></span> <span class='ocrx_word' id='word_1_257' title='bbox 807 2613 961 2693; x_wconf 70' lang='lat' dir='ltr'><strong>Quaeres,</strong></span> <span class='ocrx_word' id='word_1_258' title='bbox 987 2610 1061 2690; x_wconf 88' lang='lat' dir='ltr'><strong>qnid</strong></span> <span class='ocrx_word' id='word_1_259' title='bbox 1114 2620 1294 2690; x_wconf 78' lang='lat' dir='ltr'><strong>terpretetur</strong></span> <span class='ocrx_word' id='word_1_260' title='bbox 1316 2612 1354 2672; x_wconf 91' lang='lat' dir='ltr'><strong>ds</strong></span> <span class='ocrx_word' id='word_1_261' title='bbox 1373 2633 1406 2674; x_wconf 89' lang='lat' dir='ltr'><strong>re</strong></span> <span class='ocrx_word' id='word_1_262' title='bbox 1421 2612 1532 2685; x_wconf 76' lang='lat' dir='ltr'><strong>oblatu,</strong></span> <span class='ocrx_word' id='word_1_263' title='bbox 1554 2632 1615 2672; x_wconf 94' lang='lat' dir='ltr'><strong>non</strong></span> <span class='ocrx_word' id='word_1_264' title='bbox 1637 2611 1676 2671; x_wconf 87' lang='lat' dir='ltr'><strong>de</strong></span> <span class='ocrx_word' id='word_1_265' title='bbox 1691 2609 1809 2672; x_wconf 80' lang='lat' dir='ltr'><strong>Christo</strong></span> 
     </span>
     <span class='ocr_line' id='line_1_24' title="bbox 376 2694 1811 2779; baseline -0.001 -20"><span class='ocrx_word' id='word_1_266' title='bbox 376 2696 491 2759; x_wconf 74' lang='lat' dir='ltr'><strong>offeret?</strong></span> <span class='ocrx_word' id='word_1_267' title='bbox 524 2696 562 2759; x_wconf 95' lang='lat' dir='ltr'><strong>Id</strong></span> <span class='ocrx_word' id='word_1_268' title='bbox 589 2698 710 2777; x_wconf 90' lang='lat' dir='ltr'><strong>quidem</strong></span> <span class='ocrx_word' id='word_1_269' title='bbox 735 2699 793 2759; x_wconf 86' lang='lat' dir='ltr'><strong>hoe</strong></span> <span class='ocrx_word' id='word_1_270' title='bbox 815 2700 881 2759; x_wconf 85' lang='lat' dir='ltr'><strong>loeo</strong></span> <span class='ocrx_word' id='word_1_271' title='bbox 903 2720 964 2761; x_wconf 92' lang='lat' dir='ltr'><strong>non</strong></span> <span class='ocrx_word' id='word_1_272' title='bbox 989 2697 1063 2759; x_wconf 86' lang='lat' dir='ltr'><strong>dioit</strong></span> <span class='ocrx_word' id='word_1_273' title='bbox 1115 2699 1273 2775; x_wconf 78' lang='lat' dir='ltr'><strong>offerent03</strong></span> <span class='ocrx_word' id='word_1_274' title='bbox 1297 2701 1385 2779; x_wconf 82' lang='lat' dir='ltr'><strong>qussi</strong></span> <span class='ocrx_word' id='word_1_275' title='bbox 1408 2719 1515 2760; x_wconf 86' lang='lat' dir='ltr'><strong>sensus</strong></span> <span class='ocrx_word' id='word_1_276' title='bbox 1539 2700 1593 2759; x_wconf 85' lang='lat' dir='ltr'><strong>sit:</strong></span> <span class='ocrx_word' id='word_1_277' title='bbox 1617 2698 1650 2760; x_wconf 83' lang='lat' dir='ltr'><strong>Si</strong></span> <span class='ocrx_word' id='word_1_278' title='bbox 1664 2696 1704 2770; x_wconf 91' lang='lat' dir='ltr'><strong>id,</strong></span> <span class='ocrx_word' id='word_1_279' title='bbox 1729 2694 1811 2778; x_wconf 89' lang='lat' dir='ltr'><strong>qnod</strong></span> 
     </span>
     <span class='ocr_line' id='line_1_25' title="bbox 376 2781 1810 2867; baseline 0 -24"><span class='ocrx_word' id='word_1_280' title='bbox 376 2784 539 2863; x_wconf 69' lang='lat' dir='ltr'><strong>Apostolus,</strong></span> <span class='ocrx_word' id='word_1_281' title='bbox 562 2786 617 2847; x_wconf 85' lang='lat' dir='ltr'><strong>sed</strong></span> <span class='ocrx_word' id='word_1_282' title='bbox 637 2786 734 2865; x_wconf 77' lang='lat' dir='ltr'><strong>sperit</strong></span> <span class='ocrx_word' id='word_1_283' title='bbox 750 2786 1002 2867; x_wconf 86' lang='lat' dir='ltr'><strong>insequentibus,</strong></span> <span class='ocrx_word' id='word_1_284' title='bbox 1024 2805 1061 2844; x_wconf 88' lang='lat' dir='ltr'><strong>se</strong></span> <span class='ocrx_word' id='word_1_285' title='bbox 1115 2786 1248 2846; x_wconf 82' lang='lat' dir='ltr'><strong>Christus</strong></span> <span class='ocrx_word' id='word_1_286' title='bbox 1279 2787 1412 2866; x_wconf 79' lang='lat' dir='ltr'><strong>pontifex</strong></span> <span class='ocrx_word' id='word_1_287' title='bbox 1441 2786 1543 2859; x_wconf 84' lang='lat' dir='ltr'><strong>offert,</strong></span> <span class='ocrx_word' id='word_1_288' title='bbox 1578 2794 1658 2845; x_wconf 90' lang='lat' dir='ltr'><strong>esset</strong></span> <span class='ocrx_word' id='word_1_289' title='bbox 1683 2781 1810 2863; x_wconf 69' lang='lat' dir='ltr'><strong>aliquod</strong></span> 
     </span>
     <span class='ocr_line' id='line_1_26' title="bbox 377 2871 1810 2953; baseline -0.003 -19"><span class='ocrx_word' id='word_1_290' title='bbox 377 2872 542 2934; x_wconf 72' lang='lat' dir='ltr'><strong>minutim</strong></span> <span class='ocrx_word' id='word_1_291' title='bbox 556 2892 593 2932; x_wconf 91' lang='lat' dir='ltr'><strong>eo</strong></span> <span class='ocrx_word' id='word_1_292' title='bbox 609 2872 675 2933; x_wconf 83' lang='lat' dir='ltr'><strong>loeo</strong></span> <span class='ocrx_word' id='word_1_293' title='bbox 690 2890 756 2953; x_wconf 83' lang='lat' dir='ltr'><strong>esp.</strong></span> <span class='ocrx_word' id='word_1_294' title='bbox 774 2876 811 2946; x_wconf 84' lang='grc'><strong>9.,</strong></span> <span class='ocrx_word' id='word_1_295' title='bbox 828 2872 878 2934; x_wconf 91' lang='lat' dir='ltr'><strong>nbi</strong></span> <span class='ocrx_word' id='word_1_296' title='bbox 894 2872 981 2934; x_wconf 83' lang='lat' dir='ltr'><strong>dicit:</strong></span> <span class='ocrx_word' id='word_1_297' title='bbox 1000 2876 1062 2936; x_wconf 82' lang='lat' dir='ltr'><strong>Je·</strong></span> <span class='ocrx_word' id='word_1_298' title='bbox 1114 2872 1223 2934; x_wconf 85' lang='lat' dir='ltr'><strong>snimsl</strong></span> <span class='ocrx_word' id='word_1_299' title='bbox 1238 2883 1291 2934; x_wconf 87' lang='lat' dir='ltr'><strong>snt</strong></span> <span class='ocrx_word' id='word_1_300' title='bbox 1306 2884 1404 2936; x_wconf 80' lang='lat' dir='ltr'><strong>terrae</strong></span> <span class='ocrx_word' id='word_1_301' title='bbox 1419 2874 1541 2946; x_wconf 79' lang='lat' dir='ltr'><strong>innotus,</strong></span> <span class='ocrx_word' id='word_1_302' title='bbox 1557 2871 1725 2951; x_wconf 88' lang='lat' dir='ltr'><strong>eujusmodi</strong></span> <span class='ocrx_word' id='word_1_303' title='bbox 1738 2880 1810 2932; x_wconf 92' lang='lat' dir='ltr'><strong>sunt</strong></span> 
     </span>
     <span class='ocr_line' id='line_1_27' title="bbox 378 2960 1810 3041; baseline -0.001 -21"><span class='ocrx_word' id='word_1_304' title='bbox 378 2977 434 3020; x_wconf 76' lang='lat' dir='ltr'><strong>m</strong></span> <span class='ocrx_word' id='word_1_305' title='bbox 447 2962 609 3022; x_wconf 76' lang='lat' dir='ltr'><strong>introiisse</strong></span> <span class='ocrx_word' id='word_1_306' title='bbox 623 2964 660 3021; x_wconf 82' lang='lat' dir='ltr'><strong>iss</strong></span> <span class='ocrx_word' id='word_1_307' title='bbox 674 2963 777 3036; x_wconf 80' lang='lat' dir='ltr'><strong>ipsum</strong></span> <span class='ocrx_word' id='word_1_308' title='bbox 792 2962 927 3036; x_wconf 82' lang='lat' dir='ltr'><strong>eoelum,</strong></span> <span class='ocrx_word' id='word_1_309' title='bbox 949 2968 986 3021; x_wconf 87' lang='lat' dir='ltr'><strong>ut</strong></span> <span class='ocrx_word' id='word_1_310' title='bbox 1000 2979 1061 3036; x_wconf 84' lang='lat' dir='ltr'><strong>op·</strong></span> <span class='ocrx_word' id='word_1_311' title='bbox 1114 2981 1159 3032; x_wconf 83' lang='lat' dir='ltr'><strong>es,</strong></span> <span class='ocrx_word' id='word_1_312' title='bbox 1177 2981 1256 3040; x_wconf 87' lang='lat' dir='ltr'><strong>quse</strong></span> <span class='ocrx_word' id='word_1_313' title='bbox 1271 2962 1386 3041; x_wconf 78' lang='lat' dir='ltr'><strong>legales</strong></span> <span class='ocrx_word' id='word_1_314' title='bbox 1402 2961 1571 3022; x_wconf 77' lang='lat' dir='ltr'><strong>sacerdotes</strong></span> <span class='ocrx_word' id='word_1_315' title='bbox 1587 2961 1722 3022; x_wconf 81' lang='lat' dir='ltr'><strong>offerunt</strong></span> <span class='ocrx_word' id='word_1_316' title='bbox 1746 2960 1810 3019; x_wconf 80' lang='lat' dir='ltr'><strong>Me·</strong></span> 
     </span>
     <span class='ocr_line' id='line_1_28' title="bbox 377 3047 1810 3128; baseline -0.001 -20"><span class='ocrx_word' id='word_1_317' title='bbox 377 3055 480 3121; x_wconf 72' lang='lat' dir='ltr'><strong>soreos</strong></span> <span class='ocrx_word' id='word_1_318' title='bbox 494 3065 586 3109; x_wconf 75' lang='lat' dir='ltr'><strong>nuno</strong></span> <span class='ocrx_word' id='word_1_319' title='bbox 609 3049 713 3108; x_wconf 63' lang='lat' dir='ltr'><strong>tultus</strong></span> <span class='ocrx_word' id='word_1_320' title='bbox 728 3047 790 3108; x_wconf 84' lang='lat' dir='ltr'><strong>Dss&#39;</strong></span> <span class='ocrx_word' id='word_1_321' title='bbox 804 3065 866 3123; x_wconf 80' lang='lat' dir='ltr'><strong>pro</strong></span> <span class='ocrx_word' id='word_1_322' title='bbox 879 3049 981 3122; x_wconf 61' lang='lat' dir='ltr'><strong>noem,</strong></span> <span class='ocrx_word' id='word_1_323' title='bbox 1005 3047 1062 3107; x_wconf 86' lang='lat' dir='ltr'><strong>hoe</strong></span> <span class='ocrx_word' id='word_1_324' title='bbox 1113 3049 1198 3108; x_wconf 90' lang='lat' dir='ltr'><strong>minit</strong></span> <span class='ocrx_word' id='word_1_325' title='bbox 1219 3048 1309 3126; x_wconf 79' lang='lat' dir='ltr'><strong>hujus</strong></span> <span class='ocrx_word' id='word_1_326' title='bbox 1332 3050 1528 3128; x_wconf 75' lang='lat' dir='ltr'><strong>expositionis</strong></span> <span class='ocrx_word' id='word_1_327' title='bbox 1551 3051 1641 3109; x_wconf 80' lang='lat' dir='ltr'><strong>etiem</strong></span> <span class='ocrx_word' id='word_1_328' title='bbox 1665 3047 1810 3127; x_wconf 69' lang='lat' dir='ltr'><strong>Aquinus.</strong></span> 
     </span>
     <span class='ocr_line' id='line_1_29' title="bbox 379 3134 1809 3215; baseline 0.001 -21"><span class='ocrx_word' id='word_1_329' title='bbox 379 3143 467 3206; x_wconf 73' lang='lat' dir='ltr'><strong>estut</strong></span> <span class='ocrx_word' id='word_1_330' title='bbox 479 3153 516 3194; x_wconf 84' lang='lat' dir='ltr'><strong>so</strong></span> <span class='ocrx_word' id='word_1_331' title='bbox 530 3137 630 3214; x_wconf 89' lang='lat' dir='ltr'><strong>ipsum</strong></span> <span class='ocrx_word' id='word_1_332' title='bbox 645 3134 805 3207; x_wconf 86' lang='lat' dir='ltr'><strong>hominem,</strong></span> <span class='ocrx_word' id='word_1_333' title='bbox 821 3154 912 3213; x_wconf 90' lang='lat' dir='ltr'><strong>quem</strong></span> <span class='ocrx_word' id='word_1_334' title='bbox 924 3134 1017 3195; x_wconf 89' lang='lat' dir='ltr'><strong>semel</strong></span> <span class='ocrx_word' id='word_1_335' title='bbox 1031 3137 1061 3196; x_wconf 90' lang='lat' dir='ltr'><strong>in</strong></span> <span class='ocrx_word' id='word_1_336' title='bbox 1114 3134 1224 3195; x_wconf 89' lang='lat' dir='ltr'><strong>Verum</strong></span> <span class='ocrx_word' id='word_1_337' title='bbox 1244 3138 1342 3215; x_wconf 85' lang='lat' dir='ltr'><strong>msgis</strong></span> <span class='ocrx_word' id='word_1_338' title='bbox 1356 3137 1496 3196; x_wconf 83' lang='lat' dir='ltr'><strong>convenit</strong></span> <span class='ocrx_word' id='word_1_339' title='bbox 1517 3137 1620 3210; x_wconf 87' lang='lat' dir='ltr'><strong>textui,</strong></span> <span class='ocrx_word' id='word_1_340' title='bbox 1642 3144 1676 3198; x_wconf 90' lang='lat' dir='ltr'><strong>nt</strong></span> <span class='ocrx_word' id='word_1_341' title='bbox 1690 3136 1728 3194; x_wconf 80' lang='lat' dir='ltr'><strong>sd</strong></span> <span class='ocrx_word' id='word_1_342' title='bbox 1744 3153 1809 3214; x_wconf 84' lang='lat' dir='ltr'><strong>per·</strong></span> 
     </span>
     <span class='ocr_line' id='line_1_30' title="bbox 379 3221 1812 3301; baseline 0.003 -23"><span class='ocrx_word' id='word_1_343' title='bbox 379 3239 422 3280; x_wconf 81' lang='lat' dir='ltr'><strong>rrs</strong></span> <span class='ocrx_word' id='word_1_344' title='bbox 430 3223 527 3282; x_wconf 84' lang='lat' dir='ltr'><strong>erneis</strong></span> <span class='ocrx_word' id='word_1_345' title='bbox 543 3222 655 3284; x_wconf 82' lang='lat' dir='ltr'><strong>obtulit</strong></span> <span class='ocrx_word' id='word_1_346' title='bbox 665 3221 795 3282; x_wconf 76' lang='lat' dir='ltr'><strong>hostiam</strong></span> <span class='ocrx_word' id='word_1_347' title='bbox 808 3222 901 3293; x_wconf 81' lang='lat' dir='ltr'><strong>Petri.</strong></span> <span class='ocrx_word' id='word_1_348' title='bbox 917 3221 1062 3301; x_wconf 73' lang='lat' dir='ltr'><strong>deinceps</strong></span> <span class='ocrx_word' id='word_1_349' title='bbox 1115 3241 1216 3282; x_wconf 85' lang='lat' dir='ltr'><strong>sonsm</strong></span> <span class='ocrx_word' id='word_1_350' title='bbox 1230 3222 1380 3283; x_wconf 81' lang='lat' dir='ltr'><strong>referetur.</strong></span> <span class='ocrx_word' id='word_1_351' title='bbox 1401 3223 1506 3284; x_wconf 88' lang='lat' dir='ltr'><strong>Potest</strong></span> <span class='ocrx_word' id='word_1_352' title='bbox 1517 3231 1618 3282; x_wconf 79' lang='lat' dir='ltr'><strong>nutem</strong></span> <span class='ocrx_word' id='word_1_353' title='bbox 1635 3242 1739 3283; x_wconf 88' lang='lat' dir='ltr'><strong>sensns</strong></span> <span class='ocrx_word' id='word_1_354' title='bbox 1755 3222 1812 3282; x_wconf 82' lang='lat' dir='ltr'><strong>lios</strong></span> 
     </span>
     <span class='ocr_line' id='line_1_31' title="bbox 379 3308 1807 3389; baseline -0.001 -19"><span class='ocrx_word' id='word_1_355' title='bbox 379 3317 455 3388; x_wconf 72' lang='lat' dir='ltr'><strong>stoue</strong></span> <span class='ocrx_word' id='word_1_356' title='bbox 474 3309 619 3370; x_wconf 86' lang='lat' dir='ltr'><strong>eontinno</strong></span> <span class='ocrx_word' id='word_1_357' title='bbox 642 3309 673 3369; x_wconf 91' lang='lat' dir='ltr'><strong>in</strong></span> <span class='ocrx_word' id='word_1_358' title='bbox 695 3309 797 3380; x_wconf 84' lang='lat' dir='ltr'><strong>eoelis,</strong></span> <span class='ocrx_word' id='word_1_359' title='bbox 815 3315 968 3389; x_wconf 82' lang='lat' dir='ltr'><strong>tumqnsm</strong></span> <span class='ocrx_word' id='word_1_360' title='bbox 992 3328 1060 3368; x_wconf 85' lang='lat' dir='ltr'><strong>esn-</strong></span> <span class='ocrx_word' id='word_1_361' title='bbox 1114 3308 1202 3367; x_wconf 90' lang='lat' dir='ltr'><strong>modo</strong></span> <span class='ocrx_word' id='word_1_362' title='bbox 1228 3309 1387 3389; x_wconf 78' lang='lat' dir='ltr'><strong>explioer:</strong></span> <span class='ocrx_word' id='word_1_363' title='bbox 1418 3309 1570 3370; x_wconf 80' lang='lat' dir='ltr'><strong>Evidente</strong></span> <span class='ocrx_word' id='word_1_364' title='bbox 1596 3312 1715 3370; x_wconf 82' lang='lat' dir='ltr'><strong>rstione</strong></span> <span class='ocrx_word' id='word_1_365' title='bbox 1740 3327 1807 3369; x_wconf 86' lang='lat' dir='ltr'><strong>oon·</strong></span> 
     </span>
     <span class='ocr_line' id='line_1_32' title="bbox 379 3390 1808 3476; baseline 0.001 -22"><span class='ocrx_word' id='word_1_366' title='bbox 379 3390 588 3468; x_wconf 80' lang='lat' dir='ltr'><strong>dsmhostism,</strong></span> <span class='ocrx_word' id='word_1_367' title='bbox 600 3396 687 3458; x_wconf 82' lang='lat' dir='ltr'><strong>Petri</strong></span> <span class='ocrx_word' id='word_1_368' title='bbox 698 3395 786 3456; x_wconf 82' lang='lat' dir='ltr'><strong>sistst</strong></span> <span class='ocrx_word' id='word_1_369' title='bbox 796 3415 833 3455; x_wconf 82' lang='lat' dir='ltr'><strong>se</strong></span> <span class='ocrx_word' id='word_1_370' title='bbox 846 3403 1062 3474; x_wconf 79' lang='lat' dir='ltr'><strong>repraesentet,</strong></span> <span class='ocrx_word' id='word_1_371' title='bbox 1115 3395 1208 3470; x_wconf 85' lang='lat' dir='ltr'><strong>elusi,</strong></span> <span class='ocrx_word' id='word_1_372' title='bbox 1235 3395 1382 3457; x_wconf 80' lang='lat' dir='ltr'><strong>Christum</strong></span> <span class='ocrx_word' id='word_1_373' title='bbox 1410 3395 1580 3476; x_wconf 83' lang='lat' dir='ltr'><strong>pontificem</strong></span> <span class='ocrx_word' id='word_1_374' title='bbox 1600 3407 1732 3458; x_wconf 84' lang='lat' dir='ltr'><strong>nostrum</strong></span> <span class='ocrx_word' id='word_1_375' title='bbox 1756 3394 1808 3455; x_wconf 85' lang='lat' dir='ltr'><strong>hs·</strong></span> 
     </span>
     <span class='ocr_line' id='line_1_33' title="bbox 380 3477 1807 3564; baseline 0.001 -22"><span class='ocrx_word' id='word_1_376' title='bbox 380 3477 904 3562; x_wconf 80' lang='lat' dir='ltr'><strong>doneseomplstnslneriteleetornm</strong></span> <span class='ocrx_word' id='word_1_377' title='bbox 912 3502 1062 3544; x_wconf 88' lang='lat' dir='ltr'><strong>numerus.</strong></span> <span class='ocrx_word' id='word_1_378' title='bbox 1114 3483 1183 3544; x_wconf 85' lang='lat' dir='ltr'><strong>bore</strong></span> <span class='ocrx_word' id='word_1_379' title='bbox 1206 3483 1326 3564; x_wconf 75' lang='lat' dir='ltr'><strong>aliquid,</strong></span> <span class='ocrx_word' id='word_1_380' title='bbox 1350 3482 1431 3564; x_wconf 88' lang='lat' dir='ltr'><strong>quod</strong></span> <span class='ocrx_word' id='word_1_381' title='bbox 1450 3484 1554 3544; x_wconf 84' lang='lat' dir='ltr'><strong>offeret</strong></span> <span class='ocrx_word' id='word_1_382' title='bbox 1573 3485 1603 3543; x_wconf 93' lang='lat' dir='ltr'><strong>in</strong></span> <span class='ocrx_word' id='word_1_383' title='bbox 1618 3483 1711 3555; x_wconf 82' lang='lat' dir='ltr'><strong>coslo,</strong></span> <span class='ocrx_word' id='word_1_384' title='bbox 1735 3483 1807 3543; x_wconf 88' lang='lat' dir='ltr'><strong>resi·</strong></span> 
     </span>
     <span class='ocr_line' id='line_1_34' title="bbox 414 3567 1812 3649; baseline 0.001 -20"><span class='ocrx_word' id='word_1_385' title='bbox 414 3567 473 3629; x_wconf 78' lang='lat' dir='ltr'><strong>ded</strong></span> <span class='ocrx_word' id='word_1_386' title='bbox 493 3587 552 3630; x_wconf 83' lang='lat' dir='ltr'><strong>nee</strong></span> <span class='ocrx_word' id='word_1_387' title='bbox 574 3571 673 3632; x_wconf 84' lang='lat' dir='ltr'><strong>minus</strong></span> <span class='ocrx_word' id='word_1_388' title='bbox 694 3587 799 3630; x_wconf 85' lang='lat' dir='ltr'><strong>verum</strong></span> <span class='ocrx_word' id='word_1_389' title='bbox 821 3579 876 3642; x_wconf 90' lang='lat' dir='ltr'><strong>est,</strong></span> <span class='ocrx_word' id='word_1_390' title='bbox 902 3569 1062 3644; x_wconf 81' lang='lat' dir='ltr'><strong>Christum,</strong></span> <span class='ocrx_word' id='word_1_391' title='bbox 1115 3570 1189 3631; x_wconf 88' lang='lat' dir='ltr'><strong>dens</strong></span> <span class='ocrx_word' id='word_1_392' title='bbox 1212 3571 1250 3630; x_wconf 85' lang='lat' dir='ltr'><strong>sd</strong></span> <span class='ocrx_word' id='word_1_393' title='bbox 1273 3571 1427 3632; x_wconf 81' lang='lat' dir='ltr'><strong>dexterum</strong></span> <span class='ocrx_word' id='word_1_394' title='bbox 1445 3571 1551 3632; x_wconf 81' lang='lat' dir='ltr'><strong>Petris</strong></span> <span class='ocrx_word' id='word_1_395' title='bbox 1575 3571 1653 3632; x_wconf 82' lang='lat' dir='ltr'><strong>Nem</strong></span> <span class='ocrx_word' id='word_1_396' title='bbox 1676 3573 1701 3631; x_wconf 92' lang='lat' dir='ltr'><strong>si</strong></span> <span class='ocrx_word' id='word_1_397' title='bbox 1722 3590 1812 3649; x_wconf 90' lang='lat' dir='ltr'><strong>super</strong></span> 
     </span>
     <span class='ocr_line' id='line_1_35' title="bbox 380 3655 1810 3740; baseline 0.001 -24"><span class='ocrx_word' id='word_1_398' title='bbox 380 3657 427 3716; x_wconf 83' lang='lat' dir='ltr'><strong>etsi</strong></span> <span class='ocrx_word' id='word_1_399' title='bbox 443 3657 476 3718; x_wconf 86' lang='lat' dir='ltr'><strong>in</strong></span> <span class='ocrx_word' id='word_1_400' title='bbox 489 3655 578 3718; x_wconf 81' lang='lat' dir='ltr'><strong>susle</strong></span> <span class='ocrx_word' id='word_1_401' title='bbox 599 3661 784 3738; x_wconf 69' lang='lat' dir='ltr'><strong>regnantem,</strong></span> <span class='ocrx_word' id='word_1_402' title='bbox 809 3657 915 3718; x_wconf 77' lang='lat' dir='ltr'><strong>offerre</strong></span> <span class='ocrx_word' id='word_1_403' title='bbox 928 3659 1063 3737; x_wconf 87' lang='lat' dir='ltr'><strong>quotidie</strong></span> <span class='ocrx_word' id='word_1_404' title='bbox 1115 3667 1223 3718; x_wconf 80' lang='lat' dir='ltr'><strong>terrum</strong></span> <span class='ocrx_word' id='word_1_405' title='bbox 1246 3667 1332 3731; x_wconf 83' lang='lat' dir='ltr'><strong>esset,</strong></span> <span class='ocrx_word' id='word_1_406' title='bbox 1357 3680 1395 3720; x_wconf 90' lang='lat' dir='ltr'><strong>ne</strong></span> <span class='ocrx_word' id='word_1_407' title='bbox 1418 3658 1559 3719; x_wconf 77' lang='lat' dir='ltr'><strong>sacerdos</strong></span> <span class='ocrx_word' id='word_1_408' title='bbox 1582 3659 1703 3740; x_wconf 89' lang='lat' dir='ltr'><strong>quidem</strong></span> <span class='ocrx_word' id='word_1_409' title='bbox 1721 3666 1810 3732; x_wconf 71' lang='lat' dir='ltr'><strong>esset,</strong></span> 
     </span>
     <span class='ocr_line' id='line_1_36' title="bbox 379 3743 1809 3825; baseline 0.004 -24"><span class='ocrx_word' id='word_1_410' title='bbox 379 3759 406 3802; x_wconf 88' lang='lat' dir='ltr'><strong>ss</strong></span> <span class='ocrx_word' id='word_1_411' title='bbox 423 3745 521 3824; x_wconf 82' lang='lat' dir='ltr'><strong>ipsum</strong></span> <span class='ocrx_word' id='word_1_412' title='bbox 548 3743 651 3805; x_wconf 68' lang='lat' dir='ltr'><strong>adhue</strong></span> <span class='ocrx_word' id='word_1_413' title='bbox 672 3743 814 3804; x_wconf 82' lang='lat' dir='ltr'><strong>interris</strong></span> <span class='ocrx_word' id='word_1_414' title='bbox 837 3745 1063 3824; x_wconf 87' lang='lat' dir='ltr'><strong>perministros</strong></span> <span class='ocrx_word' id='word_1_415' title='bbox 1115 3753 1229 3825; x_wconf 79' lang='lat' dir='ltr'><strong>quanto</strong></span> <span class='ocrx_word' id='word_1_416' title='bbox 1251 3746 1349 3805; x_wconf 91' lang='lat' dir='ltr'><strong>minus</strong></span> <span class='ocrx_word' id='word_1_417' title='bbox 1366 3745 1526 3825; x_wconf 79' lang='lat' dir='ltr'><strong>pontifex?</strong></span> <span class='ocrx_word' id='word_1_418' title='bbox 1548 3747 1617 3807; x_wconf 80' lang='lat' dir='ltr'><strong>Hoc</strong></span> <span class='ocrx_word' id='word_1_419' title='bbox 1632 3755 1694 3807; x_wconf 84' lang='lat' dir='ltr'><strong>est:</strong></span> <span class='ocrx_word' id='word_1_420' title='bbox 1719 3746 1751 3808; x_wconf 84' lang='lat' dir='ltr'><strong>Si</strong></span> <span class='ocrx_word' id='word_1_421' title='bbox 1765 3745 1809 3807; x_wconf 80' lang='lat' dir='ltr'><strong>lu·</strong></span> 
     </span>
     <span class='ocr_line' id='line_1_37' title="bbox 378 3825 1812 3915; baseline 0.003 -26"><span class='ocrx_word' id='word_1_422' title='bbox 378 3847 406 3889; x_wconf 84' lang='lat' dir='ltr'><strong>ss</strong></span> <span class='ocrx_word' id='word_1_423' title='bbox 417 3831 545 3892; x_wconf 73' lang='lat' dir='ltr'><strong>riurios</strong></span> <span class='ocrx_word' id='word_1_424' title='bbox 564 3825 635 3894; x_wconf 84' lang='lat' dir='ltr'><strong>snos</strong></span> <span class='ocrx_word' id='word_1_425' title='bbox 649 3829 832 3892; x_wconf 78' lang='lat' dir='ltr'><strong>snesrdotes.</strong></span> <span class='ocrx_word' id='word_1_426' title='bbox 855 3829 947 3910; x_wconf 80' lang='lat' dir='ltr'><strong>Quod</strong></span> <span class='ocrx_word' id='word_1_427' title='bbox 962 3840 1063 3892; x_wconf 81' lang='lat' dir='ltr'><strong>temen</strong></span> <span class='ocrx_word' id='word_1_428' title='bbox 1115 3843 1200 3892; x_wconf 88' lang='lat' dir='ltr'><strong>turus</strong></span> <span class='ocrx_word' id='word_1_429' title='bbox 1217 3841 1281 3892; x_wconf 88' lang='lat' dir='ltr'><strong>erst</strong></span> <span class='ocrx_word' id='word_1_430' title='bbox 1296 3851 1333 3893; x_wconf 89' lang='lat' dir='ltr'><strong>ex</strong></span> <span class='ocrx_word' id='word_1_431' title='bbox 1349 3834 1401 3893; x_wconf 92' lang='lat' dir='ltr'><strong>illo</strong></span> <span class='ocrx_word' id='word_1_432' title='bbox 1416 3853 1524 3913; x_wconf 82' lang='lat' dir='ltr'><strong>genere</strong></span> <span class='ocrx_word' id='word_1_433' title='bbox 1540 3834 1742 3909; x_wconf 80' lang='lat' dir='ltr'><strong>secerdotum,</strong></span> <span class='ocrx_word' id='word_1_434' title='bbox 1758 3835 1812 3915; x_wconf 89' lang='lat' dir='ltr'><strong>qni</strong></span> 
     </span>
     <span class='ocr_line' id='line_1_38' title="bbox 378 3917 1812 4000; baseline 0.006 -28"><span class='ocrx_word' id='word_1_435' title='bbox 378 3925 464 3977; x_wconf 69' lang='lat' dir='ltr'><strong>suurn</strong></span> <span class='ocrx_word' id='word_1_436' title='bbox 478 3917 537 3978; x_wconf 87' lang='lat' dir='ltr'><strong>lroe</strong></span> <span class='ocrx_word' id='word_1_437' title='bbox 550 3917 618 3978; x_wconf 87' lang='lat' dir='ltr'><strong>loeo</strong></span> <span class='ocrx_word' id='word_1_438' title='bbox 633 3917 890 3998; x_wconf 75' lang='lat' dir='ltr'><strong>significetumsit</strong></span> <span class='ocrx_word' id='word_1_439' title='bbox 906 3918 1063 3997; x_wconf 83' lang='lat' dir='ltr'><strong>disputent</strong></span> <span class='ocrx_word' id='word_1_440' title='bbox 1115 3939 1205 4000; x_wconf 90' lang='lat' dir='ltr'><strong>snper</strong></span> <span class='ocrx_word' id='word_1_441' title='bbox 1227 3926 1335 3980; x_wconf 83' lang='lat' dir='ltr'><strong>terrem</strong></span> <span class='ocrx_word' id='word_1_442' title='bbox 1355 3921 1483 3982; x_wconf 76' lang='lat' dir='ltr'><strong>offerunt</strong></span> <span class='ocrx_word' id='word_1_443' title='bbox 1505 3921 1657 3996; x_wconf 84' lang='lat' dir='ltr'><strong>viotimss,</strong></span> <span class='ocrx_word' id='word_1_444' title='bbox 1684 3928 1718 3983; x_wconf 90' lang='lat' dir='ltr'><strong>nt</strong></span> <span class='ocrx_word' id='word_1_445' title='bbox 1741 3929 1812 3981; x_wconf 88' lang='lat' dir='ltr'><strong>sunt</strong></span> 
     </span>
     <span class='ocr_line' id='line_1_39' title="bbox 377 4002 1812 4088; baseline 0.005 -25"><span class='ocrx_word' id='word_1_446' title='bbox 377 4002 556 4084; x_wconf 81' lang='lat' dir='ltr'><strong>interpretes.</strong></span> <span class='ocrx_word' id='word_1_447' title='bbox 579 4002 740 4064; x_wconf 67' lang='lat' dir='ltr'><strong>Probabile</strong></span> <span class='ocrx_word' id='word_1_448' title='bbox 755 4016 809 4075; x_wconf 86' lang='lat' dir='ltr'><strong>est,</strong></span> <span class='ocrx_word' id='word_1_449' title='bbox 825 4004 907 4083; x_wconf 92' lang='lat' dir='ltr'><strong>quod</strong></span> <span class='ocrx_word' id='word_1_450' title='bbox 923 4005 1062 4080; x_wconf 84' lang='lat' dir='ltr'><strong>diximus,</strong></span> <span class='ocrx_word' id='word_1_451' title='bbox 1114 4006 1287 4068; x_wconf 86' lang='lat' dir='ltr'><strong>ssoordotes</strong></span> <span class='ocrx_word' id='word_1_452' title='bbox 1299 4009 1434 4081; x_wconf 86' lang='lat' dir='ltr'><strong>Levitici,</strong></span> <span class='ocrx_word' id='word_1_453' title='bbox 1446 4010 1511 4088; x_wconf 86' lang='lat' dir='ltr'><strong>jum</strong></span> <span class='ocrx_word' id='word_1_454' title='bbox 1527 4007 1610 4070; x_wconf 86' lang='lat' dir='ltr'><strong>loeus</strong></span> <span class='ocrx_word' id='word_1_455' title='bbox 1622 4011 1739 4070; x_wconf 91' lang='lat' dir='ltr'><strong>omnino</strong></span> <span class='ocrx_word' id='word_1_456' title='bbox 1751 4029 1812 4070; x_wconf 91' lang='lat' dir='ltr'><strong>non</strong></span> 
     </span>
     <span class='ocr_line' id='line_1_40' title="bbox 377 4089 1529 4172; baseline 0.005 -24"><span class='ocrx_word' id='word_1_457' title='bbox 377 4089 546 4168; x_wconf 72' lang='lat' dir='ltr'><strong>Apostolum</strong></span> <span class='ocrx_word' id='word_1_458' title='bbox 562 4091 646 4170; x_wconf 83' lang='lat' dir='ltr'><strong>loqui</strong></span> <span class='ocrx_word' id='word_1_459' title='bbox 662 4091 700 4152; x_wconf 91' lang='lat' dir='ltr'><strong>de</strong></span> <span class='ocrx_word' id='word_1_460' title='bbox 715 4111 752 4151; x_wconf 80' lang='lat' dir='ltr'><strong>es</strong></span> <span class='ocrx_word' id='word_1_461' title='bbox 769 4091 931 4162; x_wconf 77' lang='lat' dir='ltr'><strong>oblatione,</strong></span> <span class='ocrx_word' id='word_1_462' title='bbox 956 4113 1017 4172; x_wconf 85' lang='lat' dir='ltr'><strong>qus</strong></span> <span class='ocrx_word' id='word_1_463' title='bbox 1030 4112 1063 4153; x_wconf 92' lang='lat' dir='ltr'><strong>se</strong></span> <span class='ocrx_word' id='word_1_464' title='bbox 1115 4103 1197 4156; x_wconf 86' lang='lat' dir='ltr'><strong>esset</strong></span> <span class='ocrx_word' id='word_1_465' title='bbox 1212 4096 1241 4154; x_wconf 87' lang='lat' dir='ltr'><strong>ei</strong></span> <span class='ocrx_word' id='word_1_466' title='bbox 1257 4095 1333 4155; x_wconf 90' lang='lat' dir='ltr'><strong>inter</strong></span> <span class='ocrx_word' id='word_1_467' title='bbox 1348 4094 1529 4156; x_wconf 85' lang='lat' dir='ltr'><strong>secerdotes.</strong></span> 
     </span>
     <span class='ocr_line' id='line_1_41' title="bbox 376 4176 1811 4262; baseline 0.005 -24"><span class='ocrx_word' id='word_1_468' title='bbox 376 4176 471 4254; x_wconf 66' lang='lat' dir='ltr'><strong>ipsum</strong></span> <span class='ocrx_word' id='word_1_469' title='bbox 493 4176 648 4257; x_wconf 73' lang='lat' dir='ltr'><strong>qnondam</strong></span> <span class='ocrx_word' id='word_1_470' title='bbox 663 4179 694 4238; x_wconf 90' lang='lat' dir='ltr'><strong>in</strong></span> <span class='ocrx_word' id='word_1_471' title='bbox 715 4197 803 4238; x_wconf 85' lang='lat' dir='ltr'><strong>ornes</strong></span> <span class='ocrx_word' id='word_1_472' title='bbox 825 4199 948 4258; x_wconf 82' lang='lat' dir='ltr'><strong>pessum</strong></span> <span class='ocrx_word' id='word_1_473' title='bbox 964 4188 995 4241; x_wconf 91' lang='lat' dir='ltr'><strong>et</strong></span> <span class='ocrx_word' id='word_1_474' title='bbox 1010 4179 1060 4240; x_wconf 94' lang='lat' dir='ltr'><strong>ob·</strong></span> <span class='ocrx_word' id='word_1_475' title='bbox 1157 4180 1292 4259; x_wconf 81' lang='lat' dir='ltr'><strong>Quidem</strong></span> <span class='ocrx_word' id='word_1_476' title='bbox 1307 4183 1352 4242; x_wconf 87' lang='lat' dir='ltr'><strong>sio</strong></span> <span class='ocrx_word' id='word_1_477' title='bbox 1368 4193 1540 4262; x_wconf 90' lang='lat' dir='ltr'><strong>exponunt:</strong></span> <span class='ocrx_word' id='word_1_478' title='bbox 1564 4184 1598 4244; x_wconf 84' lang='lat' dir='ltr'><strong>Sl</strong></span> <span class='ocrx_word' id='word_1_479' title='bbox 1620 4191 1697 4245; x_wconf 83' lang='lat' dir='ltr'><strong>esset</strong></span> <span class='ocrx_word' id='word_1_480' title='bbox 1715 4201 1811 4262; x_wconf 80' lang='lat' dir='ltr'><strong>supet·</strong></span> 
     </span>
     <span class='ocr_line' id='line_1_42' title="bbox 374 4261 1808 4344; baseline 0.007 -22"><span class='ocrx_word' id='word_1_481' title='bbox 374 4261 466 4337; x_wconf 76' lang='lat' dir='ltr'><strong>latum,</strong></span> <span class='ocrx_word' id='word_1_482' title='bbox 488 4266 635 4326; x_wconf 86' lang='lat' dir='ltr'><strong>eontinuo</strong></span> <span class='ocrx_word' id='word_1_483' title='bbox 657 4284 738 4326; x_wconf 88' lang='lat' dir='ltr'><strong>nuno</strong></span> <span class='ocrx_word' id='word_1_484' title='bbox 752 4273 961 4344; x_wconf 73' lang='lat' dir='ltr'><strong>repraesentet</strong></span> <span class='ocrx_word' id='word_1_485' title='bbox 974 4267 1061 4327; x_wconf 83' lang='lat' dir='ltr'><strong>Petri</strong></span> <span class='ocrx_word' id='word_1_486' title='bbox 1114 4276 1246 4344; x_wconf 75' lang='lat' dir='ltr'><strong>terram,</strong></span> <span class='ocrx_word' id='word_1_487' title='bbox 1270 4267 1300 4328; x_wconf 93' lang='lat' dir='ltr'><strong>id</strong></span> <span class='ocrx_word' id='word_1_488' title='bbox 1316 4278 1363 4330; x_wconf 87' lang='lat' dir='ltr'><strong>est</strong></span> <span class='ocrx_word' id='word_1_489' title='bbox 1385 4271 1411 4331; x_wconf 91' lang='lat' dir='ltr'><strong>si</strong></span> <span class='ocrx_word' id='word_1_490' title='bbox 1426 4291 1486 4331; x_wconf 91' lang='lat' dir='ltr'><strong>non</strong></span> <span class='ocrx_word' id='word_1_491' title='bbox 1501 4279 1673 4344; x_wconf 81' lang='lat' dir='ltr'><strong>moreretur,</strong></span> <span class='ocrx_word' id='word_1_492' title='bbox 1696 4270 1750 4332; x_wconf 91' lang='lat' dir='ltr'><strong>sed</strong></span> <span class='ocrx_word' id='word_1_493' title='bbox 1767 4273 1808 4332; x_wconf 87' lang='lat' dir='ltr'><strong>vi·</strong></span> 
     </span>
     <span class='ocr_line' id='line_1_43' title="bbox 374 4349 1809 4436; baseline 0.007 -26"><span class='ocrx_word' id='word_1_494' title='bbox 374 4349 512 4412; x_wconf 75' lang='lat' dir='ltr'><strong>nedelis.</strong></span> <span class='ocrx_word' id='word_1_495' title='bbox 537 4351 618 4412; x_wconf 74' lang='lat' dir='ltr'><strong>Nem</strong></span> <span class='ocrx_word' id='word_1_496' title='bbox 633 4350 672 4412; x_wconf 95' lang='lat' dir='ltr'><strong>de</strong></span> <span class='ocrx_word' id='word_1_497' title='bbox 686 4352 782 4412; x_wconf 84' lang='lat' dir='ltr'><strong>sltere</strong></span> <span class='ocrx_word' id='word_1_498' title='bbox 796 4353 963 4432; x_wconf 78' lang='lat' dir='ltr'><strong>Apostolus</strong></span> <span class='ocrx_word' id='word_1_499' title='bbox 979 4375 1060 4434; x_wconf 88' lang='lat' dir='ltr'><strong>pror·</strong></span> <span class='ocrx_word' id='word_1_500' title='bbox 1114 4374 1188 4416; x_wconf 89' lang='lat' dir='ltr'><strong>vens</strong></span> <span class='ocrx_word' id='word_1_501' title='bbox 1209 4375 1296 4436; x_wconf 85' lang='lat' dir='ltr'><strong>snper</strong></span> <span class='ocrx_word' id='word_1_502' title='bbox 1319 4365 1430 4418; x_wconf 81' lang='lat' dir='ltr'><strong>terrem</strong></span> <span class='ocrx_word' id='word_1_503' title='bbox 1452 4366 1627 4430; x_wconf 81' lang='lat' dir='ltr'><strong>remuneret,</strong></span> <span class='ocrx_word' id='word_1_504' title='bbox 1651 4377 1719 4420; x_wconf 78' lang='lat' dir='ltr'><strong>non</strong></span> <span class='ocrx_word' id='word_1_505' title='bbox 1734 4365 1809 4420; x_wconf 79' lang='lat' dir='ltr'><strong>esset</strong></span> 
     </span>
     <span class='ocr_line' id='line_1_44' title="bbox 372 4441 1809 4522; baseline 0.005 -24"><span class='ocrx_word' id='word_1_506' title='bbox 372 4454 415 4498; x_wconf 82' lang='lat' dir='ltr'><strong>sss</strong></span> <span class='ocrx_word' id='word_1_507' title='bbox 426 4447 515 4510; x_wconf 75' lang='lat' dir='ltr'><strong>treet,</strong></span> <span class='ocrx_word' id='word_1_508' title='bbox 531 4441 607 4518; x_wconf 77' lang='lat' dir='ltr'><strong>quis</strong></span> <span class='ocrx_word' id='word_1_509' title='bbox 617 4441 796 4517; x_wconf 84' lang='lat' dir='ltr'><strong>mysterium</strong></span> <span class='ocrx_word' id='word_1_510' title='bbox 808 4449 862 4514; x_wconf 85' lang='lat' dir='ltr'><strong>est,</strong></span> <span class='ocrx_word' id='word_1_511' title='bbox 879 4441 962 4520; x_wconf 83' lang='lat' dir='ltr'><strong>quod</strong></span> <span class='ocrx_word' id='word_1_512' title='bbox 976 4441 1060 4502; x_wconf 86' lang='lat' dir='ltr'><strong>intel·</strong></span> <span class='ocrx_word' id='word_1_513' title='bbox 1112 4443 1267 4518; x_wconf 77' lang='lat' dir='ltr'><strong>sacerdos,</strong></span> <span class='ocrx_word' id='word_1_514' title='bbox 1285 4445 1363 4522; x_wconf 86' lang='lat' dir='ltr'><strong>quis,</strong></span> <span class='ocrx_word' id='word_1_515' title='bbox 1380 4465 1448 4505; x_wconf 82' lang='lat' dir='ltr'><strong>enm</strong></span> <span class='ocrx_word' id='word_1_516' title='bbox 1462 4447 1501 4505; x_wconf 91' lang='lat' dir='ltr'><strong>sit</strong></span> <span class='ocrx_word' id='word_1_517' title='bbox 1511 4445 1627 4505; x_wconf 78' lang='lat' dir='ltr'><strong>alienus</strong></span> <span class='ocrx_word' id='word_1_518' title='bbox 1641 4466 1659 4505; x_wconf 87' lang='lat' dir='ltr'><strong>s</strong></span> <span class='ocrx_word' id='word_1_519' title='bbox 1671 4446 1809 4506; x_wconf 81' lang='lat' dir='ltr'><strong>Levitieo</strong></span> 
     </span>
     <span class='ocr_line' id='line_1_45' title="bbox 372 4520 1811 4611; baseline 0.01 -32"><span class='ocrx_word' id='word_1_520' title='bbox 372 4520 516 4602; x_wconf 77' lang='lat' dir='ltr'><strong>ligendnm</strong></span> <span class='ocrx_word' id='word_1_521' title='bbox 531 4524 675 4604; x_wconf 86' lang='lat' dir='ltr'><strong>relinquit</strong></span> <span class='ocrx_word' id='word_1_522' title='bbox 694 4525 834 4586; x_wconf 82' lang='lat' dir='ltr'><strong>fidelibus</strong></span> <span class='ocrx_word' id='word_1_523' title='bbox 849 4530 1060 4606; x_wconf 84' lang='lat' dir='ltr'><strong>mysteriorum</strong></span> <span class='ocrx_word' id='word_1_524' title='bbox 1112 4529 1291 4603; x_wconf 79' lang='lat' dir='ltr'><strong>sacerdotio,</strong></span> <span class='ocrx_word' id='word_1_525' title='bbox 1310 4550 1411 4611; x_wconf 91' lang='lat' dir='ltr'><strong>neque</strong></span> <span class='ocrx_word' id='word_1_526' title='bbox 1427 4541 1526 4594; x_wconf 80' lang='lat' dir='ltr'><strong>temen</strong></span> <span class='ocrx_word' id='word_1_527' title='bbox 1541 4535 1572 4594; x_wconf 91' lang='lat' dir='ltr'><strong>in</strong></span> <span class='ocrx_word' id='word_1_528' title='bbox 1587 4553 1675 4594; x_wconf 89' lang='lat' dir='ltr'><strong>ornos</strong></span> <span class='ocrx_word' id='word_1_529' title='bbox 1690 4532 1811 4593; x_wconf 77' lang='lat' dir='ltr'><strong>offerret</strong></span> 
     </span>
     <span class='ocr_line' id='line_1_46' title="bbox 370 4613 1810 4697; baseline 0.008 -29"><span class='ocrx_word' id='word_1_530' title='bbox 370 4614 501 4674; x_wconf 80' lang='lat' dir='ltr'><strong>consciis.</strong></span> <span class='ocrx_word' id='word_1_531' title='bbox 523 4613 730 4674; x_wconf 73' lang='lat' dir='ltr'><strong>Veruntamen</strong></span> <span class='ocrx_word' id='word_1_532' title='bbox 742 4616 815 4693; x_wconf 85' lang='lat' dir='ltr'><strong>quis</strong></span> <span class='ocrx_word' id='word_1_533' title='bbox 826 4617 1061 4695; x_wconf 86' lang='lat' dir='ltr'><strong>propositionem</strong></span> <span class='ocrx_word' id='word_1_534' title='bbox 1112 4618 1265 4697; x_wconf 87' lang='lat' dir='ltr'><strong>seipsum</strong></span> <span class='ocrx_word' id='word_1_535' title='bbox 1289 4618 1416 4680; x_wconf 81' lang='lat' dir='ltr'><strong>hostium</strong></span> <span class='ocrx_word' id='word_1_536' title='bbox 1436 4630 1600 4691; x_wconf 82' lang='lat' dir='ltr'><strong>omentum,</strong></span> <span class='ocrx_word' id='word_1_537' title='bbox 1624 4626 1727 4696; x_wconf 86' lang='lat' dir='ltr'><strong>utpote</strong></span> <span class='ocrx_word' id='word_1_538' title='bbox 1750 4639 1810 4680; x_wconf 91' lang='lat' dir='ltr'><strong>non</strong></span> 
     </span>
     <span class='ocr_line' id='line_1_47' title="bbox 368 4699 1808 4785; baseline 0.006 -27"><span class='ocrx_word' id='word_1_539' title='bbox 368 4699 526 4778; x_wconf 86' lang='lat' dir='ltr'><strong>sssnmpsit</strong></span> <span class='ocrx_word' id='word_1_540' title='bbox 549 4700 766 4770; x_wconf 73' lang='lat' dir='ltr'><strong>nnis-exsulem,</strong></span> <span class='ocrx_word' id='word_1_541' title='bbox 792 4703 919 4775; x_wconf 81' lang='lat' dir='ltr'><strong>scilieet,</strong></span> <span class='ocrx_word' id='word_1_542' title='bbox 942 4723 1060 4764; x_wconf 87' lang='lat' dir='ltr'><strong>omnem</strong></span> <span class='ocrx_word' id='word_1_543' title='bbox 1114 4706 1288 4780; x_wconf 88' lang='lat' dir='ltr'><strong>moriturus,</strong></span> <span class='ocrx_word' id='word_1_544' title='bbox 1315 4725 1415 4785; x_wconf 87' lang='lat' dir='ltr'><strong>nequo</strong></span> <span class='ocrx_word' id='word_1_545' title='bbox 1439 4709 1470 4769; x_wconf 94' lang='lat' dir='ltr'><strong>in</strong></span> <span class='ocrx_word' id='word_1_546' title='bbox 1494 4727 1586 4768; x_wconf 85' lang='lat' dir='ltr'><strong>coens</strong></span> <span class='ocrx_word' id='word_1_547' title='bbox 1611 4707 1740 4766; x_wconf 74' lang='lat' dir='ltr'><strong>hostiam</strong></span> <span class='ocrx_word' id='word_1_548' title='bbox 1763 4708 1808 4767; x_wconf 94' lang='lat' dir='ltr'><strong>in·</strong></span> 
     </span>
     <span class='ocr_line' id='line_1_48' title="bbox 367 4783 1809 4866; baseline 0.007 -19"><span class='ocrx_word' id='word_1_549' title='bbox 367 4785 534 4864; x_wconf 79' lang='lat' dir='ltr'><strong>pontiflssrn</strong></span> <span class='ocrx_word' id='word_1_550' title='bbox 553 4783 594 4846; x_wconf 78' lang='lat' dir='ltr'><strong>sd</strong></span> <span class='ocrx_word' id='word_1_551' title='bbox 616 4785 798 4847; x_wconf 81' lang='lat' dir='ltr'><strong>offerendum</strong></span> <span class='ocrx_word' id='word_1_552' title='bbox 821 4809 946 4851; x_wconf 85' lang='lat' dir='ltr'><strong>munere</strong></span> <span class='ocrx_word' id='word_1_553' title='bbox 963 4800 993 4850; x_wconf 88' lang='lat' dir='ltr'><strong>et</strong></span> <span class='ocrx_word' id='word_1_554' title='bbox 1007 4791 1056 4850; x_wconf 89' lang='lat' dir='ltr'><strong>ho·</strong></span> <span class='ocrx_word' id='word_1_555' title='bbox 1112 4801 1280 4866; x_wconf 74' lang='lat' dir='ltr'><strong>cruentum,</strong></span> <span class='ocrx_word' id='word_1_556' title='bbox 1307 4813 1371 4853; x_wconf 82' lang='lat' dir='ltr'><strong>cnm</strong></span> <span class='ocrx_word' id='word_1_557' title='bbox 1399 4795 1475 4856; x_wconf 81' lang='lat' dir='ltr'><strong>lineo</strong></span> <span class='ocrx_word' id='word_1_558' title='bbox 1501 4798 1541 4856; x_wconf 90' lang='lat' dir='ltr'><strong>sit</strong></span> <span class='ocrx_word' id='word_1_559' title='bbox 1566 4797 1809 4857; x_wconf 86' lang='lat' dir='ltr'><strong>oommemorstio</strong></span> 
     </span>
     <span class='ocr_line' id='line_1_49' title="bbox 365 4873 1809 4955; baseline 0.008 -21"><span class='ocrx_word' id='word_1_560' title='bbox 365 4873 434 4934; x_wconf 74' lang='lat' dir='ltr'><strong>sum</strong></span> <span class='ocrx_word' id='word_1_561' title='bbox 447 4873 598 4945; x_wconf 87' lang='lat' dir='ltr'><strong>eonstitul,</strong></span> <span class='ocrx_word' id='word_1_562' title='bbox 620 4881 856 4936; x_wconf 82' lang='lat' dir='ltr'><strong>eonsenteneum</strong></span> <span class='ocrx_word' id='word_1_563' title='bbox 879 4879 985 4955; x_wconf 88' lang='lat' dir='ltr'><strong>ntique</strong></span> <span class='ocrx_word' id='word_1_564' title='bbox 1006 4887 1061 4951; x_wconf 86' lang='lat' dir='ltr'><strong>ost,</strong></span> <span class='ocrx_word' id='word_1_565' title='bbox 1111 4879 1227 4939; x_wconf 80' lang='lat' dir='ltr'><strong>hostise</strong></span> <span class='ocrx_word' id='word_1_566' title='bbox 1242 4887 1390 4953; x_wconf 83' lang='lat' dir='ltr'><strong>eruentes,</strong></span> <span class='ocrx_word' id='word_1_567' title='bbox 1408 4889 1439 4942; x_wconf 90' lang='lat' dir='ltr'><strong>et</strong></span> <span class='ocrx_word' id='word_1_568' title='bbox 1452 4882 1483 4941; x_wconf 91' lang='lat' dir='ltr'><strong>in</strong></span> <span class='ocrx_word' id='word_1_569' title='bbox 1499 4901 1535 4941; x_wconf 79' lang='lat' dir='ltr'><strong>es</strong></span> <span class='ocrx_word' id='word_1_570' title='bbox 1550 4879 1702 4942; x_wconf 83' lang='lat' dir='ltr'><strong>fundetur.</strong></span> <span class='ocrx_word' id='word_1_571' title='bbox 1724 4883 1809 4945; x_wconf 68' lang='lat' dir='ltr'><strong>Atte-</strong></span> 
     </span>
     <span class='ocr_line' id='line_1_50' title="bbox 364 4957 1810 5047; baseline 0.008 -27"><span class='ocrx_word' id='word_1_572' title='bbox 364 4969 440 5022; x_wconf 81' lang='lat' dir='ltr'><strong>rtet</strong></span> <span class='ocrx_word' id='word_1_573' title='bbox 454 4957 496 5021; x_wconf 82' lang='lat' dir='ltr'><strong>do</strong></span> <span class='ocrx_word' id='word_1_574' title='bbox 510 4957 640 5032; x_wconf 69' lang='lat' dir='ltr'><strong>onusto.</strong></span> <span class='ocrx_word' id='word_1_575' title='bbox 663 4966 723 5020; x_wconf 79' lang='lat' dir='ltr'><strong>tem</strong></span> <span class='ocrx_word' id='word_1_576' title='bbox 738 4960 809 5021; x_wconf 86' lang='lat' dir='ltr'><strong>olinr</strong></span> <span class='ocrx_word' id='word_1_577' title='bbox 824 4964 952 5036; x_wconf 78' lang='lat' dir='ltr'><strong>mostell,</strong></span> <span class='ocrx_word' id='word_1_578' title='bbox 969 4983 1060 5042; x_wconf 80' lang='lat' dir='ltr'><strong>qrssm</strong></span> <span class='ocrx_word' id='word_1_579' title='bbox 1111 4984 1181 5026; x_wconf 91' lang='lat' dir='ltr'><strong>men</strong></span> <span class='ocrx_word' id='word_1_580' title='bbox 1206 4968 1288 5047; x_wconf 89' lang='lat' dir='ltr'><strong>prior</strong></span> <span class='ocrx_word' id='word_1_581' title='bbox 1310 4987 1415 5029; x_wconf 88' lang='lat' dir='ltr'><strong>sensns</strong></span> <span class='ocrx_word' id='word_1_582' title='bbox 1438 4968 1602 5046; x_wconf 85' lang='lat' dir='ltr'><strong>simplicior</strong></span> <span class='ocrx_word' id='word_1_583' title='bbox 1624 4979 1684 5043; x_wconf 88' lang='lat' dir='ltr'><strong>est,</strong></span> <span class='ocrx_word' id='word_1_584' title='bbox 1713 4977 1744 5029; x_wconf 90' lang='lat' dir='ltr'><strong>et</strong></span> <span class='ocrx_word' id='word_1_585' title='bbox 1768 4969 1810 5032; x_wconf 80' lang='lat' dir='ltr'><strong>sd</strong></span> 
     </span>
    </p>
   </div>
   <div class='ocr_carea' id='block_1_3' title="bbox 362 5044 1727 5137">
    <p class='ocr_par' dir='ltr' id='par_1_3' title="bbox 362 5044 1727 5137">
     <span class='ocr_line' id='line_1_51' title="bbox 362 5044 1727 5137; baseline 0.005 -25"><span class='ocrx_word' id='word_1_586' title='bbox 362 5065 441 5112; x_wconf 77' lang='lat' dir='ltr'><strong>une</strong></span> <span class='ocrx_word' id='word_1_587' title='bbox 449 5044 627 5122; x_wconf 72' lang='lat' dir='ltr'><strong>immmtxli.</strong></span> <span class='ocrx_word' id='word_1_588' title='bbox 638 5053 733 5110; x_wconf 77' lang='lat' dir='ltr'><strong>totsn</strong></span> <span class='ocrx_word' id='word_1_589' title='bbox 744 5065 811 5112; x_wconf 77' lang='lat' dir='ltr'><strong>sem</strong></span> <span class='ocrx_word' id='word_1_590' title='bbox 822 5051 1059 5133; x_wconf 78' lang='lat' dir='ltr'><strong>interpretemur.</strong></span> <span class='ocrx_word' id='word_1_591' title='bbox 1111 5072 1181 5115; x_wconf 91' lang='lat' dir='ltr'><strong>eum</strong></span> <span class='ocrx_word' id='word_1_592' title='bbox 1195 5053 1315 5137; x_wconf 88' lang='lat' dir='ltr'><strong>proprie</strong></span> <span class='ocrx_word' id='word_1_593' title='bbox 1329 5056 1451 5136; x_wconf 78' lang='lat' dir='ltr'><strong>respicit</strong></span> <span class='ocrx_word' id='word_1_594' title='bbox 1465 5057 1540 5118; x_wconf 82' lang='lat' dir='ltr'><strong>rstio</strong></span> <span class='ocrx_word' id='word_1_595' title='bbox 1556 5053 1727 5136; x_wconf 84' lang='lat' dir='ltr'><strong>subjunots.</strong></span> 
     </span>
    </p>
   </div>
   <div class='ocr_carea' id='block_1_4' title="bbox 0 0 2226 5825">
    <p class='ocr_par' dir='ltr' id='par_1_4' title="bbox 0 0 2226 5825">
     <span class='ocr_line' id='line_1_52' title="bbox 0 0 2226 5825; baseline 0 2"><span class='ocrx_word' id='word_1_596' title='bbox 0 0 2226 5825; x_wconf 95' lang='lat' dir='ltr'><strong> </strong></span> 
     </span>
    </p>
   </div>
  </div>
 </body>
</html>
