4442 5825
749 610 914 667 murense
930 612 1019 670 essu
1034 613 1147 671 sscost
1181 612 1267 669 ems.
1287 615 1327 669 u.
1348 615 1389 670 rs
1708 616 1782 687 titt

380 784 423 847 s:
435 786 665 863 mercabimur,
687 794 717 848 ct
731 786 856 849 lucrum
869 790 1035 866 (amemus.
1089 791 1138 850 sis.
1180 788 1261 850 Nem
1288 807 1368 868 quse
1392 795 1578 866 sequnntur,
1604 786 1789 869 respondent

359 873 596 934 tmeeeetoribns
618 873 791 954 exemplum
806 873 937 949 adducit,
953 877 1036 957 quod
1088 877 1252 957 prioribus:
1282 877 1363 937 Ecce
1377 894 1483 951 nunc,
1511 880 1567 953 qui
1582 877 1703 950 dicitis,
1732 882 1787 935 ete.

359 978 432 1019 ¹uon
442 978 512 1020 raro
527 960 696 1041 cnpiditste
720 964 889 1035 excaecuti,
913 984 949 1024 sc
964 983 1036 1025 suso
1089 963 1178 1044 Quae
1202 981 1251 1023 res
1274 962 1312 1022 sb
1331 960 1514 1024 Oecumenio
1538 962 1701 1044 diligenter
1716 981 1787 1022 enn-

359 1042 505 1107 sdnetrise
520 1047 641 1119 confisi,
660 1056 842 1128 postponere
856 1050 973 1111 soleant
988 1072 1035 1111 co·
1088 1050 1188 1111 oleets
1202 1056 1254 1109 est

359 1130 514 1194 itstionem
540 1132 748 1215 providentiae
773 1132 912 1210 divinae,
946 1144 981 1197 ut
1006 1146 1037 1197 et
1131 1139 1197 1198 Pro
1213 1154 1267 1209 eo,
1282 1143 1319 1197 ut
1334 1136 1455 1198 dicatis.
1479 1135 1517 1196 Id
1533 1143 1598 1197 est:
1616 1136 1698 1197 Loco
1714 1137 1788 1214 ejus,

359 1216 464 1279 lissum
480 1237 580 1281 rerum
596 1219 794 1282 honestarum.
827 1222 934 1304 Ituqns
949 1243 1034 1304 prse-
1088 1222 1169 1304 quod
1187 1221 1287 1283 dicere
1303 1221 1458 1283 debuistis.
1494 1223 1567 1284 Vol:
1588 1222 1663 1283 (lum
1678 1224 1720 1283 its
1736 1242 1787 1301 po·

359 1322 383 1365 tr
399 1305 572 1386 snperbiam
594 1310 685 1368 etiem
706 1309 850 1369 everitiue
875 1312 1035 1389 castigatio
1087 1313 1147 1371 tius
1175 1306 1330 1369 dicendum
1356 1309 1443 1370 robis
1469 1310 1514 1369 sit.
1553 1307 1685 1389 (lorrigit
1711 1309 1789 1370 enim

359 1392 501 1453 ttinbso
516 1403 610 1475 perte.
646 1395 754 1475 Neque
776 1402 877 1457 temen
892 1406 1035 1458 mercetu-
1089 1414 1257 1458 sermonem
1280 1398 1419 1475 superius
1445 1395 1659 1475 reprehensum
1686 1394 1787 1456 edmo-

359 1496 396 1539 tm
411 1498 469 1539 sen
490 1482 723 1560 negotiationem
746 1480 885 1558 demnst3
913 1483 966 1544 sod
983 1504 1035 1564 po·
1088 1501 1165 1545 nens
1179 1482 1376 1560 loquendum,
1392 1492 1425 1543 ut
1439 1484 1591 1562 nequitur:

359 1584 392 1625 ns
414 1565 582 1647 epprobst,
608 1570 722 1628 sicum
745 1569 853 1629 timore
868 1570 927 1631 Dei
950 1590 1035 1632 exer·
1132 1571 1167 1631 Si
1183 1571 1341 1630 Dominus
1359 1571 1515 1647 voluerit:
1540 1578 1586 1630 et:
1612 1572 1647 1632 st
1669 1570 1789 1629 vixeri-

359 1658 447 1713 tstnr.
471 1653 630 1735 Approbet
645 1655 740 1727 enim,
756 1656 808 1735 qui
821 1654 923 1730 docet,
939 1677 957 1716 s
973 1678 1034 1736 quo
1089 1675 1176 1727 mue,
1198 1656 1355 1732 sociemus
1376 1658 1434 1717 boc
1449 1665 1506 1718 out
1526 1657 1618 1718 illud.
1657 1654 1789 1715 Graece:

359 1756 493 1800 rccessm
508 1742 576 1819 ejus
592 1742 761 1821 exspectari
785 1740 911 1803 debent:
934 1763 1035 1823 quem·
1088 1745 1124 1805 Si
1145 1744 1306 1804 Dominus
1329 1744 1465 1805 uoluerit
1487 1752 1517 1804 et
1539 1744 1732 1817 vixerimus,
1760 1749 1790 1802 et

359 1822 500 1887 dmodum
514 1827 652 1889 Josnnes
666 1827 806 1907 Baptista
827 1829 980 1907 publicani
1006 1840 1036 1892 et
1086 1832 1249 1909 sociamus
1273 1831 1329 1889 boe
1351 1839 1410 1891 ont
1430 1831 1521 1891 illud.
1560 1830 1621 1891 Sed
1637 1830 1789 1910 posterius

359 1912 437 1973 ntus
453 1913 551 1975 officie
565 1913 718 1995 probavit,
744 1923 779 1973 nt
794 1914 892 1987 licite,
913 1918 1033 1996 quando
1088 1926 1118 1977 et
1147 1915 1315 1988 redundet,
1344 1915 1474 1997 ideoque
1507 1918 1546 1978 sb
1577 1915 1787 1996 interpretibus

359 1998 470 2079 *ulem
486 2002 910 2082 praescripsiteeexercsndi.
934 2003 1036 2065 Verbo
1088 2004 1248 2077 omissum:
1284 2012 1338 2064 sut
1361 2004 1522 2080 (onumen
1549 2022 1604 2083 pro
1634 2005 1790 2082 sociemur

359 2088 493 2167 :quentis
508 2088 714 2167 persntbetice
729 2087 858 2167 legendo
873 2099 959 2150 sunt:
1089 2098 1135 2151 est
1151 2091 1297 2168 positum,
1326 2090 1356 2149 id
1378 2100 1424 2152 est
1447 2091 1657 2171 subjunctivus
1673 2088 1788 2150 indice·

376 2174 442 2253 Qui
455 2177 634 2250 innotatis,
658 2176 736 2252 qnid
756 2179 817 2235 erit
831 2178 868 2237 in
883 2181 1034 2238 crastino.
1089 2179 1145 2237 tivi
1174 2175 1257 2252 loco;
1295 2178 1374 2237 sicut
1403 2186 1579 2239 annotatum
1610 2186 1659 2238 est
1687 2196 1789 2256 supra„

359 2276 465 2321 usum
481 2264 633 2342 expressit
646 2263 812 2343 interpres:
831 2284 900 2324 nem
918 2263 1035 2325 Graece
1089 2263 1283 2342 Quemquam
1313 2265 1402 2324 etiem
1429 2266 1475 2325 sie
1500 2266 1579 2325 verti
1606 2270 1725 2343 posset:
1755 2264 1790 2324 st

359 2354 396 2408 tt:
417 2339 455 2405 τὸ
470 2347 533 2427 τῆς
547 2342 670 2427 αὔριον,
691 2350 771 2426 quid
785 2350 849 2410 diei
863 2354 1032 2426 crastinae,
1089 2352 1248 2412 Dominus
1262 2350 1410 2427 voluerit,
1427 2360 1457 2411 et
1471 2354 1624 2426 vivemus,
1642 2358 1672 2411 et
1684 2352 1789 2429 [ocie-

359 2428 444 2507 lset,
470 2433 544 2516 quid
558 2444 681 2517 pestere
699 2435 749 2497 die
764 2435 898 2498 futurum
915 2440 969 2514 sit:
996 2459 1035 2498 sn
1088 2456 1158 2498 mne
1179 2439 1237 2498 boc
1262 2444 1321 2497 out
1342 2437 1446 2515 illud,·
1482 2446 1517 2497 ut
1539 2438 1707 2517 intelliges,
1734 2454 1791 2496 nee

359 2520 554 2582 tiemvictnri.
576 2522 645 2603 Quo
657 2530 781 2602 spectet,
790 2523 871 2603 qnod
883 2527 1034 2603 sequitur:
1088 2526 1238 2598 victuros,
1265 2543 1320 2585 nec
1334 2522 1468 2587 lecturos
1493 2523 1625 2604 aliquid,
1651 2525 1710 2584 nisi
1726 2522 1789 2582 Do·

379 2606 430 2669 15.
454 2610 546 2688 Quos
560 2612 700 2671 ostentm
713 2613 780 2671 vito
793 2613 919 2671 venre?
935 2614 1033 2691 Quae,
1088 2612 1186 2671 minus
1201 2610 1338 2670 voluerit.
1373 2610 1433 2672 Sed
1451 2609 1630 2692 Apostolum
1652 2609 1685 2670 id
1700 2608 1789 2683 velle,

359 2694 453 2756 buce
465 2690 559 2771 nois,
587 2697 708 2775 quoin,
732 2699 919 2772 eujusmodi.
956 2698 1035 2759 Nem
1088 2695 1172 2778 qnod
1197 2699 1375 2776 interpretes
1404 2697 1570 2772 dederunt.
1596 2697 1790 2760 verisimilius

359 2780 542 2843 ebreritste
556 2785 641 2846 vites
662 2804 759 2845 sermo
775 2792 833 2858 est,
860 2805 952 2865 quem
969 2805 1035 2847 cunr
1090 2791 1154 2861 est:
1182 2794 1215 2845 ut
1237 2783 1352 2864 duplex
1376 2787 1416 2845 sit
1434 2784 1566 2847 conditio
1582 2784 1789 2846 nominate-eb

359 2886 450 2950 spore
465 2878 636 2952 comperet,
653 2870 775 2933 dicens:
1087 2872 1253 2952 Apostolo‚
1280 2880 1312 2933 et
1336 2873 1378 2935 ite
1406 2872 1545 2954 quidem,
1570 2881 1603 2935 nt
1628 2879 1790 2952 utremqns

384 2957 498 3035 Vopor
512 2965 557 3018 eet
571 2959 615 3018 od
626 2958 785 3020 modicum
795 2978 925 3036 ponens,
942 2960 1035 3021 dein·
1089 2961 1280 3039 conjunctam
1297 2961 1423 3040 exigere
1438 2960 1588 3021 videstur.
1625 2961 1661 3023 Si
1676 2960 1792 3021 Domi·

359 3061 407 3122 eps
421 3045 696 3107 exterminabitur.
720 3043 859 3107 Graece:
887 3049 1036 3109 extermi·
1090 3065 1153 3109 nus
1183 3048 1338 3123 voluerit,
1371 3054 1401 3107 et
1429 3050 1621 3124 vicerimus,
1652 3048 1731 3107 sicut
1761 3047 1791 3106 in

359 3139 455 3205 atur,
483 3152 535 3194 seu
562 3135 664 3212 potius
684 3137 859 3208 evanescet,
886 3133 1035 3211 disparet.
1089 3132 1208 3196 Grseco
1224 3132 1336 3194 dictum
1353 3141 1401 3194 est
1415 3133 1528 3195 baberi.

359 3217 488 3282 istenim
511 3223 543 3280 in
562 3217 679 3282 Graeco
701 3231 792 3299 grets
812 3240 919 3283 vocum
943 3221 1035 3282 silini·
1135 3220 1249 3280 Verum
1275 3241 1335 3280 non
1361 3221 1403 3280 ite
1428 3219 1638 3301 accipiendum
1663 3227 1711 3281 est
1736 3218 1793 3281 hoc

359 3323 402 3368 te:
417 3298 602 3385 φαινομένη,
620 3299 842 3385 ἀφανιζομένη,
862 3325 1035 3384 opponens,
1090 3306 1230 3386 Apostoli
1252 3314 1463 3387 praeceptum,
1486 3316 1520 3369 ut
1542 3325 1665 3385 semper
1687 3305 1793 3387 lingue

359 3397 515 3470 ¹inpetrent.
553 3394 676 3455 Habent
690 3393 808 3455 Grecos
829 3397 989 3474 repetitum
1005 3397 1038 3455 in
1090 3393 1226 3454 dicemus
1240 3403 1415 3474 utrumque,
1438 3394 1489 3456 rel
1513 3393 1632 3475 aliquid
1651 3394 1792 3468 istorum:

359 3499 396 3542 ec
424 3481 515 3540 etism
547 3488 633 3560 perte
671 3481 821 3542 csuselem
857 3482 1037 3561 perticulam
1091 3499 1191 3559 neque
1221 3483 1299 3541 enim
1326 3482 1424 3541 sencti
1453 3482 1599 3562 leguntur
1626 3478 1690 3541 tsle
1715 3480 1792 3561 quid

359 3558 417 3644 ἀρε
447 3569 561 3645 Vesper
583 3570 669 3628 enim
691 3574 736 3629 est
759 3577 833 3641 etc.;
859 3567 914 3629 sed
930 3568 1036 3629 eodem
1091 3587 1236 3647 expresse
1251 3588 1369 3647 semper
1383 3567 1550 3646 adjecisse:
1566 3568 1620 3628 sed
1633 3567 1791 3647 inprimis,

359 3651 542 3728 mntem,
558 3674 619 3734 quo
635 3653 885 3734 prsecedentem3
900 3655 958 3715 boc
972 3675 1037 3716 sen·
1091 3662 1126 3713 ut
1141 3651 1263 3716 divinae
1281 3653 1505 3735 providentioe,
1521 3661 1705 3735 nostraeque
1715 3673 1791 3713 mor·

359 3759 393 3802 n:
420 3741 505 3803 Bene
525 3741 605 3815 dico,
638 3761 694 3801 vos
716 3743 849 3815 nescire,
879 3742 952 3821 qnid
972 3762 1039 3803 cres
1095 3739 1222 3802 talitatis
1239 3742 1446 3821 cogitationem
1460 3744 1560 3802 snimo
1573 3760 1692 3821 semper
1706 3760 1791 3820 gers·

359 3835 472 3890 murum
486 3831 528 3889 sit
541 3828 644 3901 vobis,
659 3848 750 3908 qunm
766 3848 823 3889 nec
838 3828 913 3888 illud
928 3831 1039 3902 scistis,
1091 3848 1167 3888 mus.
1205 3829 1325 3890 Deinde
1349 3837 1383 3889 ut
1412 3828 1562 3908 ejusmodi
1592 3827 1794 3888 conditionem

359 3933 458 3976 umes
473 3915 539 3975 sitis
553 3914 648 3975 futuri
662 3918 850 3994 superstites.
882 3914 961 3975 Nem
975 3918 1040 3977 vite
1092 3914 1240 3975 interdum
1271 3918 1362 3976 etiem
1388 3935 1462 3976 voce
1490 3917 1675 3994 exprimere,
1705 3921 1794 3995 prout

359 4002 561 4064 masnili:
577 4010 625 4063 est
647 4003 753 4082 sopori
769 4011 881 4064 eterre
896 4004 1039 4082 surgenti,
1093 4004 1304 4081 opportunitas
1337 4002 1454 4077 tulerit,
1482 4003 1566 4063 barud
1595 4001 1793 4081 negligemus.

359 4089 394 4165 nri
404 4087 443 4148 sd
455 4090 597 4169 exignum
609 4098 727 4169 tompus
740 4098 876 4169 apparet,
888 4098 919 4149 et
931 4088 1040 4150 deinde
1092 4088 1131 4149 Id
1147 4090 1224 4149 enim
1237 4089 1325 4150 nobis
1341 4088 1431 4149 valde
1448 4088 1587 4170 expedit,
1614 4090 1739 4168 pietatis
1759 4107 1795 4147 sc

359 4178 497 4236 mestit
510 4177 541 4236 in
556 4195 656 4237 eures.
695 4175 790 4235 Porro
811 4177 866 4236 sub
889 4175 1040 4236 brevitate
1093 4176 1260 4236 modestiae
1275 4195 1375 4235 cause.
1410 4176 1490 4236 Nero
1508 4197 1574 4237 cunr
1591 4176 1733 4236 dicimus:
1761 4177 1795 4236 Si

359 4261 581 4324 u‘dtndinem
621 4262 854 4342 comprehendit
901 4263 979 4323 Nem
1010 4270 1042 4322 et
1096 4264 1255 4324 Dominus
1285 4264 1440 4337 voluerit,
1477 4263 1664 4343 profitemur,
1691 4281 1795 4324 omncs

359 4341 416 4410 iled
440 4350 533 4412 breve
562 4359 711 4422 censetur,
742 4348 823 4428 quod
849 4350 891 4409 ite
920 4348 1041 4409 ossibus
1093 4356 1213 4411 nostres
1228 4351 1361 4409 actiones
1378 4350 1437 4409 Dei
1462 4359 1536 4411 nutu
1554 4369 1589 4408 sc
1604 4349 1796 4430 providentis

359 4433 478 4516 tudique
501 4436 673 4516 expositum
692 4442 750 4507 est,
778 4444 812 4495 nt
832 4434 870 4496 do
892 4436 960 4515 ejus
976 4435 1040 4496 diu·
1096 4437 1267 4518 gubernari.
1291 4435 1368 4497 Cum
1384 4446 1484 4497 sutem
1501 4437 1640 4497 dicimus:
1657 4438 1691 4498 Si
1707 4438 1795 4497 vire·

359 4525 484 4586 urnitete
505 4523 580 4583 nibil
606 4523 666 4584 sibi
688 4521 824 4603 polliceri
848 4523 918 4602 quis
933 4524 1040 4603 pessit
1094 4526 1206 4597 mmus,
1223 4543 1277 4584 nos
1290 4525 1371 4605 ipsos
1384 4523 1664 4586 commonefecimus
1676 4531 1796 4584 nostres

359 4603 585 4690 inmergant·
608 4611 689 4689 ipse,
713 4630 794 4689 ques
815 4609 898 4670 basis
921 4617 1040 4670 estom-
1095 4611 1303 4682 mortalitatis,
1331 4629 1414 4691 quse
1443 4619 1529 4671 tonte
1559 4618 1619 4682 est,
1651 4619 1684 4670 nt
1720 4609 1797 4671 nihil

359 4695 422 4760 tim
437 4699 635 4760 bumenerum
650 4699 815 4769 senonum,
842 4697 882 4755 sit
896 4697 982 4757 nobis
998 4697 1040 4756 in·
1097 4718 1220 4778 prorsus
1232 4697 1388 4768 defuturo,
1402 4697 1707 4778 quantulumcumque
1721 4696 1796 4758 illud

359 4786 523 4860 mxime:
540 4803 652 4844 ennon
664 4784 757 4843 stults
768 4785 972 4865 praesumptio
985 4790 1039 4856 est,
1097 4787 1152 4857 sit,
1183 4794 1294 4845 certum
1318 4783 1492 4845 babeamus.
1529 4785 1651 4844 Etenim
1675 4804 1713 4845 ex
1736 4803 1796 4865 quo

359 4865 382 4934 le
405 4873 481 4953 ipsis
511 4871 681 4932 ustionibus
711 4890 874 4950 eurumque
900 4890 1042 4931 successu
1095 4880 1251 4952 pecs-utum
1280 4873 1403 4932 intrarit
1433 4872 1463 4931 in
1492 4871 1618 4932 bominis
1647 4881 1795 4944 nutrirem,

359 4959 550 5024 .sfinitionom
567 4955 736 5018 absolutam
760 4959 791 5019 in
814 4957 937 5037 longum
952 4959 1042 5017 etiem
1096 4958 1169 5019 fecit
1184 4979 1249 5019 sem
1263 4961 1343 5020 omni
1354 4958 1428 5018 hore
1443 4967 1536 5037 etque
1546 4967 1694 5019 momento
1706 4961 1796 5019 morti

359 5065 459 5130 empne
474 5041 666 5108 extendere?
686 5044 759 5106 Huc
774 5062 870 5126 nsque
884 5042 1041 5127 parenthe·
1097 5044 1274 5120 obnoxium,
1301 5053 1336 5106 nt
1350 5045 1452 5108 nnllus
1474 5044 1600 5122 hebent,
1629 5045 1711 5127 quod
1726 5066 1794 5108 con·
