4442 5825
390 566 467 639 450
908 556 1143 613 comesurus
1161 557 1193 613 ut
1210 558 1276 613 cil.
1294 559 1334 613 ll.

391 741 463 821 quia
477 736 600 819 superbi
622 741 691 797 sunt
704 735 789 796 velut
803 736 959 797 invasores
974 737 1088 817 gloriae
1140 737 1318 798 humilitatis
1337 738 1499 817 inspirans,
1523 757 1580 816 per
1603 756 1693 817 quam
1713 744 1804 798 uetus

391 827 521 899 divinae,
543 823 614 884 dum
629 822 688 884 sibi
703 825 832 902 rapient,
856 822 938 903 quod
953 824 1013 885 Dei
1029 834 1086 884 est.
1142 826 1201 885 Dei
1217 824 1296 885 dona
1312 826 1468 904 recipiant
1492 823 1556 885 Sed
1572 822 1603 883 id
1619 822 1807 885 mirenortiu

390 913 589 974 Invasoribus
601 918 702 971 autem
714 919 744 970 et
756 910 924 991 raptoribus
935 914 982 971 vis
994 930 1087 992 oppo-
1143 921 1197 985 est,
1214 933 1274 972 non
1285 912 1431 989 justitiae.

392 1002 481 1074 nitur,
505 996 586 1080 quod
602 1006 646 1058 est
660 999 807 1057 resistere.
1185 999 1279 1059 Porro
1292 997 1443 1078 significat
1456 996 1632 1079 Apostolus,
1649 1016 1687 1059 ex
1697 994 1811 1078 superbia

434 1087 475 1149 At
489 1107 562 1148 varo
588 1087 761 1146 mansuetis
780 1092 809 1144 et
830 1084 1012 1157 humilibus,
1036 1083 1088 1164 qni
1142 1087 1233 1146 fnisse
1248 1095 1335 1145 natas
1349 1085 1559 1146 contentiones
1572 1092 1603 1145 et
1614 1078 1812 1157 uemulsu'o'nu,

391 1175 458 1235 Deo
480 1176 544 1254 jam
567 1173 646 1252 grati
667 1180 753 1246 sunt,
779 1179 812 1231 et
832 1171 871 1233 ab
897 1172 965 1251 ejus
992 1172 1089 1250 gratia
1142 1192 1179 1233 ee
1203 1180 1322 1233 caetera
1343 1173 1435 1244 vitia,
1465 1179 1571 1233 eontra
1599 1190 1680 1251 quse
1704 1172 1814 1253 superi!

391 1262 557 1343 praovonti,
572 1262 713 1336 pretium
723 1260 790 1334 dut,
807 1257 1089 1337 scilicetmajorem,
1144 1261 1221 1339 agit3
1251 1279 1377 1339 eamque
1408 1257 1446 1319 ob
1473 1276 1597 1319 causam
1625 1259 1659 1318 in
1683 1256 1815 1340 postulet&

390 1358 424 1409 nt
437 1348 547 1410 dictum
569 1356 622 1420 est,
647 1346 717 1407 duna
740 1355 832 1424 auget
852 1348 983 1425 gratiam
1005 1347 1088 1424 prius
1145 1349 1207 1407 suis
1222 1366 1282 1406 non
1304 1345 1399 1406 fuisse
1414 1347 1581 1406 exauditos.
1604 1344 1722 1408 Idcirco
1736 1362 1815 1426 sup*

391 1436 501 1507 datam,
524 1454 561 1493 ac
582 1452 662 1493 nova
684 1432 814 1494 subinde
837 1433 952 1513 gratiae
966 1450 1090 1492 munera
1144 1433 1198 1493 bos
1225 1452 1276 1494 eos
1301 1432 1351 1493 hic
1376 1440 1475 1494 vocat.
1506 1433 1655 1493 Hortatur
1677 1426 1817 1494 ruuutd

390 1521 542 1605 prioribus
571 1520 684 1600 adjicit.
726 1520 890 1580 Humilitas
920 1520 1000 1579 enim
1030 1539 1091 1579 non
1143 1520 1340 1581 bumilitatem
1365 1517 1614 1600 amplectendum,
1639 1519 1817 1583 eretriae

391 1618 506 1671 tanmm
521 1609 620 1687 gratia
643 1614 697 1679 est,
719 1605 772 1667 sed
796 1609 885 1667 etiam
908 1626 965 1667 ras
979 1606 1091 1686 gratin-
1144 1606 1244 1667 audiri
1267 1616 1297 1667 et
1319 1607 1481 1667 exaltaria
1497 1606 1573 1666 Dee.
1606 1604 1701 1686 Quod
1719 1604 1816 1688 quid!

391 1717 466 1758 rum.
500 1696 564 1755 Dat
591 1695 671 1754 enim
695 1695 778 1754 Deus
804 1693 1015 1765 humilitatem,
1042 1692 1091 1753 cui
1144 1697 1175 1754 in
1190 1694 1386 1774 sequentibus
1401 1696 1466 1774 agit
1480 1694 1666 1774 expressius

343 1854 346 1858 ⁴
391 1793 543 1864 tamquam
560 1782 626 1841 vasi
649 1780 726 1840 alias
741 1782 871 1841 virtutes
886 1778 1036 1853 infundat,
1058 1786 1091 1839 ut
1189 1783 1217 1842 7.
1247 1781 1373 1842 Subditi
1398 1799 1472 1858 erqo
1495 1788 1590 1841 estote
1613 1782 1693 1843 Dee.
1723 1778 1755 1841 Id
1777 1784 1816 1855 ed,

392 1875 423 1933 in
438 1890 474 1932 eo
491 1876 714 1931 conserventur.
737 1866 828 1929 Unde
843 1866 973 1928 humiles
989 1867 1091 1946 typice
1145 1887 1197 1948 per
1220 1887 1323 1929 veram
1345 1867 1543 1927 humilitatem
1565 1886 1623 1929 vos
1645 1866 1692 1929 illi
1713 1866 1816 1929 substu-

391 1977 448 2040 per
463 1956 562 2017 valles
578 1955 793 2034 significantur,
817 1974 897 2034 quae
916 1973 1011 2033 equos
1027 1971 1090 2013 coe·
1145 1957 1217 2025 nite,
1241 1955 1415 2016 confitentes
1429 1964 1555 2035 peccata
1570 1964 1684 2028 vestra,
1706 1964 1734 2016 st
1746 1972 1815 2034 ugus·

392 2047 485 2107 lestes
499 2042 667 2120 suscipiunt
682 2060 718 2100 ac
730 2043 868 2114 retinent,
884 2042 1013 2120 ideoque
1029 2039 1089 2099 fru-
1145 2049 1274 2114 scentes,
1291 2062 1380 2121 qnam
1396 2041 1462 2102 sine
1476 2039 1530 2101 illo
1545 2040 1624 2102 nihil
1640 2044 1763 2123 possitis
1782 2038 1816 2101 Its

361 2132 507 2219 'gilarae
531 2139 607 2201 sunt,
629 2130 703 2189 Luc
720 2128 765 2187 3.:
796 2131 906 2190 Omnia
921 2128 1015 2189 vallia
1028 2130 1091 2186 im·
1145 2129 1206 2197 fiet,
1226 2137 1260 2188 nt
1275 2128 1401 2208 gratiam
1417 2128 1595 2208 ampliorem
1610 2126 1815 2212 consequauiu‘

390 2217 544 2296 plebitur,
559 2215 744 2277 Psalm.64.:
763 2215 1092 2278 Velleeebumlubunt
1189 2217 1332 2276 Resists'te
1356 2223 1462 2275 autem
1486 2215 1630 2291 diabolo,
1654 2224 1685 2277 et
1704 2219 1815 2295 supas

390 2308 565 2385 fruniento.
599 2302 729 2362 Pulchre
751 2304 781 2363 S.
798 2305 986 2383 Augustinus
1004 2321 1091 2361 serm.
1148 2303 1241 2364 vebia.
1257 2307 1369 2363 Autem
1384 2301 1420 2362 de
1431 2302 1645 2382 snoadjiciunt
1656 2306 1815 2385 interprete

394 2394 444 2456 27.
460 2390 499 2452 de
513 2389 615 2451 verbis
632 2390 764 2462 Domini,
786 2388 914 2467 loquens
930 2391 968 2450 de
983 2389 1091 2460 Maris,
1145 2390 1249 2450 Innuit
1265 2388 1437 2468 Apostolus,
1460 2410 1479 2450 a
1503 2388 1634 2463 diabolo,
1658 2394 1709 2471 qui
1727 2398 1815 2452 estrat

393 2498 496 2541 sorore
512 2478 638 2537 Lausri:
661 2476 795 2539 sedebat
812 2477 856 2536 ud
869 2476 964 2554 pedes
978 2479 1091 2553 cepitis
1145 2496 1240 2555 super
1263 2494 1370 2538 omnes
1392 2475 1474 2553 filios
1496 2477 1677 2554 superbiae,
1703 2476 1815 2547 Jobtt,

393 2569 503 2630 nestri
532 2568 662 2644 Quanto
677 2564 827 2624 humilius
841 2563 976 2639 sedebat,
1000 2570 1091 2623 torrto
1146 2566 1307 2625 suscitatas
1322 2562 1417 2623 fuisse
1433 2562 1503 2625 lites
1518 2572 1550 2625 et
1566 2562 1815 2637 contentiones&

394 2654 534 2731 amplius
556 2650 710 2727 capiebat.
734 2651 877 2729 Oeotluit
900 2655 985 2711 enim
1004 2668 1090 2727 eque
1145 2652 1254 2732 quibus
1277 2671 1378 2732 supra.
1401 2650 1482 2711 Hinc
1505 2669 1580 2711 vero
1602 2660 1696 2732 petet,
1717 2648 1815 2712 ncuitt

395 2742 440 2802 ad
465 2739 677 2800 humilitatem
707 2740 881 2815 conuallis3
916 2738 1028 2817 defluit
1053 2738 1092 2797 de
1146 2740 1255 2800 tentari
1277 2756 1524 2818 unumquemque
1546 2758 1566 2798 a
1588 2742 1712 2821 propria
1732 2754 1814 2799 coust·

395 2826 573 2888 tumoribus
587 2825 685 2885 sollio.
1145 2827 1301 2906 piscantia,
1318 2823 1398 2904 quod
1411 2823 1489 2885 dixit
1501 2844 1567 2905 cap.
1583 2831 1618 2899 1.,
1636 2834 1671 2886 nt
1682 2846 1737 2887 nou
1747 2824 1830 2887 aaut

437 2915 483 2976 Ex
507 2933 569 2993 qua
590 2910 791 2973 declaratione
814 2910 904 2991 hujus
920 2911 1092 2991 Scripturae
1146 2911 1286 2974 diabolus
1317 2916 1345 2972 in
1375 2913 1526 2972 tentandis
1556 2911 1729 2975 hominibus
1751 2908 1829 2972 mn'

393 3003 507 3082 liquot,
541 3018 619 3060 eum·
637 2997 870 3078 haudquaquam
909 2997 1091 3078 patrocinari
1144 3001 1296 3079 negotium
1311 3007 1390 3079 agat.
1412 2997 1484 3079 Ipse
1499 3000 1578 3061 cuim
1594 3001 1660 3062 suis
1675 2997 1813 3082 suggesti*

394 3087 576 3167 Pelagianis,
600 3086 652 3164 qui
666 3086 790 3166 gratiam
807 3087 874 3147 dari
890 3085 1030 3146 dicebant
1043 3103 1091 3143 se·
1145 3087 1232 3147 nibus
1263 3088 1527 3165 concupiscentiae
1560 3085 1698 3150 tomitem
1732 3087 1814 3147 eraut

395 3173 524 3235 cundum
540 3174 647 3233 merita
661 3181 772 3232 nostra.
795 3173 871 3232 Nam
887 3175 992 3233 merita
1007 3171 1090 3231 intel·
1144 3183 1237 3253 atque
1251 3173 1392 3234 incendit
1414 3173 1575 3233 Resistitnr
1595 3185 1699 3236 antem
1713 3169 1813 3244 diabeh

394 3260 546 3341 ligabant,
572 3279 651 3338 quae
673 3278 712 3319 ex
735 3259 821 3319 nobis
844 3268 929 3330 sunt,
955 3277 1091 3339 quaeque
1145 3260 1215 3320 dum
1231 3260 1295 3339 ejus
1312 3260 1532 3320 tentationibus
1544 3270 1812 3342 opponeremus

394 3350 526 3429 gratiam
548 3347 607 3407 Dei
632 3346 839 3425 praeveniunt
872 3346 915 3406 At
936 3345 1091 3406 ediverso
1145 3346 1254 3427 quibus
1269 3366 1324 3405 nos
1341 3348 1461 3407 instruit
1475 3346 1600 3420 Paulus,
1615 3349 1729 3430 Ephes.
1744 3339 1811 3407 el

395 3437 550 3496 confirmat
582 3433 688 3493 eadem
718 3433 871 3512 Scriptura
900 3431 1090 3492 catholicam
1145 3454 1233 3495 cens:
1250 3435 1392 3510 Accipite
1408 3442 1612 3495 assumerem
1630 3437 1702 3509 Dei,
1716 3441 1811 3509 uper

396 3521 569 3590 doctrinam,
592 3538 670 3598 quae
690 3519 791 3592 tradit,
815 3520 962 3580 hominem
979 3517 1089 3597 justiti·
1143 3524 1209 3582 sitls
1224 3524 1365 3580 resistere
1382 3523 1417 3580 in
1433 3520 1484 3580 die
1499 3521 1596 3580 mole.
1620 3522 1664 3583 nt
1679 3520 1764 3582 inira:
1784 3513 1811 3576 ΙΙ

396 3617 494 3669 cetum
510 3607 597 3668 bonis
613 3606 756 3686 operibus
775 3626 811 3666 nc
826 3608 857 3666 in
872 3607 976 3686 primis
993 3605 1089 3665 humi·
1145 3607 1289 3668 omnibus
1310 3614 1468 3669 sumentes
1481 3615 1605 3668 scutum
1620 3610 1707 3686 fidei,
1727 3611 1758 3668 ir
1768 3615 1810 3682 μ

395 3695 482 3756 litate
502 3695 607 3754 mereri
630 3694 745 3772 gratiae
768 3702 973 3772 augmentum.
1004 3692 1092 3752 Haec
1141 3697 1267 3772 poscitis
1297 3698 1409 3755 omnic
1438 3695 1503 3754 telo
1532 3698 1718 3772 nequissimi
1741 3697 1816 3770 W

396 3784 476 3843 enim
499 3783 608 3842 merita
630 3778 715 3840 nobis
737 3799 776 3840 ax
791 3779 858 3840 Deo
882 3798 946 3839 csse
968 3779 1090 3859 profite·
1145 3786 1350 3857 exstinquere.
1375 3782 1421 3841 De
1443 3800 1504 3861 quc
1526 3791 1557 3842 et
1581 3781 1691 3844 Petrus
1714 3773 1816 3860 1313¹

395 3889 470 3940 mur,
496 3888 515 3927 a
534 3887 595 3947 quo
618 3885 711 3926 omne
733 3867 846 3926 dotum
871 3869 1037 3942 optimum,
1062 3874 1091 3926 et
1146 3869 1192 3928 5.:
1214 3871 1274 3930 Cui
1288 3871 1431 3942 resistite,
1445 3868 1547 3945 fortes
1561 3872 1599 3930 in
1614 3869 1688 3946 lide.

395 3973 489 4016 omne
512 3955 633 4016 donum
657 3954 855 4031 perfectum,
879 3954 957 4013 siout
978 3952 1089 4012 dictum
1187 3956 1293 4016 Potest
1315 3957 1405 4034 igitur
1427 3965 1456 4015 et
1472 3955 1505 4014 B.
1521 3954 1633 4017 Jeeobi
1647 3959 1809 4039 praecepit!

396 4050 442 4102 est
457 4061 523 4118 cap.
542 4046 568 4101 1.
591 4041 688 4101 Docet
710 4049 811 4100 autem
826 4039 903 4100 haec
918 4041 1090 4119 Scripturae
1144 4045 1188 4103 sie
1211 4043 1324 4119 accipi:
1346 4044 1490 4105 Resistite
1512 4043 1643 4105 diabolo
1666 4063 1720 4125 per
1737 4037 1809 4118 fid!=

396 4130 565 4199 sententia,
594 4125 847 4207 quemadmodum
872 4127 951 4187 aliae
978 4127 1090 4187 multae
1143 4129 1202 4190 Sed
1219 4128 1293 4188 nihil
1309 4139 1399 4201 vetat,
1416 4131 1504 4188 etism
1522 4139 1660 4192 caeteras
1675 4125 1810 4192 ernnust

395 4214 516 4284 similes,
540 4214 612 4292 quid
629 4214 715 4274 Deus
730 4223 803 4292 agat
818 4223 852 4272 ut
866 4213 963 4291 judex
979 4234 1015 4273 ac
1031 4232 1089 4272 ma·
1145 4218 1202 4276 Dei
1218 4224 1318 4296 partes
1334 4215 1472 4295 intelligi,
1495 4219 1675 4294 praesertim
1692 4213 1779 4278 hurd·

394 4304 517 4364 ritorum
533 4301 687 4362 discretor.
711 4303 837 4362 Resietit
852 4301 1091 4378 enimsuperbis
1144 4313 1211 4370 tem,
1240 4311 1271 4361 et
1297 4322 1335 4362 ex
1358 4322 1394 4363 ce
1420 4301 1589 4381 proiectum
1611 4305 1766 4366 orationem
1799 4365 1805 4378 ι

394 4408 432 4451 ec
446 4389 598 4466 deprimit
612 4407 674 4463 eos,
700 4387 844 4466 quiahoc
867 4408 968 4448 eorum
985 4407 1088 4466 super·
1143 4390 1250 4449 Deum.
1281 4389 1361 4448 Nam
1383 4388 1421 4449 de
1444 4389 1617 4451 bumilitate
1643 4413 1722 4452 nuuc

394 4476 443 4538 bia
459 4484 605 4550 meretur3
628 4474 799 4535 humilibus
818 4483 925 4534 eutem
942 4475 998 4534 dut
1013 4494 1089 4551 pru·
1142 4483 1292 4537 versatur.
1315 4475 1381 4536 Nee
1404 4474 1467 4534 nlla
1482 4474 1544 4536 slis
1559 4497 1593 4538 re
1608 4479 1706 4559 magis
1720 4475 1747 4538 iu

394 4567 483 4636 tiam,
496 4581 612 4641 cosque
624 4562 747 4626 exaltet,
760 4565 903 4630 qnoniam
917 4560 945 4622 id
959 4571 1090 4622 meretur
1144 4563 1288 4635 diabolus,
1310 4583 1401 4641 qnam
1416 4562 1599 4637 hnmilitate,
1623 4567 1761 4647 quippsq

395 4669 499 4710 eorum
521 4647 684 4710 humilitas.
707 4648 818 4708 Veram
838 4651 910 4726 quis
927 4648 1014 4706 malis
1029 4669 1089 4708 nen
1142 4651 1274 4710 maxime
1289 4649 1387 4710 oderit
1403 4651 1470 4728 ipse
1485 4651 1727 4730 superbissimus.
1800 4723 1803 4730 ¹

395 4757 514 4816 semper
536 4737 675 4816 rependit
697 4735 798 4806 Deus,
821 4737 903 4813 quod
929 4745 1089 4804 merentur,
1187 4735 1248 4797 Sed
1270 4735 1419 4818 quomodo
1444 4737 1541 4815 fugiet
1556 4757 1577 4798 a
1592 4739 1692 4812 nobis,
1712 4737 1772 4800 rial
1804 4737 1806 4742 ’

395 4844 454 4884 non
472 4823 543 4883 hnic
560 4839 711 4903 repugnat
732 4823 905 4892 sentcntiae,
929 4822 1010 4900 quod
1034 4819 1088 4881 ali·
1143 4826 1298 4896 sistamus,
1324 4825 1377 4904 qui
1400 4841 1563 4903 numqaum
1588 4843 1644 4886 uos
1668 4847 1727 4908 opp

395 4909 515 4988 quando
530 4909 675 4989 superbos
687 4908 828 4987 deprimit
844 4916 874 4966 ct
888 4905 1027 4968 humiliat
1041 4927 1088 4970 sa·
1144 4908 1266 4985 desinit3
1291 4913 1351 4970 imo
1377 4909 1523 4972 adversus
1549 4912 1728 4976 resistentes

394 4994 526 5070 lubriter,
541 5005 722 5058 convertens
737 5014 791 5056 eos
806 4992 847 5054 sd
857 5012 899 5068 se,
913 5003 944 5056 et
958 4996 1089 5074 gretiam
1142 4999 1269 5058 mentius
1285 4995 1437 5078 insurgit?
1450 4997 1655 5080 Respondete:
1669 5002 1777 5084 hm
