4442 5825
787 572 953 632 muretus
968 575 1010 632 so
1027 574 1191 633 numos
1225 563 1310 632 ems:
1330 577 1372 632 ιι.
1727 584 1800 653 m

371 750 491 812 'eremis
518 751 674 813 recensuit
701 748 866 831 Apostolus
894 754 926 814 in
951 752 1053 833 sepite
1105 758 1206 814 mento
1228 753 1369 812 Erssmus
1391 753 1423 812 in
1444 752 1510 812 suis
1532 760 1664 814 sunotst
1687 754 1804 814 suetori

371 837 552 898 rseoedenti.
573 837 652 899 Hem
664 838 824 900 coelestem
835 837 1052 901 bremetensem
1105 840 1197 920 bujue
1209 839 1367 919 Epistulae
1378 839 1519 920 peritiem
1532 837 1662 902 detrahit
1673 840 1803 903 Hebrei·

371 926 488 1006 s‘spusm
509 923 577 987 deri
586 932 658 986 ente
673 934 798 987 mortem
818 927 1051 1006 etglorificstio·
1106 946 1159 988 cue
1185 926 1316 1005 linguee.
1354 925 1517 1005 (lejetenns
1540 935 1656 1001 eutem,
1683 927 1804 1007 longius

371 1031 417 1075 suu
431 1010 564 1087 Christi,
579 1031 771 1096 nequsqusm
786 1013 845 1074 init
860 1015 1051 1076 conveniens.
1104 1032 1296 1094 progressus,
1321 1033 1382 1074 uon
1404 1013 1501 1073 solnm
1520 1014 1611 1086 dicit,
1636 1015 1715 1075 hene
1731 1015 1804 1095 Epi·

393 1098 443 1160 lux
457 1100 618 1178 praesenti
641 1099 724 1173 loco,
746 1100 799 1160 ubi
815 1100 982 1180 Apostolus
1002 1120 1050 1162 ur·
1105 1101 1212 1162 stolum
1227 1118 1389 1180 numquam
1404 1099 1502 1161 Peulo
1516 1101 1614 1161 visum
1628 1100 1737 1180 fuieee;
1750 1121 1801 1162 ve·

371 1185 603 1262 ,etvoesbulum
618 1189 815 1263 testamenti,
843 1189 972 1270 ejusque
983 1209 1050 1270 pro·
1104 1207 1168 1248 rum
1184 1188 1271 1248 etiem
1288 1186 1410 1248 dubiem
1433 1186 1534 1249 reddit
1556 1187 1622 1266 ejus
1643 1189 1804 1250 auctorite·

371 1274 446 1336 siem
468 1273 739 1353 significationem,
762 1284 797 1335 ot
821 1274 942 1347 doceat,
965 1295 1050 1356 opor·
1104 1290 1172 1349 tem,
1191 1275 1265 1334 sicut
1281 1272 1491 1335 admonuimus
1512 1275 1544 1333 in
1562 1273 1801 1355 prolegomenis;

371 1361 442 1421 s’nse
458 1359 613 1421 Christum
626 1362 714 1435 mori,
731 1360 863 1424 solidum
879 1362 953 1423 mibi
968 1362 1050 1424 vide·
1104 1360 1158 1421 ubi
1173 1362 1252 1422 inter
1267 1360 1344 1434 elie,
1367 1380 1448 1441 queo
1463 1367 1567 1422 contre
1590 1360 1667 1422 beno
1682 1362 1802 1443 Episto-

371 1457 620 1526 urergnmentum
632 1449 721 1522 sumi,
737 1467 797 1530 quo
809 1445 957 1521 doceatur,
973 1449 1051 1510 hene
1105 1447 1163 1508 lem
1187 1446 1382 1527 objiciuntur,
1406 1449 1495 1511 etism
1515 1447 1571 1509 boe
1595 1457 1804 1528 argumentum

371 1534 522 1614 ip’sstolem
552 1554 612 1595 non
642 1534 810 1605 Hebreioe,
852 1535 905 1597 sed
935 1535 1052 1598 Graece
1104 1535 1274 1615 posuimus,
1290 1535 1399 1595 ordine
1414 1544 1550 1608 sextum,
1572 1534 1722 1598 solutione
1738 1536 1804 1614 ejus

371 1623 481 1682 ssimum
496 1623 639 1700 scriptum
655 1621 760 1683 fuisse.
797 1621 876 1683 Num
892 1631 927 1682 ut
942 1643 981 1684 ox
995 1624 1050 1686 Le·
1106 1623 1135 1681 iu
1151 1629 1340 1702 praesentem
1355 1622 1454 1683 locum
1470 1622 1574 1683 dilate.

371 1710 416 1770 ins
437 1726 517 1768 soce
538 1715 777 1783 testasurntrsm,
807 1709 851 1769 ite
872 1728 912 1769 ex
934 1709 1053 1771 Greece
1148 1707 1279 1769 Multum
1296 1717 1377 1769 certe
1398 1710 1428 1768 iu
1450 1728 1486 1769 eo
1502 1707 1646 1771 solvendo
1662 1706 1804 1771 leborsnt

371 1787 487 1873 Ηήκη
503 1795 582 1857 bene
596 1795 733 1875 procedit
747 1796 952 1871 rstiooinetio;
971 1797 1050 1857 scili·
1104 1796 1249 1857 neoterici
1276 1793 1424 1874 Oejeteno
1452 1797 1640 1876 posteriores
1678 1795 1757 1858 Nem
1784 1816 1804 1859 e

371 1890 405 1942 ret
426 1892 526 1943 retem
552 1901 612 1943 non
636 1899 705 1943 esse
730 1882 966 1963 dispositionem,
993 1884 1052 1944 nisi
1104 1883 1299 1964 scriptoribus
1315 1883 1536 1962 antiquioribus
1555 1882 1631 1944 hese
1644 1880 1804 1945 difficultas

371 1978 447 2030 sorte
462 1969 652 2048 disponentis
664 1969 862 2031 confirmetur.
886 1970 979 2052 Atqui
990 1989 1052 2030 vox
1105 1990 1165 2030 nou
1180 1971 1333 2030 invonitur
1347 1977 1482 2031 trecnte
1505 1969 1672 2047 Nonnulli,
1685 1977 1720 2030 bt
1734 1969 1805 2032 buis

371 2054 510 2116 Hebrus:
525 2055 658 2129 Beritls,
676 2075 756 2136 quse
770 2057 881 2136 legitur
895 2056 955 2117 illie
970 2057 1050 2118 Scri·
1105 2055 1267 2136 objectioni
1286 2056 1491 2133 satisfacient,
1516 2055 1652 2119 letentur
1673 2057 1804 2138 quidem,

371 2150 460 2221 ptmse
473 2142 565 2216 locis,
580 2141 620 2203 ed
635 2161 716 2223 quse
730 2144 843 2204 Psulus
858 2145 998 2225 respicit,
1018 2151 1051 2205 nt
1104 2143 1277 2205 Hebraeum
1298 2142 1478 2204 vocebnlum
1502 2146 1614 2206 Beritb
1636 2146 1748 2225 pessim
1773 2146 1805 2206 in

371 2227 468 2291 leem
485 2233 537 2292 31.
553 2238 583 2290 et
597 2228 696 2292 Exod.
712 2231 779 2304 24„
794 2251 854 2292 non
869 2229 952 2292 eliud
962 2232 1051 2311 signi·
1104 2230 1270 2312 Scriptnris
1286 2230 1327 2289 ite
1342 2230 1487 2310 genersle
1502 2250 1575 2305 esee
1590 2240 1624 2291 ut
1638 2251 1699 2293 non
1710 2230 1803 2307 eliud,

371 2314 428 2390 lut
443 2335 537 2396 quern
552 2315 661 2377 foedus
675 2335 730 2378 seu
744 2325 866 2397 pentum
878 2320 909 2379 in
925 2336 1052 2397 genere,
1106 2336 1197 2396 quum
1210 2323 1341 2395 portum
1357 2316 1523 2396 significet,
1547 2325 1698 2378 caeterum
1712 2318 1802 2379 inter·

371 2404 419 2464 ire
437 2402 516 2465 illud
537 2403 577 2464 sit
598 2403 659 2464 Dei
680 2422 748 2465 eum
774 2403 958 2479 bominibus,
985 2406 1051 2465 sive
1104 2402 1174 2465 dum
1191 2406 1284 2465 etiem
1299 2403 1472 2484 specisliter
1495 2403 1571 2465 illud
1586 2405 1684 2485 eccipi
1699 2404 1805 2466 solunt

371 2491 504 2551 bominum
520 2491 599 2552 inter
612 2508 663 2566 se;
682 2499 713 2551 et
726 2492 793 2552 sive
808 2501 904 2553 morte
918 2491 1050 2571 elicujns
1103 2510 1158 2571 pro
1170 2499 1269 2568 paeto
1281 2493 1529 2575 ustoruentors'o.
1552 2489 1614 2553 Sed
1629 2489 1701 2551 dum
1715 2490 1802 2552 locus

371 2576 547 2639 prometur
562 2585 592 2638 et
604 2584 701 2637 rstnm
712 2576 773 2650 fist,
789 2578 852 2639 sive
863 2600 932 2653 non,
947 2598 1050 2659 quem·
1104 2579 1252 2658 exigitur,
1266 2597 1374 2640 revere
1387 2577 1461 2639 nihil
1476 2577 1631 2654 redierunt,
1657 2596 1718 2659 qno
1733 2597 1801 2659 pro·

371 2662 516 2724 sinodum
532 2681 572 2726 ex
584 2664 746 2727 innumeris
757 2664 918 2746 Scripturie
934 2664 1051 2727 ostendi
1103 2665 1175 2726 bont
1188 2665 1265 2727 benc
1280 2685 1365 2727 suem
1377 2666 1594 2747 exceptionem.
1617 2664 1707 2747 Quod
1721 2665 1802 2729 cuim

371 2757 461 2830 petest
490 2751 603 2831 Iteque
627 2748 710 2811 nulls
723 2753 938 2834 consequentis
953 2760 998 2815 est
1012 2773 1050 2814 ex
1105 2753 1247 2833 scriptum
1274 2759 1319 2813 est
1342 2752 1435 2814 Zecb.
1460 2756 1506 2816 u:
1536 2756 1586 2816 dis
1613 2771 1738 2833 quoque
1767 2754 1804 2816 in

371 2836 494 2898 lidrrseo
516 2837 667 2898 socsbulo
687 2839 819 2917 Beeitls,
845 2848 880 2900 ut
902 2842 978 2901 mori
1000 2837 1050 2901 de·
1103 2843 1261 2918 conputus
1275 2842 1454 2901 testosuemi
1473 2843 1522 2902 tui
1537 2843 1665 2902 emisisti
1682 2843 1803 2903 cissetcs

371 2925 437 2999 test,
466 2926 519 3005 qni
540 2932 662 3007 pectem
677 2923 760 2986 iecit
798 2928 841 2988 At
853 2947 953 3009 neque
966 2927 1051 2989 eliud
1103 2936 1174 2989 trsos
1188 2927 1228 2990 de
1242 2929 1316 2989 loeus
1322 2972 1333 3004 ,
1350 2928 1440 2990 docet
1455 2928 1591 3008 quidem,
1605 2936 1697 3009 pects
1711 2929 1801 2990 intes

371 3020 453 3074 mstst
465 3014 497 3074 in
511 3014 605 3074 serris
619 3011 715 3073 literis
727 3014 907 3076 vocobulum
921 3015 1049 3077 Hebrei·
1103 3014 1175 3076 dum
1190 3016 1300 3077 sanciri
1315 3016 1478 3096 sunguine,
1493 3014 1578 3097 quod
1590 3036 1679 3078 nemo
1693 3023 1802 3096 neget,

371 3100 1051 3268 fflffitttttttfuuttt
1102 3100 1427 3251 satellitii
1440 3103 1801 3271 tuitlttttltt

1039 3221 1049 3234 ’
1406 3233 1418 3265 r
1793 3236 1802 3267 s

371 3272 476 3335 fient
500 3274 594 3356 Quod
606 3272 777 3354 intelligens
785 3275 881 3355 Syros
893 3277 1049 3357 interpres,
1103 3276 1250 3356 ejusmodi
1265 3277 1453 3338 sanctionem
1468 3275 1591 3339 includi.

371 3362 530 3424 mute
541 3360 714 3443 compulsus
724 3372 780 3437 est,
796 3364 905 3425 omisso
921 3362 1048 3425 Hebrei·
1146 3363 1255 3436 Dicee,
1281 3363 1501 3443 Hieronymum
1517 3366 1561 3425 its
1575 3364 1722 3437 sensisse,
1745 3364 1801 3444 qui

371 3464 410 3507 so:
422 3449 542 3524 Brettii,
558 3468 617 3531 quo
628 3448 705 3509 elios
715 3466 836 3530 semper
846 3452 947 3525 utitor,
960 3450 1051 3511 οιίιω
1102 3458 1323 3513 munientem
1338 3450 1481 3524 verterit,
1499 3471 1559 3512 non
1570 3458 1712 3529 paetum.
1748 3451 1800 3513 Ad

371 3533 456 3597 *stae
469 3535 609 3617 Epistols
624 3535 769 3597 Gmeosm
792 3556 896 3599 vocem
910 3536 967 3599 hcc
981 3537 1049 3598 loco
1102 3539 1159 3600 hoc
1181 3539 1293 3619 optime
1316 3535 1481 3617 respondet
1505 3535 1631 3612 Bibere,
1658 3537 1800 3619 quonism

371 3621 493 3698 ffiuere,
520 3642 650 3704 eumque
674 3622 808 3702 Syriecis
829 3623 928 3685 literis
950 3623 1048 3705 expri-
1101 3626 1189 3687 istius
1215 3623 1390 3705 Scriptores
1414 3624 1499 3686 locus
1520 3634 1584 3686 eret
1605 3624 1745 3706 snlgstns
1769 3632 1801 3685 et

371 3725 442 3770 seru
462 3708 522 3771 Sed
538 3708 578 3770 de
593 3710 650 3770 beo
665 3728 698 3770 re
716 3711 791 3773 setis
806 3712 920 3792 egimus
935 3713 966 3773 in
980 3731 1047 3792 pro·
1102 3711 1220 3774 celeber
1244 3713 1275 3772 in
1303 3711 1464 3786 Ecclesiis,
1490 3714 1521 3774 in
1547 3712 1657 3795 quibus
1683 3729 1799 3793 semper

371 3790 458 3876 hcm
470 3796 561 3879 liujus
572 3798 680 3878 Epist,
696 3796 835 3859 adductis
846 3798 937 3859 etism
948 3804 1048 3860 eucto·
1097 3801 1187 3880 juxte
1198 3799 1297 3861 LXX.
1308 3798 1478 3879 legebstnr:
1492 3802 1537 3861 Et
1548 3808 1584 3862 tu
1595 3802 1631 3862 iu
1641 3802 1799 3876 conputus

371 3879 449 3957 rbus,
463 3886 516 3966 qui
530 3883 686 3946 nobiscum
701 3886 841 3946 sentiunt.
1101 3890 1280 3949 assumente·
1303 3894 1375 3961 etc,
1399 3887 1560 3949 retinuisse
1582 3886 1706 3969 quidem
1726 3886 1799 3949 Hie·

398 3968 504 4033 Verum
532 3972 583 4033 hic
612 3971 705 4032 oritur
733 3993 844 4053 msgm
877 3970 1047 4034 difficultas.
1101 3993 1259 4055 ronymum
1289 3978 1468 4035 testamenti
1492 3994 1617 4050 nomen,
1646 3973 1699 4036 sod
1726 3973 1800 4055 qnid

371 4054 426 4119 ism
452 4060 478 4120 si
509 4079 571 4121 rox
596 4056 752 4131 Hebrees,
783 4078 861 4140 quse
887 4059 1049 4141 respondet
1100 4061 1299 4140 intelligeret,
1323 4063 1512 4141 expressisse
1533 4064 1565 4123 in
1579 4062 1799 4139 commentorio,

371 4149 553 4222 Memento,
583 4166 643 4207 non
661 4144 746 4205 eliud
760 4146 926 4227 significet,
953 4166 1047 4227 quern
1101 4168 1168 4210 cnm
1194 4150 1253 4209 eit:
1283 4150 1325 4211 In
1347 4152 1504 4225 sanquine
1530 4153 1709 4212 testamenti
1733 4152 1800 4212 siue

371 4240 477 4294 edesus
500 4241 553 4294 sut
572 4233 706 4312 foedus,
735 4252 771 4293 ex
796 4254 857 4314 quo
876 4254 937 4294 non
958 4233 1048 4295 licoet
1099 4237 1188 4314 poeti
1202 4238 1258 4297 tui.
1280 4234 1370 4297 Unde
1386 4242 1417 4295 et
1435 4235 1474 4297 ed
1489 4236 1543 4298 ille
1558 4239 1652 4300 verbe
1666 4236 1798 4300 Hslecln

371 4318 456 4382 desse
470 4330 596 4382 mortem
612 4321 694 4400 ejus,
721 4321 775 4399 qui
789 4322 870 4402 pecti
885 4323 923 4382 sit
937 4330 1047 4396 euctm,
1102 4328 1148 4385 2:
1185 4324 1225 4384 Ut
1240 4331 1315 4385 esset
1335 4329 1466 4400 paetum
1486 4344 1590 4386 meum
1614 4344 1684 4386 eum
1708 4326 1798 4400 Levi,

371 4406 437 4469 side
461 4409 555 4489 igitur
578 4408 694 4469 infirmo
720 4406 914 4469 fundamento
942 4410 1048 4470 nititur
1100 4408 1181 4471 idem
1209 4411 1415 4491 Hieronymus
1439 4412 1623 4491 generaliter
1647 4411 1798 4485 admonet,

371 4495 487 4577 lpostnli
503 4494 709 4568 ratiocinatio,
726 4515 801 4576 qne,
823 4494 983 4577 edsnmpto
998 4503 1046 4556 te·
1101 4499 1133 4558 in
1162 4497 1316 4580 plerisque
1345 4499 1569 4577 Scriptnrerum
1598 4500 1672 4561 locis
1702 4505 1798 4559 testa·

371 4585 495 4645 umenti
521 4582 685 4657 voesbnlo,
716 4581 846 4663 colligit,
877 4583 1047 4665 oportuisse
1099 4592 1242 4647 mentum
1271 4605 1330 4647 nou
1368 4583 1554 4665 voluntatem
1592 4586 1800 4648 detunctorum

371 4670 501 4733 wem
530 4670 613 4730 mori
655 4670 754 4732 Sumit
780 4670 878 4745 enim,
906 4670 988 4751 quod
1015 4672 1046 4732 in
1101 4692 1224 4747 sonere,
1256 4672 1309 4734 sed
1338 4683 1459 4754 paetum
1489 4675 1665 4736 viventium.
1715 4672 1800 4734 Dicit

371 4758 511 4840 sripturis
537 4756 577 4817 eb
602 4757 669 4837 ipso
696 4758 796 4817 citetis
823 4778 881 4819 non
908 4757 1045 4833 hebetur,
1100 4766 1215 4821 sutem:
1240 4763 1418 4839 plerisque,
1446 4761 1518 4840 quie
1538 4779 1649 4842 negsre
1671 4780 1731 4822 non
1747 4756 1797 4822 voss
1879 4796 1886 4804 ·

371 4864 500 4927 equos
514 4846 556 4907 iis
566 4844 667 4925 colligi
678 4845 783 4925 potest.
806 4845 885 4905 Nem
901 4854 1045 4923 expecto
1099 4847 1173 4921 luit,
1204 4850 1279 4927 quin
1307 4847 1348 4909 ed
1374 4846 1561 4909 voluntatem
1587 4846 1798 4910 defunctorum

371 4953 405 4997 en
424 4934 526 5013 mgis
549 4931 660 4994 inseres
682 4940 922 5008 testamcutum,
953 4953 1045 5014 quem
1099 4935 1191 5002 otium
1207 4937 1403 5011 extendetur,
1423 4944 1456 4995 nt
1471 4934 1597 5014 proinde
1611 4955 1677 4996 eom
1694 4936 1798 5018 eliquo

371 5020 532 5083 smimsli
552 5019 714 5083 bominem.
751 5019 854 5083 Motus
876 5020 934 5083 boc
956 5040 1043 5107 ergu-
1098 5022 1187 5086 modo
1202 5040 1309 5086 sonere
1322 5024 1435 5106 possit,
1455 5022 1510 5084 sed
1533 5023 1574 5087 ed
1596 5043 1663 5086 eum
1678 5024 1793 5107 signiti-
