4442 5825
724 560 755 613 lli
773 560 939 615 semotas!
958 561 997 615 lll.
1015 562 1102 617 usam
1119 561 1251 618 sumum.
1287 561 1372 617 trae.
1388 563 1476 616 l.-d.
1739 569 1811 639 m

369 735 432 803 nis,
449 733 499 793 vix
515 731 640 805 dubium
655 743 719 807 eat,
741 731 911 797 Cardinalia
924 737 1065 819 Hugonis
1113 739 1174 805 ait:
1200 737 1279 802 eum
1294 736 1396 798 mbito
1411 739 1447 797 ira
1463 735 1622 810 medium,
1644 744 1699 798 etc.
1737 737 1811 803 San·

368 821 526 881 lectionem
552 821 582 880 in
608 830 726 882 textum
755 819 851 881 inisse
875 832 1065 901 recepturos,
1114 833 1179 885 ctus
1195 827 1287 885 etiam
1310 822 1375 883 Leo
1400 843 1487 884 serm.
1511 822 1550 883 de
1573 831 1641 883 octo
1665 824 1810 887 beatitud.

369 916 477 986 utpote
492 926 580 985 quam
597 909 671 966 satis
683 909 796 987 liqueat
810 928 877 970 esse
892 929 1065 989 germanam
1114 913 1147 975 in
1158 911 1299 990 explicat
1312 911 1451 989 quintae:
1467 909 1585 971 &eura
1596 918 1660 971 reto
1672 929 1812 986 operan-

368 994 462 1051 nostri
478 994 646 1072 interpretis
665 997 856 1072 scripturam,
880 1015 1007 1077 eamque
1021 996 1064 1059 di·
1113 999 1194 1059 tium
1209 996 1299 1072 tides,
1317 1002 1371 1056 ete.

368 1079 517 1150 lucidam,
542 1089 573 1140 et
589 1079 706 1142 Graeco
729 1081 825 1142 codici
845 1081 935 1160 plane
949 1083 1065 1145 conlor·
1156 1085 1200 1145 Is't
1213 1083 1272 1142 laec
1294 1084 1330 1142 ira
1352 1083 1543 1158 pereprinoe.
1578 1081 1658 1142 Illud
1677 1083 1735 1143 hoe
1750 1103 1810 1145 non

366 1187 456 1226 mem.
479 1165 734 1228 Diversitashaec
747 1167 899 1229 indenata
914 1178 968 1241 est,
984 1169 1065 1248 quod
1112 1180 1159 1230 est
1174 1173 1205 1230 in
1221 1167 1348 1241 Graeco,
1367 1179 1397 1229 et
1412 1167 1548 1230 nonnihil
1562 1169 1662 1230 turbat
1678 1187 1810 1230 sensum.

366 1253 457 1333 pauci
489 1252 611 1332 quidam
649 1256 748 1313 minus
784 1256 908 1314 correcti
944 1255 1064 1317 codices
1113 1255 1240 1316 Videtur
1267 1255 1345 1316 enim
1375 1253 1543 1334 Apostolus
1573 1253 1633 1314 (luo
1663 1254 1810 1335 quaedam

366 1339 477 1401 Graeci
509 1339 556 1398 hic
585 1340 704 1419 legunt:
736 1332 839 1419 χάριν,
869 1340 952 1421 quod
978 1351 1065 1403 sonat
1112 1360 1361 1418 commemorar03
1377 1339 1569 1420 scilicetCaji
1584 1341 1810 1404 beneficentiam

365 1428 526 1502 pretinm
550 1445 618 1486 cunr
640 1426 776 1505 plerique
798 1446 901 1487 omnes
918 1427 1064 1490 habeant:
1112 1430 1143 1489 in
1173 1447 1316 1509 pauperes
1354 1427 1538 1489 Christianos
1572 1447 1645 1488 suae
1677 1428 1809 1491 civitatis

365 1504 484 1590 χαρὰν,
511 1514 675 1588 caudium.
712 1512 801 1574 Unde
819 1512 970 1575 fluxerunt
985 1514 1064 1576 duae
1112 1533 1247 1596 suaeque
1262 1514 1368 1593 gentis,
1386 1515 1459 1575 itam
1474 1515 1504 1574 in
1520 1512 1705 1574 Christianos
1722 1534 1808 1595 pere·

365 1600 507 1658 diversae
534 1600 795 1678 interpretationes
821 1600 963 1675 Latinae,
991 1621 1061 1681 qua·
1111 1604 1214 1682 grinos
1229 1621 1282 1661 seu
1297 1610 1475 1670 extraneos,
1499 1601 1549 1682 qui
1572 1600 1643 1660 illuc
1667 1601 1807 1662 advenie-

365 1706 431 1746 rum
461 1705 513 1755 ea,
546 1705 626 1766 quae
656 1696 702 1746 est
731 1682 889 1747 deterioris
917 1685 1063 1762 lectionis,
1111 1688 1193 1748 bant
1223 1687 1270 1747 De
1286 1688 1351 1746 istis
1370 1696 1471 1747 autern
1487 1689 1654 1766 peregrinis
1677 1687 1808 1766 subjicit,

365 1771 662 1851 plerosqneeodices
682 1783 807 1846 nostros,
823 1773 875 1852 qui
890 1772 980 1834 hodie
994 1783 1064 1835 sunt
1112 1773 1194 1853 qnod
1210 1775 1240 1832 in
1263 1774 1423 1853 gratiarum
1446 1775 1594 1835 actionem
1617 1773 1700 1844 Deo,
1726 1785 1758 1834 et
1777 1775 1809 1836 in

366 1860 399 1918 in
416 1856 566 1932 manibus,
584 1868 719 1938 occupat.
1111 1860 1281 1940 exemplum
1305 1869 1398 1940 atque
1420 1859 1661 1920 aedificationem
1676 1859 1808 1921 fidelium

410 1943 480 2024 Quo
503 1944 568 2005 loco
591 1946 687 2005 obiter
709 1944 849 2007 monendi
870 1956 941 2007 sunt
960 1967 1062 2009 omnes
1110 1946 1336 2007 beneficentiam
1360 1945 1426 2022 Caji
1449 1948 1480 2006 in
1503 1946 1625 2025 publico
1650 1946 1809 2008 Cocleaiae

366 2033 463 2091 critici
490 2029 633 2092 librorum
660 2042 856 2102 correctores,
885 2041 918 2093 ut
943 2054 1062 2095 concor·
1110 2033 1465 2095 conventnnarraverint
1487 2030 1809 2115 H=rcertenlm,quod

366 2117 484 2178 dantiae
501 2118 665 2201 Bibliorum
687 2129 804 2180 veteres
827 2118 997 2200 relinquant
1018 2122 1060 2181 in·
1111 2121 1261 2196 sequitur:

366 2214 481 2273 motas,
498 2224 533 2264 eo
549 2204 630 2287 qnod
646 2226 700 2266 nos
716 2204 851 2276 domant,
867 2203 941 2284 quid
958 2209 989 2267 in
1000 2208 1062 2269 suis
1155 2208 1182 2266 e.
1207 2209 1269 2284 Qui
1288 2207 1502 2267 testimoniam
1523 2204 1734 2267 reddiderunt
1752 2224 1807 2267 co·

363 2291 551 2370 antigraphis
568 2293 674 2371 legerit
689 2289 861 2352 Cardinalis
876 2292 966 2370 Hugo
989 2293 1060 2367 illic,
1110 2295 1201 2352 rituti
1216 2302 1291 2354 taor
1313 2295 1349 2354 ira
1371 2300 1537 2367 eonapectu
1556 2293 1723 2353 Ecclesiae.
1749 2291 1807 2353 Per

363 2377 416 2437 nbi
432 2387 479 2437 cst
494 2380 723 2458 scripturaeseu
739 2377 1062 2454 lectionisdiversitas3
1110 2379 1200 2450 illud,
1229 2379 1309 2460 quod
1331 2379 1381 2440 hic
1406 2377 1530 2438 dicitur:
1558 2379 1695 2440 Corituti
1720 2385 1805 2455 tutu,

363 2483 466 2542 eaque
492 2463 531 2526 de
553 2485 643 2527 cansa
662 2466 772 2525 vetusti
795 2465 972 2544 exemplaris
994 2466 1061 2528 loco
1110 2468 1246 2526 nimirum
1270 2466 1409 2543 operibus
1430 2465 1503 2543 ipsis
1527 2463 1710 2538 declaratae,
1738 2485 1805 2525 oon·

362 2550 453 2611 nobis
476 2571 540 2612 esse
563 2552 707 2624 debeant,
734 2550 902 2631 etquidem
925 2554 1061 2634 insignis,
1110 2552 1246 2613 firmatur
1268 2551 1434 2628 expositio,
1461 2571 1540 2630 quae
1562 2569 1653 2632 supra
1677 2550 1746 2611 deta
1762 2558 1808 2612 est

362 2638 511 2717 quoniam
523 2639 674 2701 moliorem
696 2637 798 2699 multis
820 2639 851 2698 in
867 2637 941 2698 locis
957 2638 1060 2700 lectio·
1110 2659 1140 2699 v.
1157 2643 1185 2701 3.
1201 2650 1231 2700 et
1246 2640 1274 2698 4.
1298 2637 1337 2698 de
1359 2640 1509 2711 veritate,
1534 2646 1563 2696 et
1587 2658 1664 2717 qnae
1687 2636 1725 2697 de
1746 2636 1809 2713 {lde

361 2743 432 2785 nem
449 2723 609 2796 exhibent,
630 2745 719 2805 quam
741 2724 831 2804 vulgo
853 2726 915 2784 triti
930 2727 1059 2788 codices.
1111 2745 1139 2784 r.
1156 2725 1184 2785 5.
1218 2726 1304 2786 Haeo
1319 2733 1365 2785 est
1386 2727 1464 2783 enim
1479 2725 1604 2797 veritas,
1625 2726 1700 2785 haec
1722 2723 1808 2798 fides,

361 2810 398 2871 ld
431 2811 513 2890 quod
544 2813 574 2872 in
603 2811 688 2871 hisce
717 2812 808 2872 etiam
834 2809 1061 2874 Commentariis
1110 2831 1190 2892 quae
1204 2831 1276 2872 vere
1297 2811 1387 2872 iaciat
1402 2810 1623 2883 Christianum,
1651 2812 1762 2871 caritas
1778 2812 1809 2872 in

360 2917 458 2979 saepo
472 2895 530 2958 luit
545 2900 740 2961 observatum.
1109 2898 1210 2961 Deum
1236 2907 1266 2959 et
1293 2899 1444 2977 proximor
1470 2917 1564 2959 sanae
1587 2897 1726 2978 religioni
1754 2895 1805 2958 ad·

406 2986 514 3064 Quum
528 2993 563 3047 ut
578 2985 731 3057 audiero,
758 2984 841 3060 {llice
856 3003 940 3046 mcor
955 2988 991 3045 in
1006 3004 1061 3046 ve·
1106 2987 1220 3065 juncta.
1258 2984 1338 3045 Tum
1361 2984 1446 3045 addit
1475 2984 1652 3063 Apostolus,
1677 2983 1806 3063 loquens

358 3075 459 3132 ritate
489 3074 665 3134 ambulare.
702 3071 805 3151 Hujus
833 3072 929 3152 partis
953 3090 1061 3133 aenens
1110 3074 1149 3135 de
1164 3070 1271 3133 iisdem
1285 3070 1472 3152 peregrinis:

358 3157 541 3228 manifestus
564 3168 663 3221 estex
683 3157 769 3218 dietis
784 3155 824 3220 ad
840 3177 959 3218 versum
976 3177 1060 3240 prae·
1154 3161 1237 3239 Quor
1251 3158 1427 3233 benefacies
1445 3159 1604 3219 deducens
1618 3158 1714 3234 diune
1731 3159 1807 3219 Deo.

360 3245 532 3310 cadentem.
1111 3246 1160 3307 lta
1187 3245 1296 3325 legitur
1321 3246 1352 3306 in
1379 3244 1465 3305 libris
1490 3245 1604 3305 Latiaris
1627 3243 1809 3318 melioribus,

407 3332 438 3393 o.
462 3332 630 3396 Carissimo
637 3377 647 3406 ,
675 3331 812 3407 fideliter
838 3332 939 3408 focis,
966 3329 1062 3406 quid·
1111 3331 1303 3393 conformiter
1328 3329 1469 3403 Graecis,
1493 3331 1589 3390 etita
1611 3338 1656 3392 est
1677 3333 1810 3391 intexta

358 3420 443 3504 quid
455 3419 780 3497 operoriairafrotree.
805 3417 1060 3494 Fidelitersocis,
1112 3419 1217 3481 Lirani
1241 3425 1272 3479 et
1292 3415 1473 3477 Thomaatri.
1508 3417 1621 3480 Sensus
1644 3427 1676 3479 et
1699 3416 1809 3498 planas

356 3507 501 3578 Graecae
525 3506 563 3567 nd
587 3506 709 3568 verbum
734 3514 834 3565 annet:
861 3502 1058 3582 Metasoris,
1111 3505 1184 3570 ordo
1206 3503 1364 3565 verborum
1388 3513 1433 3564 est
1457 3503 1519 3564 hic:
1550 3502 1636 3585 Quos
1663 3505 1688 3565 si
1715 3502 1808 3583 digne

356 3589 896 3666 idest,remfacisfidelem,lacisrem
906 3592 971 3652 viro
980 3588 1062 3651 fideli
1110 3594 1176 3653 Deo
1192 3590 1367 3664 deduxeris,
1383 3610 1445 3651 rem
1461 3590 1570 3651 bonam
1585 3588 1695 3652 seueris
1710 3597 1740 3652 et
1754 3600 1807 3652 tua

355 3682 502 3761 diguam,
528 3689 560 3741 ut
585 3679 709 3756 exponit
737 3676 958 3753 oecumenius,
989 3677 1061 3738 lacis
1110 3680 1224 3758 pietate
1239 3676 1371 3756 dignam.
1394 3676 1430 3737 In
1447 3676 1495 3737 his
1512 3697 1584 3757 ergo
1601 3678 1718 3750 vorbis,
1735 3679 1805 3737 item

355 3788 424 3833 rem
441 3786 511 3827 uere
534 3764 750 3836 Christianam,
774 3763 933 3842 quidquid
946 3781 1062 3840 operu-
1110 3785 1139 3825 r.
1156 3768 1185 3826 8.
1209 3768 1390 3834 et11.,est
1413 3762 1598 3835 adhortatio,
1621 3786 1681 3844 qua
1698 3762 1807 3843 Cajnm

355 3859 408 3918 ria
422 3856 459 3914 a'n
468 3854 606 3931 fratrer,
633 3851 689 3911 hoo
712 3862 772 3911 est:
799 3849 1059 3930 Quandocumque
1110 3849 1406 3930 nonarspostolus,
1431 3861 1463 3910 nt
1488 3860 1595 3930 pergat
1616 3870 1685 3912 esse
1707 3852 1755 3911 sni
1771 3849 1809 3909 ei·

355 3961 456 4024 opera
476 3937 698 4000 misericordiae
720 3955 845 3998 exerces
868 3939 899 3998 in
914 3955 1061 4017 pauperes
1110 3938 1189 3999 milis
1205 3939 1236 3997 in
1256 3937 1454 3999 beneficentia
1476 3956 1550 4015 erga
1574 3956 1643 4009 eos,
1666 3938 1718 4016 qni
1734 3934 1809 3996 indl-

354 4030 413 4094 vel
435 4026 552 4105 alioqui
571 4027 739 4104 indigentes
755 4023 864 4085 Christi
887 4019 1060 4103 discipulos,
1110 4025 1243 4105 gruerint3
1269 4044 1305 4084 ec
1330 4023 1551 4099 particulariter
1573 4044 1645 4101 erga
1659 4024 1713 4084 hos
1728 4025 1809 4103 ipsos

354 4116 501 4192 homiues
524 4112 717 4175 Christianos.
756 4110 857 4190 Atque
884 4129 923 4171 ex
949 4112 1008 4169 isto
1030 4119 1059 4168 et
1111 4112 1302 4191 peregrinos,
1327 4108 1365 4172 de
1389 4111 1498 4190 quibus
1513 4110 1613 4170 verbis
1631 4108 1808 4189 praeceden-

349 4200 511 4272 aimilihas
540 4200 713 4279 Scripturas
750 4198 825 4258 locis
861 4192 934 4260 illud
963 4196 1060 4263 fluxit,
1111 4199 1198 4259 tibus.
1231 4196 1320 4260 Unde
1335 4198 1505 4277 conjectare
1527 4216 1703 4277 possumus,
1731 4194 1810 4277 quod

352 4286 447 4370 quod
475 4286 553 4366 apud
576 4297 693 4346 veteres
719 4283 876 4345 Ecclesiae
899 4285 1059 4364 scriptores
1110 4305 1166 4365 per
1181 4284 1253 4343 istos
1268 4285 1354 4364 ipsos
1369 4283 1536 4363 Epistulam
1554 4283 1631 4363 Cajo
1647 4285 1770 4344 miseria

351 4376 568 4453 Eleemosyns
592 4383 716 4433 vocatur
739 4373 904 4448 operuti05
930 4380 964 4431 nt
980 4369 1061 4449 apud
1154 4369 1327 4443 Caeterum,
1352 4370 1433 4451 quod
1457 4372 1514 4431 ait:
1541 4370 1700 4432 deducens
1715 4371 1810 4447 dione

346 4449 589 4528 'Tertullianum
614 4459 665 4519 lib.
689 4458 728 4519 de
742 4456 930 4531 Idololatria,
947 4456 977 4519 in
991 4456 1060 4527 line,
1112 4460 1197 4533 Deo,
1226 4454 1300 4542 quid
1316 4458 1373 4518 sibi
1395 4456 1484 4528 velit,
1512 4466 1557 4518 eet
1576 4456 1665 4537 paulo
1689 4476 1809 4518 accura-

345 4560 389 4618 ,ιι
424 4556 532 4608 contra
561 4546 746 4608 Marcionem
774 4545 826 4606 lib.
858 4549 885 4606 4.
932 4543 1061 4606 Sanctus
1110 4550 1170 4604 tius
1187 4542 1370 4607 intuendum.
1394 4543 1460 4605 Noc
1477 4545 1555 4605 enim
1568 4545 1742 4606 existimare
1759 4542 1810 4604 de·

349 4639 455 4702 aiam
482 4629 655 4713 Cyprianus
681 4633 712 4694 in
737 4640 823 4694 tract.
847 4629 886 4691 de
912 4649 1003 4711 opere
1030 4637 1060 4689 et
1109 4631 1232 4704 bemus,
1256 4629 1336 4710 qaod
1351 4631 1409 4691 hoc
1424 4631 1509 4703 loco,
1533 4639 1562 4691 et
1582 4632 1613 4691 in
1629 4628 1809 4711 ActisApo·

348 4720 572 4801 eleemosynis,
588 4720 706 4798 passim,
723 4717 846 4799 quaudo
862 4718 946 4778 hono
962 4735 1060 4792 opero
1110 4717 1253 4779 stolorum
1280 4738 1316 4779 ac
1341 4719 1372 4777 in
1398 4715 1537 4777 Paulinis
1570 4717 1729 4796 Epistolia,
1758 4716 1812 4779 ubi

347 4809 516 4878 nominat,
532 4803 673 4882 intelligit
691 4805 923 4888 eleemosynam.
958 4804 1057 4864 Imita-
1112 4804 1223 4883 passim
1249 4803 1283 4864 fir
1308 4804 1422 4865 mentio
1445 4802 1661 4879 deductionis,
1689 4824 1726 4864 ea
1749 4826 1810 4867 non

347 4910 405 4964 tua
434 4894 492 4956 hou
512 4890 706 4965 Prudentius,
733 4891 853 4973 quaudo
877 4891 907 4952 iu
930 4890 1060 4971 Psyche·
1109 4890 1191 4952 aliud
1213 4892 1270 4965 sit,
1293 4911 1383 4973 quam
1404 4909 1460 4950 nos
1482 4890 1575 4973 vulgo
1593 4890 1807 4972 intelligamus,

345 4982 482 5058 machia
495 4980 642 5042 avaritiae
652 4979 777 5066 opponit
786 4978 995 5060 operationem,
1010 4976 1062 5038 ubi
1110 4977 1227 5041 scilicet
1242 4978 1413 5062 quempiam
1429 4978 1667 5062 proticiscentem
1682 4977 1803 5041 honoris
