4442 5825
763 592 926 651 surerenas
943 594 960 645 r
978 592 1214 650 nassiternam
1246 592 1329 651 vaes.
1348 593 1374 646 a.
1393 593 1432 644 ro.
1746 597 1817 665 '123

373 766 436 826 Dei
452 786 578 828 maneus
589 769 620 829 in
635 768 765 842 homine,
780 770 832 851 qui
848 788 888 830 cx
902 768 969 829 Deo
980 777 1070 829 natus
1166 769 1261 830 Vetus
1283 777 1384 829 autem
1408 786 1444 828 ao
1467 768 1634 847 germanior
1653 766 1744 845 hujus
1760 764 1818 826 loci

373 860 429 913 est
456 855 568 916 Sensus
583 857 745 935 igiturest,
761 876 837 933 eum,
853 857 904 936 qui
920 866 1007 916 uatus
1024 864 1071 917 est
1125 855 1292 916 intellectus
1314 863 1375 927 est,
1399 874 1490 934 quem
1506 852 1596 915 tradit
1613 852 1817 933 Hieronymus

373 960 413 1001 ex
424 941 502 1013 Deo,
519 952 677 1021 propterea
688 962 750 1003 non
761 963 894 1024 peccare,
910 944 980 1023 quia
994 943 1068 1003 nati·
1124 940 1176 1003 lih.
1191 947 1218 1003 2.
1235 952 1339 1002 contra
1349 942 1371 1004 J
1374 944 1468 1004 ovim:
1484 941 1554 1001 Non
1569 948 1670 1021 potest
1685 958 1821 1021 peccare,

373 1028 499 1089 vitatem
523 1028 604 1088 illam
626 1049 679 1090 seu
702 1030 877 1091 filiationem
901 1030 959 1089 Dei
983 1030 1014 1088 in
1037 1049 1070 1090 se
1125 1029 1269 1110 quamdiu
1299 1038 1399 1089 manet-
1429 1029 1523 1105 filius3
1558 1047 1648 1089 sensu
1679 1025 1822 1097 videlicet

372 1112 466 1175 habet
479 1123 660 1189 manentem,
681 1137 748 1179 cum
765 1136 827 1197 qua
839 1124 996 1198 peccatum
1011 1136 1071 1177 non
1125 1116 1297 1196 composito,
1313 1126 1347 1174 ut
1358 1117 1443 1195 ajunt
1454 1116 1570 1195 Logici,
1587 1133 1674 1196 quem
1687 1112 1822 1174 declarat

372 1203 520 1263 mouistit
552 1201 673 1264 Dicitur
693 1213 793 1269 autem
816 1221 948 1267 monera
963 1205 1000 1275 ira
1015 1204 1070 1263 illo
1125 1202 1227 1263 addita
1243 1204 1337 1262 ratio:
1355 1205 1508 1279 qnoniam
1524 1221 1561 1265 aa
1577 1204 1645 1263 Deo
1660 1208 1756 1263 notua
1768 1207 1819 1261 cat.

373 1291 531 1349 nativitas
554 1289 612 1349 itta
635 1291 765 1366 divino,
789 1312 848 1351 nou
871 1288 953 1371 quod
979 1290 1009 1348 iu
1036 1280 1071 1351 eo
1125 1290 1203 1353 Nam
1218 1288 1364 1365 eteadem
1379 1291 1454 1353 ratio
1471 1289 1652 1369 praecessit:
1667 1290 1820 1366 quonium

373 1387 553 1452 permaneat
567 1396 664 1457 usque
681 1377 711 1438 in
726 1378 816 1438 finem
839 1373 912 1452 (non
928 1377 1006 1436 enim
1020 1377 1071 1438 hic
1125 1395 1229 1438 ramata
1244 1378 1347 1452 Ipsius
1363 1379 1399 1438 ita
1414 1395 1449 1438 ao
1462 1383 1578 1436 monet.
1600 1376 1738 1447 Breviter
1748 1392 1820 1455 ergo

373 1458 414 1521 de
429 1465 658 1541 perseverantia
676 1483 771 1525 sermo
788 1460 862 1541 est);
886 1463 948 1537 sed,
969 1472 1003 1523 ut
1018 1484 1068 1524 ex·
1125 1465 1186 1524 tale
1212 1472 1277 1536 est,
1305 1461 1387 1543 quod
1413 1463 1579 1543 Apostolus
1607 1463 1698 1524 dicit:
1734 1460 1821 1522 Stare

371 1550 506 1628 positum
520 1557 568 1610 est
578 1569 670 1632 supra
682 1571 709 1611 v.
724 1553 762 1626 6.,
777 1552 848 1631 quia
864 1559 1071 1630 permanenter
1126 1550 1216 1610 simul
1238 1549 1315 1610 haec
1337 1549 1397 1611 duo
1413 1571 1472 1612 non
1487 1559 1625 1630 possunt,
1650 1567 1776 1630 peccare
1790 1553 1822 1628 et

372 1635 458 1695 inest
473 1644 564 1715 atque
579 1638 723 1711 inhaeret,
746 1637 830 1698 velot
845 1640 1010 1717 quiescens,
1027 1656 1070 1697 re·
1125 1656 1190 1697 esse
1204 1636 1299 1696 filium
1314 1637 1383 1699 Dei.
1414 1636 1535 1699 Similes
1553 1645 1624 1698 sunt
1646 1637 1820 1707 locutionem

371 1719 477 1782 sidens
500 1732 531 1782 et
553 1724 734 1786 inhabitans.
764 1723 854 1804 Quod
878 1744 936 1784 non
958 1724 992 1784 fit
1006 1724 1071 1784 sine
1125 1723 1177 1789 illa
1193 1722 1298 1784 Pauli:
1321 1726 1383 1803 Qui
1398 1727 1434 1785 in
1449 1742 1547 1786 corna
1561 1731 1646 1800 auat,
1663 1725 1732 1784 Deo
1744 1722 1821 1799 plo-

371 1807 527 1889 qualitate
560 1810 664 1891 aliqua
696 1822 904 1892 permanente,
937 1819 970 1870 ut
1002 1809 1070 1871 hino
1125 1829 1193 1871 aare
1208 1829 1276 1872 non
1288 1820 1433 1888 possum,
1449 1811 1534 1873 Rom.
1551 1815 1598 1888 8.;
1619 1811 1672 1872 illa
1687 1807 1820 1870 Christi:

371 1904 458 1957 recte
487 1905 635 1958 statuatur
666 1900 763 1977 gratia
793 1906 1001 1980 permanenter
1028 1900 1069 1957 in·
1125 1899 1198 1959 Non
1211 1901 1343 1973 potestis
1354 1900 1423 1959 Deo
1434 1901 1552 1959 servire
1564 1907 1594 1960 at
1605 1913 1820 1971 mammonae,

369 1981 503 2043 haarem
526 1986 659 2058 animae,
681 2003 770 2065 quam
788 2003 928 2045 vocamus
942 1985 1070 2064 gratiam
1125 1984 1233 2045 Matth
1250 1989 1280 2047 6.

369 2066 568 2131 habitualem.
1170 2073 1218 2131 10.
1241 2074 1284 2134 Ia
1298 2073 1356 2132 heo
1372 2073 1535 2150 manifesti
1549 2079 1625 2133 adrat
1637 2072 1698 2150 {ilii
1714 2071 1776 2131 Dat
1791 2077 1820 2130 at

418 2157 463 2218 Et
485 2176 552 2219 non
566 2166 669 2236 potest
683 2178 833 2236 peccora,
855 2162 1009 2235 quoniam
1033 2177 1071 2219 cc
1124 2158 1185 2234 lilii
1206 2158 1337 2219 dioboli.
1374 2159 1412 2219 Id
1435 2168 1496 2221 est:
1523 2160 1592 2220 Hoc
1613 2160 1698 2238 siguo
1715 2155 1819 2237 digno·

371 2245 446 2306 Deo
460 2252 556 2306 notus
571 2253 623 2306 cat.
652 2246 752 2323 Hujus
769 2265 889 2326 quoque
905 2248 999 2326 pertis
1018 2266 1068 2305 va·
1125 2255 1248 2307 scuntnr
1271 2247 1300 2305 in
1323 2244 1380 2305 hoo
1403 2248 1524 2307 saeculo
1545 2248 1624 2306 iuter
1645 2243 1821 2306 nathinei

374 2332 442 2391 riae
469 2339 540 2392 sunt
570 2334 794 2413 expositiones,
824 2343 915 2415 prout
944 2334 1070 2395 verbum
1125 2332 1226 2393 attilii
1242 2331 1365 2407 diaboli,
1381 2334 1462 2412 quod
1479 2336 1529 2395 isti
1544 2340 1679 2412 peccunt,
1695 2331 1739 2392 illi
1759 2351 1820 2391 non

367 2421 577 2497 potestastis
594 2419 671 2481 solet
687 2423 793 2501 accipi.
827 2420 976 2500 Quidem:
1003 2437 1070 2481 noa
1124 2429 1258 2501 peccant.
1292 2419 1432 2481 Refertur
1447 2423 1526 2481 anim
1542 2418 1631 2480 illud:
1652 2422 1688 2481 ia
1703 2420 1771 2494 hoc,
1789 2410 1821 2475 is

369 2513 477 2585 potest
485 2549 495 2581 ,
512 2516 681 2586 exponunt:
696 2529 756 2568 nou
773 2506 881 2585 debet:
896 2529 932 2568 ac
948 2509 974 2568 si
991 2507 1072 2567 dicat
1125 2501 1234 2587 τούτῳ,
1262 2506 1301 2566 ad
1317 2505 1540 2587 praecedentia,
1569 2506 1621 2567 ubi
1637 2505 1728 2567 dixit:
1760 2506 1822 2585 Qui

371 2593 556 2674 Apostolos:
571 2593 642 2654 Non
653 2594 724 2654 licet
739 2596 764 2655 ei
779 2614 915 2676 peccare,
932 2594 1072 2657 videlicet
1123 2595 1205 2672 fucit
1217 2601 1393 2670 paccatum,
1410 2612 1448 2656 aa
1464 2594 1592 2655 diaholo
1609 2601 1670 2671 ast,·
1688 2602 1732 2655 et:
1759 2593 1822 2672 Qui

372 2681 416 2741 oh
432 2686 590 2759 acceptam
606 2702 625 2741 a
639 2680 707 2742 Deo
723 2689 837 2743 tautam
852 2683 988 2760 gratiam,
1011 2701 1072 2762 qua
1124 2688 1221 2743 notua
1244 2689 1287 2741 ast
1309 2699 1347 2743 aa
1362 2684 1448 2755 Deo,
1471 2688 1635 2758 paccatum
1649 2681 1822 2758 :confecit

371 2768 456 2829 iilius
471 2766 531 2826 Dei
545 2765 643 2828 factus
658 2769 706 2828 sit.
729 2769 788 2829 Hic
803 2787 910 2829 sensus
927 2776 973 2830 est
990 2767 1071 2848 apud
1126 2767 1216 2830 Unde
1238 2775 1331 2847 putet,
1357 2767 1425 2830 illus
1445 2771 1612 2830 sententies
1639 2767 1677 2829 de
1699 2773 1821 2847 peccato

372 2854 578 2934 Augustinum
594 2854 646 2916 lib.
662 2854 701 2916 de
715 2863 822 2917 natura
838 2863 869 2916 et
883 2857 989 2936 gratia,
1007 2875 1070 2936 cap.
1125 2853 1279 2917 mortifero
1300 2853 1410 2917 dehere
1425 2856 1562 2936 intelligi.
1589 2854 1660 2917 Non
1676 2855 1754 2916 ouim
1770 2873 1819 2917 ve

374 2945 439 3015 14,
455 2948 486 3001 et
500 2940 581 3020 apud
597 2939 735 3003 Orosium
752 2944 783 3002 in
800 2942 958 3023 Apologia.
986 2942 1072 3004 Alius
1125 2943 1220 3003 nialla
1244 2950 1378 3022 peccata,
1402 2943 1454 3004 scd
1476 2942 1628 3018 mortalia,
1651 2942 1823 3002 discernunt

373 3047 501 3090 sensus:
532 3029 606 3089 Nora
629 3037 742 3106 potest,
769 3028 800 3090 id
827 3037 883 3102 eet,
910 3050 970 3091 non
997 3028 1071 3102 vult,
1127 3029 1204 3090 filios
1220 3027 1335 3090 diaboli
1354 3030 1457 3091 afiliis
1481 3030 1549 3091 Dei.
1588 3032 1698 3108 Liquet
1722 3029 1822 3102 etiam,

373 3113 525 3176 habituali
537 3114 653 3176 scilicet
664 3117 827 3178 voluntate.
849 3115 1008 3195 Quomodo
1020 3135 1070 3178 ex·
1125 3117 1204 3178 filios
1227 3117 1286 3176 Dei
1307 3116 1437 3197 intelligi
1453 3117 1617 3178 secundum
1633 3123 1822 3195 praesentem

372 3202 463 3284 ponit
478 3197 690 3264 Oeoumenius.
721 3204 800 3263 Item
815 3202 910 3264 alius:
926 3204 996 3264 Non
1008 3213 1070 3285 pot·
1121 3204 1279 3285 justitiam,
1303 3224 1363 3264 non
1386 3206 1548 3266 secondum
1566 3212 1718 3265 aeternam
1734 3219 1819 3281 prae·

373 3297 422 3349 est
438 3308 582 3367 peccare,
604 3299 753 3370 quatenus
768 3308 807 3349 ex
824 3291 888 3350 Deo
903 3299 992 3351 natus
1008 3299 1072 3366 est3
1126 3290 1365 3352 destinationem.
1401 3291 1477 3351 Nam
1493 3299 1522 3350 et
1538 3289 1591 3350 filii
1606 3288 1720 3351 diaboli
1735 3286 1821 3350 intel·

373 3374 1071 3457 sedhoomodonecvenialiterpotestpeccare.
1126 3376 1431 3457 ligantursecuudum
1440 3386 1629 3458 praesentem
1637 3376 1821 3455 injustitiam.

420 3464 514 3522 Porro
535 3460 680 3524 Calvinus
704 3481 732 3525 et
754 3461 806 3524 alii
828 3470 947 3524 nostrae
965 3466 1072 3525 aetatis
1170 3464 1266 3524 Porro
1290 3466 1368 3524 sicut
1392 3465 1551 3525 discrimen
1575 3464 1651 3523 inter
1670 3462 1748 3526 filios
1763 3462 1823 3523 Dei

372 3550 522 3610 haeretici
544 3551 587 3609 sic
609 3551 797 3630 intelligunt:
821 3550 889 3610 Non
912 3561 1013 3630 potest
1029 3554 1073 3613 ita
1126 3558 1156 3612 et
1179 3550 1292 3612 diaboli
1314 3551 1362 3610 hic
1384 3552 1556 3630 assignatur
1576 3570 1631 3630 per
1644 3567 1775 3627 peccora
1790 3554 1822 3611 et

371 3654 515 3719 peccaro,
538 3638 611 3717 quin
632 3657 751 3717 semper
767 3639 798 3698 in
813 3658 848 3698 eo
863 3646 983 3699 maneat
997 3638 1073 3700 illud
1125 3656 1194 3698 non
1207 3656 1348 3714 peccora,
1371 3638 1473 3711 idest,
1497 3657 1551 3718 per
1571 3636 1682 3697 malum
1698 3637 1821 3703 affirma·

371 3741 488 3795 nmen,
511 3741 568 3803 quo
592 3732 864 3804 regeneratorem:
885 3725 1073 3803 quodincor·
1127 3735 1190 3784 tum
1213 3733 1242 3784 et
1265 3732 1419 3804 negatum:
1442 3726 1484 3785 ita
1504 3734 1585 3786 recte
1606 3725 1746 3784 statuitur
1767 3740 1823 3803 per

371 3809 522 3890 ruptibile
549 3828 616 3870 esse
645 3811 748 3872 dicunt
773 3820 806 3869 et
835 3813 985 3891 exstingui
1015 3833 1073 3872 non
1128 3813 1259 3886 diliyara
1275 3821 1305 3871 et
1320 3829 1388 3872 uon
1405 3812 1554 3887 deipara,
1578 3808 1609 3870 id
1625 3819 1677 3885 ost,
1700 3830 1756 3890 per
1769 3809 1820 3870 bo·

371 3915 485 3977 posse,
511 3895 564 3956 sed
590 3906 765 3977 perpetuam
790 3899 852 3958 rim
880 3918 915 3957 ao
940 3898 1073 3978 vigorem
1128 3918 1200 3957 uum
1216 3898 1395 3959 affirmatum
1409 3907 1439 3958 et
1449 3907 1602 3978 negatum.
1619 3898 1709 3978 Quod
1720 3896 1822 3959 discri-

370 3984 521 4059 retiner03
544 3982 615 4043 licet
636 3984 784 4047 interdum
809 3982 849 4044 ad
870 3992 989 4065 tempus
1003 4005 1072 4065 sup·
1128 4005 1197 4045 men
1228 3984 1339 4045 indicat
1369 3985 1447 4047 infra
1474 4005 1552 4046 vers.
1585 3985 1633 4044 14.
1664 3997 1694 4045 et
1724 3985 1824 4065 eapite

370 4070 466 4151 primi
478 4071 641 4149 continget,
658 4080 691 4131 ut
702 4074 763 4131 vim
776 4090 861 4132 suam
874 4091 932 4131 non
946 4080 1075 4145 exserat,
1129 4073 1268 4151 sequenti
1290 4091 1367 4133 vers.
1393 4073 1420 4131 i.
1445 4081 1475 4133 et
1498 4074 1526 4131 8.
1564 4070 1653 4133 Unde
1676 4081 1725 4133 est
1745 4068 1823 4132 illud

372 4159 476 4218 instar
504 4156 642 4217 carbonis
674 4158 736 4218 vivi
766 4157 916 4218 cineribus
942 4157 1076 4238 undique
1129 4158 1283 4239 praeclare
1300 4159 1412 4219 dictum
1428 4159 1466 4219 ab
1482 4158 1662 4236 Augustino,
1677 4165 1825 4219 tractante

372 4245 519 4305 contecti.
556 4243 618 4303 Sed
641 4244 689 4304 hio
711 4263 817 4306 sensus
840 4244 910 4304 olim
934 4246 965 4304 in
987 4245 1074 4306 Jovi-
1129 4245 1208 4305 huno
1219 4245 1333 4306 locum:
1352 4247 1487 4307 Dilectio
1498 4245 1566 4306 solo
1578 4245 1729 4307 discernit
1740 4248 1825 4306 enar

373 4331 470 4392 niano
489 4329 647 4390 damnatus
662 4341 716 4404 cst,
738 4340 770 4390 et
788 4333 984 4408 apertissimis
999 4332 1075 4392 Scri·
1130 4332 1212 4410 {ilios
1237 4334 1296 4392 Dei
1319 4340 1348 4393 et
1367 4333 1451 4409 tilios
1473 4331 1601 4392 dioboli.
1639 4335 1773 4407 Sionem
1793 4349 1824 4392 aa

373 4417 479 4498 pturis
502 4426 664 4497 repugnat,
688 4436 767 4498 quae
789 4417 914 4490 docent,
938 4439 956 4478 a
979 4421 1077 4498 gratia
1131 4421 1452 4495 omacsaipnocmcis
1465 4419 1826 4497 Chriati5raapondauut

372 4503 439 4565 Dei
452 4522 541 4582 posse
552 4502 703 4565 hominem
713 4504 861 4577 excidere,
876 4513 905 4565 et
914 4506 1075 4567 indamna·
1132 4524 1254 4565 omnes:
1277 4510 1401 4567 Amant
1429 4508 1568 4569 Cantent
1588 4525 1713 4568 omnes:
1735 4505 1825 4567 Alla-

371 4589 455 4652 bilia
469 4598 592 4669 peccata
608 4592 747 4651 incidere.
779 4591 866 4665 Item,
882 4610 1075 4671 perseveran·
1133 4592 1221 4669 tojo,·
1245 4591 1449 4669 baptizentur
1472 4612 1598 4670 omnes,-
1621 4595 1743 4655 intrarat
1761 4594 1825 4656 Ec·

372 4678 452 4739 tiam
474 4676 545 4736 fidei
569 4685 600 4737 et
623 4679 755 4738 caritatis
777 4697 843 4739 esse
859 4679 1002 4760 specialia
1018 4680 1077 4739 Dei
1132 4679 1259 4754 clarior:
1286 4699 1354 4742 noa
1379 4681 1606 4742 discernuntur
1631 4682 1691 4758 filii
1717 4682 1779 4741 Dei
1804 4696 1825 4739 o

372 4764 469 4836 dona,
484 4784 544 4823 non
558 4763 694 4825 omnibus
705 4763 844 4825 fidelibus
856 4774 885 4825 et
893 4765 986 4842 justis
999 4786 1076 4827 com·
1131 4765 1206 4843 {iliis
1221 4767 1352 4841 dioboli,
1368 4770 1431 4827 atsi
1446 4770 1589 4828 caritate.
1627 4769 1688 4846 Qui
1709 4767 1826 4828 hubent

371 4851 489 4914 munia.
520 4848 590 4931 Quo
610 4853 762 4931 pertinent
777 4852 1010 4913 innumerabiles
1026 4871 1075 4912 ex·
1132 4856 1557 4928 consummationnem
1573 4856 1661 4932 Dae:
1689 4858 1743 4932 qui
1757 4870 1826 4917 noa

371 4938 564 5002 hortationes
587 4938 627 4998 ad
649 4938 900 5017 perseverandum
924 4939 953 4998 in
973 4937 1032 4999 fide
1048 4948 1078 4998 et
1132 4940 1259 5015 habant,
1285 4957 1353 5003 non
1374 4944 1594 5004 :antarctico
1608 4944 1687 5004 Deo.
1725 4939 1827 5021 (loid-

381 5031 492 5088 saucta
507 5027 746 5086 couversatione.
1136 5029 1215 5104 quid
1230 5030 1288 5101 oia,
1303 5028 1400 5107 λαὸς·
1421 5029 1479 5090 hoc
1493 5029 1594 5091 solum
1610 5048 1677 5092 saon
1693 5028 1809 5089 habeor
1815 5049 1828 5105 ‚·

1553 5137 1588 5159 ua
1602 5128 1619 5159 a!
