4442 5825
781 608 945 667 seurotas
961 613 1002 668 ro
1022 613 1185 670 messos
1220 606 1305 669 vrrs.
1323 618 1348 670 r.
1365 618 1390 670 s
1756 625 1801 693 tl

355 788 454 868 poenis
470 786 965 862 extraordinarieinflictisaDeo,
981 810 1053 870 qua·
1107 789 1262 852 Christum
1291 789 1399 866 fuisse,
1430 792 1482 872 qui
1512 799 1545 852 et
1573 791 1714 854 Abrahae
1748 793 1805 854 sub

354 895 411 934 rum
437 875 585 955 exempla
614 876 731 957 aliquot
763 872 872 938 lllor.
902 879 950 937 10.
977 897 1054 937 com·
1107 898 1232 959 quercu,
1255 888 1286 938 et
1301 877 1379 938 Mosi
1400 880 1433 939 in
1455 880 1529 940 rubo
1552 881 1706 960 apparuit,
1729 889 1760 940 et
1773 882 1806 941 in

354 974 557 1024 memorantur
579 982 618 1025 ex
640 962 765 1025 historia
778 961 879 1024 Exodi
894 973 926 1025 et
941 962 1052 1025 Nume·
1106 975 1209 1027 monte
1223 965 1297 1027 Sina
1312 963 1387 1045 legis
1408 967 1501 1026 verba
1517 965 1555 1026 ad
1570 966 1715 1048 populum
1731 968 1804 1028 reci·

353 1058 462 1119 rorum,
480 1052 551 1111 sive
567 1053 675 1130 poenis
689 1051 728 1111 ab
742 1053 810 1130 ipsa
824 1050 894 1131 lege
911 1053 1052 1112 constitu·
1107 1056 1198 1125 tavit,
1223 1072 1263 1112 ex
1279 1072 1338 1132 quo
1361 1071 1547 1133 consequeus
1564 1054 1700 1127 videtur,
1723 1063 1805 1115 vete

354 1140 394 1198 tis
415 1136 492 1197 Huc
508 1139 592 1197 enim
606 1146 746 1216 spectare
760 1135 950 1216 Apostolum,
966 1159 1052 1218 argu·
1105 1159 1169 1200 rem
1183 1139 1283 1219 legem
1298 1159 1358 1200 non
1380 1143 1494 1212 minus,
1517 1159 1607 1220 quam
1628 1160 1738 1202 novam
1754 1139 1805 1200 da·

353 1233 448 1285 uento
464 1232 520 1284 est
533 1223 620 1285 locus
632 1225 737 1286 similis
753 1223 830 1284 infra
844 1245 909 1305 cap.
929 1226 987 1297 10.,
1003 1222 1053 1284 ubi
1106 1234 1167 1286 tarn
1184 1246 1251 1287 esse
1266 1246 1320 1305 per
1339 1226 1498 1288 Christum.
1521 1225 1712 1306 Respondeo,
1727 1225 1806 1307 legis

354 1310 431 1385 dicit,
449 1330 545 1387 aum,
570 1314 626 1390 qui
640 1311 741 1387 lcocm
756 1312 836 1373 Most
849 1311 962 1389 fecerit
976 1313 1053 1370 troi·
1106 1314 1323 1393 prsestautiam
1346 1333 1401 1392 per
1422 1332 1455 1375 se
1478 1311 1599 1393 quidem
1622 1333 1683 1374 non
1705 1315 1806 1394 accipi

354 1406 428 1471 tens,
450 1399 525 1458 ιιίκ
541 1398 612 1458 ullo
634 1401 836 1460 miseratione
859 1398 982 1459 duobos
1004 1398 1053 1458 ccl
1106 1400 1144 1459 ab
1160 1420 1210 1473 eo,
1226 1418 1280 1481 per
1294 1419 1383 1480 quem
1399 1399 1505 1477 datur3
1533 1400 1586 1461 sed
1601 1421 1620 1460 a
1635 1403 1805 1482 praeceptis

354 1484 447 1546 tribuo
461 1484 598 1545 testibm
611 1489 703 1545 mori.
725 1488 856 1550 Justam
870 1504 941 1565 ergo
957 1486 1053 1546 ratri·
1107 1495 1135 1545 et
1151 1486 1276 1558 virtute,
1292 1506 1383 1566 quam
1399 1486 1497 1562 habet,
1514 1494 1548 1546 ut
1563 1486 1696 1547 homines
1709 1486 1806 1548 bonos

354 1572 512 1633 lationem
530 1579 622 1633 vocat
637 1572 705 1652 lege
728 1570 897 1648 decretum
920 1592 982 1653 qua
998 1574 1051 1632 sci·
1106 1572 1225 1632 efficiat.
1263 1573 1308 1631 Ea
1323 1593 1454 1653 namque
1469 1576 1669 1655 praestantior
1684 1581 1730 1634 est
1744 1573 1805 1647 lex,

354 1658 416 1719 lect
453 1660 555 1739 rigori
588 1655 664 1739 legis
700 1658 834 1720 satisfiat.
884 1656 1053 1721 Obseruant
1107 1678 1187 1739 quae
1216 1659 1339 1719 meliora
1370 1670 1400 1720 st
1435 1661 1618 1739 perlectiora
1647 1661 1805 1741 praecipit,

354 1742 589 1827 Chrysostomus
601 1754 632 1805 et
643 1745 891 1827 Theopbylactus
900 1743 1051 1806 catachre-
1107 1765 1249 1825 quaeque
1261 1747 1398 1807 homines
1410 1747 1558 1807 efficacius
1571 1749 1601 1808 in
1612 1747 1709 1818 finem,
1725 1766 1806 1807 eum·

354 1834 400 1893 rim
422 1835 454 1893 in
478 1833 604 1894 Gracco
627 1831 775 1894 vocabulo
797 1825 1051 1911 μισθαποδοσίαν,
1107 1853 1167 1913 que
1181 1833 1349 1904 meliorem,
1370 1832 1481 1914 dirigit
1506 1832 1598 1913 Quod
1614 1842 1708 1893 totum
1724 1854 1803 1894 com·

354 1918 379 1979 id
393 1929 439 1980 est
446 1918 607 1981 mercedis
617 1919 858 1980 retributionem
864 1942 877 1998 ;
896 1938 962 1979 cunr
978 1938 1051 1979 mer·
1105 1929 1208 1999 petere
1223 1919 1283 2000 legi
1298 1921 1502 2001 Evangelicae
1525 1928 1716 2000 comparatae
1738 1938 1806 1981 cum

356 2026 397 2067 sss
410 2008 540 2089 proprie
563 2015 679 2067 tantum
701 2008 734 2067 in
748 2006 855 2066 bonam
871 2015 986 2087 partem
1002 2026 1051 2065 ac·
1107 2007 1174 2086 lego
1185 2007 1328 2079 blosaica,
1342 2008 1517 2087 compendio
1529 2004 1712 2087 significavit
1723 2008 1804 2088 Apo·

355 2094 486 2173 cipistnr.
528 2091 722 2174 Quamquam
745 2103 776 2155 et
798 2093 871 2154 alibi
887 2091 1053 2154 mercedem
1106 2094 1216 2167 stolus,
1237 2092 1355 2153 dicens:
1379 2096 1413 2156 Si
1434 2101 1559 2156 tontom
1575 2097 1806 2170 erubuerimus

356 2179 480 2242 brasio
508 2181 614 2261 posuit
635 2179 817 2261 Apostolus,
842 2189 877 2239 ut
901 2180 986 2240 Rom.
1009 2182 1053 2239 1.:
1106 2181 1249 2241 salutem.
1269 2181 1389 2241 Atvcro
1397 2183 1610 2263 praestantiam
1619 2183 1804 2260 legisosten·

357 2268 526 2330 timentem
533 2312 546 2344 ,
571 2286 667 2345 qaum
684 2269 843 2345 oportuit,
871 2269 989 2328 erroris
1003 2260 1053 2327 ιιὶι·
1107 2267 1180 2328 dere
1205 2268 1291 2328 nobis
1318 2266 1396 2349 solet
1421 2267 1554 2348 dignitas
1581 2270 1723 2341 ministri,
1750 2287 1806 2347 per

358 2358 492 2418 leuaret
508 2358 591 2433 ipsis
609 2357 802 2431 recipientes.
1108 2374 1197 2435 quem
1214 2353 1308 2414 datur.
1332 2352 1484 2434 Sapientis
1497 2357 1577 2415 enim
1588 2356 1735 2434 principis
1750 2362 1805 2428 est,

391 2444 418 2503 3.
439 2441 615 2523 Qscomodo
630 2459 689 2502 nos
711 2441 912 2520 effoetemus,
936 2442 1053 2501 siton-
1107 2461 1160 2513 ea,
1186 2460 1266 2520 quae
1288 2441 1401 2519 majora
1428 2453 1498 2501 sunt
1524 2451 1555 2502 ot
1578 2441 1806 2521 praestantiora,

365 2536 415 2589 turs
433 2530 676 2607 aequanimus
696 2528 853 2589 ecloum?
874 2526 912 2587 Iu
933 2529 1054 2589 nomine
1107 2527 1375 2608 praestantioribus
1390 2530 1533 2589 ministris
1549 2529 1696 2608 delegare.

363 2616 455 2680 dut·
481 2617 673 2696 metonymia
700 2622 761 2687 est,
791 2633 853 2695 qua
876 2635 915 2675 ex
944 2613 1054 2675 ellectu
1150 2615 1246 2675 Recte
1275 2617 1364 2691 igitur
1391 2616 1553 2695 Apostolus
1584 2612 1805 2694 evangelican

362 2723 437 2765 ιιιιι
451 2702 653 2787 significatur.
676 2696 834 2781 'Intelligit
849 2703 929 2761 enim
946 2698 1052 2761 doctri·
1107 2701 1204 2782 legem
1224 2722 1243 2761 a
1258 2701 1405 2781 dignitate
1424 2705 1506 2782 ejus,
1529 2723 1583 2784 per
1606 2721 1694 2782 quem
1711 2700 1806 2761 allata

360 2811 414 2851 ιιιιι
428 2791 561 2861 Christi,
589 2808 669 2869 quas
691 2795 819 2864 wotos,
847 2788 880 2847 id
903 2795 949 2848 est
963 2787 1054 2868 longe
1107 2795 1168 2862 eet,
1199 2808 1271 2868 prae
1298 2788 1431 2851 Mosaios
1460 2787 1658 2851 commendat
1695 2784 1806 2868 Neque

359 2879 476 2959 najoris,
491 2878 611 2940 solutis
625 2894 662 2937 ac
674 2872 830 2937 felicitatis
841 2875 1053 2956 promissiones
1107 2883 1206 2935 umen
1222 2875 1358 2936 Christus
1374 2877 1509 2940 minister
1530 2876 1679 2938 duntaxat
1700 2875 1732 2934 iu
1753 2894 1803 2936 ne·

359 2968 487 3038 cestim
504 2984 600 3046 quam
616 2962 667 3024 lex
678 2970 769 3023 vetus
779 2961 965 3023 continebat.
987 2963 1053 3022 Lex
1106 2963 1188 3043 gotio
1200 2961 1278 3041 legis
1294 2962 1439 3025 ferendae
1455 2964 1527 3038 tuit,
1555 2961 1804 3044 quemadmodum

358 3053 426 3113 enim
439 3050 624 3133 corporalia,
638 3058 765 3123 terrena,
781 3068 817 3110 ac
829 3049 1053 3130 peritura'bona
1105 3048 1223 3128 angeli,
1248 3048 1300 3109 sed
1325 3049 1398 3129 legis
1420 3053 1515 3131 ipsius
1538 3059 1642 3111 auctor
1657 3059 1687 3109 ct
1708 3048 1804 3112 lator:

358 3138 560 3217 promittebat3
589 3135 725 3199 Christus
747 3135 929 3216 spiritualia,
956 3134 1051 3197 coele
1106 3145 1140 3195 ut
1165 3137 1222 3196 bac
1248 3139 1337 3196 etiam
1363 3139 1480 3199 ratione
1506 3156 1604 3199 novae
1630 3136 1689 3216 legi
1711 3145 1802 3197 vetus

358 3225 419 3299 ru’s,
441 3235 474 3288 et
489 3235 621 3287 aeterna
644 3224 730 3283 uobis
754 3223 835 3283 bona
849 3224 1051 3303 praeparavit.
1106 3221 1214 3283 cedere
1237 3222 1354 3283 debeat.
1391 3223 1498 3284 Altera
1520 3225 1598 3285 enim
1621 3223 1724 3282 aDeo
1747 3242 1803 3303 per

358 3310 571 3391 Argumentum
583 3310 827 3391 igiturApostoli
841 3318 887 3370 est
898 3330 917 3369 a
927 3310 1051 3370 minori:
1105 3310 1268 3381 ministros,
1284 3310 1380 3369 alters
1395 3332 1414 3369 a
1429 3311 1497 3370 Deo
1512 3331 1568 3390 per
1582 3309 1697 3383 Deum,
1714 3308 1743 3370 id
1759 3316 1805 3377 est

358 3397 383 3457 st
391 3399 492 3477 justas
509 3397 664 3460 dederunt
677 3417 802 3478 poenas,
819 3397 871 3478 qui
886 3396 984 3476 legem
1000 3416 1053 3475 per
1106 3393 1258 3456 Christum
1270 3397 1330 3456 Dei
1344 3395 1453 3457 Filium
1466 3397 1537 3458 data
1545 3405 1597 3457 est.
1622 3395 1691 3475 Qua
1707 3404 1804 3456 stasne

357 3485 474 3565 augelus
497 3485 743 3549 administratam
763 3485 943 3565 transgressi
967 3491 1051 3558 sunt3
1106 3482 1290 3554 differentia,
1307 3482 1425 3543 etiamsi
1441 3483 1523 3563 leges
1539 3486 1622 3563 ipsae
1637 3500 1692 3562 per
1705 3500 1739 3541 se
1753 3501 1802 3542 ae

357 3572 503 3651 quomodo
518 3592 575 3633 uos
579 3573 694 3651 justum
701 3571 760 3631 Dei
769 3571 912 3632 ultionem
922 3570 1052 3650 effugere
1106 3570 1213 3649 quales
1229 3580 1340 3642 essent,
1367 3573 1490 3648 gravius
1505 3577 1604 3630 tamen
1615 3567 1697 3628 haud
1711 3568 1803 3629 dubie

356 3661 521 3734 potarinrus,
532 3660 559 3718 si
572 3658 739 3717 doctrinam
750 3655 1051 3719 salutiferamaClrri·
1107 3665 1283 3734 peccarent,
1310 3658 1361 3737 qui
1388 3657 1486 3736 legem
1502 3656 1650 3717 violarent
1670 3654 1727 3715 sibi
1743 3663 1802 3715 tra·

356 3755 396 3804 sto
410 3745 470 3807 Dei
484 3746 570 3806 Filio
585 3741 1052 3823 nobistraditamrejecerimus?
1105 3742 1200 3803 ditem
1226 3763 1282 3825 per
1301 3740 1415 3804 Filium
1438 3745 1503 3818 Dei,
1523 3761 1611 3825 quam
1634 3743 1686 3822 qui
1703 3740 1803 3802 datam

391 3831 454 3894 Sed
479 3831 628 3892 adeamus
653 3830 731 3890 hauc
764 3832 1054 3912 argumentationem
1105 3830 1302 3909 perangelos.
1324 3829 1392 3889 lllic
1408 3833 1494 3903 enim,
1510 3840 1802 3911 praetertrsnsgros·

355 3927 505 3999 totamque
532 3920 716 3999 superiorem
745 3918 939 3978 intentionem
970 3915 1050 3996 Apo·
1105 3920 1221 3978 sionem
1234 3915 1354 3976 divinae
1370 3917 1445 3996 legis
1457 3921 1594 3996 utrisque
1610 3933 1803 3988 communem,

356 4003 436 4080 stoli,
464 4025 528 4086 qua
548 4005 627 4084 legis
652 4003 854 4084 Euangelicae
875 4002 1051 4085 dignitatem
1105 4004 1285 4063 admiscetur
1316 4005 1402 4062 otiam
1434 4006 1528 4085 ipsius
1550 4003 1620 4064 Filii
1644 4002 1706 4062 Dei
1734 4022 1801 4063 cou-

357 4109 444 4172 tspra
456 4093 625 4152 Hosticum
639 4089 751 4150 attollit
765 4112 804 4152 ex
820 4111 863 4163 eo,
879 4089 960 4171 quod
974 4090 1052 4150 haec
1106 4100 1238 4170 temptas
1274 4099 1305 4149 et
1339 4091 1541 4166 conculcati03
1582 4091 1661 4150 sicut
1695 4087 1803 4149 dicitur

355 4198 403 4256 par
417 4178 563 4260 angelos,
579 4176 635 4238 illa
648 4196 704 4258 per
719 4177 833 4238 Filium
848 4177 908 4237 Dei
924 4177 987 4236 lata
1003 4177 1051 4248 sit,
1106 4197 1171 4256 cap.
1190 4178 1238 4237 10.
1263 4175 1353 4256 Quod
1365 4197 1426 4237 non
1441 4178 1587 4257 contingit
1598 4179 1628 4237 in
1639 4186 1801 4256 uansgres·

355 4264 441 4344 objici
455 4273 571 4345 potcstr
594 4283 663 4325 cum
678 4265 835 4343 utriusque
857 4264 934 4344 legis
948 4271 1051 4322 aucto·
1106 4264 1192 4322 sione
1219 4264 1295 4343 logis
1319 4262 1408 4324 datae
1435 4285 1489 4346 per
1503 4264 1636 4344 angelos.

354 4370 412 4413 rom
426 4351 528 4413 Βοιιιιι
543 4370 612 4414 esse
626 4359 758 4424 constet,
773 4349 846 4412 nibil
862 4349 983 4423 reterre,
998 4369 1052 4430 per
1149 4349 1255 4410 Altera
1267 4369 1390 4430 quoque
1411 4352 1540 4431 objectio
1561 4349 1653 4411 facile
1668 4348 1803 4410 diluitur.

355 4457 437 4518 quem
467 4437 509 4499 ad
538 4458 595 4500 nos
623 4437 733 4511 allatu,
766 4436 915 4517 nobisquc
943 4436 1052 4497 tradita
1105 4436 1176 4497 Nou
1199 4439 1278 4497 enim
1303 4438 1404 4516 potuit
1428 4439 1479 4498 lex
1502 4437 1638 4498 Moesica
1664 4436 1729 4498 dari
1748 4449 1805 4516 per

355 4525 453 4599 uerte,
469 4545 579 4607 anper
594 4522 764 4598 Christum,
786 4545 826 4585 au
848 4543 902 4604 per
918 4522 1051 4603 angelos.
1106 4520 1275 4596 Christum,
1291 4526 1350 4605 qui,
1365 4532 1399 4584 ut
1413 4525 1490 4598 talis,
1509 4523 1639 4585 nondum
1655 4531 1734 4599 erst3
1749 4517 1804 4582 aed

357 4612 421 4692 Qua
434 4614 552 4674 rationo
566 4610 733 4693 Gregorius
747 4631 818 4671 mor.
835 4610 885 4672 lib.
902 4615 926 4669 1.
944 4629 1008 4691 cap.
1024 4613 1051 4670 l.
1105 4628 1142 4669 eo
1158 4630 1248 4671 sensu
1272 4611 1375 4672 dicunt
1398 4610 1543 4673 interdum
1565 4619 1683 4670 veteres
1703 4609 1803 4669 Theo·

357 4695 479 4760 delibro
494 4699 558 4761 Job
573 4695 712 4772 allinunt,
731 4717 920 4780 supervacue
937 4698 1052 4776 quaeri,
1104 4696 1183 4778 logi,
1210 4697 1360 4759 Christum
1385 4699 1524 4779 patribus
1549 4696 1742 4778 apparuisse,
1773 4702 1805 4756 et

358 4782 421 4863 ιιῖι
439 4803 509 4846 oum
529 4786 702 4868 scripserit,
724 4805 792 4844 cum
812 4785 959 4865 Spiritum
983 4803 1050 4843 sau·
1104 4781 1202 4863 legem
1218 4786 1250 4845 in
1264 4792 1366 4845 monte
1381 4785 1454 4846 Sina
1469 4783 1596 4854 dedisse,
1616 4781 1694 4863 quod
1710 4802 1802 4864 ange·

359 4877 434 4931 ctum
462 4881 611 4934 auctorem
641 4872 710 4951 ejus
737 4880 902 4932 teneamus.
950 4872 1052 4950 Auget
1105 4869 1153 4930 lus
1176 4870 1228 4932 ille
1249 4873 1389 4952 princeps
1412 4871 1514 4951 populi
1529 4870 1605 4941 Dei,
1632 4871 1748 4950 quoties
1770 4867 1806 4931 ἰιιΙ

360 4959 574 5036 quaestionem,
612 4956 695 5040 quod
724 4956 806 5040 apud
834 4957 960 5030 Patres,
991 4965 1054 5038 tam
1104 4956 1235 5018 bumana
1260 4960 1362 5038 specie
1383 4956 1551 5038 apparebat
1573 4955 1634 5018 illis
1658 4958 1803 5039 patribus,

360 5039 497 5119 Gramen,
510 5065 603 5129 quam
612 5044 754 5118 Latinos,
770 5041 920 5106 interdum
931 5043 1050 5124 legitur,
1104 5052 1139 5105 ut
1152 5043 1311 5119 Abrabae,
1328 5045 1441 5119 Jacob,
1462 5043 1557 5117 Mori,
1577 5043 1691 5118 Josus,
1706 5043 1802 5104 tribus

1546 5142 1597 5207 4*
