4442 5825
393 578 469 662 ³2¹⁰
909 585 1143 643 conmunire
1160 586 1190 641 us
1208 586 1275 642 car.
1296 587 1337 640 n.

393 766 410 824 1
426 762 545 843 Regum
561 763 628 838 2³4
651 770 681 823 et
702 763 797 836 Elias,
821 762 942 843 qnando
966 762 1085 844 lugiens
1141 772 1200 826 test
1216 784 1348 844 aequare
1363 763 1481 824 iliorum
1496 766 1640 844 pretinm,
1655 782 1713 824 nee
1726 761 1794 824 iisd

392 871 411 910 a
426 849 503 910 facie
518 848 649 910 Jesahel
671 851 778 930 petivit
800 853 921 911 animae
947 869 1030 925 snae,
1053 860 1086 910 ut
1140 855 1233 913 nitate
1244 851 1436 930 respondere.
1460 851 1577 912 Melior
1593 857 1640 912 eet
1656 853 1742 911 enim
1755 868 1794 912 sss

358 947 361 953 '
391 947 564 1007 moreretur,
587 937 739 1016 strigam
756 940 805 999 19.
1140 944 1252 1000 timeris
1275 941 1391 1014 Deum,
1420 957 1517 1016 quom
1539 939 1629 998 mille
1653 937 1716 1015 tilii
1736 941 1794 1015 inp

435 1023 569 1102 Afflicti
593 1021 708 1084 Graece
727 1017 976 1101 κακουχούμενοι,
1000 1025 1084 1105 qnasi
1139 1023 1349 1086 Ecclesiastici
1375 1029 1422 1085 16.
1453 1026 1580 1085 Sensum
1604 1024 1689 1086 huuc
1711 1023 1794 1086 Graes

393 1109 491 1170 dicat:
517 1110 601 1170 mole
626 1111 735 1171 babiti.
763 1110 854 1191 Quod
877 1111 930 1170 alii
958 1110 996 1171 ad
1022 1114 1084 1172 ani·
1138 1133 1202 1173 rum
1217 1113 1345 1193 probant
1360 1110 1507 1187 nonnulli,
1523 1111 1794 1194 quiamoreseript

392 1216 471 1258 mum
497 1195 631 1258 referunt
652 1200 731 1259 curis
751 1207 782 1258 et
804 1198 1011 1259 anxietatibus
1034 1219 1085 1278 op·
1139 1219 1191 1260 rae
1213 1199 1347 1275 dionem
1372 1201 1483 1275 aliquo
1497 1217 1534 1257 re
1557 1198 1672 1259 dicitur
1695 1197 1733 1272 id,
1755 1215 1794 1281 qa

392 1303 543 1365 pressnm3
565 1285 619 1344 alii
636 1284 673 1344 ad
690 1285 822 1365 corporis
837 1285 948 1344 malam
963 1293 993 1344 et
1008 1286 1084 1364 injn·
1138 1287 1268 1367 pretium
1284 1287 1350 1364 ejus
1363 1294 1486 1365 aequat,
1501 1305 1538 1346 ae
1554 1283 1732 1346 tantundem
1745 1283 1794 1346 vat

391 1373 502 1431 riosam
532 1371 749 1434 uaeanonom.
788 1369 884 1451 cujus
914 1372 1085 1452 exemplum
1139 1372 1259 1434 ntGen.
1273 1375 1322 1436 23.
1340 1370 1462 1432 (licente
1474 1371 1627 1432 Abraham
1640 1371 1794 1453 despdrm

390 1457 532 1519 adierunt
554 1462 647 1521 Amos
671 1457 871 1540 Prophetam,
899 1478 988 1539 quem
1012 1458 1085 1538 Epi·
1139 1458 1794 1539 duplicizPecuoiodipnntradatenmm'i

390 1545 521 1626 phanius
543 1553 645 1605 namet
660 1545 697 1606 ab
713 1546 837 1606 Amasin
861 1543 1017 1607 sacerdote
1032 1545 1086 1603 Bc·
1139 1547 1202 1605 at3
1218 1546 1294 1626 Reg.
1311 1549 1361 1607 21.
1395 1546 1502 1606 Achab
1526 1545 1562 1606 de
1586 1547 1678 1606 vinee
1699 1542 1794 1606 Nost

390 1631 455 1693 thel
484 1632 605 1692 assidue
634 1633 811 1713 vapulasse,
839 1631 1022 1712 tandemque
1047 1630 1086 1692 ah
1140 1633 1232 1693 Dabo
1249 1636 1375 1709 arpenti
1387 1635 1538 1709 pretinm,
1562 1641 1723 1710 quantum
1736 1631 1794 1709 dies

391 1719 459 1796 ejus
484 1717 546 1779 filio
569 1719 733 1780 seeundum
759 1729 896 1799 tempora
921 1719 999 1779 fuste
1021 1737 1087 1799 per·
1141 1728 1192 1780 eet.
1237 1720 1407 1781 Addueitnr
1439 1722 1531 1780 etiam
1567 1718 1646 1780 illud
1673 1717 1794 1779 nicht

390 1824 511 1868 cussum
525 1805 710 1888 occubuisse
734 1808 858 1886 Legitur
870 1805 948 1867 idem
960 1806 1086 1866 verbum
1140 1808 1224 1884 Quid
1239 1808 1371 1883 dipsium
1385 1807 1516 1885 offeram
1527 1808 1696 1868 Domino?
1710 1814 1740 1867 ot
1751 1824 1794 1886 qut

390 1894 470 1954 iufra
485 1913 551 1972 cap.
571 1897 628 1966 13,
644 1893 696 1952 ubi
713 1895 859 1973 interpres
874 1895 978 1952 vertit:
995 1893 1086 1954 lobo-
1139 1895 1302 1974 Apostolus
1318 1896 1394 1955 dicit
1407 1895 1492 1955 Rom.
1508 1897 1553 1955 8.:
1581 1896 1657 1955 Non
1671 1901 1744 1954 eunt
1754 1902 1794 1955 eti

390 1989 506 2041 euntes.
523 1981 722 2055 Mementote,
737 1983 841 2061 iuquit,
856 1980 1085 2055 laborantium,
1140 1981 1256 2057 dionae
1282 1983 1354 2054 sive,
1380 1991 1415 2041 ut
1440 1990 1486 2041 est
1508 1983 1540 2041 iu
1563 1979 1694 2050 Graeco,
1720 1980 1794 2057 diost

390 2075 556 2146 tamqnam
572 2074 601 2126 et
622 2070 684 2144 ipsi
705 2071 740 2129 io
763 2086 896 2143 corpore
918 2076 1085 2129 moraliter.
1137 2072 1300 2144 passiones
1325 2069 1420 2143 hujus
1445 2072 1597 2145 temporie
1618 2068 1664 2129 nd
1687 2069 1794 2146 [aare

389 2155 452 2216 Ubi
466 2155 588 2215 videtur
604 2154 643 2214 ad
659 2174 769 2234 corpus
785 2153 982 2215 referendum.
1138 2157 1285 2231 olorinus.
1323 2155 1515 2237 Quamquam
1541 2155 1617 2216 haec
1644 2173 1748 2216 resera
1766 2170 1794 2215 1

435 2245 485 2305 38.
508 2242 627 2321 Qoibro
642 2242 758 2316 dianus
772 2261 840 2303 noo
855 2249 923 2301 erat
939 2241 1086 2302 mundus.
1140 2244 1276 2322 probant.

391 2329 452 2410 Qui
467 2338 512 2389 tot
529 2330 616 2389 malis
630 2328 763 2410 undique
777 2330 882 2410 pressi,
902 2339 934 2389 et
949 2326 1086 2388 omnihus
1183 2331 1262 2389 Nam
1280 2330 1362 2409 qnod
1377 2328 1416 2389 ad
1432 2330 1489 2389 tria
1501 2329 1602 2409 priora
1616 2326 1794 2410 loca'perffl

391 2417 485 2489 exosi,
511 2417 555 2476 sic
577 2416 776 2496 vagabantur,
800 2425 832 2476 ut
854 2419 932 2476 inter
953 2416 1086 2476 homines
1140 2418 1173 2476 in
1186 2416 1328 2476 Hebraeo
1351 2415 1426 2475 nihil
1446 2424 1500 2488 est,
1524 2414 1606 2495 qnod
1628 2412 1794 2495 elipeum*

390 2503 486 2566 locum
509 2504 562 2564 vix
584 2504 761 2575 invenirent,
785 2504 884 2563 videri
907 2512 1086 2582 poter-anta
1140 2504 1248 2576 nificat,
1271 2512 1304 2563 ut
1320 2501 1391 2564 inde
1406 2513 1504 2562 certus
1520 2503 1634 2582 aliquis
1657 2522 1729 2564 nans
1742 2498 1794 2581 huj

390 2591 458 2652 Deo
474 2590 595 2663 deserti,
612 2599 640 2650 et
652 2589 709 2651 hac
721 2592 868 2650 communi
880 2589 949 2650 luce
961 2588 1084 2668 indigni.
1139 2589 1281 2650 vocabuli
1296 2591 1389 2650 statui
1404 2590 1516 2668 possit3
1538 2588 1594 2650 sed
1617 2590 1695 2651 haee
1708 2582 1794 2650 souti

390 2678 500 2739 Verum
519 2678 685 2756 Apostolus
701 2675 731 2736 id
747 2683 904 2757 retorquet
917 2678 950 2736 in
970 2686 1085 2737 contre·
1140 2679 1294 2758 terpretis,
1317 2695 1452 2748 sensum,
1474 2697 1536 2737 non
1558 2676 1654 2736 rerba
1675 2696 1755 2738 reu·-
1783 2707 1785 2710 ’

390 2766 477 2837 rium,
501 2783 567 2823 cum
592 2762 661 2824 dicit
683 2761 824 2824 mnndum
838 2784 898 2823 non
914 2761 1007 2823 fuisse
1022 2762 1084 2843 dig·
1139 2762 1303 2844 Apostolus
1319 2761 1555 2836 verouondicit,
1573 2764 1729 2843 passiones

390 2871 476 2926 num,
503 2853 557 2930 qni
582 2869 633 2910 eos
659 2850 799 2926 haberet,
825 2851 940 2911 mundi
965 2850 1085 2910 nemine
1137 2851 1278 2930 temporis
1301 2870 1361 2910 non
1376 2868 1445 2909 esse
1467 2847 1576 2930 dignas
1599 2849 1701 2910 lutura
1726 2882 1749 2920 ρ
1771 2841 1792 2899 ι’

391 2959 487 3021 genus
512 2939 675 2999 humanum
701 2938 887 3018 intelligens,
914 2947 948 2998 nt
974 2937 1011 2997 ab
1038 2938 1084 2998 his
1138 2937 1271 2999 sednon
1294 2935 1488 3017 essedignas
1515 2957 1570 2996 seu
1598 2938 1757 3017 condignas
1783 3006 1787 3013 ,

390 3026 463 3087 talia
485 3026 581 3105 passis
605 3025 814 3103 distinguitur,
838 3024 987 3105 quomodo
1004 3022 1087 3084 Chri·
1141 3043 1219 3086 eom.
1244 3024 1333 3105 Quas
1344 3033 1414 3084 sont
1425 3024 1595 3085 locutiones
1606 3024 1750 3085 diversae.

391 3122 457 3176 stus
473 3113 580 3173 inanis
604 3113 790 3174 sermonibus
813 3111 1085 3191 frequentermun·
1139 3113 1379 3175 autemdicitur:
1406 3111 1524 3193 Quibus
1545 3112 1664 3187 diones
1685 3128 1747 3173 ooo
1783 3173 1785 3178 ,

391 3199 462 3261 dum
487 3200 611 3279 accipit,
639 3218 694 3259 nec
719 3220 780 3259 nou
803 3200 941 3261 «Ioannes
967 3201 998 3257 in
1024 3198 1086 3258 sois
1138 3199 1297 3275 mundoe5
1320 3218 1395 3258 non:
1425 3198 1469 3258 od
1492 3216 1589 3276 qnos5
1620 3194 1762 3280 quomodo

389 3286 542 3367 Epistolis.
574 3287 662 3347 Ratio
688 3285 780 3366 hujus
806 3290 900 3367 partis
927 3294 988 3357 est,
1015 3286 1086 3364 quis
1138 3295 1218 3346 ctum
1234 3295 1295 3346 est:
1313 3287 1438 3360 Dionos
1453 3292 1496 3346 est
1512 3289 1683 3362 operarius
1717 3317 1742 3329 1-

389 3373 462 3435 mali
477 3394 511 3435 oo
528 3375 603 3453 ipso,
623 3371 705 3453 quod
727 3373 800 3434 mali
816 3382 894 3445 sunt,
915 3372 1046 3432 maxime
1061 3371 1087 3431 si
1138 3392 1207 3448 eno,
1231 3373 1305 3432 Luc.
1324 3373 1382 3449 10,
1398 3380 1446 3431 et:
1470 3373 1545 3433 Nost
1561 3391 1630 3433 eum
1648 3372 1791 3456 diensi..

389 3460 484 3522 bonos
500 3470 727 3540 persequantur,
751 3459 892 3539 indignos
907 3478 940 3519 se
956 3456 1087 3518 reddunt
1138 3463 1207 3521 cori
1220 3460 1306 3536 illios
1320 3466 1403 3533 tone,
1426 3460 1497 3520 Luc.
1516 3459 1574 3534 15,
1593 3469 1641 3520 et:
1668 3458 1731 3539 Qui

390 3547 536 3608 bonorum
553 3549 711 3624 consortio,
735 3566 770 3607 ac
785 3545 947 3617 beneficiis,
963 3564 1085 3626 quornm
1135 3554 1263 3624 patrem
1280 3553 1337 3606 out
1348 3552 1484 3606 matrem
1493 3546 1569 3622 plne
1580 3563 1745 3625 qsmmms,
1778 3544 1780 3547 ’

390 3643 514 3717 propter
525 3634 620 3694 honos
631 3652 732 3694 secum
745 3648 898 3693 morantes
912 3632 975 3691 fieri
991 3632 1087 3692 solent
1138 3640 1183 3695 est
1197 3653 1246 3693 me
1262 3633 1387 3709 diones,
1402 3632 1510 3693 Matth.
1527 3634 1585 3706 10,
1600 3642 1632 3693 et
1646 3633 1710 3694 alia
1730 3663 1740 3678 ν

391 3721 566 3802 participes.
591 3718 748 3800 Quomodo
770 3720 897 3800 legimus
913 3718 1012 3778 domui
1028 3717 1085 3777 La·
1139 3721 1184 3781 his
1207 3720 1325 3780 similia
1349 3718 1418 3799 Quo
1441 3720 1484 3794 fit,
1506 3729 1542 3779 ut
1562 3720 1694 3799 priorem
1729 3761 1732 3767 -
1777 3794 1779 3797 y

391 3808 451 3869 ban
466 3805 659 3867 benedixisse
672 3808 770 3867 Denm
793 3815 917 3888 propter
932 3803 1041 3879 Jacob,
1057 3813 1087 3865 et
1138 3827 1198 3867 non
1214 3807 1309 3867 solum
1325 3814 1358 3867 ut
1369 3808 1465 3885 magis
1477 3805 1609 3879 ebrium,
1625 3824 1727 3867 verum
1746 3848 1748 3851 -

391 3894 494 3956 domni
505 3892 653 3973 Putiphar
669 3903 791 3975 propter
803 3891 931 3973 loseph,
947 3891 1021 3953 Gen.
1037 3892 1086 3953 30.
1138 3901 1172 3953 nt
1195 3892 1404 3954 conseretudini
1426 3892 1648 3972 scripturarum

392 3989 423 4042 et
437 3983 497 4054 39,
521 3989 550 4041 et
571 3981 756 4060 parciturum
773 3981 865 4042 inisse
880 3978 1038 4050 Sodomae,
1060 3980 1086 4038 si
1139 3979 1250 4053 datnm,
1272 3979 1415 4040 libentius
1431 3980 1613 4059 amplectar,
1636 3988 1715 4041 uerte
1740 4015 1742 4022 ι

392 4067 495 4129 decem
502 4068 577 4146 jnsti
587 4069 698 4128 inventi
710 4067 839 4128 lrieseut
851 4068 882 4126 in
894 4086 939 4139 ea,
950 4064 1025 4126 Gen.
1038 4066 1086 4125 18.
1139 4067 1210 4127 riori
1225 4075 1406 4146 postponere
1420 4086 1479 4126 uon
1494 4066 1602 4126 ausim.

435 4155 596 4217 Caeterum
612 4154 701 4215 aliter
723 4154 801 4215 huuc
816 4153 914 4213 locum
931 4151 1086 4212 intellexe·
1183 4155 1224 4213 In
1237 4152 1462 4215 solitudinibus
1473 4160 1719 4215 erronmetor
1746 4184 1748 4187 ·

391 4251 462 4301 runt
496 4242 729 4320 chrysostomus
767 4249 796 4300 et
825 4239 1085 4318 Theophylactus.
1140 4240 1289 4301 Davidem
1312 4259 1377 4301 cnm
1399 4242 1497 4312 sociis,
1518 4260 1537 4299 ι
1552 4239 1634 4302 facie
1648 4238 1741 4302 Saul

392 4326 524 4391 Censent
561 4328 652 4401 enim,
690 4328 797 4406 negari
823 4326 1087 4406 comparationem
1140 4347 1220 4407 gnm,
1243 4329 1274 4386 in
1291 4326 1417 4387 desertis
1440 4335 1471 4387 et
1492 4327 1684 4389 montibuse
1725 4358 1728 4375 ι
1766 4332 1770 4347 ·’

391 4415 496 4477 mundi
527 4434 595 4476 cnm
626 4417 738 4475 sanctis
768 4413 867 4494 quoad
898 4412 1025 4492 pretium
1052 4431 1087 4471 ec
1140 4415 1222 4493 gitur
1240 4414 1344 4493 lReg.
1359 4414 1408 4474 23.
1423 4415 1579 4475 uacuo.
1603 4413 1721 4494 altare
1745 4450 1773 4477 ·.

392 4501 575 4583 dignitatem,
599 4503 686 4581 quasi
709 4501 791 4561 dicet
814 4498 996 4579 Apostolus:
1019 4499 1087 4559 Etsi
1140 4521 1159 4560 a
1175 4500 1301 4562 Jezabot
1324 4499 1363 4559 ad
1385 4519 1490 4560 necem
1514 4501 1681 4582 quaesitus,
1704 4499 1718 4560 l
1745 4534 1774 4579 ‘z

393 4591 488 4650 sancti
515 4588 627 4649 luerint
653 4586 746 4661 adeo,
773 4588 862 4666 sicut·
878 4586 949 4656 dixi,
976 4584 1087 4645 mundo
1141 4590 1289 4647 desertum
1306 4587 1521 4660 vastissimum,
1537 4605 1638 4669 usque
1653 4585 1692 4648 ad
1713 4626 1715 4633 ·
1737 4620 1739 4630 =

393 4675 608 4757 despicabiles,
645 4694 718 4735 vera
749 4682 848 4733 tumen
879 4673 1088 4733 aestimatione
1139 4673 1199 4734 Dei
1215 4672 1305 4747 Oreb,
1323 4679 1341 4735 3
1357 4674 1433 4753 Reg.
1451 4677 1499 4737 19.
1527 4673 1594 4737 Nee
1609 4674 1735 4745 dubium.
1766 4722 1769 4749 :

392 4770 473 4823 totus
489 4762 626 4835 mundns,
646 4760 677 4821 id
693 4769 747 4833 est,
763 4761 897 4820 universi
913 4760 1020 4840 reliqui
1035 4760 1086 4820 ho·
1141 4762 1229 4821 etiam
1244 4760 1282 4820 nd
1295 4760 1437 4820 Antiochi
1449 4760 1737 4842 temporareepleisl

392 4852 498 4924 mines,
522 4852 580 4910 imo
597 4857 659 4909 tota
675 4847 750 4907 haee
763 4846 867 4906 mundi
882 4854 1039 4918 structore,
1062 4847 1087 4906 si
1140 4847 1249 4919 stolus,
1281 4848 1402 4926 quando
1427 4846 1607 4909 Mattathiae
1628 4851 1757 4929 ejusque

392 4955 461 4997 cum
477 4938 589 4997 sanctis
604 4935 783 5006 conferatur,
799 4934 849 4994 vel
863 4933 977 5008 saltem,
999 4941 1033 4992 nt
1047 4933 1089 4993 ait
1140 4934 1279 5014 ingerunt
1291 4936 1321 4994 in
1330 4943 1454 5007 montes,
1465 4934 1578 4994 relictis
1590 4935 1737 5016 ournihuh¹

393 5021 631 5106 Chrysostomus,
653 5042 721 5083 cum
743 5039 804 5080 uuo
826 5040 938 5095 eorum,
960 5041 1020 5082 non
1034 5039 1086 5101 po·
1140 5041 1267 5101 cumque
1293 5020 1445 5083 habebant
1470 5020 1501 5081 in
1529 5022 1665 5085 civitem
1705 5029 1773 5084 ¹21-
