4442 5825
399 611 476 682 540
937 602 1360 667 cemmumusucuu

396 783 524 861 figurate
538 780 606 842 Deo
620 780 767 853 adscribi,
790 780 964 860 metaphora
985 778 1024 840 ab
1039 778 1090 838 hc·
1143 784 1253 844 omnia
1278 791 1494 860 cooperaretur
1521 787 1560 846 irc
1586 784 1729 859 boram,
1756 787 1839 849 aba

396 870 526 930 minibus
541 876 673 946 sumpta,
687 869 874 928 notissimum
891 876 948 927 eet
1143 866 1287 942 adversa,
1318 891 1528 949 quaecumque
1554 873 1689 951 patimur
1715 892 1735 933 a
1760 873 1838 935 malis

434 957 558 1021 Vultus
567 961 675 1015 omem
686 954 1090 1030 Dcmtrr'auperfccieretee
1143 954 1322 1017 hominibus.
1359 957 1398 1016 Et
1419 957 1480 1017 huc
1502 957 1641 1019 referunt
1656 958 1736 1021 illud
1751 957 1837 1040 Chry·

396 1042 492 1102 motu.
520 1043 642 1115 Vultus,
652 1040 781 1102 Graece:
797 1031 967 1116 πρόςωπον,
978 1040 1088 1116 foetet,
1143 1043 1282 1101 scotomi·
1298 1045 1464 1105 Neminem
1479 1045 1582 1120 laedi,
1603 1047 1670 1107 reici
1685 1065 1755 1108 cae
1768 1051 1838 1122 ipra

397 1136 546 1204 aspectus.
571 1085 1089 1188 AddithuicversiculoPsalmista:
1185 1128 1297 1189 Verum
1327 1130 1381 1190 alii
1410 1132 1565 1208 accipiunt
1592 1132 1654 1193 hoc
1683 1133 1839 1193 dicturus

402 1217 442 1277 Ut
452 1215 571 1291 perdet
592 1215 631 1274 de
653 1223 740 1274 terra
761 1216 948 1275 memoriam
969 1232 1088 1273 eorum.
1142 1213 1230 1274 Petro
1246 1215 1286 1275 ad
1300 1218 1555 1278 confirmationem
1578 1218 1836 1298 praecedentium

396 1301 467 1382 Qua
481 1311 564 1381 parte
579 1301 766 1378 explicatur,
783 1321 871 1379 quern
884 1300 1006 1361 cottum
1023 1302 1090 1361 eive
1142 1320 1178 1360 ac
1194 1301 1328 1376 sidicat,
1346 1306 1572 1382 promissionem
1588 1304 1707 1365 illama
1722 1305 1835 1366 Davida

396 1400 553 1468 aspectum
567 1388 688 1448 Domini
705 1387 871 1466 intelligat,
892 1403 998 1464 nempe
1013 1407 1086 1489 qua·
1142 1390 1300 1466 scriptam:
1317 1393 1391 1468 Quia
1408 1391 1564 1465 esthemo,
1580 1394 1639 1467 qui
1657 1392 1729 1453 vult
1744 1395 1834 1453 vitun

395 1475 433 1535 lie
449 1494 517 1536 esee
533 1474 609 1534 solet
623 1475 751 1535 hominis
767 1475 836 1535 irati
851 1483 882 1535 et
893 1474 1035 1534 concitati
1049 1474 1087 1533 ad
1143 1482 1213 1549 etc,
1242 1477 1299 1535 etsi
1324 1477 1531 1557 principaliter
1552 1477 1722 1539 referenda
1743 1480 1785 1538 ait
1802 1475 1834 1538 ad

395 1560 568 1623 vindictam.
605 1561 752 1642 Quamvis
768 1563 845 1621 enim
860 1572 921 1621 tam
936 1560 1089 1621 Hebraica
1143 1563 1235 1622 vitam
1264 1561 1356 1624 icturi
1386 1564 1517 1637 saccali,
1556 1566 1714 1642 pertinere
1743 1573 1832 1627 tamen

395 1648 502 1722 dictio,
532 1668 622 1728 quam
649 1646 766 1709 Graeca
791 1639 950 1724 πρόςωπον
971 1650 1089 1708 mediae
1143 1649 1233 1709 etiam
1254 1669 1308 1708 suo
1332 1649 1419 1710 modo
1446 1649 1654 1732 adpraesens
1681 1651 1832 1713 neeman.

395 1736 626 1815 significationis
652 1736 692 1795 eit
715 1737 745 1794 in
767 1735 944 1814 scripturis,
970 1754 1006 1794 ac
1031 1734 1087 1795 ire·
1141 1735 1193 1794 Fit
1208 1736 1285 1796 enim
1310 1744 1341 1796 ut
1363 1737 1537 1815 plurimum,
1559 1746 1609 1807 ut,
1638 1739 1696 1817 qui
1712 1736 1833 1818 linguan

395 1834 525 1899 quanter
540 1823 570 1883 in
586 1821 693 1882 bonam
713 1831 830 1900 partem
854 1823 1033 1899 accipiatur,
1055 1829 1089 1880 ut
1142 1841 1225 1883 suam
1241 1821 1318 1885 bene
1332 1822 1540 1897 moderantur,
1566 1833 1719 1904 etpacum
1735 1834 1834 1897 emant,

394 1910 484 1970 Num.
508 1910 537 1969 6.
559 1909 638 1968 bie
630 1930 661 1968 1n
682 1907 785 1968 eadam
808 1907 1007 1968 benedicendi
1028 1906 1087 1966 for·
1142 1909 1342 1988 omnibusque
1358 1911 1479 1971 student
1496 1908 1697 1985 benefacere,
1724 1911 1833 1972 laedere

394 1994 494 2056 mula:
518 1995 671 2057 Ostendat
688 1997 845 2057 Dominus
865 1996 982 2071 sociem
996 2013 1087 2055 mam
1142 1995 1496 2075 neminem,t1anquille
1525 2007 1557 2056 et
1586 1996 1721 2058 feliciter
1745 2004 1832 2077 agant,

395 2082 469 2157 tibi,
495 2091 524 2144 et
539 2073 724 2143 misereatur
740 2083 795 2142 tui.
831 2082 1004 2142 Convertot
1020 2083 1087 2142 Do·
1142 2092 1223 2143 certe
1237 2082 1469 2143 miuuscbncxii
1485 2084 1547 2144 sint
1562 2083 1745 2146 hominurn
1736 2104 1831 2164 ampro

394 2173 501 2231 minue
522 2171 646 2230 vultum
669 2187 760 2229 eoum
785 2170 827 2229 ad
847 2176 892 2242 te,
920 2177 950 2228 et
964 2169 1017 2227 det
1031 2170 1088 2228 trba
1141 2170 1283 2230 borum
1275 2170 1407 2247 injuriis3
1438 2169 1518 2250 quod
1545 2179 1605 2244 est,
1639 2170 1709 2232 dier
1736 2172 1830 2233 cidere

391 2276 523 2333 pacem·
512 2302 522 2333 ,
552 2257 697 2317 interdum
713 2257 857 2316 tamenin
873 2256 950 2316 malo
967 2275 1085 2316 sumuu-
1141 2255 1262 2318 bonos
1248 2267 1338 2332 Juxta
1355 2255 1472 2315 modum
1488 2258 1572 2317 vitae
1586 2259 1771 2334 praesentia

395 2352 458 2416 tur,
474 2352 507 2403 ut
523 2343 633 2404 Psalm.
650 2344 717 2404 20³
737 2346 840 2405 Ponet
855 2362 921 2418 ece,
938 2350 974 2403 ert
989 2344 1086 2403 cliba-
1183 2345 1237 2403 Est
1252 2343 1343 2419 igitur
1358 2352 1567 2421 argumentum
1588 2362 1608 2403 a
1624 2345 1777 2404 communi
1789 2363 1829 2404 ex·

394 2450 471 2492 nam
487 2432 621 2506 torricia
637 2437 777 2506 tempore
794 2430 898 2491 arettae
914 2433 978 2503 toi,
995 2429 1025 2489 id
1042 2443 1087 2490 est
1140 2430 1289 2508 parientia
1311 2439 1476 2508 sumptum,
1502 2430 1636 2490 maxime
1659 2442 1748 2491 extra
1770 2440 1828 2490 tem

393 2519 567 2579 iracundiae
581 2526 661 2577 tuae.
698 2517 774 2577 Utro
792 2526 890 2577 autern
907 2516 994 2577 modo
1010 2519 1083 2575 acci·
1140 2535 1213 2595 pora
1235 2516 1451 2594 persecutionis
1473 2514 1553 2576 fidei.
1584 2516 1667 2576 Nam
1692 2515 1776 2595 qnod
1794 2518 1829 2576 at

393 2607 527 2683 piantur,
551 2604 684 2666 declarat
705 2605 876 2684 scripturae
895 2608 1084 2664 circumstau-
1138 2601 1264 2674 Paulus,
1280 2611 1311 2661 et
1325 2601 1395 2661 huic
1412 2605 1591 2663 contrarium
1606 2603 1707 2664 rideri
1722 2612 1825 2683 potest:

394 2693 452 2762 tia,
466 2701 500 2751 ut
515 2692 572 2752 hoc
586 2692 667 2766 loco;
686 2694 816 2752 maxime
831 2693 903 2771 quia
918 2693 949 2751 in
965 2690 1085 2750 Psalmo
1139 2689 1263 2762 Omnes,
1279 2691 1334 2763 qur·
1348 2690 1400 2764 pie
1416 2691 1530 2750 volunt
1542 2692 1650 2750 uivere
1665 2693 1703 2750 in
1717 2692 1827 2753 coriae

392 2779 545 2857 sequitur:
567 2781 606 2840 Ut
619 2778 786 2853 perdotele
798 2785 950 2839 terruere.
973 2778 1086 2838 Sensus
1137 2778 1232 2848 Jeeu,
1246 2778 1495 2850 persecutionem
1509 2779 1680 2853 patientur
1688 2820 1700 2852 ,
1728 2778 1828 2840 uum.

392 2865 484 2944 igitur
509 2875 570 2927 cat:
598 2867 759 2927 Dominum
785 2868 933 2944 respicere
966 2864 1084 2944 quidem
1139 2862 1183 2937 3.,
1206 2863 1393 2942 potissimum
1410 2864 1506 2943 accipi
1524 2863 1618 2925 debet
1632 2862 1672 2924 de
1696 2876 1828 2947 tempore,

393 2952 482 3012 ctiam
498 2973 565 3026 eoa,
591 2955 642 3033 qui
657 2953 737 3013 mula
752 2954 882 3028 faciunt3
909 2973 1009 3012 vorum
1025 2975 1085 3014 non
1138 2970 1199 3029 quo
1216 2958 1338 3030 propter
1355 2950 1528 3029 religionem
1551 2963 1827 3033 commoveturper

391 3038 521 3117 benigne
537 3041 640 3111 vultu,
666 3040 720 3100 aad
744 3049 829 3100 torvo
852 3060 926 3100 enac
948 3039 1083 3119 indigna·
1138 3039 1262 3097 secutio.
1301 3038 1389 3097 Tunc
1403 3037 1480 3097 enim
1503 3040 1667 3118 praecipue
1682 3042 1828 3120 patiuntur

392 3126 482 3186 tionis
497 3137 636 3207 aspectu3
651 3149 710 3188 nou
726 3136 759 3186 ut
774 3136 872 3187 servet
888 3136 919 3187 et
934 3129 1084 3203 exaudiat,
1138 3125 1173 3196 ii,
1200 3126 1252 3204 qui
1269 3144 1338 3184 vere
1354 3125 1395 3203 pii
1411 3133 1487 3184 sunt.
1524 3126 1565 3185 Et
1586 3125 1669 3186 hanc
1685 3129 1826 3209 exceptio

391 3211 445 3274 sed
468 3214 689 3293 utaliquando
715 3213 821 3294 perdat
847 3222 875 3273 et
901 3214 1023 3276 aboleat
1047 3216 1086 3276 de
1137 3232 1205 3272 uem
1221 3210 1328 3271 videns
1344 3211 1465 3285 Petrus,
1481 3211 1657 3291 subjunxit:

392 3309 481 3373 turre,
509 3302 541 3361 id
564 3312 611 3362 est
632 3322 668 3363 ex
696 3300 882 3373 hominibus,
911 3306 1084 3364 memoriam

392 3407 511 3462 eorum,
533 3387 609 3448 adeo
625 3401 659 3449 ut
674 3388 838 3449 tivantium
854 3408 940 3448 neruo
956 3390 1009 3453 ait.
1033 3393 1084 3471 qui
1183 3387 1230 3445 14.
1253 3382 1315 3446 Sed
1330 3390 1375 3459 et,
1398 3387 1517 3463 siquid
1530 3388 1689 3462 potimini
1703 3394 1826 3465 propter

392 3474 430 3535 de
459 3475 502 3535 eia
532 3474 694 3536 honorilice
731 3474 877 3551 loquatur.
930 3475 1021 3555 Quod
1051 3487 1085 3537 ut
1133 3473 1309 3545 jeaett'ticm,
1338 3470 1428 3530 beati.
1460 3471 1592 3534 Graece:
1619 3472 1727 3535 Sedet
1742 3477 1825 3534 esca

391 3561 568 3640 plerumque
582 3564 729 3640 contingit
740 3561 826 3622 malla
838 3563 869 3622 in
884 3563 940 3623 hoc
955 3565 1085 3639 saeculo,
1135 3560 1321 3635 potiamini,
1349 3565 1402 3618 etc.
1435 3558 1579 3619 Voculam
1593 3558 1675 3637 quid
1688 3560 1826 3640 interpret

390 3650 433 3709 ita
446 3648 580 3727 perfecte
596 3660 627 3710 et
649 3652 715 3709 siue
737 3649 914 3727 exceptione
930 3652 1085 3732 continget
1137 3641 1254 3705 addidit
1268 3643 1306 3704 de
1327 3664 1389 3705 ⁸11⁰·
1423 3645 1507 3706 Dicit
1530 3646 1585 3707 [νῦν
1602 3646 1735 3722 Petrus,
1759 3643 1827 3730 quel

390 3737 422 3797 in
437 3736 546 3797 mauro.
1137 3752 1175 3792 ex
1202 3752 1252 3791 ore
1277 3732 1412 3809 magistri
1438 3732 1609 3795 audiverat:
1638 3737 1756 3811 Beata,
1781 3734 1826 3812 qui

436 3824 484 3884 13.
507 3826 551 3886 Et
565 3826 636 3900 quia
650 3831 709 3896 eet,
733 3826 788 3899 qut
804 3823 891 3885 uobis
906 3832 1034 3899 noceat,
1058 3828 1085 3886 ei
1134 3820 1382 3896 persecutionem
1402 3821 1579 3893 patiuntur
1591 3828 1731 3899 propter
1739 3822 1825 3897 jasti-

391 3911 467 3971 boni
481 3912 693 3972 aemulatores
704 3911 854 3988 fueritis?
869 3914 973 3985 Boni,
990 3910 1083 3973 Grae·
1137 3910 1233 3978 tium,
1261 3902 1352 3963 idest
1368 3924 1421 3984 pre
1437 3907 1555 3984 justitia
1578 3906 1759 3982 retinenda,
1784 3905 1827 3968 uli

390 4016 440 4058 ce:
468 3998 521 4056 τοῦ
538 3990 677 4073 ἀγαθοῦ,
704 3996 796 4058 idest
818 3997 976 4058 contacto.
1006 3998 1082 4059 Sub·
1132 3994 1258 4068 iustitio
1288 3990 1411 4069 quidem
1443 3994 1592 4072 significat
1624 3992 1827 4075 quodcumque

389 4085 522 4145 etantive
551 4086 628 4144 enim
658 4085 797 4155 sumitur,
836 4083 1083 4163 quemadmodum
1138 4099 1213 4159 0p1¹⁸
1238 4078 1374 4152 Vlrlufilt
1401 4076 1828 4158 1⁰⁸Plssill⁸m⁰nP02m⁸⁸l

389 4170 472 4248 apud
487 4170 638 4231 Joannem
654 4173 684 4229 in
701 4172 729 4230 8.
746 4172 856 4249 Epist:
872 4172 947 4231 Noli
962 4175 1084 4232 imitari
1138 4165 1360 4225 confessionem
1387 4163 1459 4225 lidei
1482 4165 1696 4246 Christianam
1723 4169 1769 4228 uti
1791 4185 1826 4227 ee

388 4258 528 4331 molam,
554 4257 609 4317 aed
631 4257 717 4333 quod
739 4258 857 4319 bonum
873 4264 926 4318 eet.
959 4258 1037 4319 Nam
1054 4268 1083 4318 et
1137 4253 1262 4331 quentia
1277 4249 1439 4311 declarant.
1476 4250 1565 4313 Unde
1589 4264 1619 4313 et
1633 4256 1776 4335 sequenti
1789 4272 1827 4315 ee·

389 4344 438 4406 hic
453 4344 580 4421 legitur.
596 4346 781 4419 imitatores,
798 4344 928 4405 Graece.
945 4336 1082 4422 μιμηταὶ,
1137 4340 1198 4418 pite
1213 4337 1345 4415 loquitur
1368 4340 1515 4399 sententia
1538 4340 1646 4401 simili·
1673 4344 1710 4404 8ο·
1733 4347 1828 4402 cute·

388 4430 487 4510 quod
478 4439 628 4510 interpres
636 4431 742 4490 vertit
755 4431 977 4492 aemulatores.
993 4432 1083 4492 Hanc
1138 4427 1269 4503 patiatur
1290 4425 1360 4502 quia
1381 4432 1418 4484 ct
1433 4425 1652 4503 christianae,
1676 4447 1747 4493 nore
1766 4445 1828 4488 m·

388 4526 504 4596 partem
520 4516 683 4596 quidam
658 4517 900 4596 arcintslligunt:
915 4517 1013 4579 Nemo
1030 4529 1082 4595 eat,
1137 4513 1237 4572 bestat
1258 4516 1312 4570 etc
1351 4509 1431 4571 'l'alc
1451 4512 1540 4590 igitur
1560 4522 1615 4588 eat,
1643 4516 1730 4595 quod
1751 4514 1828 4578 dicit·

389 4606 442 4682 qui
468 4622 578 4665 nocere
598 4601 687 4663 vobis
713 4605 823 4682 possit,
851 4602 881 4663 id
907 4612 954 4665 eet
978 4625 1082 4666 verum
1137 4597 1266 4678 Quod
1241 4617 1268 4657 ⁸¹
1283 4596 1371 4655 etiam
1396 4600 1565 4678 contingat,
1588 4622 1645 4663 vos
1643 4536 1756 4684 qulliigi
1772 4621 1827 4685 pru

387 4689 501 4751 inlerre
516 4699 742 4764 nocumentum,
763 4692 788 4751 ai
804 4693 974 4765 sectemini,
1001 4695 1082 4773 quod
1138 4694 1201 4765 pter
1223 4683 1370 4763 justitiam
1399 4692 1429 4743 ut
1443 4686 1601 4765 pictatem,
1628 4709 1689 4750 non
1706 4688 1828 4753 idecni·

387 4774 496 4837 bouum
513 4788 575 4852 est;
602 4778 689 4856 quia,
714 4785 748 4838 nt
773 4777 886 4838 dictum
912 4786 973 4852 cst,
1000 4782 1083 4843 octrli
1136 4780 1242 4833 nuretm
1271 4770 1358 4831 robis
1388 4771 1533 4845 felicitas,
1572 4793 1665 4855 qnam
1694 4773 1829 4877 promittit

389 4865 523 4925 Domini
547 4882 644 4940 cuper
664 4865 774 4938 jocor.
816 4864 954 4937 Etenim,
981 4876 1016 4925 ut
1040 4869 1084 4927 ait
1136 4857 1404 4940 psalmographus·
1429 4858 1489 4919 imo
1519 4860 1563 4920 aio
1594 4881 1689 4942 quarn
1710 4864 1828 4926 mariue

387 4948 502 5010 Paulus
516 4949 603 5010 Rom
619 4951 658 5018 8.
673 4969 700 5011 er
693 4952 802 5011 Deua
820 4969 881 5027 pro
896 4952 996 5024 nobie,
1013 4956 1083 5029 quie
1137 4948 1221 5007 critis
1240 4943 1333 5017 beuti,
1346 4943 1489 5007 videlicet
1504 4965 1561 5024 spe
1576 4951 1744 5012 cummim
1756 4946 1828 5029 regni

387 5043 501 5100 contro
515 5038 595 5099 noe?
611 5038 733 5120 Quibus
747 5038 950 5117 ditiperotitua
964 5042 1082 5119 Deum,
1136 5033 1284 5097 coelestis.
1326 5028 1379 5092 Sic
1402 5033 1479 5095 enim
1506 5030 1689 5102 Christus
1680 5056 1746 5122 ipae
1771 5052 1827 5100 aa!
