4442 5825
393 569 470 642 434,
920 564 1154 621 commistus
1171 563 1203 620 lli
1220 565 1285 622 (lif.
1303 566 1342 623 lll.

393 750 424 804 et
437 739 573 804 nonnulli
586 738 670 804 MSS.
693 742 752 804 visi
766 743 893 804 Eunomo
917 751 948 803 et
969 740 1087 804 Isidoro
1143 743 1289 805 melorum
1305 764 1397 805 conss
1412 752 1464 806 est
1487 743 1578 806 Unde
1593 746 1727 828 sequitur
1738 741 1806 806 iorni

393 830 500 891 Clusio.
523 830 632 911 Itaque
639 830 804 909 jactantius
814 833 919 891 vitium
932 830 990 892 huc
1001 841 1087 911 perte
1145 833 1356 912 oppositionis:

392 918 491 978 notari
506 917 642 998 plerique
657 919 844 994 existiment,
868 927 900 976 ut
916 936 1026 977 seusus
1040 919 1087 992 sit,
1192 919 1583 995 Universitoee'niqaitatie,
1596 918 1726 981 Grecos:
1739 919 1812 979 lim·

390 1003 535 1084 linguam,
559 1006 615 1064 etsi
637 1003 780 1083 pusillum
805 1007 835 1064 in
859 1024 981 1085 corpore
996 1025 1086 1065 mem·
1143 1005 1203 1068 due
1224 1007 1414 1082 iniquitatis,
1438 1003 1583 1084 Syrisce:
1610 1004 1815 1082 Munduepm·

391 1090 492 1164 buum,
519 1110 630 1171 mugnus
656 1101 754 1151 tumen
777 1089 878 1171 loqui,
905 1089 1088 1172 multumque
1143 1096 1214 1152 cati.
1238 1090 1300 1152 Sed
1316 1100 1418 1153 noster
1439 1092 1586 1172 interpres
1611 1111 1729 1153 sensum
1743 1099 1815 1153 stt*

391 1196 589 1258 praesumere.
1143 1179 1196 1239 dit.
1221 1179 1364 1240 dicendas
1386 1179 1465 1238 enim
1488 1179 1664 1238 universum
1680 1179 1815 1239 etuuireo

435 1264 547 1325 Verum
563 1264 613 1323 hio
628 1282 734 1324 sensus
750 1283 854 1343 purum
873 1262 1035 1343 respondet
1049 1261 1088 1323 sd
1143 1267 1215 1326 situs
1229 1274 1364 1339 vocetur,
1380 1262 1461 1345 quod
1476 1266 1508 1325 in
1524 1285 1559 1326 eo
1575 1264 1617 1325 sit
1631 1284 1730 1326 rerum
1742 1264 1815 1327 onst

392 1350 601 1412 similitudines
616 1349 723 1410 illutus
746 1349 824 1411 freni
841 1358 870 1409 et
884 1348 1087 1429 gubsmuculi,
1143 1352 1262 1431 generis
1292 1351 1439 1412 collectio.
1478 1351 1529 1412 Sic
1558 1353 1652 1432 igitur
1680 1360 1711 1412 et
1733 1352 1815 1430 liugos

392 1438 503 1518 quibus
519 1437 678 1498 ostendere
701 1437 769 1497 vult
782 1437 953 1518 Apostolus,
976 1445 1089 1516 quunts
1142 1441 1282 1499 vitiorum
1300 1459 1336 1499 uc
1360 1439 1506 1498 scelerum
1529 1439 1663 1500 mundus
1679 1448 1710 1500 et
1723 1439 1815 1500 uuirt·

392 1528 433 1586 sit
447 1525 570 1605 liuguae
592 1533 727 1604 potestus
743 1527 774 1585 iu
790 1544 898 1603 eorpus
921 1524 1086 1603 reliquum,
1142 1526 1216 1586 situs
1244 1525 1396 1604 quaedum
1423 1534 1482 1602 sst;
1510 1527 1667 1586 ceumtive
1693 1526 1814 1586 nimirum

392 1632 470 1694 quse
492 1632 552 1673 non
578 1611 743 1672 ostenditur
766 1631 803 1672 ex
827 1613 901 1671 vitio
925 1611 1024 1671 iuunis
1041 1611 1086 1688 js·
1143 1612 1345 1692 quianullum
1361 1620 1409 1671 est
1423 1613 1538 1691 pseusti
1559 1631 1667 1690 genus,
1693 1609 1814 1694 quodh

394 1702 536 1771 otentico,
548 1698 601 1758 sed
612 1719 649 1758 ex
659 1718 703 1772 eo,
717 1699 797 1777 quod
805 1718 980 1778 magnorum
989 1715 1087 1757 rerum
1141 1719 1200 1779 guu
1216 1720 1275 1758 non
1290 1701 1403 1779 puriut3
1426 1705 1481 1757 sut
1500 1698 1713 1778 perpetrando,
1737 1706 1769 1758 ot
1780 1697 1815 1760 de

392 1788 431 1846 sit
455 1786 610 1861 effectri13
637 1793 670 1843 ut
694 1784 809 1846 Graeco
833 1785 924 1843 verbo
947 1783 1089 1843 videntur
1141 1787 1313 1859 tractiones,
1328 1785 1496 1858 meledicta,
1512 1786 1667 1865 perjurio,
1691 1793 1815 1866 sutprss

394 1874 506 1935 ebusus
521 1892 574 1952 pro
590 1892 634 1945 eo,
650 1869 732 1952 quod
748 1880 808 1932 est:
834 1889 953 1947 mappa
968 1873 1001 1930 vi
1014 1871 1087 1946 pol·
1142 1871 1289 1951 cipiendo,
1314 1872 1478 1945 suadendo,
1501 1871 1708 1951 provocando,
1722 1872 1815 1932 cousin

391 1964 465 2035 tere,
480 1960 658 2036 plurimum
672 1963 810 2036 possein
824 1965 993 2035 utramque
1007 1975 1083 2033 par·
1142 1959 1255 2031 nendo,
1286 1959 1417 2039 denique
1448 1961 1622 2020 occasiones
1648 1968 1680 2019 et
1707 1957 1815 2019 iommts

392 2057 464 2123 tem,
488 2047 651 2106 malumst
667 2045 792 2105 boream.
815 2045 852 2105 Id
876 2046 971 2106 sensit
993 2043 1086 2104 Grae·
1140 2044 1345 2118 ministrando,
1360 2053 1395 2105 ut
1409 2053 1477 2104 sunt
1493 2046 1666 2117 ebrietates,
1683 2044 1815 2106 udultcris

392 2132 661 2206 cosOeeumenius,
675 2131 904 2212 iioApostolum
918 2149 1086 2208 exponens:
1141 2142 1254 2211 stupro,
1277 2133 1370 2204 rixae,
1394 2130 1512 2204 euodes,
1536 2133 1701 2194 schismets
1723 2131 1815 2194 ethre

392 2223 462 2285 Etsi
478 2222 591 2296 stupea
608 2220 761 2296 pusillum
778 2224 818 2279 sit
832 2219 1019 2292 membrum,
1043 2219 1085 2276 in·
1141 2239 1230 2281 reses.
1254 2222 1351 2279 Arias
1376 2222 1411 2279 in
1436 2217 1639 2280 Alexandria
1662 2237 1731 2282 aaa
1750 2220 1815 2281 scio

393 2311 467 2389 quit,
492 2325 612 2384 acapna
627 2313 734 2367 tamen
751 2313 914 2384 operatur,
938 2304 1022 2365 bona
1036 2306 1086 2364 vi·
1141 2308 1212 2366 tilla
1226 2307 1302 2384 fuit,
1327 2307 1369 2365 sit
1383 2305 1589 2386 Hieronymus
1614 2325 1708 2387 super
1721 2307 1815 2386 Epeo

394 2397 505 2458 delicet
521 2403 549 2454 et
565 2394 660 2454 suala.
685 2392 874 2473 Quemquam
891 2390 1012 2463 letetur,
1028 2409 1086 2449 non
1140 2393 1199 2454 lum
1223 2391 1261 2452 sd
1285 2392 1353 2453 Gal.
1378 2395 1424 2468 ος
1454 2392 1508 2452 sed
1534 2396 1612 2470 quia
1638 2412 1709 2456 nors
1732 2394 1815 2455 sta&

394 2482 469 2544 odeo
500 2481 676 2562 explicitum
715 2499 781 2540 esse
812 2497 979 2539 sermonem
1009 2477 1088 2537 hunc
1142 2497 1291 2557 oppressa
1307 2487 1360 2555 ert,
1383 2486 1484 2540 totam
1500 2480 1609 2540 orbem
1626 2484 1696 2555 ejus
1708 2482 1815 2561 ptam

391 2570 543 2649 Apostoli.
566 2567 660 2627 Porro
675 2567 744 2626 hinc
760 2565 876 2645 collige,
891 2566 916 2624 si
932 2573 1018 2625 tantu
1031 2564 1087 2624 lin·
1138 2567 1300 2643 populata
1322 2575 1373 2627 eet.
1398 2564 1489 2644 Quod
1512 2566 1551 2627 ds
1574 2566 1718 2640 Lutlrero,
1739 2566 1815 2648 qui'n

393 2677 471 2737 guse
482 2663 618 2737 potestus
631 2665 684 2726 est,
700 2673 816 2714 summe
828 2670 900 2712 cura
911 2649 1086 2711 lreusndsm
1142 2653 1307 2715 Germsuiu
1322 2673 1383 2714 unu
1399 2652 1528 2713 scintille
1541 2654 1608 2727 fuit,
1632 2653 1755 2716 totidem
1767 2671 1815 2715 su

394 2761 460 2803 eum
476 2760 543 2804 esse
559 2761 595 2801 uc
609 2739 832 2811 moderandum,
855 2758 894 2798 ne
909 2757 942 2798 se
957 2735 1088 2798 effundat
1141 2741 1189 2801 bis
1204 2737 1306 2801 dicere
1323 2740 1412 2801 nobis
1427 2739 1526 2800 licent.

394 2838 482 2890 extro
504 2829 616 2889 limites
630 2828 705 2887 recti
720 2835 752 2886 et
766 2826 845 2886 boni.
870 2823 939 2904 Quo
959 2825 1088 2903 pertinet
1184 2827 1359 2900 Sciendum,
1382 2827 1413 2886 in
1434 2826 1561 2907 Syriaco
1584 2836 1673 2889 textu
1698 2831 1741 2888 sic
1760 2825 1815 2907 hp

393 2917 574 2996 comparatio
595 2934 734 2994 sequeus.
1141 2915 1185 2975 Et
1213 2916 1353 2975 mundus
1374 2917 1496 2989 peceati
1521 2915 1624 2977 velati
1648 2934 1757 2977 ramus
1778 2918 1815 2976 d

437 3004 516 3065 Ecce
538 3009 677 3080 quantus
702 3004 786 3077 ione
811 3018 907 3077 quam
935 3016 1086 3073 mappam
1141 3000 1216 3061 Vult
1238 3003 1316 3061 enirn
1332 3001 1426 3080 Syrus
1448 3003 1597 3082 interpres
1620 3000 1815 3084 duplicemffl

393 3089 678 3151 riloamimeendit!
691 3089 942 3167 Quantusipais,
957 3084 1087 3146 Graece:
1142 3104 1211 3147 esse
1248 3088 1517 3168 comparutionem:
1555 3088 1682 3149 ulter-sm
1715 3089 1815 3170 lingu

394 3166 497 3251 ὀλίγον
509 3176 580 3253 πῦρ,
594 3176 724 3250 exipsius
735 3176 825 3250 ionis.
841 3174 955 3234 Textus
967 3170 1088 3253 quidem
1142 3191 1209 3233 cum
1224 3174 1336 3253 exiguo
1350 3176 1436 3255 igue;
1459 3173 1586 3235 alterum
1602 3177 1707 3239 mundi
1725 3171 1815 3256 pseu*

392 3262 574 3324 Veronensis
597 3260 704 3322 hebet:
726 3252 834 3339 ἡλίκον
855 3260 926 3337 πῦρ,
949 3265 1088 3336 quantae
1142 3277 1207 3319 cum
1222 3263 1321 3334 remis,
1343 3259 1445 3332 idest,
1468 3258 1616 3322 silvam
1631 3263 1815 3339 materiem

393 3351 495 3426 ipmis5
519 3348 573 3410 sed
589 3348 764 3418 mutatione,
787 3348 870 3426 quod
885 3347 1027 3426 suspicor,
1050 3362 1088 3404 ex
1142 3345 1392 3425 quomadmodum
1418 3348 1568 3425 igniculus
1595 3350 1719 3429 corripit
1743 3349 1815 3429 ligre

393 3436 501 3497 Letino
523 3434 613 3495 fecte.
635 3434 715 3494 Nem
736 3425 844 3512 ἡλίκον
863 3452 1006 3514 nusquam
1023 3450 1087 3510 pur·
1141 3452 1206 3491 rum
1236 3434 1391 3494 motorium
1418 3441 1448 3491 et
1472 3436 1638 3508 consumit,
1668 3437 1713 3497 its
1735 3433 1815 3514 ling!

394 3522 518 3582 vitutem
535 3520 658 3594 indicet,
672 3528 706 3581 ut
719 3521 798 3580 verti
813 3522 923 3598 possit:
946 3524 1088 3595 quantu·
1142 3518 1286 3579 muudum
1309 3519 1434 3599 peccati,
1458 3519 1489 3579 id
1511 3528 1564 3594 est,
1587 3530 1760 3604 corruptum
1775 3520 1815 3583 is

396 3610 461 3670 lam
469 3632 481 3686 ,·
504 3608 559 3669 sed
582 3627 701 3686 semper
714 3605 960 3686 magnitudinem.
983 3602 1089 3666 Sedet
1142 3605 1294 3665 saeculum
1310 3616 1341 3665 et
1352 3604 1392 3667 sd
1407 3625 1493 3666 omne
1505 3626 1604 3686 genus
1616 3609 1815 3690 vitiorunpw

394 3693 479 3756 Bede
494 3701 630 3768 testetur,
654 3691 772 3753 codices
793 3693 838 3753 sic
854 3691 978 3752 habere:
1008 3692 1088 3752 Eece
1142 3690 1227 3763 olive,
1242 3691 1326 3752 velut
1340 3691 1453 3753 suidam
1466 3695 1632 3768 motorium,
1648 3689 1815 3774 ethnicis!

394 3782 535 3842 modicus
549 3784 639 3858 ipsis.
661 3781 703 3841 lit
723 3780 939 3858 Hieronymus,
962 3777 986 3839 J
988 3778 1088 3837 esaiae
1141 3778 1337 3857 concipiendo
1367 3780 1571 3859 aptissimum,
1602 3779 1815 3863 comprehsffl

394 3878 486 3948 ceput
496 3869 632 3928 ultimum
646 3886 809 3945 exponens,
825 3865 863 3926 sd
875 3865 955 3925 hunc
966 3862 1087 3924 modum
1139 3872 1230 3942 utque
1251 3864 1400 3926 incendet.
1425 3865 1526 3946 Quem
1549 3886 1671 3929 sensum
1693 3869 1815 3930 etin!

394 3956 480 4015 citet:
497 3958 624 4016 Parvus
638 3955 722 4029 ipsuis
735 3971 830 4030 qaam
846 3952 1001 4029 proadem
1016 3968 1086 4010 srec-
1139 3952 1354 4011 reesntioribus
1369 3952 1491 4033 quidem
1507 3953 1567 4013 huc
1581 3953 1693 4015 adfert
1715 3951 1770 4017 Sed
1784 3950 1815 4012 ir

393 4043 500 4103 cendio
529 4041 726 4101 materiam?
769 4040 869 4099 Dicit:
906 4039 1085 4109 materiam,
1141 4056 1177 4097 eo
1193 4055 1279 4096 suum
1295 4040 1403 4118 cuique
1418 4040 1457 4100 sit
1471 4039 1631 4118 judicium.

393 4128 467 4208 quis
482 4128 597 4188 Graeca
620 4147 680 4187 vox
696 4119 756 4204 ὕλη
772 4134 804 4187 et
817 4128 941 4201 silvam,
966 4133 997 4184 ct
1015 4141 1086 4183 ma·
1183 4124 1312 4199 Linqua
1333 4128 1539 4187 constituitur
1560 4130 1597 4188 in
1612 4129 1814 4190 membris·-

329 4247 332 4254 ·
392 4217 505 4275 teriam
530 4214 692 4293 significem
720 4222 751 4273 et
775 4223 935 4291 unumque
960 4208 1087 4291 quudrct
1139 4212 1222 4286 stris,
1236 4228 1317 4287 quae
1331 4213 1473 4273 maculat
1485 4220 1586 4274 totum
1599 4234 1724 4293 corpas.
1738 4212 1813 4290 orne

392 4302 567 4372 sententiae,
592 4301 713 4361 tametsi
735 4299 881 4360 neoterici
899 4300 1085 4375 interpretes,
1140 4316 1190 4357 oe:
1216 4298 1269 4357 lta
1291 4298 1404 4375 linqua
1426 4303 1635 4362 constituitur
1656 4311 1712 4363 ete
1742 4289 1814 4382 mnis

392 4388 538 4448 Erasmus
553 4387 658 4461 stolii,
674 4389 842 4446 materiam
856 4385 970 4445 malint
1139 4383 1219 4462 quod
1236 4384 1363 4457 dixerat,
1379 4388 1513 4465 linguam
1529 4405 1598 4448 esse
1612 4380 1814 4472 notram

1139 4470 1341 4548 iniquitatum.
1364 4471 1484 4533 videtur
1498 4472 1556 4533 huc
1571 4484 1658 4553 purte
1674 4472 1814 4558 expli*

437 4563 465 4622 6.
489 4561 532 4621 Et
553 4562 666 4637 limana
688 4561 771 4637 iperio
792 4565 843 4619 est.
866 4555 1009 4634 intellige
1030 4574 1086 4633 per
1138 4556 1195 4615 Est
1209 4564 1308 4616 sutem
1331 4559 1492 4639 metulluge
1515 4561 1668 4639 quaedum
1690 4547 1814 4640 iun*

392 4649 644 4726 comparutionem
661 4648 726 4726 jum
750 4645 870 4705 dictum.
901 4643 1083 4704 sicutenim
1138 4643 1284 4721 Apostoli.
1308 4643 1366 4716 Sic,
1382 4647 1488 4725 iuquit,
1503 4645 1618 4725 lingue,
1633 4639 1814 4729 quaed

390 4734 518 4811 exiguus
534 4734 621 4812 iguis,
644 4734 702 4792 nisi
724 4740 813 4793 ceute
828 4739 976 4799 servetur,
1000 4747 1081 4807 mug-
1137 4736 1201 4788 tutu
1217 4738 1263 4790 est
1279 4729 1434 4792 interulis
1452 4732 1595 4807 membro,
1618 4745 1713 4816 etque
1732 4727 1814 4798 sud

389 4837 459 4877 num
471 4818 544 4877 lucit
557 4817 743 4880 incendium:
760 4820 803 4877 its
815 4816 925 4894 lingua,
940 4814 1081 4894 pusillum
1135 4835 1232 4895 paene
1242 4816 1394 4877 minimum
1406 4827 1460 4890 est,
1476 4818 1557 4879 mele
1567 4822 1729 4899 custodite,

389 4903 563 4976 membrum,
578 4906 636 4965 uisi
654 4905 732 4966 bene
748 4909 927 4972 coerceatur,
943 4904 1081 4979 ingentes
1135 4902 1337 4984 undequaque
1363 4906 1445 4966 vitiis
1467 4905 1562 4967 inlicit
1584 4917 1615 4969 et
1637 4929 1673 4971 co

390 4991 503 5051 excitet
514 4990 623 5066 turbes,
638 5000 668 5051 et
678 5008 852 5071 memorum
863 4988 1082 5068 multorumque
1137 4988 1295 5051 hominem.
1795 4985 1803 5020 ''-
