4442 5825
659 615 1062 673 nrsruusssusmrssus
1095 617 1181 672 rsus.
1205 619 1245 671 ro.
1583 624 1654 693 tel

365 810 432 853 eam
458 800 560 855 ament
580 802 611 855 st
632 792 785 873 impleant.
821 793 908 853 Haeo
960 792 1093 872 phetamr
1118 792 1209 855 Dabo
1232 795 1276 855 ste
1289 793 1358 853 ulta
1371 799 1564 870 muassptu5
1587 790 1658 852 ssd:

365 879 654 956 ritestsmeutiest3
670 880 814 960 adquam
829 898 905 940 oom-
960 880 1070 953 Dauo,
1100 882 1215 958 inquit,
1241 881 1329 955 lopas.
1347 898 1432 939 meus
1456 882 1494 939 iu
1520 886 1657 940 nomem

365 984 415 1039 uu,
430 974 466 1025 ut
478 965 555 1026 bene
566 966 800 1048 chrysostomus
814 985 905 1027 anuo·
958 984 1089 1041 soresm5
1120 975 1215 1046 atque
1243 968 1275 1027 in
1304 984 1341 1026 so
1373 967 1459 1044 ponit
1488 965 1656 1026 discrimen.

365 1058 411 1112 tur
439 1053 557 1132 gratiae
586 1052 726 1115 Christus
755 1054 906 1115 Dominus
959 1052 1049 1115 Unde
1064 1061 1162 1133 patet,
1191 1055 1222 1112 in
1234 1061 1411 1113 testamento
1427 1071 1482 1112 seu
1497 1063 1587 1132 pasto
1603 1072 1654 1112 no·

365 1138 535 1200 nembrsuie
556 1149 610 1200 aut
629 1141 739 1201 ohartis
761 1141 905 1220 seriptum
958 1158 1016 1199 vas
1029 1140 1105 1218 legis
1120 1137 1232 1200 iuuiudi
1253 1140 1397 1219 gretiam,
1420 1157 1501 1219 quae
1521 1147 1658 1218 praestet

365 1225 491 1304 inquere
513 1226 626 1300 veluit,
651 1246 690 1286 ns
712 1226 760 1287 his
778 1224 904 1286 admini-
959 1225 1136 1299 effioseiter,
1159 1237 1192 1286 ut
1206 1225 1301 1306 legem
1324 1224 1470 1304 impleant
1484 1244 1587 1285 omues
1602 1225 1658 1298 ilii,

365 1312 593 1391 imprimendam
615 1313 723 1373 animis
739 1313 849 1372 nostris
864 1311 905 1373 le·
958 1311 998 1372 ad
1013 1330 1089 1393 quos
1105 1312 1161 1373 hoe
1176 1329 1298 1393 protum
1315 1313 1450 1393 pertinet.
1485 1311 1574 1391 Quas
1589 1332 1656 1390 gra·

365 1417 484 1477 nepus
506 1398 616 1461 habers
640 1400 802 1461 uideretur.
838 1397 905 1459 Imo
958 1400 1001 1459 tia
1031 1408 1121 1478 paeto
1150 1401 1260 1461 veteris
1289 1399 1363 1479 legis
1400 1407 1465 1458 erat
1499 1410 1656 1459 extranea.

365 1485 423 1545 tuli
449 1486 531 1563 ejus,
556 1489 615 1546 nisi
642 1505 709 1547 sero
735 1483 905 1558 admodum,
959 1484 1043 1544 Hsso
1070 1485 1248 1565 igiturest,
1275 1505 1354 1566 quas
1378 1504 1489 1546 noram
1510 1502 1530 1543 s
1552 1498 1654 1545 vetere

365 1582 438 1651 pter
452 1572 593 1634 absentes
614 1586 645 1634 et
659 1580 812 1652 posteros,
834 1573 904 1632 suri·
958 1573 1166 1652 propriissime
1180 1581 1227 1645 et,
1240 1581 1273 1633 ut
1286 1591 1360 1632 vers
1374 1570 1487 1642 dicam,
1510 1574 1653 1632 martie

365 1666 483 1737 ¹uerunt,
512 1668 545 1718 ut
575 1669 727 1720 testantur
750 1658 904 1719 Ireuusus.
958 1659 1026 1718 liter
1055 1657 1208 1718 disceruit
1252 1658 1330 1718 Nam
1357 1657 1454 1737 legem
1483 1677 1543 1719 nou
1573 1656 1656 1719 nuda

365 1763 469 1807 rursus
483 1745 638 1819 haeses,
655 1765 721 1825 esp.
739 1751 781 1817 1.,
797 1752 828 1804 et
844 1744 903 1805 idu-
958 1752 1123 1823 praecepta
1136 1745 1280 1807 debemus
1295 1744 1479 1824 intelligere,
1508 1741 1560 1803 ssd
1577 1764 1651 1824 qua·

366 1876 375 1889 .
392 1835 422 1895 3.
438 1831 508 1892 hist
523 1833 627 1893 eseia
643 1853 710 1912 sap.
726 1833 776 1892 24.
958 1840 1047 1892 tenus
1062 1830 1135 1892 dats
1150 1841 1221 1893 sunt
1242 1852 1307 1893 uum
1327 1833 1425 1912 pastis
1440 1840 1472 1892 ut
1485 1831 1653 1911 promissio·

365 1918 475 1979 ninter
494 1918 575 1979 hane
597 1927 711 1997 partem
733 1926 764 1979 st
785 1936 904 1998 praeoe-
959 1917 1056 1977 nibus

365 2016 391 2066 ta
414 2003 616 2084 distinguunt,
643 2014 677 2065 ut
695 2006 756 2065 illio
774 2004 905 2084 promitti
1001 2004 1114 2064 Verum
1141 2024 1180 2066 ex
1200 2003 1245 2065 hie
1270 2013 1426 2084 emergunt
1451 2002 1531 2066 dnae
1557 2011 1657 2065 tresve

365 2110 394 2152 rr
416 2090 594 2152 illuminatio
615 2094 722 2152 mentis
744 2091 783 2151 ad
806 2090 904 2169 legem
957 2088 1170 2152 dubitationes.
1202 2090 1365 2171 Quaeritur
1380 2092 1476 2164 euim,
1503 2088 1654 2169 quomodo

365 2176 464 2252 idam,
492 2177 656 2239 bisantem
672 2178 825 2239 iuuliuatio
841 2196 903 2236 uor-
957 2176 1057 2237 valeat
1079 2192 1272 2237 memoratum
1296 2178 1471 2249 discrimen,
1498 2196 1566 2237 eum
1582 2187 1655 2236 tem·

365 2264 471 2326 andem
493 2265 684 2342 implendam.
721 2263 781 2325 Sed
802 2274 904 2324 nostro
958 2265 1156 2343 porsveurtr
1172 2266 1340 2324 testamenti
1359 2265 1390 2324 in
1406 2263 1519 2343 populo
1534 2262 1654 2324 Isratii·

367 2372 409 2414 uu
432 2360 522 2411 reete.
561 2352 640 2411 Nam
666 2352 851 2431 agendorum
873 2357 905 2409 st
957 2352 1018 2411 tiuo
1045 2370 1107 2411 nou
1136 2348 1287 2411 defuerint
1316 2351 1448 2411 homiues
1473 2351 1566 2428 justi,
1602 2350 1656 2430 qui

365 2457 415 2499 um
435 2438 569 2499 notitiam
591 2437 838 2518 praestabatis:
852 2455 903 2497 ve·
957 2438 1053 2514 legem
1076 2438 1179 2498 datum
1200 2445 1372 2514 serrareut3
1398 2439 1479 2497 siout
1501 2435 1654 2496 ediverso

381 2524 481 2600 tapam
504 2525 585 2584 euim
607 2527 745 2600 aequitio
762 2526 903 2601 pereuti5
951 2530 1093 2602 'tempore
1107 2525 1180 2585 nori
1192 2527 1366 2585 testamenti
1378 2524 1488 2584 multos
1501 2541 1572 2583 esse
1583 2541 1654 2583 eon·

365 2614 783 2689 smuonsouuuui,uisiper
793 2612 903 2687 hqssu,
956 2617 1016 2671 stat
1041 2612 1072 2670 in
1097 2610 1208 2690 populo
1232 2609 1404 2672 Christiano
1430 2609 1508 2689 legis
1530 2609 1655 2672 divinae

365 2697 484 2758 ›ostulus
497 2698 582 2758 Rom.
602 2701 630 2761 3.
653 2709 684 2758 et
696 2700 726 2761 i.
746 2698 902 2778 Idemque,
956 2706 1201 2777 transgressores.
1223 2697 1413 2778 Respondeo,
1428 2716 1533 2758 omnes
1544 2697 1654 2775 justos,

366 2784 526 2865 Epistulae
547 2803 615 2863 usp.
640 2786 680 2858 2,
708 2783 859 2846 Judaeum
885 2804 905 2844 a
956 2794 1101 2865 quotquot
1122 2784 1287 2847 adventum
1310 2782 1439 2857 chesn,
1461 2801 1654 2863 quacumque

365 2890 448 2934 snum
466 2871 696 2953 etinsolalege
709 2872 901 2951 requiesoeu·
956 2879 1068 2945 astam,
1099 2882 1344 2952 praesessoruut,
1369 2873 1529 2952 participes
1558 2869 1654 2931 fuisse

365 2957 517 3032 isesribit,
543 2967 578 3020 ut
602 2957 699 3031 disat,
725 2977 793 3019 eum
813 2976 903 3020 noue
955 2960 1026 3019 nori
1041 2962 1235 3035 testamenti3
1249 2980 1306 3021 neo
1321 2959 1411 3020 ulitur
1421 2959 1581 3038 justificari
1599 2977 1650 3037 po·

365 3053 514 3119 masur,
541 3053 572 3106 st
594 3046 733 3123 probare
757 3045 902 3119 utiliora,
956 3046 1061 3118 tuisse,
1089 3066 1181 3127 quam
1213 3047 1347 3126 ejusdem
1380 3047 1452 3106 novi
1482 3044 1653 3106 testamenti

381 3135 569 3194 usmetum
602 3151 663 3209 per
696 3132 811 3208 iopam,
848 3134 903 3209 qui
955 3133 1204 3213 participatioue3
1229 3142 1382 3194 saetarum
1402 3130 1589 3194 Christianos
1612 3128 1651 3192 ad

365 3238 415 3280 sm
429 3221 512 3280 ulios
525 3219 634 3280 dorm
648 3238 703 3293 ea,
731 3237 812 3296 quae
827 3218 903 3294 lepis
955 3238 1067 3279 nouum
1089 3227 1300 3281 tesnmeutum
1323 3239 1383 3280 nun
1404 3220 1571 3299 pertinere,
1593 3218 1653 3280 uisi

365 3327 390 3368 m
405 3305 509 3368 debuit
525 3327 596 3386 ergo
611 3306 693 3368 nuda
707 3307 818 3368 mentis
833 3304 900 3366 illu·
955 3315 1104 3387 quatenus
1118 3307 1150 3367 in
1165 3309 1208 3367 sis
1223 3308 1378 3387 promissio
1390 3309 1505 3384 gratiae
1520 3307 1591 3366 novi
1606 3315 1648 3365 te·

365 3412 387 3455 ‚e
402 3393 453 3468 iis,
479 3411 561 3473 quse
583 3391 701 3473 agenda
719 3400 805 3467 sunt,
831 3393 902 3473 poni
955 3394 1094 3453 stamsuti
1110 3393 1257 3473 impletur.
1287 3393 1397 3471 Itaque
1412 3391 1556 3466 fatemur,
1579 3401 1650 3452 tem·
1712 3457 1719 3470 ‚

365 3482 518 3542 missiones
540 3482 612 3541 novi
635 3481 823 3557 testamenti3
849 3478 901 3540 sed
954 3499 1028 3560 pure
1053 3480 1164 3541 veteris
1189 3480 1360 3541 testamenti
1384 3478 1531 3559 quosdam
1558 3476 1651 3539 rursm

365 3588 385 3628 n
400 3569 512 3647 poterit
526 3566 566 3627 ad
586 3586 638 3628 ess
654 3565 774 3640 referri,
797 3575 900 3646 quute·
953 3568 1026 3628 novi
1041 3570 1213 3628 testamenti
1226 3566 1321 3643 iiiios,
1352 3573 1383 3626 et
1397 3574 1500 3627 eunus
1514 3574 1651 3644 tempore

365 3653 406 3715 >ei
427 3655 555 3734 gratiam
577 3652 730 3714 ordinatur
753 3653 795 3714 ad
809 3654 901 3714 autio-
955 3654 1028 3720 novi¹
1040 3656 1212 3716 testamenti
1232 3675 1293 3716 non
1308 3672 1420 3736 paucos
1441 3653 1555 3714 denseri
1570 3651 1649 3713 filios

365 3739 439 3802 sier
454 3740 621 3820 implentur.
954 3741 1127 3802 testamenti
1148 3744 1276 3812 esteris,
1302 3738 1442 3803 videlieet
1463 3759 1515 3802 eos
1537 3757 1650 3812 omnes,

365 3848 402 3890 ea
429 3829 528 3908 potius
551 3825 713 3888 dissudum
738 3832 798 3899 est,
823 3825 902 3885 hano
954 3828 1007 3908 qui
1033 3826 1204 3888 carnalibus
1229 3827 1357 3890 Judueis
1390 3826 1517 3899 similos,
1544 3827 1651 3886 timore

372 3915 482 3995 priori,
505 3912 604 3994 quoad
620 3913 814 3984 seutentiam,
841 3932 902 3973 nou
954 3933 1086 3993 poenae,
1112 3934 1172 3975 non
1195 3933 1298 3975 amors
1314 3915 1451 3992 justitiae
1473 3912 1569 3991 legem
1588 3932 1648 3974 ser·

365 4023 369 4076 5
393 3999 647 4082 quemadmodum
663 4002 735 4062 sutis
750 4000 841 4061 etiam
856 4002 899 4059 in·
952 4008 1042 4069 vant;
1071 4002 1131 4061 imo
1145 4022 1206 4061 non
1221 4010 1359 4073 servant,
1385 3999 1441 4061 ssd
1456 4001 1513 4060 sibi
1528 4017 1650 4060 servare

375 4107 417 4150 ex
439 4088 594 4166 utriusque
619 4106 709 4148 seusu
728 4085 792 4165 jam
817 4084 899 4147 dato.
952 4086 1108 4160 videntur,
1132 4097 1166 4147 ut
1188 4087 1321 4169 loquitur
1334 4088 1520 4167 Augustinus
1545 4086 1596 4148 lib.
1618 4086 1648 4148 3.

365 4176 412 4236 ιίιιι
426 4174 598 4254 infrequens
612 4181 657 4234 est
672 4172 754 4253 apud
769 4171 899 4252 Prophe·
952 4183 1056 4234 eontra
1071 4173 1147 4235 duas
1162 4174 1262 4253 Epist
1277 4173 1380 4255 Pelag.
1395 4194 1462 4252 usp.
1478 4175 1507 4234 4.

365 4263 492 4322 nationis
507 4280 599 4320 eausa
615 4280 676 4321 rem
691 4258 815 4320 eandem
831 4258 900 4319 aliis
994 4258 1057 4322 Sed
1073 4280 1216 4341 quaeres,
1239 4259 1390 4341 quomodo
1405 4261 1558 4342 potuerint
1572 4261 1648 4320 snti-

365 4348 430 4428 ¹reti.
466 4348 515 4409 Ex
535 4347 623 4408 dietis
639 4348 704 4427 jum
727 4347 826 4407 elucet
847 4365 898 4407 ue·
953 4348 1007 4428 qui
1018 4348 1094 4426 justi
1109 4350 1269 4429 participes
1284 4367 1350 4408 esse
1373 4350 1444 4409 novi
1469 4347 1648 4419 testamenti,

364 4437 459 4516 prium
473 4441 566 4513 atque
588 4435 781 4513 praecipuum
797 4432 898 4493 discri-
952 4433 1047 4516 quod,
1062 4454 1117 4514 per
1131 4434 1293 4496 Jeremium
1309 4437 1502 4515 promissum,
1519 4436 1550 4495 iu
1564 4432 1649 4495 chri·

365 4522 402 4584 ris
415 4521 493 4602 legis
514 4541 551 4581 au
571 4540 676 4581 novae.
714 4519 804 4599 Quod
821 4521 900 4581 euim
952 4523 991 4582 sti
1021 4519 1142 4582 demum
1176 4522 1312 4583 adventu
1342 4520 1552 4604 praestandum
1581 4518 1648 4579 suit.

365 4617 436 4690 epta
463 4610 583 4682 attinet,
619 4608 747 4668 moralia
776 4608 899 4686 quidem
952 4606 1148 4687 Respondeo,
1170 4617 1383 4670 testamentum
1398 4628 1525 4679 novum,
1548 4608 1574 4667 si
1588 4605 1647 4685 pri·

383 4695 463 4775 iugis
481 4693 585 4756 eadem
608 4703 692 4768 sunt,
719 4696 776 4755 etsi
798 4712 899 4755 uaere·
952 4714 1030 4755 mam
1055 4697 1123 4774 ejus
1149 4696 1293 4776 originem
1318 4705 1504 4774 repetamus,
1530 4693 1648 4753 initium

370 4781 501 4844 diuersa.
538 4782 642 4862 Quare
668 4800 706 4842 ex
731 4781 900 4861 praereptis
952 4783 1107 4861 susspisse
1129 4784 1229 4844 statim
1252 4781 1378 4863 alapsu
1401 4782 1489 4863 primi
1510 4780 1648 4855 hominis,

379 4867 457 4930 iilud
470 4869 532 4948 peti
546 4888 607 4929 uon
620 4875 737 4949 potest;
764 4870 807 4929 sie
822 4869 900 4928 enim
952 4867 1074 4949 quaudo
1089 4871 1265 4949 promissum
1281 4879 1326 4929 est
1341 4888 1459 4942 semen,
1482 4866 1564 4951 quod
1579 4887 1647 4930 uun·

365 4955 497 5018 amomis
519 4954 671 5016 differrent
692 4955 745 5016 lex
759 4949 854 5034 {vetus
870 4962 901 5015 et
952 4957 1090 5016 triturum
1117 4965 1196 5017 esset
1217 4961 1310 5037 eaput
1330 4955 1491 5037 serpentis,
1517 4955 1593 5020 Gen.
1617 4961 1646 5021 3.

365 5061 391 5106 ro
411 5060 485 5106 reru
505 5040 580 5105 dioit
592 5041 741 5106 Dominus
754 5062 811 5123 per
824 5041 899 5104 Pro·
950 5041 1021 5105 Hoe
1041 5044 1122 5106 euim
1140 5061 1242 5108 samm
1264 5049 1311 5106 est
1335 5041 1473 5107 Christus
1497 5043 1646 5121 ennur,
