4442 5825
738 590 902 647 sutsrotss
918 591 959 647 tu
976 590 1141 646 ussssuus
1176 591 1261 647 ωδ.
1278 593 1303 644 5.
1321 594 1347 645 d·
1697 598 1771 668 820

371 768 573 845 testationis,
599 776 634 831 ut
662 768 701 830 ab
726 768 795 829 aliis
825 766 937 829 iccium
967 777 1021 829 est
1117 767 1185 829 Nec
1199 775 1267 829 sunt
1281 767 1357 829 haec
1371 767 1465 831 verba
1488 766 1665 850 accipienda
1686 768 1772 829 velut

371 874 402 915 su
417 863 452 915 et
474 855 602 937 Syrisce
624 875 685 917 rox
706 858 937 918 iustitutionem
957 856 1023 916 sire
1075 853 1156 915 dicta
1176 874 1216 916 ex
1238 874 1370 936 persona
1392 855 1470 929 Dei,
1494 856 1570 917 sicut
1591 853 1773 935 quibusdam

371 942 506 1005 ιιιίιιωιι
522 944 688 1023 siguificat,
709 951 741 1004 et
753 943 916 1024 Scriptura,
933 961 1022 1022 quarn
1073 941 1214 1018 videtur3
1237 940 1291 1003 esd
1306 961 1344 1002 ex
1367 962 1494 1024 persons
1510 942 1696 1014 Salomonis,
1719 944 1774 1022 qui

371 1036 452 1108 eget,
482 1030 582 1110 potius
607 1028 813 1091 adhortatorio
836 1039 900 1101 est,
932 1048 1022 1108 quam
1075 1047 1111 1089 ea
1126 1029 1261 1109 scripsit,
1276 1049 1312 1092 ac
1327 1028 1365 1090 de
1380 1049 1416 1090 eo
1432 1032 1464 1089 in
1480 1031 1569 1091 tertis
1583 1048 1712 1110 persona
1731 1028 1773 1089 lo·

371 1114 540 1191 ssulatoria,
555 1119 674 1179 tametsi
687 1117 738 1177 hic
753 1115 792 1177 sd
809 1114 1021 1179 consolandum
1074 1118 1185 1195 quitur.
1225 1116 1337 1177 Dicens
1360 1123 1475 1178 autem:
1505 1116 1553 1193 flii·
1567 1118 1630 1190 mi,
1662 1114 1773 1176 blenda

371 1200 484 1265 ibrssos
497 1205 582 1265 raris
597 1204 720 1265 afflictus
739 1202 906 1265 adducitur.
931 1201 1022 1285 Quod
1076 1202 1280 1283 appellatione
1295 1201 1436 1264 lectorem
1452 1202 1553 1263 allicit.
1584 1202 1661 1263 Pru:
1676 1202 1772 1263 disci·

374 1290 488 1351 :obliti
502 1295 584 1365 estis,
600 1291 627 1350 si
642 1291 810 1372 accipietur
824 1292 1022 1361 enuntiative,
1074 1290 1186 1366 plima,
1210 1289 1327 1352 Graece
1341 1300 1404 1354 ast:
1428 1281 1570 1364 παιδεία,
1594 1288 1773 1350 vocabulum

371 1384 425 1439 lust
453 1377 536 1439 luunc
564 1396 684 1439 sensum
710 1377 841 1439 habers:
872 1377 1023 1438 Videmini
1076 1374 1237 1437 deductum
1253 1398 1272 1437 a
1287 1397 1393 1457 puero,
1408 1396 1470 1457 quo
1485 1376 1607 1457 propris
1622 1376 1770 1454 signitica-

371 1462 424 1538 liti,
446 1465 586 1526 nimirum
608 1472 733 1547 propter
753 1466 843 1525 animi
864 1473 1023 1542 torporem,
1076 1470 1125 1523 tur
1154 1463 1315 1544 disciplina
1343 1466 1408 1525 eise
1437 1465 1585 1524 institutio
1615 1462 1774 1542 conjuncta

371 1551 378 1611 i
405 1571 462 1613 vos
484 1552 652 1632 occuparit
689 1552 739 1612 Ita
764 1553 898 1631 segniter
924 1551 1023 1631 agitis,
1076 1571 1143 1611 curn
1159 1552 1358 1630 castigatione
1371 1551 1511 1611 vitiorum
1524 1551 1604 1629 ejus,
1621 1549 1674 1632 qui
1688 1550 1772 1611 iusti·

371 1637 516 1699 usicbliti
530 1647 561 1698 et
575 1638 771 1700 immemores.
802 1638 909 1699 Potest
922 1648 1023 1698 autern
1077 1639 1185 1712 initur,
1215 1637 1317 1717 qualis
1347 1645 1393 1698 ssi
1425 1638 1574 1699 institutio
1603 1656 1772 1718 puerorum.

371 1725 543 1804 negative
563 1726 641 1805 legi,
667 1727 754 1805 qnasi
777 1724 874 1786 dicut:
901 1723 1024 1786 Adeone
1076 1723 1165 1787 Unde
1181 1746 1247 1804 pru:
1274 1725 1462 1801 disciplima,
1478 1723 1531 1785 alii
1550 1722 1695 1785 reddunt:
1719 1742 1773 1784 ca·

371 1812 521 1893 eguistis,
545 1823 578 1874 et
599 1814 699 1873 animo
721 1814 795 1873 estis
818 1811 937 1892 dejecto
957 1832 1023 1891 pro·
1075 1814 1292 1888 stipationem,
1323 1812 1392 1872 alii:
1430 1814 1671 1889 correptionem.
1716 1808 1773 1872 Cui

371 1920 391 1961 rr
410 1898 592 1963 afflictiones
607 1898 752 1963 hactenus
775 1898 1023 1987 adhucincruen·
1077 1898 1291 1979 significationi
1316 1898 1477 1978 respondet
1503 1901 1594 1959 etiam
1624 1919 1683 1960 vox
1712 1898 1772 1959 He·

374 2030 384 2061 ,
410 1994 523 2047 utnon
545 1986 706 2048 videamini
727 1987 900 2048 meminisse
917 1986 1022 2046 verbo·
1077 1985 1185 2046 brana:
1212 1987 1342 2061 diuisor,
1370 2006 1460 2066 quam
1483 1986 1687 2066 Hieronymus
1710 1986 1773 2065 qni·

371 2094 404 2145 u.
439 2072 554 2151 quibua
579 2072 732 2153 Scriptura
763 2094 837 2147 ros,
869 2082 1024 2152 tamquam
1077 2070 1145 2133 dem
1161 2073 1362 2149 disciplinam
1385 2075 1489 2147 vertit,
1511 2073 1563 2133 clii
1585 2092 1656 2134 vero
1683 2074 1773 2133 inter

371 2168 422 2221 ter
436 2158 528 2231 tilios,
544 2159 726 2222 consolando
742 2168 772 2220 et
791 2160 937 2221 hortando
952 2159 1023 2219 allo·
1077 2169 1177 2240 pratee
1200 2169 1252 2220 aut
1274 2161 1501 2234 eruditionem,
1524 2167 1576 2220 sut
1590 2163 1774 2236 castipuiiu·

371 2245 450 2307 tur?
478 2246 556 2307 Nam
579 2248 813 2308 consolationem
836 2249 902 2308 sive
918 2245 1023 2307 cxlsor·
1077 2266 1158 2308 mem.
1182 2247 1287 2307 Monet
1301 2267 1372 2325 ergo
1385 2247 1476 2307 tilium
1492 2247 1636 2326 Sapiens,
1652 2267 1691 2309 ne
1706 2247 1774 2328 quis

371 2334 474 2395 ionem
496 2332 574 2394 dixit
596 2354 649 2414 pro
665 2335 821 2415 Scriptura
843 2334 1024 2401 consolante
1077 2332 1267 2412 disciplinam
1291 2334 1427 2406 Domini,
1455 2353 1517 2413 qna
1542 2333 1655 2395 scilicet
1677 2334 1716 2395 ab
1739 2353 1775 2394 so

376 2420 571 2483 exhortaute
608 2420 647 2481 Et
673 2419 821 2482 Graecum
849 2411 1024 2496 διαλέγεται
1078 2419 1228 2493 eruditur,
1255 2428 1284 2481 et
1310 2420 1360 2479 vel
1382 2420 1457 2481 dura
1478 2422 1697 2499 increpatione,
1723 2418 1774 2482 vel

371 2529 382 2569 ι
406 2515 472 2568 tam
495 2506 584 2585 ioqui
603 2507 767 2587 significat,
789 2528 880 2589 quam
903 2508 1025 2583 alloqui
1078 2509 1167 2567 stiam
1183 2506 1312 2587 flagellis
1325 2508 1499 2587 castigatur,
1514 2509 1665 2584 neptiqut,
1681 2506 1773 2571 Grae·

371 2596 515 2675 inpiam,
552 2596 761 2656 sermocinari
797 2615 866 2656 cnm
905 2595 1024 2671 aliquo.
1078 2613 1129 2653 ce:
1153 2597 1252 2669 parui
1269 2595 1410 2671 pendat,
1437 2593 1604 2656 Hebraico:
1631 2601 1774 2673 spernas,

371 2700 522 2763 mquam
537 2690 614 2754 suut,
630 2682 682 2760 qui
694 2682 815 2762 passive
830 2683 1023 2761 interpretari·
1079 2681 1218 2755 abjiciat.

375 2812 385 2843 ,
413 2767 474 2830 lroe
500 2766 606 2828 modo:
633 2770 720 2847 Quas
745 2769 832 2831 vobis
858 2775 1024 2844 mmqnam
1121 2770 1229 2845 Neque
1242 2770 1408 2846 futiycris,
1425 2767 1502 2828 dum
1517 2768 1605 2830 abeo
1621 2771 1774 2845 arysseris.

371 2855 598 2932 isdisrsritur,
615 2854 730 2917 scilicet
745 2874 763 2915 a
778 2856 819 2917 Sa
841 2856 931 2916 iente.
962 2854 1021 2916 Vs·
1078 2857 1153 2918 Rern
1181 2853 1306 2917 eandem
1332 2855 1465 2917 inculcat
1485 2853 1553 2915 aliis
1580 2856 1690 2918 verbis.
1728 2857 1775 2919 Nc

371 2942 531 3017 sdubito,
552 2962 591 3004 sn
607 2943 731 3002 verbum
747 2876 925 3020 umilmpai
938 2961 1022 3002 usur·
1077 2946 1241 3022 suiipsris,
1262 2943 1355 3004 idest
1374 2963 1415 3004 me
1435 2941 1582 3021 delicia,-
1602 2954 1635 3005 nt
1656 2951 1777 3005 vertunt

371 3051 414 3094 ιιι·
429 3030 597 3110 aliquando
611 3030 642 3090 iu
658 3031 781 3108 passiva
798 3030 1025 3109 significatione.
1079 3032 1222 3090 Erasmus
1248 3030 1305 3090 hon
1337 3031 1419 3103 loco,
1454 3037 1484 3089 st
1511 3031 1717 3112 Hieronymus
1743 3031 1776 3092 in

371 3117 418 3182 ud
432 3126 534 3178 autem
549 3117 651 3178 Latini
675 3115 795 3178 codices
816 3115 949 3177 addunt:
973 3117 1025 3175 di·
1078 3118 1267 3191 Proverbiis3
1288 3116 1536 3198 quemadmodum
1561 3127 1592 3179 et
1614 3127 1716 3179 noster
1730 3118 1774 3178 in·

371 3223 415 3281 ιι,
429 3204 532 3266 necin
548 3202 674 3266 Graecis
688 3212 750 3277 ast,
764 3224 822 3265 nec
836 3205 867 3264 in
883 3203 1025 3283 Syriacis.
1078 3213 1194 3283 terpres
1210 3202 1290 3264 idam
1302 3203 1450 3264 Graecum
1465 3205 1591 3264 verbum
1602 3204 1692 3285 paulo
1707 3213 1776 3266 ante

371 3293 438 3358 Ni
460 3294 525 3367 mi,
551 3291 622 3353 moli
642 3292 801 3367 uepliysre
816 3292 1025 3367 *disciplinam
1078 3299 1225 3352 verterat:
1250 3293 1377 3352 Animis
1393 3294 1503 3352 vestris
1518 3291 1703 3368 deficientes.
1728 3292 1773 3353 Si·

371 3381 473 3442 mrini.
507 3377 609 3440 Verba
629 3386 700 3439 sunt
713 3378 866 3459 Sapientis
881 3378 971 3438 Prov.
987 3378 1026 3449 3.,
1079 3379 1200 3457 gnificat
1215 3378 1310 3438 cuim:
1333 3380 1444 3438 animo
1467 3378 1611 3453 dissolui,
1632 3380 1775 3455 deficere,

371 3485 406 3528 se
420 3484 508 3528 mors
521 3485 578 3526 ruo
600 3464 675 3526 citat
689 3465 779 3544 juxta
802 3464 1025 3526 translationem
1079 3466 1157 3525 sicut
1172 3464 1363 3525 Hebraeum:
1378 3463 1486 3524 taedio
1501 3464 1597 3542 affici.
1633 3469 1719 3528 Dum
1735 3466 1775 3526 ab

371 3553 444 3628 x..
469 3552 593 3614 minime
618 3561 718 3612 tamen
744 3551 783 3613 ab
809 3553 862 3626 iis,
889 3572 969 3631 quas
994 3553 1026 3611 in
1079 3554 1299 3627 conspueris,
1326 3551 1357 3612 id
1380 3559 1428 3611 est
1450 3552 1628 3630 increparis,
1655 3551 1776 3633 quoda

371 3639 473 3704 traso
496 3639 652 3720 leguntur,
674 3638 889 3720 discrepantia,
909 3640 968 3700 nisi
990 3658 1026 3697 us
1078 3639 1146 3699 Deo
1161 3640 1347 3718 potissimum
1370 3639 1401 3698 fit
1416 3636 1554 3716 flagellis.
1590 3640 1683 3700 Porro
1698 3647 1775 3700 utra·

371 3735 429 3792 rte:
456 3726 603 3808 [inpellat
627 3733 735 3788 autem
761 3744 885 3787 omnem
911 3727 1025 3801 fllium,
1080 3745 1141 3804 que
1156 3735 1242 3807 parts
1256 3726 1353 3786 minus
1369 3724 1497 3786 diceudo
1517 3725 1586 3806 plus
1608 3725 1774 3805 significat,

386 3833 452 3892 qua
473 3813 565 3895 psulo
591 3821 660 3886 post
688 3830 821 3892 agemus.
859 3811 957 3873 Totus
977 3811 1027 3872 hic
1078 3811 1143 3872 vult
1158 3814 1253 3884 enim,
1282 3820 1397 3872 utnon
1419 3811 1513 3872 solum
1535 3833 1594 3874 non
1617 3813 1776 3894 displiceat

371 3919 414 3962 ιιι
428 3909 478 3962 est
491 3899 531 3960 ab
545 3899 629 3976 utili;
644 3919 732 3980 quern
748 3900 939 3977 persequitur
953 3898 1026 3957 mul·
1078 3899 1166 3960 nobis
1178 3897 1335 3980 disciplina
1343 3907 1373 3959 et
1384 3900 1559 3980 increpatio,
1573 3902 1776 3961 verumetiam

371 3987 522 4050 versibus.
541 3986 671 4048 Utenim
681 3985 1026 4058 consoleturllebraeos,
1078 3995 1164 4066 grato
1180 3988 1277 4047 animo
1289 3994 1468 4066 acceptatur,
1484 3993 1518 4047 ut
1531 3986 1777 4070 exsequentibus

371 4074 505 4156 amplius
521 4071 561 4135 ad
576 4075 753 4151 patientiam
769 4073 903 4146 roboret,
926 4083 1025 4134 osten·
1078 4081 1171 4153 patet

371 4179 392 4236 r,
402 4181 497 4242 quam
512 4161 554 4222 eit
569 4161 615 4220 eis
629 4157 704 4220 utils
719 4169 749 4220 et
762 4160 909 4233 mutare,
923 4180 942 4221 s
957 4159 1026 4220 Deo
1124 4161 1152 4221 6.
1177 4164 1273 4240 Quem
1293 4162 1377 4221 enim
1400 4160 1506 4236 dumis
1521 4163 1698 4236 Dominus,
1722 4179 1776 4221 ca·

371 4249 485 4330 stigari.
519 4247 673 4328 Supponit
686 4247 782 4321 enim,
808 4249 922 4319 omnis,
947 4267 1028 4329 quae
1079 4249 1183 4323 stipat.
1207 4249 1254 4308 En
1269 4247 1413 4307 rationem
1432 4246 1523 4328 plane
1539 4247 1700 4323 efficacem,
1715 4268 1777 4328 qua

371 4331 419 4398 bis
446 4334 590 4397 ιιιίᾶιιιιι
618 4331 763 4408 adversm
792 4333 864 4396 licet
893 4336 983 4396 etiam
1009 4356 1028 4395 a
1079 4336 1195 4416 probet,
1210 4332 1400 4413 disciplinam
1413 4354 1468 4396 sen
1482 4336 1698 4415 correptionem
1715 4336 1775 4396 Do·

371 4419 418 4484 li·
445 4421 618 4484 horninibus
651 4420 832 4496 inferantur,
870 4441 939 4483 esse
967 4421 1028 4483 Dei
1079 4424 1155 4482 mini
1169 4442 1230 4483 nnn
1252 4439 1322 4483 assa
1343 4420 1570 4503 negligendam,
1596 4441 1696 4503 neque
1709 4442 1776 4500 gra·

371 4509 751 4675 iiiffiliff't
773 4517 937 4656 istit
951 4510 1027 4673 3553·
1080 4506 1777 4675 :tit‘itttttttstitttttgit..

1016 4630 1026 4642 ¹
1431 4638 1439 4671 i

371 4691 417 4748 ds·
438 4681 511 4744 Huc
524 4682 616 4762 igitur
627 4681 726 4742 adisrt
737 4684 939 4743 testimoninm
951 4681 1026 4743 Scri·
1080 4694 1228 4763 paternae
1243 4682 1413 4745 dilectionis
1429 4702 1502 4762 erga
1517 4700 1602 4756 sum,
1624 4701 1712 4762 quem
1727 4703 1776 4743 cs·

371 4789 453 4842 urae,
473 4770 563 4848 cujus
577 4769 678 4848 priore
693 4767 826 4830 membro
841 4768 944 4842 docet,
967 4790 1029 4830 nou
1081 4772 1190 4850 stiget,
1205 4771 1293 4850 qnasi
1309 4768 1404 4830 dicat:
1427 4770 1628 4839 Existimsts,
1643 4768 1776 4829 afflictio·

371 4877 396 4920 rs
424 4851 622 4936 rejiciendum
650 4856 773 4917 Domini
802 4858 1028 4937 correptionem,
1081 4875 1135 4918 nes
1149 4866 1267 4918 vestras
1281 4864 1413 4916 nontsnr
1426 4854 1636 4936 procedereab
1651 4856 1697 4916 ira
1707 4856 1777 4931 Dsi,

371 4944 626 5006 ιιιιὶοιιιιιιιιιιι
634 4941 742 5016 reddit,
754 4940 1028 5025 ostendens,qnan·
1081 4963 1171 5025 quam
1193 4945 1233 5005 ab
1258 4963 1377 5019 amarer
1406 4944 1518 5024 quippe
1544 4943 1595 5024 qui
1618 4951 1778 5024 propterea

371 5029 873 5113 utuntuwnspuonisuulitm.
1080 5029 1300 5111 roeaffligitst
1314 5028 1649 5114 percutit,utsrudiet,
1668 5039 1779 5114 purget
