4442 5825
396 620 469 699 ist
901 620 1344 681 mnmnmusnomrm

392 818 458 861 com
472 796 624 871 Ecclesia,
638 799 797 861 ¹letissime
817 821 871 883 per
893 811 998 881 genus
1020 808 1086 882 pro·
1141 802 1243 862 dabor
1264 805 1403 879 amptius
1430 802 1592 865 Gestorum
1621 802 1698 884 quid
1718 822 1743 865 u

392 893 537 966 pcgstcm
552 887 596 946 iri.
629 886 668 947 id
682 886 764 967 qnod
787 890 959 969 expressius
974 888 1086 968 signifi-
1141 887 1251 950 Graeci
1266 888 1411 969 tegerint,
1436 911 1475 950 ex
1499 909 1599 952 eorum
1616 908 1743 951 commu

393 980 492 1033 ectum
517 979 563 1032 est
585 992 678 1054 supro
698 975 797 1034 citetis
818 975 944 1037 Jeseiae
970 975 1087 1036 verbis:
1139 994 1200 1035 non
1225 975 1330 1057 liquet.
1368 977 1407 1038 In
1428 977 1513 1037 tonte
1533 977 1678 1038 Hebraeo
1707 988 1738 1037 et

392 1060 527 1136 Repleto
542 1067 586 1120 est
601 1067 688 1121 terro
701 1063 832 1122 scientio
847 1063 990 1124 Domini.
1139 1062 1239 1122 LXX.
1254 1082 1315 1123 non
1329 1063 1398 1142 plus
1421 1064 1548 1143 iegitur,
1575 1084 1667 1144 quum
1692 1082 1743 1144 qu·

434 1146 484 1207 Ex
507 1144 593 1208 dictis
614 1149 707 1227 igitur
731 1149 810 1209 hunc
835 1149 943 1229 colligo
966 1166 1086 1209 sensum
1141 1149 1252 1208 hebent
1272 1151 1391 1210 codices
1416 1151 1509 1210 nostri
1533 1150 1650 1222 Latini,
1677 1150 1743 1231 quii

392 1235 612 1313 promissionis:
638 1235 725 1296 Inter
753 1246 804 1295 cos
831 1254 950 1309 ornnes,
977 1234 1086 1316 quibus
1140 1234 1269 1315 Syriaca
1279 1236 1435 1298 translatio
1447 1240 1612 1312 consentit,
1628 1246 1662 1297 nt
1676 1240 1741 1298 veri

391 1319 496 1380 teriam
520 1328 727 1383 testamentum
750 1340 877 1398 norum,
902 1323 1001 1383 nuilus
1023 1324 1086 1395 erit,
1140 1323 1193 1394 sit,
1218 1324 1249 1382 in
1265 1323 1390 1384 Graecis
1408 1332 1522 1384 temere
1537 1342 1589 1384 sen
1605 1343 1680 1383 casu
1697 1342 1743 1403 qm

391 1407 442 1487 qni
457 1409 625 1487 proximum
641 1424 694 1469 seu
714 1407 835 1469 tratrem
851 1428 953 1483 surim,
978 1408 1086 1495 rideli-
1140 1408 1272 1469 additum
1282 1429 1347 1471 esse
1358 1409 1447 1470 iilud:
1461 1412 1743 1486 eripiqueitotumer

392 1501 441 1554 cet
463 1491 598 1573 ejusdem
620 1495 724 1575 populi
750 1496 861 1570 civem,
889 1494 1086 1576 ejusdemque
1139 1496 1204 1554 Nec
1226 1506 1315 1575 puto,
1342 1495 1545 1577 quaerendum
1570 1497 1627 1557 hoc
1650 1496 1743 1557 locor

390 1583 561 1641 testamenti
590 1589 774 1655 consortem,
809 1581 915 1644 doceat
943 1582 1085 1654 notitiam,
1139 1600 1206 1642 men
1221 1585 1300 1643 inter
1319 1585 1522 1660 iniquitatem
1545 1593 1577 1644 et
1593 1592 1743 1656 peccamen

390 1685 519 1728 umorem
535 1674 565 1728 et
586 1667 806 1730 observantiam
824 1670 891 1730 mei.
928 1668 994 1729 Nec
1015 1687 1087 1728 sane
1139 1687 1217 1748 quae
1243 1672 1272 1729 in
1298 1671 1458 1749 Prophetis
1483 1677 1514 1730 et
1539 1670 1671 1730 Psalmis
1694 1669 1742 1730 fer

391 1770 467 1834 opus
482 1755 549 1815 erit.
576 1750 697 1815 'Omnes
712 1757 792 1816 enim
807 1756 852 1816 illi
866 1752 1005 1837 (quornm
1021 1757 1085 1835 qui·
1139 1753 1243 1814 eodem
1260 1758 1453 1836 accipientur.

390 1840 458 1901 dem
473 1840 531 1900 erit
544 1842 685 1915 mexims,
700 1841 850 1924 longeque
861 1862 895 1903 ac
906 1842 968 1903 late
979 1841 1086 1903 diffuse
1181 1842 1275 1901 Porro
1291 1842 1367 1903 hanc
1382 1843 1612 1923 promissionem
1634 1844 1726 1905 multi

389 1923 565 2006 multitudo)
585 1937 782 2006 cognoscent,
805 1929 964 2002 smebnnt,
987 1929 1083 1989 obser·
1139 1936 1293 2006 pretentur
1304 1928 1342 1990 de
1352 1931 1528 2000 remissione
1540 1939 1743 2010 peecatorum

390 2013 506 2074 vehunt
520 2032 577 2074 me.
614 2014 706 2076 Ratio
728 2015 888 2077 manifeste
906 2036 945 2078 ex
965 2035 1083 2096 praece·
1137 2014 1171 2074 tit
1186 2016 1215 2075 in
1230 2016 1396 2094 baptismo,
1411 2019 1441 2076 in
1457 2035 1518 2096 quo
1533 2018 1576 2076 eie
1591 2017 1743 2078 abolentur

389 2099 530 2161 dentibus
550 2103 724 2163 testamenti
746 2102 863 2164 verbis:
887 2103 968 2182 Quis
987 2103 1084 2182 legem
1138 2109 1221 2176 cate,
1238 2110 1271 2162 nt
1285 2123 1339 2164 noc
1354 2103 1395 2163 sd
1410 2112 1576 2175 aeternnm,
1595 2123 1652 2164 nec
1669 2105 1743 2165 edu

389 2204 489 2248 mecm
503 2188 659 2249 habebunt
674 2189 801 2250 inditam
819 2197 849 2251 et
864 2192 1038 2270 inscriptam
1055 2192 1085 2249 in
1137 2188 1229 2249 celem
1245 2188 1336 2250 futuri
1351 2189 1465 2250 saeculi
1486 2208 1614 2269 poenam
1630 2189 1720 2251 Deus
1735 2212 1743 2251 ι

390 2273 529 2336 cordibus
545 2277 623 2352 snis3
644 2277 717 2336 item
733 2277 818 2359 quic,
835 2277 997 2338 secundum
1012 2277 1083 2337 aite-
1137 2275 1319 2336 recordetur.
1353 2277 1449 2338 Juxta
1471 2295 1560 2357 quem
1584 2276 1743 2339 intellectu

388 2380 452 2423 rum
468 2361 666 2441 Prophetam,
694 2372 783 2424 erunt
804 2363 885 2425 docti
907 2385 926 2424 e
944 2364 1085 2439 Domino,
1137 2363 1186 2422 hic
1200 2364 1317 2443 specics
1332 2362 1479 2443 quaedam
1504 2363 1721 2443 occupetionis.

390 2456 435 2522 et,
452 2449 614 2510 seeundum
630 2450 788 2525 Joannem,
808 2450 954 2512 hebentes
970 2453 1083 2512 unctio·
1138 2448 1197 2509 dici
1212 2459 1346 2529 poteret,
1373 2469 1476 2511 omnes
1503 2468 1569 2510 esse
1590 2461 1743 2529 peccatore

390 2554 457 2597 nem
473 2538 645 2615 magistram
662 2558 680 2597 a
695 2537 808 2616 Spiritu
824 2537 942 2599 Sancto.
1137 2555 1191 2615 per
1216 2537 1273 2597 hoc
1302 2535 1440 2617 indignos
1466 2536 1625 2597 beneficiis
1656 2547 1731 2600 ants

431 2624 546 2683 Locum
568 2621 647 2683 hunc
667 2623 886 2704 Anabsptistce
904 2626 1085 2705 pneumatici
1137 2624 1326 2696 memoretis,
1354 2632 1384 2684 et
1409 2623 1447 2683 ad
1474 2643 1512 2683 oe
1538 2625 1669 2703 ineptos.
1708 2626 1743 2686 Δι

389 2708 509 2770 trahere
523 2708 621 2770 solent
637 2709 676 2772 ad
691 2712 887 2790 patrocinium
903 2713 950 2772 sni
965 2714 1084 2784 erroris,
1138 2712 1226 2789 qnasi
1240 2709 1438 2789 respondens,
1466 2712 1627 2789 promittit,
1656 2730 1692 2772 se
1708 2730 1743 2773 on

390 2814 451 2878 qno
466 2794 584 2869 dicunt,
612 2805 681 2877 post
703 2796 866 2860 adventum
887 2798 997 2859 Christi
1021 2817 1082 2860 ces·
1137 2806 1326 2877 peccatorum
1347 2797 1561 2877 impedimento
1583 2798 1675 2858 simul
1698 2808 1730 2859 et

389 2901 456 2945 sare
478 2881 590 2946 debere
606 2893 757 2946 externum
775 2885 859 2946 verbi
881 2886 1084 2960 ministerium,
1137 2883 1322 2959 oblaturum,
1343 2895 1378 2944 ut
1393 2901 1445 2945 οοι
1464 2885 1593 2946 coeteris
1606 2885 1671 2946 suis
1685 2883 1743 2949 ben

389 2971 473 3032 velut
488 2990 763 3052 supervacaneum,
786 2972 838 3034 ubi
855 2973 934 3033 intus
950 2972 1086 3054 adspirat
1137 2978 1224 3051 aptos
1238 2970 1353 3032 reddat.

390 3068 422 3120 et
436 3058 524 3120 docet
537 3058 632 3121 Deus.
669 3060 783 3122 Verum
796 3058 885 3122 facile
899 3057 1083 3121 refelluntur.
1180 3058 1238 3118 Sed
1255 3061 1326 3139 quis
1337 3061 1475 3119 remissio
1491 3060 1623 3119 omnium
1636 3065 1743 3138 peccat

389 3145 469 3206 Nem
486 3145 634 3224 quomodo
648 3146 698 3207 hic
717 3147 913 3209 submovetur
929 3154 1084 3209 externum
1137 3147 1225 3205 etiam
1242 3156 1311 3223 post
1326 3146 1473 3226 baptismo
1488 3148 1723 3221 commissorum,

390 3233 585 3294 ministerium
608 3232 759 3310 ducentis,
786 3232 867 3316 qnod
888 3234 987 3314 ipsum
1004 3234 1083 3294 Pau·
1136 3240 1188 3292 net
1213 3231 1253 3293 ed
1282 3234 1409 3313 gratiam
1438 3234 1511 3293 novi
1540 3233 1733 3308 testamenti,

389 3319 446 3392 lus,
463 3318 521 3381 sibi
535 3318 872 3403 divinitus'injunctnm,
887 3328 971 3382 tanto
987 3319 1084 3382 studio
1136 3327 1229 3393 vetat,
1249 3338 1313 3379 eom
1330 3322 1361 3380 in
1375 3321 1550 3380 universnm
1565 3321 1622 3380 sub
1638 3320 1698 3380 hac
1711 3339 1743 3401 pr

390 3410 543 3488 tantisque
571 3407 723 3471 inbonirus
753 3407 869 3470 subiit?
901 3408 962 3486 Qui
992 3409 1083 3469 etiam
1137 3408 1223 3467 sione
1238 3405 1454 3486 comprehendi.
1489 3406 1569 3466 Nem
1593 3408 1687 3468 etiam
1701 3406 1743 3468 rel

390 3504 525 3575 pastores
548 3502 576 3555 et
599 3493 736 3558 doctores
751 3515 769 3556 a
784 3495 905 3558 Christo
923 3493 1013 3556 datos
1026 3495 1083 3555 lic·
1136 3513 1200 3553 rum
1217 3502 1342 3573 peccate
1355 3496 1523 3566 remittens,
1549 3493 1635 3554 Deus
1656 3494 1743 3554 dicitu

390 3582 502 3643 ciesiae
523 3589 653 3643 testatur
667 3582 778 3664 Ephes.
795 3584 824 3643 4.
861 3580 921 3644 Sed
939 3581 996 3643 hoc
1017 3581 1084 3641 loco
1137 3599 1201 3641 rum
1216 3602 1276 3641 non
1291 3581 1420 3661 emplius
1434 3578 1585 3640 recordari
1609 3591 1694 3641 stes
1707 3601 1743 3643 no

389 3676 532 3750 negetur,
558 3687 633 3750 opas
660 3687 724 3730 esse
753 3669 888 3730 doctrina
914 3675 944 3728 et
968 3669 1083 3730 institu·
1137 3676 1261 3748 putare,
1283 3667 1395 3728 Erech.
1413 3671 1462 3729 18.
1479 3675 1507 3726 et
1522 3667 1573 3726 33.
1590 3677 1621 3728 ot
1636 3666 1741 3730 Psalm

390 3756 473 3817 tione
487 3754 634 3829 humans,
658 3775 749 3834 quern
770 3757 895 3818 interior
909 3756 1039 3836 Spiritus
1054 3755 1084 3818 Β.
1138 3755 1212 3834 quie
1226 3755 1364 3815 nimirum
1379 3775 1417 3815 ee
1431 3774 1492 3814 non
1507 3754 1637 3834 imputet
1652 3754 1694 3816 cd
1708 3775 1743 3837 pe

391 3843 526 3905 doctrine
539 3844 737 3923 praevenerit.
760 3843 804 3904 iis
818 3850 927 3915 eutem,
943 3844 993 3925 qui
1010 3864 1084 3905 non·
1137 3849 1307 3914 aeternam,
1336 3861 1416 3922 quse
1444 3841 1597 3921 proprium
1624 3852 1674 3902 cst
1702 3862 1743 3903 ms

390 3929 461 3991 dnm
498 3928 666 3991 didicerunt
703 3949 884 4012 cognoscere
913 3931 1084 4005 Dominum,
1137 3930 1254 4009 peccati
1270 3928 1460 4006 stipendium.
1497 3927 1589 4008 Quod
1614 3928 1743 3990 eutem!

389 4017 457 4077 sive
478 4018 510 4076 in
533 4015 668 4078 Ecclesia
688 4019 762 4091 sint,
788 4019 851 4080 sive
874 4027 974 4091 extre,
1000 4018 1083 4078 edhi-
1136 4015 1218 4076 modi
1245 4024 1434 4094 peccatorum
1460 4016 1597 4076 remissio
1623 4018 1717 4077 etiam

389 4102 490 4166 bonde
505 4112 554 4165 est
567 4104 605 4165 eb
620 4104 790 4167 hominibus
807 4104 935 4166 docendi
951 4123 1031 4178 curo,
1051 4111 1084 4164 nt
1137 4102 1349 4181 promissione,
1376 4101 1505 4182 probant
1526 4102 1743 4182 transcripturi

389 4189 524 4267 discent3
546 4191 591 4251 ite
604 4198 719 4267 temen,
741 4201 776 4253 nt
788 4192 902 4253 tructus
918 4193 1016 4253 omnis
1031 4209 1082 4251 ex·
1136 4190 1212 4269 Reg.
1231 4191 1275 4248 i:
1304 4192 1365 4269 Qui
1379 4192 1407 4250 ei
1421 4192 1531 4265 inique
1553 4189 1681 4266 eliqrsid
1697 4208 1743 4267 pes

389 4281 722 4359 specteturemagistro
734 4281 816 4341 intus
828 4278 956 4339 docente
967 4277 1083 4356 Spiritu
1137 4295 1273 4353 orpnom
1310 4295 1402 4355 eum,-
1438 4276 1692 4338 misericordiam
1729 4295 1743 4338 ο

389 4365 436 4438 S„
452 4369 539 4443 quic,
555 4384 657 4444 neque
669 4370 724 4444 qui
735 4368 874 4445 plantet,
891 4373 934 4426 eat
948 4365 1083 4443 aliquid,
1137 4383 1239 4424 meum
1256 4381 1324 4425 nora
1339 4366 1489 4442 cesseram
1506 4364 1545 4423 ab
1562 4381 1616 4435 co;
1638 4364 1740 4425 Psalm

391 4472 492 4529 neque
507 4455 562 4530 put
577 4456 683 4531 ripet5
708 4455 762 4516 red
776 4458 832 4532 qui
853 4458 1083 4515 incrementum
1137 4452 1172 4511 Si
1187 4452 1413 4528 dereliquerint
1435 4452 1495 4528 flcio
1517 4455 1583 4525 eius
1598 4452 1699 4526 leuem
1720 4469 1743 4511 ιι

388 4542 446 4602 dat
461 4542 548 4602 Deus
555 4585 565 4615 ,
583 4543 599 4601 1
614 4538 683 4601 tior.
701 4543 729 4603 3.
1138 4538 1270 4598 υίιίιοὸο
1300 4541 1336 4598 in
1366 4541 1459 4613 oiryo
1488 4540 1677 4615 iniquitates
1707 4555 1743 4599 eo

434 4629 481 4688 12.
505 4630 588 4707 Quia
609 4630 771 4705 propitius
793 4645 847 4688 ero
861 4625 1085 4705 iniquitatibus
1138 4626 1388 4686 misericordium
1400 4632 1506 4685 cutem
1519 4643 1621 4684 mecm
1634 4623 1743 4687 nendi

389 4733 517 4790 eorum,
546 4721 789 4791 etpeccctorunr
807 4716 1001 4788 sommium
1017 4730 1084 4773 raon
1137 4731 1209 4787 pom
1226 4712 1265 4770 ab
1282 4731 1325 4772 ιο.
1361 4711 1448 4789 Qnee
1471 4713 1538 4771 loce
1560 4713 1691 4792 mystice
1710 4711 1743 4774 de

389 4802 598 4863 memorabor.
636 4801 711 4862 Pius
727 4802 820 4863 estin
836 4799 959 4861 Graecis
975 4799 1083 4860 codici·
1137 4800 1309 4860 testamenti
1349 4799 1420 4859 filiis
1455 4799 1648 4877 accipienda,
1691 4817 1743 4862 nor

387 4887 460 4967 bus3
491 4891 536 4950 sic
558 4888 636 4950 enim
658 4888 787 4949 habent:
817 4889 900 4967 Quia
924 4888 1085 4964 propitius
1138 4885 1267 4945 dubium.
1306 4887 1366 4945 Hic
1388 4885 1537 4963 generalis
1560 4903 1667 4947 sensus
1689 4889 1743 4968 sip

389 4995 443 5038 ero
472 4978 637 5053 iniustitiis
663 4991 790 5050 eorum,
821 4981 851 5036 et
880 4981 1084 5053 pcccatorum
1138 4972 1279 5044 dicemus,
1309 4971 1445 5033 voculam
1478 4974 1560 5049 quio·
1584 4991 1646 5033 nen
1674 4971 1743 5036 οη

390 5081 499 5127 eornm
514 5064 1083 5141 emicetmmmeommeonrceor-
1136 5060 1228 5137 sumi,
1256 5058 1309 5122 sod
1331 5059 1505 5141 expletive,
1531 5060 1615 5142 qnod
1639 5062 1675 5125 in
1695 5059 1743 5124 Er
