4442 5825
673 574 838 636 muronuu
853 576 942 636 unu
958 570 1072 637 ticon.
1088 574 1174 636 oms.
1196 583 1235 635 ro.
1575 584 1653 656 m

369 748 554 831 umanum
576 759 676 825 omnia
696 767 820 841 peuouta
836 776 904 822 eeee
954 776 1044 822 ueuau
1069 756 1151 820 dieat
1166 756 1346 838 Apoetolua,
1373 768 1456 830 euin,
1483 758 1535 838 qui
1558 774 1650 819 unum

369 843 471 925 ltpari
485 844 635 925 anpplioio
651 846 817 925 punienda3
834 866 900 928 par
954 847 1033 928 legio
1046 853 1257 927 praereptum,
1283 844 1412 924 reliquie
1436 844 1575 906 omnibu·
1588 863 1650 906 eer-

371 930 411 993 ab
433 929 593 995 haereticis
615 931 742 1012 allegari
761 934 839 995 eolet
854 933 904 994 ud·
953 936 1046 1008 vatia,
1073 940 1277 1011 trunegreeeua
1307 929 1411 1003 inerit,
1441 929 1555 992 laetum
1583 950 1651 993 eaae

369 1019 497 1079 eurimeu
523 1026 715 1099 pennatorum
740 1021 903 1081 venialium
954 1022 1085 1082 omnium
1099 1036 1194 1080 reum
1218 1018 1442 1091 Hoeenimeat,
1458 1018 1489 1078 iu
1505 1037 1566 1098 quo
1582 1036 1651 1079 oum

369 1122 419 1167 unr
445 1099 568 1181 (volunt
588 1106 667 1167 enirn
692 1105 752 1183 illi,
778 1116 904 1189 peecata
953 1108 1126 1188 Aognetiuo
1150 1107 1332 1185 interpretes
1353 1102 1423 1165 dere
1444 1122 1547 1166 omnee
1568 1104 1650 1166 labo-

369 1208 398 1251 re
417 1191 574 1269 mortalia3
600 1208 731 1272 oumque
753 1212 841 1254 nemo
865 1195 904 1255 eit
952 1202 1034 1266 rent,
1050 1192 1102 1253 ulii
1117 1191 1197 1253 aliud
1214 1191 1391 1253 antenorea

371 1279 403 1339 in
416 1276 476 1339 hue
489 1278 556 1338 rita
571 1296 590 1338 a
605 1283 739 1358 peucetio
754 1281 904 1354 immunia,
997 1281 1087 1353 Sunt,
1114 1280 1168 1359 qui
1191 1278 1288 1340 ietnd:
1316 1279 1476 1352 omnivm,
1503 1280 1646 1358 interpre

369 1366 419 1426 ina
440 1364 604 1445 eolligunt,
631 1380 670 1426 ua
692 1367 903 1428 obuervatione
953 1375 1056 1427 tentur
1068 1364 1108 1426 de
1122 1365 1209 1426 londa
1223 1364 1447 1446 operibne,·hoe
1462 1382 1567 1425 aenan:
1588 1364 1651 1446 Qui

369 1451 580 1531 inaminatum
595 1450 654 1513 diui
668 1470 772 1533 poam,
798 1452 851 1515 aed
867 1472 904 1514 ex
953 1453 1006 1514 rel
1034 1470 1127 1512 uuum
1157 1462 1351 1534 praeeeptum
1380 1451 1456 1532 legia
1482 1452 1651 1525 uiolauerit

369 1535 636 1619 almputatlonelr
658 1556 779 1601 aueeeee
793 1551 857 1613 eut,
871 1549 904 1600 ut
954 1539 1062 1621 digrue
1078 1548 1143 1611 eet,
1165 1541 1217 1619 qul
1240 1539 1340 1600 omnia
1360 1538 1456 1611 bona,
1477 1556 1557 1619 quae
1567 1536 1651 1613 lenit,

369 1644 376 1684 r
404 1640 582 1705 gomanum
611 1625 701 1705 hujue
731 1627 904 1708 Scriptum
954 1630 1090 1698 omittat,
1101 1626 1194 1705 juxto
1209 1624 1378 1707 Scripturas
1394 1625 1508 1685 doolea.
1524 1627 1570 1685 it:
1589 1624 1652 1705 (ini

369 1711 699 1792 ligentereaqulrumue
709 1735 717 1790 ς
729 1715 904 1794 praeuertirn
954 1716 990 1775 in
1003 1731 1072 1775 uero
1083 1716 1281 1790 peccaverit,
1307 1712 1412 1773 mutto
1427 1711 1513 1775 bonu
1525 1713 1649 1791 perdet,

369 1797 450 1859 loeua
474 1800 564 1859 etiam
580 1798 612 1860 Β.
629 1799 803 1880 Augustino
818 1802 904 1861 vieue
954 1809 986 1861 et
1000 1800 1112 1861 Eueeh.
1131 1803 1196 1862 uu:
1215 1800 1651 1875 omittuntur-ejuranti-

369 1904 392 1945 ι)
407 1883 554 1960 diffieilia,
574 1892 610 1944 ut
626 1904 720 1967 euper
734 1888 802 1966 ujue
816 1886 901 1948 intel·
954 1889 1044 1949 vient
1070 1887 1249 1948 trudentur.
1286 1884 1347 1949 Sed
1373 1886 1450 1947 hueo
1476 1894 1652 1948 ooaetmt

369 1970 520 2033 uniendum
542 1976 693 2054 putaverit
707 1973 740 2035 S.
755 1974 902 2056 Hierony·
953 1975 1171 2054 interpretatio.
1195 1974 1265 2034 Nou
1283 1976 1363 2035 enirn
1377 1991 1461 2034 more
1475 1973 1650 2055 Scriptum

369 2060 510 2122 ividere
535 2067 581 2121 eat
606 2062 638 2120 in
664 2062 803 2141 Epistola
828 2063 904 2122 entia
954 2063 1023 2142 quie
1038 2059 1151 2122 dieitur
1171 2078 1239 2121 reue
1261 2061 1404 2123 bonorum
1428 2080 1569 2141 operum,
1595 2059 1651 2122 eod

369 2145 478 2208 iillum
492 2147 621 2225 uuripla,
641 2166 720 2228 quae
734 2149 765 2208 iu
780 2167 904 2209 numero
954 2148 1004 2210 vei
1019 2150 1151 2228 pennati,
1166 2148 1217 2209 rel
1231 2167 1355 2229 poenae,
1370 2146 1419 2206 val
1435 2142 1529 2228 (quod
1544 2146 1650 2210 eodem

369 2252 412 2294 nn
429 2232 463 2293 B.
479 2235 642 2315 Auguetini
658 2243 705 2296 eat
720 2238 770 2297 nu.
954 2230 1074 2311 recidit)
1089 2234 1165 2316 legia
1180 2235 1321 2296 violatae.
1357 2233 1446 2294 Patet
1460 2237 1568 2308 oliam,
1595 2235 1651 2297 im

369 2338 382 2380 n
404 2321 498 2402 igitur
512 2320 665 2382 nolendum
682 2330 734 2395 eat,
755 2323 904 2401 offaneio·
954 2340 1060 2382 rooee:
1082 2340 1150 2383 uno
1166 2330 1200 2382 et
1219 2326 1361 2384 omnium
1369 2364 1380 2394 ,
1406 2319 1444 2381 ud
1460 2320 1539 2383 idem
1554 2339 1651 2401 genua

370 2408 501 2488 intelligi
525 2427 585 2468 uon
608 2427 844 2492 quamcumque,
869 2417 904 2468 ut
954 2408 1127 2470 relereudaa
1153 2426 1234 2482 eene,
1261 2409 1374 2470 scilieet
1398 2409 1567 2489 pneuepti,
1593 2407 1652 2470 hoo

369 2494 531 2568 oluerunt,
558 2496 647 2556 etium
670 2496 783 2571 levem,
814 2513 904 2578 quum
953 2494 1059 2557 modo:
1088 2494 1150 2574 Qui
1181 2494 1305 2556 offendit
1333 2497 1364 2558 io
1392 2512 1453 2554 uno
1481 2504 1650 2576 praecepto,

387 2600 546 2659 ronamue3
584 2580 623 2642 de
654 2602 715 2663 qua
741 2581 811 2643 dicit
840 2602 905 2664 oap.
955 2582 1054 2644 iaotue
1069 2590 1116 2642 eat
1131 2583 1262 2643 omnium
1277 2591 1504 2664 prueoeptomrn
1519 2600 1599 2644 roni.

375 2670 483 2731 multia
505 2669 698 2747 offendimur
721 2687 848 2745 omnes,
875 2677 906 2730 et
997 2670 1094 2750 Igitur
1108 2669 1162 2729 ulii
1175 2687 1266 2730 reum
1290 2671 1364 2747 {ieri-
1384 2668 1489 2729 dieunt
1507 2673 1651 2733 omnium

369 2757 394 2818 ii
409 2759 481 2834 quia
501 2758 538 2817 iu
560 2757 655 2818 uerbo
677 2774 745 2818 non
761 2756 904 2836 offendit,
956 2765 1195 2836 praeceptorum,
1222 2759 1294 2837 quin
1321 2778 1360 2820 ux
1383 2756 1474 2817 nniue
1499 2759 1651 2839 preooepti

369 2849 444 2904 utor
469 2848 514 2904 eat
541 2845 602 2905 vir.
643 2844 723 2905 Nam
754 2843 905 2925 quomodo
953 2844 1191 2925 iianegreeeiouu
1205 2863 1318 2924 prouue
1340 2842 1519 2906 efficiturad
1534 2854 1653 2907 oaetere

369 2939 392 3002 t,
408 2949 495 3005 eum,
514 2932 567 3012 qui
581 2938 674 2992 totum
688 2930 787 3010 legem
802 2950 904 2992 uervu·
954 2930 1104 2992 violanda
1138 2931 1250 2992 Verum
1274 2933 1433 3014 aequeotia
1454 2934 1530 2993 eatie
1553 2942 1650 2995 oeten-

374 3019 405 3077 in
427 3018 522 3078 verbo
544 3019 640 3079 otioeo
657 3026 709 3080 aut
723 3020 785 3079 rien
803 3021 904 3080 immo·
954 3017 1036 3091 dunt,
1053 3017 1185 3078 alienam
1197 3035 1264 3079 eoae
1279 3028 1410 3082 amente
1422 3018 1559 3100 Apostoli
1573 3020 1653 3083 hune

369 3104 478 3178 undat,
493 3107 623 3166 omnium
639 3124 723 3166 reum
739 3104 826 3165 lieri?
844 3104 905 3166 Sed
954 3106 1180 3187 expositionem.

369 3191 433 3271 ligit
454 3193 677 3271 offensionem,
704 3210 762 3273 qua
782 3211 904 3272 prueoo-
996 3193 1125 3252 Liranuo
1158 3209 1249 3252 reum
1286 3195 1430 3253 omnium
1465 3193 1651 3275 intelligunt,

369 3278 431 3339 uod
446 3278 539 3359 legia,
559 3299 651 3340 unum
668 3297 705 3338 ex
723 3280 904 3357 preeoipuia,
953 3287 1098 3359 quantum
1126 3277 1164 3339 ud
1191 3297 1320 3357 poenum
1346 3278 1463 3351 domui,
1494 3299 1573 3360 quae
1602 3289 1653 3342 eet

369 3384 440 3445 uuae
450 3375 498 3426 eet
509 3367 610 3445 grevia
623 3375 654 3426 et
668 3365 803 3426 mortalia
815 3365 903 3426 offen·
954 3367 1088 3425 durentia
1102 3361 1223 3426 divinae
1238 3366 1372 3426 rieionio.
1386 3365 1473 3425 Hune
1485 3368 1564 3428 euim
1580 3387 1648 3448 poe

378 3450 419 3514 de
432 3451 606 3532 hujuemodi
619 3453 786 3514 offensione
796 3472 902 3513 eermo·
953 3472 1021 3513 num
1034 3459 1121 3533 putet
1131 3451 1286 3532 aequalem
1299 3469 1366 3512 eeee
1377 3452 1518 3513 omuibus
1530 3454 1650 3515 damua-

369 3587 371 3605 ι
397 3548 513 3599 eonetat
539 3559 577 3601 ex
594 3539 754 3618 subjuncta
770 3537 903 3600 declara·
953 3540 1002 3615 tia,
1014 3540 1079 3598 eive
1089 3540 1121 3598 in
1133 3557 1201 3612 uuo,
1214 3540 1281 3600 aire
1292 3540 1324 3599 in
1334 3538 1437 3599 multiu
1449 3542 1650 3618 penuareriut.

369 3625 410 3686 od
424 3628 453 3686 et
466 3645 535 3688 nou
549 3627 769 3701 moechaberie,
787 3626 905 3686 occider
954 3624 1043 3706 Quod
1059 3626 1177 3686 etiumai
1192 3641 1296 3686 verum
1319 3633 1416 3701 uaeet,
1445 3627 1584 3705 Apoetoli
1606 3636 1649 3688 ta·

369 3720 490 3774 retueea
505 3719 722 3790 trunapreeeor
735 3713 819 3789 legin
843 3711 905 3772 Sed
953 3731 1020 3773 men
1044 3712 1147 3773 verbio
1169 3731 1237 3773 eum
1258 3730 1376 3773 aeneum
1403 3733 1463 3773 nou
1478 3716 1649 3789 convenire,

369 3808 545 3861 rouutrutun
558 3809 613 3874 eet,
631 3819 695 3859 eum
708 3818 904 3879 peruonurum
952 3799 1029 3859 bene
1051 3798 1139 3860 dooet
1156 3799 1270 3861 Panlue
1292 3800 1462 3879 Burgeuaia.
1500 3801 1650 3882 idemque

369 3905 425 3961 em,
450 3906 539 3969 qnam
553 3886 612 3947 hoo
626 3889 724 3967 eupite
739 3886 904 3946 inueniatur
952 3905 1006 3965 pro
1037 3885 1129 3964 hujua
1154 3887 1212 3945 loci
1243 3884 1398 3947 intellectu
1428 3895 1648 3961 commemorat,

371 3974 426 4045 ‚in
441 3975 560 4053 magula
574 3975 705 4054 peocutia
720 3990 786 4032 osee
801 3991 902 4033 nume·
952 3972 1184 4033 Pharisaeorum
1205 3972 1297 4032 iniaee
1319 3972 1482 4033 doctrinam
1499 3971 1602 4055 (quam
1618 3983 1650 4035 et

369 4059 467 4120 Utitur
481 4059 603 4141 quidum
616 4061 650 4120 B.
663 4060 686 4121 J
688 4058 799 4120 ueobue
811 4060 903 4119 verbo
954 4057 1051 4119 Rabbi
1067 4059 1169 4118 Moaee
1184 4067 1290 4139 poeteu
1303 4057 1440 4131 tradidit,
1460 4068 1490 4119 et
1504 4061 1649 4123 calvinus

369 4146 441 4228 puod
457 4146 622 4227 eignifioat:
649 4147 843 4223 impingere,
867 4165 903 4205 ao
952 4145 1115 4207 Catholicis
1134 4146 1318 4206 calumnioee
1339 4146 1505 4226 impingere
1526 4169 1586 4209 non
1602 4156 1649 4209 eut

369 4252 488 4315 ‚quam
511 4233 641 4307 eadm,
667 4240 702 4291 ut
716 4241 802 4312 putot
815 4233 901 4292 Rom.
952 4227 1094 4308 veritus),
1119 4231 1270 4293 hominem
1292 4234 1423 4312 reputari
1436 4234 1551 4312 justum
1568 4234 1649 4315 apud

369 4321 511 4399 nitorque
525 4339 562 4380 eo
579 4340 642 4399 oap.
660 4337 741 4398 seq.:
761 4321 804 4380 Iu
818 4320 903 4380 mui-
952 4318 1068 4392 Deum,
1094 4320 1120 4379 ei
1134 4321 1276 4400 mojorem
1300 4329 1416 4397 purtem
1439 4319 1515 4400 logie
1537 4330 1648 4396 eerret,

369 4407 459 4468 limare
481 4425 609 4484 omuee5
635 4405 688 4467 aud
711 4425 770 4466 uon
790 4405 902 4466 ideireo
953 4408 1068 4466 etiamsi
1098 4408 1129 4466 in
1159 4406 1352 4486 paucioribus
1378 4414 1584 4488 tranagreaeor
1611 4410 1649 4469 eit

369 4511 440 4554 »uum
454 4493 783 4573 hierulteignifieure3
799 4512 902 4554 verum
952 4492 1035 4572 legis.
1070 4493 1138 4553 Hoc
1163 4492 1260 4553 eimile
1285 4501 1331 4553 eet
1351 4494 1393 4565 ei,
1421 4493 1647 4577 quodquidam

369 4598 465 4663 rquoe
488 4582 565 4659 ugit,
592 4581 635 4640 ita
649 4579 796 4661 putabant
817 4587 847 4639 et
861 4579 903 4639 lo·
952 4580 1045 4639 utulte
1059 4580 1262 4659 imaginantur
1272 4578 1310 4639 de
1321 4578 1526 4660 appendendie
1542 4584 1573 4642 in
1588 4589 1648 4641 eta·

369 4686 393 4740 r,
424 4668 538 4728 eoilieet
563 4686 623 4727 non
650 4667 809 4726 admodum
836 4665 903 4726 Deo
951 4665 1117 4726 terabonia
1133 4673 1164 4727 et
1178 4666 1264 4726 malie
1276 4668 1408 4743 meritla3
1423 4675 1469 4740 et,
1485 4668 1510 4727 ai
1526 4666 1647 4748 quidem

372 4799 380 4828 ‚
405 4773 461 4815 neo
476 4752 543 4814 idoo
558 4772 744 4834 quemquum
760 4753 902 4814 damnun·
952 4752 1031 4813 bona
1047 4753 1306 4833 praeponderent,
1328 4751 1477 4814 aulvuturu
1499 4755 1536 4815 iri
1551 4753 1646 4816 homi·

369 4859 447 4901 ruam
462 4839 588 4921 aliquod
602 4848 792 4921 prueoeptum
807 4847 902 4899 nana·
951 4858 1036 4915 nem3
1051 4840 1098 4900 eiu
1112 4839 1207 4911 mala,
1223 4840 1396 4919 periturum.

994 4925 1103 5005 Itaque
1117 4934 1218 4988 oeneet
1232 4926 1357 5006 eoriptor
1372 4925 1433 4999 ille,
1448 4927 1483 4987 Β.
1499 4926 1648 4990 Jacobnm

369 5015 457 5089 oulto,
489 5014 553 5094 iam
583 5011 807 5094 quaerendum,
844 5031 902 5093 quo
951 5011 1010 5073 hae
1030 5014 1182 5074 sententia
1203 5013 1402 5094 perstringere
1423 5013 1568 5095 ejusmodi
1589 5016 1646 5078 Ju·

1370 5113 1441 5181 ui*
