4442 5825
393 606 467 681 333
1006 600 1237 659 mousom„

390 780 447 842 sibi
477 778 705 860 pollicebantur.
741 779 878 856 Deinde,
913 780 991 840 sicut
1021 781 1088 862 ipse
1141 782 1305 864 responsio.
1342 779 1413 842 Non
1444 781 1524 842 euim
1554 777 1694 860 Apostoli
1718 794 1805 861 sarpa

393 866 540 929 Calvinus
555 868 722 947 respondet,
738 889 798 929 non
814 867 852 928 ab
868 868 1008 929 omuibus
1026 869 1086 928 exi·
1141 869 1246 930 eadem
1262 876 1315 928 aut
1330 868 1420 928 simili
1430 865 1559 929 turmula
1569 863 1807 927 alamania

391 954 539 1034 gendum,
565 964 599 1013 ut
623 956 700 1016 idem
718 964 927 1035 argumentum
949 962 1086 1015 tractent
1141 954 1288 1036 Epistulis
1310 955 1490 1027 utebantur,
1516 967 1611 1035 atque
1637 951 1809 1014 interduh

390 1041 487 1101 Multa
502 1044 578 1101 enirn
602 1038 747 1124 (exempli
770 1039 874 1118 caasa)
894 1043 972 1101 inter
986 1042 1086 1101 Euan·
1141 1063 1177 1103 ea
1192 1061 1240 1113 re,
1267 1052 1301 1101 ut
1315 1043 1346 1102 iu
1365 1041 1467 1102 multia
1488 1042 1571 1112 aliis,
1598 1059 1711 1100 murem
1731 1054 1807 1120 aeq*

389 1129 499 1208 gelium
516 1128 646 1190 Joanuis
668 1140 698 1189 ut
721 1129 838 1209 reliqua
853 1131 910 1188 tria
926 1128 1087 1189 diversitas
1141 1129 1524 1210 banturrulgoraceptum.
1548 1126 1640 1206 Quod
1653 1144 1810 1207 parapas-

390 1223 451 1293 est3
479 1224 510 1276 et
530 1224 629 1276 umen
652 1216 728 1277 baec
751 1219 850 1276 omnia
871 1235 967 1295 aeque
981 1216 1086 1295 recipi·
1143 1225 1188 1276 est
1211 1235 1249 1276 ex
1264 1216 1421 1295 Epistola,
1444 1234 1526 1294 quae
1548 1215 1676 1276 babetur
1697 1215 1757 1273 Aet
1771 1212 1810 1287 u,

389 1322 472 1377 mus,
486 1312 519 1362 nt
533 1322 552 1361 a
568 1303 626 1363 Dei
643 1305 751 1382 spiritu
768 1302 912 1382 profecta.
1142 1305 1228 1382 cnjus
1250 1304 1368 1362 initium
1393 1311 1452 1362 oet:
1478 1303 1627 1379 Apostoli
1652 1310 1683 1361 et
1705 1302 1812 1361 mitra

432 1390 526 1450 Porro
543 1387 707 1468 cajetanus
729 1410 766 1450 ex
790 1389 973 1450 salutatione
995 1389 1088 1448 sumit
1140 1390 1262 1469 {rutra
1290 1391 1357 1466 hia,
1387 1393 1443 1467 qui
1467 1396 1542 1450 aaut
1574 1388 1811 1461 Antiochiam

388 1486 596 1556 argumentum
620 1476 658 1537 ad
681 1475 910 1538 convellendam
931 1476 1087 1537 auctorita·
1141 1479 1254 1552 Syriae
1270 1483 1299 1536 et
1315 1478 1455 1550 Ciliciae,
1469 1476 1633 1552 fratribus
1647 1472 1813 1552 aava&

390 1572 451 1624 tem
466 1564 639 1644 Epistulae:
656 1565 825 1645 Quoniam,
845 1565 960 1642 inquit,
977 1562 1085 1623 saluta·
1141 1565 1285 1624 salutem.
1320 1562 1405 1644 Quin
1427 1566 1527 1642 potius
1550 1563 1627 1625 haec
1653 1559 1812 1623 salutab'oi

389 1652 431 1710 tiu
448 1660 509 1711 tam
524 1670 601 1730 pura
617 1660 679 1723 est,
702 1663 735 1711 ut
758 1650 830 1711 nulli
848 1651 1022 1711 salutationi
1038 1670 1086 1710 cu·
1142 1653 1173 1711 in
1187 1659 1314 1730 utraque
1329 1650 1471 1730 Epistula
1483 1648 1652 1710 similitudo
1667 1647 1813 1719 suadeta

386 1738 528 1818 jusquam
557 1738 681 1798 alterins
707 1738 899 1819 Apostolicae
930 1738 1088 1816 Epistulae
1141 1740 1308 1817 praesentis
1324 1738 1480 1818 Epistulae
1503 1757 1564 1798 uon
1579 1737 1675 1798 alium
1690 1733 1817 1839 Jacob!-i

390 1825 549 1885 conformis
565 1827 613 1885 sit.
636 1825 715 1886 Nam
731 1825 805 1886 nihil
822 1825 896 1897 Dei,
919 1823 992 1884 nihil
1008 1823 1086 1884 Jesu
1141 1844 1325 1905 quaeramus
1355 1834 1522 1896 auctorem,
1548 1843 1642 1904 quam
1671 1842 1751 1897 auus,
1771 1828 1817 1903 μ’

390 1912 516 1984 Christi,
544 1912 615 1972 nibil
639 1915 769 1990 gratiae,
797 1912 872 1973 nihil
894 1913 977 1991 pacis
993 1920 1087 1985 sonat,
1141 1921 1320 1992 suggerente
1330 1904 1817 1991 memorataEpistolaadgauQ

389 1998 460 2069 sed,
483 1998 609 2078 profano
625 2019 721 2072 more,
744 2000 887 2059 salutem.
927 1998 1013 2058 Haec
1028 1998 1086 2071 illc,
1140 1999 1293 2060 Ecclesiae
1319 1998 1356 2058 ab
1383 1998 1538 2080 apostolis
1566 2003 1662 2059 missa
1691 1990 1817 2069 initdj

389 2086 490 2146 verbis
513 2086 609 2165 (quud
630 2106 703 2147 esne
726 2089 831 2146 mirum
848 2083 905 2162 est)
921 2106 939 2145 a
955 2085 1087 2146 Lutheru
1140 2094 1278 2146 narratur
1293 2088 1399 2147 eudem
1414 2087 1489 2147 luco.
1522 2084 1590 2146 Nec
1604 2105 1678 2145 reru
1692 2076 1817 2195 puta*

373 2175 542 2233 'mutuatis
582 2173 661 2232 Nam
692 2172 796 2233 eadem
826 2192 924 2253 poene
953 2171 1087 2233 bothero
1141 2182 1187 2233 est
1201 2175 1340 2249 pretium
1357 2182 1387 2234 et
1403 2193 1516 2251 pacem
1541 2173 1693 2244 tacuisse,
1719 2172 1765 2253 qai
1774 2184 1817 2245 w,

390 2260 494 2320 Sixtus
510 2261 539 2318 in
556 2259 743 2320 Bibliotheca
758 2281 843 2320 sacra
859 2259 1004 2319 attribuit.
1038 2262 1087 2320 Ex
1141 2260 1237 2321 tatem
1254 2262 1426 2322 nominavit
1462 2260 1541 2322 Nam
1563 2260 1649 2319 salua
1669 2254 1817 2349 cartura,

390 2346 426 2406 iis
447 2358 547 2407 autem
571 2347 687 2426 colligit
703 2348 882 2426 Cejetanus,
910 2348 1008 2406 minus
1024 2367 1086 2407 cer·
1142 2347 1353 2408 omnebonum
1370 2349 1501 2409 salutare
1516 2346 1748 2427 comprehendit
1766 2343 1817 2419 lla}

391 2443 453 2494 tum
470 2434 555 2495 reddi
579 2443 729 2494 auctorem
754 2435 844 2512 hujus
860 2433 1032 2514 Epistulae,
1060 2443 1089 2492 et
1141 2433 1288 2514 Apostolo
1311 2453 1434 2497 neceew
1455 2434 1528 2507 fuit,
1555 2437 1662 2496 Deum
1685 2428 1817 2497 erm

391 2532 610 2601 consequenter
639 2525 868 2596 auctoritatem,
899 2523 977 2581 sicut
1003 2540 1088 2600 argu·
1143 2523 1302 2583 Christum
1330 2542 1397 2583 cum
1424 2521 1516 2583 verbo
1543 2522 1730 2583 salutationis
1748 2500 1817 2597 repr*

390 2609 583 2670 mentabatur
598 2608 636 2667 de
652 2608 794 2688 Epistola
809 2608 847 2668 ad
863 2607 1030 2668 Hebraeos.
1142 2616 1223 2680 tere,
1247 2610 1300 2688 qui
1316 2610 1376 2669 Dei
1401 2619 1432 2669 et
1447 2610 1520 2671 Jesu
1538 2606 1651 2669 Christi
1675 2624 1777 2669 serrua
1787 2608 1817 2753 11

432 2696 481 2757 Ad
506 2704 715 2775 argumentum·
743 2715 812 2754 vero
838 2695 895 2755 boc
924 2694 1022 2754 facilia
1045 2705 1091 2753 est
1140 2696 1204 2775 jour
1220 2696 1348 2756 disent.

830 2897 1060 2968 latthsttttt
1081 2899 1184 2969 lllllllS
1205 2899 1391 2970 lll'lS'ldhlE.

434 3045 504 3105 Non
519 3042 648 3122 simplex
663 3044 753 3121 hujus
765 3042 1088 3123 Epistolaeargumeu·
1143 3052 1189 3103 tes
1206 3053 1276 3104 tunc
1292 3043 1451 3118 haeretici,
1475 3044 1635 3107 docebant
1668 3047 1741 3108 Nam

392 3141 454 3193 tum
471 3140 524 3204 est,
540 3131 594 3191 sed
607 3130 805 3209 multiplicem
818 3151 853 3191 ac
866 3131 1090 3192 miscellaneam
1144 3131 1219 3190 alias
1235 3130 1376 3191 haereses
1392 3130 1522 3193 Simonis
1539 3153 1606 3193 eam
1623 3132 1759 3207 fuisse,
1806 3146 1809 3150 ’

392 3219 526 3279 continet
541 3216 712 3277 doctrinam.
752 3217 890 3277 Tametsi
906 3216 963 3276 duo
981 3220 1088 3296 princi·
1143 3236 1235 3297 opera
1246 3218 1405 3296 juatanon
1420 3220 1481 3279 sint
1502 3219 1543 3280 ad
1561 3220 1691 3281 ulrum

392 3303 750 3387 palitcragcrevidetur:
766 3303 904 3373 alterum,
917 3306 1090 3364 utinstruat
1142 3306 1204 3374 ria,
1230 3311 1360 3364 testatur
1382 3305 1525 3367 Irenaeus
1548 3306 1602 3366 lib.
1628 3311 1654 3367 1.
1676 3309 1721 3368 sui
1745 3342 1748 3353 ·

393 3409 461 3464 eos,
488 3393 539 3472 qui
555 3389 699 3451 volebant
722 3390 849 3451 aliorum
865 3408 931 3449 esse
945 3392 1090 3471 magistri,
1144 3389 1290 3450 adversus
1316 3392 1458 3452 haereses
1484 3395 1664 3475 conscripti,
1699 3413 1755 3475 cap.

391 3479 512 3540 veloces
527 3477 567 3538 ad
583 3477 751 3538 docendum
776 3485 805 3536 et
827 3478 1090 3556 pronuntiandum,
1143 3478 1192 3537 De
1206 3476 1368 3539 Nicolaitis
1391 3479 1482 3539 edum
1505 3480 1637 3561 aliisque
1656 3482 1719 3562 ejus
1755 3489 1791 3528 ν’

390 3566 542 3644 jactantes
557 3584 640 3623 suam
656 3565 841 3643 sapientiam,
856 3572 908 3623 aut
923 3565 1091 3644 sapientiae
1144 3563 1317 3634 haereticis,
1344 3564 1490 3644 aquibus
1505 3568 1562 3627 orti
1577 3577 1685 3648 postea
1706 3576 1717 3621 t
1733 3600 1751 3613 ι·

394 3651 563 3712 inordinato
578 3652 666 3712 modo
690 3649 858 3721 studentes,
887 3658 917 3709 et
939 3651 976 3711 ad
995 3652 1090 3710 malua
1144 3669 1235 3730 quam
1251 3670 1284 3710 se
1300 3659 1379 3711 totos
1394 3652 1601 3733 uoluptatibus
1616 3655 1734 3715 carnis‘
1748 3685 1757 3699 ἰ
1783 3693 1785 3695 -

393 3737 542 3799 fiuesboc
559 3757 644 3798 snum
660 3736 790 3796 studium
806 3736 1090 3809 relerentes,ntad
1143 3739 1245 3808 serint,
1261 3736 1485 3812 ostenduntea,
1501 3740 1675 3819 quasidaan
1782 3737 1787 3748 '

393 3826 535 3905 gloriam,
551 3844 640 3905 opes,
658 3823 849 3903 voluptates,
866 3823 945 3902 quod
961 3826 1090 3884 maxime
1144 3832 1176 3883 et
1191 3832 1260 3902 pust
1276 3841 1346 3884 eum
1358 3825 1547 3904 Epiphanius
1559 3837 1590 3887 et
1602 3828 1779 3908 sagum
1797 3885 1800 3890 .

394 3920 477 3991 patet
499 3932 537 3971 ex
559 3933 624 3991 cap.
641 3913 670 3970 4.
712 3910 802 3971 Unde
824 3913 923 3970 statim
947 3910 985 3969 ab
1006 3913 1090 3971 initio
1143 3910 1321 3971 haeresibus
1336 3914 1446 3992 scripta
1460 3913 1658 3993 reliquerunt.

395 3997 492 4070 docet,
507 3998 587 4058 unde
602 3996 734 4077 peteuda
748 3998 905 4076 sapientia,
921 4009 1089 4078 monetque,
1186 3996 1343 4056 Adversus
1358 3997 1436 4058 hanc
1451 4000 1543 4078 igitur
1560 4009 1693 4080 pestem,
1713 4011 1775 4079 qast

394 4093 428 4143 ut
442 4084 551 4144 malint
565 4104 630 4145 esse
654 4083 810 4163 discipuli,
834 4103 924 4162 quam
948 4085 1090 4162 magistri,
1142 4084 1216 4143 locis
1231 4082 1373 4143 Judaeae
1394 4105 1431 4145 ac
1451 4085 1623 4162 Samariae,
1646 4086 1757 4149 Simone

393 4179 424 4231 et
440 4170 573 4232 deterret
587 4170 625 4231 ab
646 4171 807 4230 ambitione
828 4171 1001 4247 magisterii.
1036 4171 1088 4231 Vi·
1144 4178 1239 4242 otore,
1258 4169 1436 4248 jamdudum
1459 4184 1602 4253 coeperat
1624 4167 1799 4254 pullulares.

393 4259 467 4318 tium
491 4261 570 4317 euim
593 4257 650 4317 huc
672 4258 817 4335 regnabat
838 4257 920 4336 apud
944 4256 1089 4329 Judaeos,
1143 4276 1231 4335 quam
1258 4276 1319 4316 nou
1346 4277 1450 4335 parurn
1477 4259 1648 4338 adjurabat
1690 4295 1712 4309 ·<
1783 4315 1785 4320 .

392 4346 445 4425 qui
462 4344 519 4405 sihi
539 4346 693 4405 scientiam
717 4343 794 4423 legis
817 4343 1033 4417 vendicabant,
1061 4352 1090 4402 et
1142 4342 1312 4403 intellectus
1328 4344 1534 4424 Epistularum
1547 4345 1691 4408 Paulis

393 4433 523 4492 omniurn
540 4432 681 4492 volebant
698 4450 765 4490 esse
781 4430 932 4502 ductores,
955 4431 1041 4490 Rom.
1059 4433 1087 4489 2.
1143 4430 1252 4508 quibus
1266 4429 1304 4489 de
1315 4433 1447 4509 gratuita
1459 4432 1613 4512 perfidem
1621 4433 1733 4513 juatiEr
1795 4428 1799 4431 ⁴

391 4518 483 4580 Unde
498 4517 629 4579 «ludaeis
651 4517 791 4578 fidelibus
812 4516 886 4577 illud
909 4518 1013 4578 vitium
1036 4516 1087 4577 ad·
1141 4516 1276 4588 disserit,
1302 4520 1466 4597 praecipue
1480 4528 1564 4581 anam
1586 4522 1767 4582 intenttua·
1796 4561 1798 4564 -

391 4605 451 4666 huc
465 4626 574 4683 magna
590 4614 675 4684 parte
689 4604 932 4664 adhaerescebat.
1141 4603 1215 4681 rigis
1229 4603 1394 4681 Apostolus
1409 4605 1433 4666 J
1434 4606 1564 4679 acubus,
1583 4604 1713 4688 quemad
1747 4642 1749 4653 ι
1779 4665 1792 4684 ,Ι

435 4692 588 4761 Alterum,
615 4692 652 4751 de
665 4712 725 4771 quo
744 4692 807 4769 jam
824 4693 854 4749 in
869 4689 1088 4770 prolegomenis
1143 4691 1330 4768 Augustinus
1345 4690 1435 4751 docet
1456 4693 1559 4753 verbis
1579 4713 1672 4775 supra
1686 4689 1771 4754 aaa

393 4778 620 4850 admonuimus,
643 4788 676 4837 ut
693 4776 831 4836 ostendat
853 4777 997 4836 bonorum
1018 4794 1085 4850 ope·
1141 4775 1193 4835 lib.
1210 4775 1248 4835 de
1262 4775 1322 4838 fide
1337 4787 1368 4837 et
1382 4798 1482 4856 open,
1504 4799 1561 4840 nec
1585 4801 1645 4843 non
1666 4781 1695 4841 iu
1788 4770 1800 4840 .”

390 4884 455 4924 rum
482 4867 705 4938 necessitatem,
732 4884 770 4924 ue
792 4864 859 4942 quis
881 4863 938 4922 sihi
962 4863 1000 4922 do
1022 4862 1088 4923 sola
1141 4881 1214 4923 suae
1229 4882 1325 4923 enarr.
1338 4866 1369 4924 iu
1380 4864 1492 4926 Psalm.
1509 4867 1560 4927 31.
1584 4869 1658 4950 Agit
1672 4870 1728 4928 Δι·

393 4950 654 5024 lideblandistur,
680 4961 833 5031 tumquem
855 4947 1087 5009 casatissitad
1140 4949 1344 5030 deesreper
1365 4961 1458 5012 totam
1474 4953 1665 5033 Epistulam,
1696 4983 1747 5003 »w

391 5037 527 5111 salutem,
540 5037 788 5119 quemadmodum
800 5036 975 5110 Simoniani,
986 5055 1087 5096 reeen-
1141 5034 1215 5096 dans
1238 5057 1347 5117 opera,
1375 5038 1430 5100 ssd
1452 5042 1611 5121 spaciatim
1633 5059 1697 5123 cap„
1714 5043 1758 5112 1.,'
1800 5031 1802 5034 ’
