4442 5825
774 598 937 678 murodsr'
954 620 972 676 ι
989 620 1078 676 essu
1093 620 1186 676 amm.
1222 596 1306 675 tiss.
1324 623 1347 674 r.
1367 622 1392 675 ε.
1730 604 1810 695 ffl-

371 796 541 878 lihdu'ts'tss,
556 796 709 884 siimptdin'
723 802 769 861 est
784 814 821 860 e'x
836 797 959 861 Psalmo
977 799 1056 871 177,
1110 801 1184 873 cius.
1207 795 1334 858 Sensum
1348 796 1429 858 hunc
1446 814 1552 857 versus
1566 794 1708 857 Dauidici
1722 795 1804 858 chrr-

371 879 492 966 tdmsseo,
513 887 596 970 quod
610 888 766 968 sequitur:
1109 895 1173 946 stus
1196 885 1261 966 ipse
1279 885 1367 944 uobis
1388 886 1522 945 insinuat
1538 880 1644 943 Matth.
1661 886 1728 954 21„
1755 882 1806 944 de·

403 976 463 1035 His
477 974 586 1053 factm
600 982 644 1036 cst
665 977 702 1036 io
724 981 821 1051 eaput
837 974 959 1049 cupuli.
996 972 1057 1031 He·
1110 971 1203 1032 clarat
1225 979 1326 1030 autem
1350 971 1459 1032 Petrus
1482 974 1624 1031 Actorum
1645 973 1675 1031 4.
1696 977 1728 1031 ει
1748 969 1806 1031 hoc

371 1060 449 1121 bases
474 1062 596 1143 phrasis
622 1080 677 1143 pro
704 1082 757 1134 eo,
788 1059 870 1140 quod
893 1060 1057 1120 diceretur:
1108 1058 1238 1130 loco,et
1251 1056 1365 1117 Paulus
1381 1057 1494 1138 Ephes.
1511 1059 1540 1117 2.
1775 1098 1777 1103 -

373 1148 465 1225 tectu
479 1154 524 1209 c'st
538 1156 635 1226 caput
650 1150 780 1225 eupuli,
806 1147 835 1208 id
852 1156 898 1207 ost
913 1147 990 1226 lapis
1006 1166 1056 1205 sn·
1153 1145 1242 1205 Nunc
1257 1143 1294 1203 de
1309 1144 1474 1205 ordinando
1488 1151 1628 1205 contextu
1640 1142 1807 1216 videamus,

373 1226 488 1313 daris,
502 1238 596 1335 'cp'nem
611 1238 749 1316 superius
766 1236 803 1294 e'x
818 1234 926 1295 Jesdia
942 1232 1058 1293 Graece
1111 1231 1257 1313 Quidam,
1284 1239 1317 1290 ut
1333 1249 1400 1291 eum
1427 1230 1595 1304 illustrent,
1622 1229 1675 1290 illa
1696 1229 1806 1290 verba:

374 1324 494 1381 meavit:
511 1324 744 1398 ακρογωνιαῖον.
1110 1316 1172 1379 Hic
1192 1319 1299 1395 suctus
1324 1325 1368 1377 est
1393 1321 1429 1380 in
1451 1325 1548 1395 capet
1569 1318 1697 1394 eupuli,
1726 1317 1805 1377 clau-

405 1406 432 1467 8.
453 1410 498 1469 Et
512 1409 595 1485 lupis
607 1410 799 1488 offensionis,
821 1413 1057 1481 ctpctruscan-
1111 1406 1185 1465 dunt
1199 1404 1387 1484 parenthesi,
1410 1425 1446 1465 ac
1468 1406 1628 1485 separatim
1644 1411 1805 1484 exponunt

374 1492 435 1555 ists
467 1494 538 1556 Hoc
559 1497 684 1556 assumit
710 1516 749 1555 ex
776 1494 901 1555 Jesaiae
927 1511 991 1573 cap.
1019 1495 1057 1565 8,
1110 1492 1187 1552 Nam
1205 1491 1366 1552 absurdum
1382 1493 1564 1564 eisvidctur,
1581 1491 1730 1552 Christum
1745 1508 1806 1550 uou

374 1580 438 1661 quod
458 1591 490 1643 et
504 1582 619 1643 Paulus
644 1585 718 1643 citat
736 1583 822 1643 Rom.
838 1581 866 1638 9.
905 1578 984 1639 Vide
1005 1599 1056 1638 no·
1111 1577 1299 1638 credentibus
1321 1579 1379 1638 dici
1401 1579 1514 1640 lactum
1538 1580 1568 1638 in
1586 1585 1678 1659 caput
1692 1576 1807 1657 anguli.

374 1669 537 1747 manajos
553 1670 612 1731 loci
628 1669 885 1730 commentarium.
1110 1667 1221 1742 Itaque
1237 1684 1356 1726 sonsum
1372 1666 1450 1726 hunc
1461 1667 1577 1746 periodi
1592 1665 1724 1725 faciunt:
1739 1664 1807 1724 Nou

406 1755 474 1815 Jsm
497 1776 587 1830 vero,
609 1765 643 1817 ut
666 1765 746 1817 totus
767 1755 816 1815 hic
841 1752 924 1811 locus
947 1751 1056 1811 intelli·
1111 1751 1302 1812 credentibus
1319 1752 1456 1813 Christus
1478 1753 1576 1813 lactus
1599 1761 1643 1813 est
1666 1751 1745 1830 lapis
1768 1749 1806 1810 ab

374 1852 463 1921 gutur,
494 1845 621 1924 primum
652 1840 849 1922 exponendus
877 1848 924 1898 est
954 1858 1058 1899 versus
1111 1838 1336 1899 aedificantibus
1362 1840 1538 1920 reprobatus
1566 1834 1695 1913 (scilicet
1727 1835 1806 1897 idem

374 1926 491 2005 Psalmi3
508 1929 621 1991 deinde
643 1930 740 1992 verba
754 1924 893 2008 Apostoli
918 1925 1057 1986 ordinan·
1111 1925 1179 1998 ille,
1205 1927 1257 2006 qui
1274 1937 1379 2005 postea
1402 1926 1501 1988 lactus
1523 1937 1567 1987 est
1587 1934 1679 2007 caput
1693 1923 1805 2005 anguli,

373 2011 412 2088 ds,
425 2024 454 2076 et
467 2035 574 2077 seusus
587 2015 766 2077 reddendus.
791 2013 879 2093 Quod
892 2014 931 2073 ad
943 2012 1059 2073 Psalmi
1111 2012 1142 2072 id
1166 2022 1210 2071 εει
1232 2012 1458 2074 fundamentum
1484 2022 1513 2073 et
1539 2014 1676 2095 princeps
1700 2010 1804 2073 llccle·

373 2098 460 2163 losum
474 2106 600 2178 attinet,
627 2112 745 2183 sumpta
768 2099 943 2180 metaphora
959 2107 1006 2158 cst
1019 2098 1057 2159 ab
1110 2095 1202 2176 siae),
1226 2099 1323 2160 factus
1339 2103 1430 2161 stiam
1453 2101 1556 2161 iisdem
1571 2099 1650 2180 lapis
1666 2099 1804 2160 offensio-

373 2186 608 2264 sedificsntibua,
624 2190 654 2251 id
670 2202 717 2250 εει
733 2188 920 2260 architectis,
941 2189 992 2268 qui
1009 2205 1057 2246 ae·
1111 2188 1157 2247 nis
1179 2196 1210 2246 ει
1233 2196 1319 2267 petra
1342 2188 1484 2248 scandali.
1520 2188 1606 2248 Haec
1625 2188 1804 2248 constructio

374 2272 461 2337 dihcio
476 2277 658 2339 exstruendo
674 2275 1057 2357 lapidesaptosquserunt,
1110 2273 1229 2354 probari
1252 2285 1370 2354 posset,
1400 2276 1458 2335 uisi
1485 2274 1633 2349 obstaret,
1663 2273 1743 2356 quod
1774 2274 1805 2333 in

375 2368 399 2422 d
423 2382 497 2444 quos
528 2366 649 2444 ineptos
679 2362 874 2436 arbitrantur,
903 2362 1058 2439 rejiciunt3
1111 2360 1227 2422 Graeco
1242 2361 1440 2442 uonlegitur:
1457 2362 1550 2438 lupis,
1566 2361 1637 2423 sed:
1652 2360 1804 2437 lapidem,

374 2449 471 2529 quihus
496 2451 574 2512 forte
601 2453 745 2530 contigit,
770 2457 804 2509 ut
828 2450 905 2529 lapis
930 2449 1058 2526 rejectus
1111 2441 1215 2521 litor,
1246 2450 1419 2508 accusativo
1434 2467 1522 2524 casu3
1552 2447 1805 2528 quemadmodum

373 2547 465 2615 psas
486 2548 575 2619 aptus
599 2539 801 2608 inveniretur,
825 2537 879 2617 qui
894 2534 1057 2596 collocare·
1111 2543 1144 2595 et
1158 2537 1189 2594 in
1203 2533 1340 2609 Psalmo,
1364 2555 1419 2596 uec
1433 2556 1494 2597 uon
1508 2535 1613 2596 Mattlu
1630 2538 1689 2609 21,
1712 2534 1803 2595 Marc

374 2628 414 2683 ru
435 2625 465 2684 in
486 2624 600 2705 angulo
624 2623 819 2685 fundamenti.
857 2624 953 2702 Igitur
979 2620 1058 2702 lapis
1113 2624 1162 2681 12.
1188 2629 1216 2680 ct
1239 2622 1310 2683 Luc.
1338 2625 1388 2683 20.
1422 2624 1483 2704 Qui
1511 2641 1598 2683 casus
1621 2623 1717 2703 aptari
1742 2640 1805 2682 uon

373 2706 584 2773 adificantibus
608 2706 740 2789 rejectus
763 2717 794 2770 et
815 2709 947 2790 denique
961 2708 1058 2769 factus
1110 2714 1210 2789 potest
1224 2711 1302 2788 parti
1319 2710 1522 2791 praecedenti,
1546 2712 1587 2785 si,
1606 2708 1687 2792 quod
1704 2708 1802 2788 sequi·

374 2797 465 2877 ageli
479 2808 588 2878 capnt,
615 2798 751 2860 chrisrm
766 2804 827 2871 est,
851 2817 941 2879 quem
956 2794 1057 2857 aedifi·
1110 2805 1176 2867 tur,
1205 2797 1375 2874 parenthesi
1404 2797 1537 2859 claudas.
1575 2797 1707 2858 Notatur
1736 2796 1802 2875 qui·

374 2892 462 2946 ειειεε
475 2886 542 2947 sive
558 2886 726 2958 architecti,
746 2882 778 2944 id
794 2893 841 2946 est
854 2884 1014 2966 pontifices
1030 2890 1058 2942 ει
1110 2883 1179 2945 dem
1209 2882 1286 2962 apud
1316 2884 1480 2947 Robertuur
1510 2885 1697 2965 Stephanum
1726 2899 1803 2943 unns

374 2975 555 3053 mgistratus
570 2972 676 3055 populi
687 2972 827 3045 Judaici,
843 2992 968 3052 quorum
984 2979 1057 3043 erat,
1110 2973 1220 3043 codex,
1239 2973 1270 3032 in
1286 2992 1345 3053 quo
1361 2973 1481 3054 legatur
1496 2967 1605 3049 iteca,
1628 2968 1802 3034 nominandi

374 3051 466 3120 ducere
480 3068 513 3121 et
527 3060 694 3140 gubernare
708 3059 861 3140 populum,
876 3057 1055 3139 reprobave-
1110 3079 1199 3135 casu3
1216 3058 1266 3118 sed
1282 3059 1369 3121 fidem
1383 3061 1463 3141 apud
1476 3062 1579 3123 doctos
1591 3080 1651 3122 nou
1662 3064 1802 3121 meretur.

372 3155 443 3216 nst,
458 3147 610 3208 dicentes:
627 3149 787 3225 Qualem
801 3148 925 3207 inutilis
936 3153 981 3205 cst
995 3162 1056 3207 rae·
1152 3145 1247 3225 Igitur
1261 3157 1343 3207 recta
1358 3150 1579 3208 constructione
1591 3156 1720 3219 servata,
1737 3164 1802 3205 seu·

373 3227 422 3307 lu,
444 3233 515 3313 Sap.
533 3237 580 3308 2.,
608 3242 639 3295 ει
654 3232 729 3293 adeo
744 3234 995 3313 reprobaverunt,
1021 3238 1056 3289 ut
1108 3251 1160 3293 sus
1186 3232 1234 3292 hic
1257 3234 1343 3294 reddi
1370 3245 1484 3315 potest:
1513 3234 1679 3296 Incredulis
1703 3239 1801 3292 autem

372 3317 424 3378 scu
442 3322 537 3381 solum
565 3339 667 3399 regem
694 3339 759 3379 eum
785 3320 898 3381 habere
923 3319 1054 3379 nollent:
1108 3319 1185 3401 lupis
1201 3317 1262 3393 ills,
1283 3340 1373 3401 quem
1388 3321 1625 3402 reprobaverunt
1639 3318 1801 3382 aedifican-

372 3403 522 3482 salamas,
540 3409 625 3468 hunc
639 3424 776 3484 reposce
787 3426 883 3484 super
897 3425 965 3482 nos,
981 3406 1053 3466 Luc.
1108 3417 1167 3478 ιεε,
1182 3405 1213 3465 id
1235 3415 1287 3482 est,
1310 3427 1399 3490 quem
1422 3410 1593 3488 rejecerunt
1612 3409 1636 3468 J
1637 3408 1800 3469 udaaorurn

372 3492 419 3568 19,
433 3503 462 3554 et
477 3494 675 3557 adPilatnm:
691 3497 765 3556 Non
778 3496 927 3555 hebemus
938 3512 1053 3569 sepem,
1107 3494 1272 3574 principes,
1288 3495 1388 3555 lactus
1405 3505 1451 3555 εει
1465 3497 1496 3555 in
1511 3503 1602 3575 caput
1617 3491 1727 3575 auguli,
1743 3492 1800 3552 hec

371 3580 422 3641 aia
436 3581 621 3658 Gaesarem,
641 3581 734 3642 Joan.
753 3586 817 3657 19„
843 3581 1053 3642 verumetiam
1108 3588 1167 3652 est,
1192 3583 1250 3655 eis,
1271 3584 1462 3661 quantumvis
1478 3585 1580 3643 invitis
1596 3591 1627 3642 et
1642 3578 1797 3643 renitenti·

371 3668 586 3750 adigendum
609 3677 810 3749 procurarent.
844 3668 929 3729 Idem
951 3676 1053 3727 tamen
1106 3668 1173 3739 hus,
1197 3666 1282 3728 datus
1297 3677 1343 3728 est
1357 3668 1462 3730 Judex
1478 3678 1508 3729 et
1522 3670 1604 3743 Rex,
1632 3669 1686 3750 qui
1701 3664 1799 3727 rebel·

371 3747 426 3829 lle,
455 3757 615 3837 repentina
643 3754 726 3816 facts
751 3758 962 3829 conversione,
993 3773 1053 3813 nou
1107 3755 1152 3816 lea
1168 3753 1242 3815 duro
1263 3776 1296 3815 ac
1307 3758 1390 3835 justo
1412 3757 1534 3836 irnperio
1557 3762 1693 3817 coerceat
1707 3761 1799 3835 atquc

371 3839 446 3902 sedo
460 3850 602 3924 receptus
618 3850 663 3902 εει
679 3843 709 3904 in
720 3853 836 3923 partem
848 3842 977 3903 aedificii
993 3842 1052 3921 spi·
1107 3843 1222 3922 puniat
1237 3842 1260 3903 J
1263 3861 1349 3903 erem.
1367 3848 1434 3906 31.:
1454 3845 1645 3904 Dominotus
1660 3860 1728 3903 sum
1745 3857 1798 3901 co·

371 3927 491 4002 diaulia,
506 3928 588 4011 quod
615 3937 662 3990 est
681 3929 833 4001 Ecclesia,
857 3928 910 3989 sed
926 3927 1054 3989 mirabili
1106 3948 1197 4003 rum,
1229 3939 1257 3989 et
1275 3930 1383 3990 Erech.
1407 3932 1474 3991 20.:
1505 3932 1546 3990 In
1564 3932 1678 4008 furore
1701 3929 1798 4007 effuso

371 4011 417 4076 bat
442 4015 568 4078 consilio
588 4023 619 4077 et
640 4015 836 4098 dispositione
857 4013 937 4092 (uam
964 4023 998 4075 ut
1023 4017 1055 4076 in
1106 4016 1246 4093 repando
1261 4035 1354 4093 asper
1369 4035 1427 4078 cos.
1464 4018 1622 4077 Promotus
1644 4024 1690 4077 εει
1704 4017 1736 4076 in
1751 4034 1797 4074 ca·

371 4099 480 4166 talne
495 4103 646 4185 sequitur:
672 4107 700 4165 A
716 4106 858 4166 Domine
871 4103 994 4181 factum
1010 4109 1054 4163 cst
1107 4112 1163 4186 put
1184 4102 1310 4164 aedificii
1335 4113 1363 4163 at
1385 4124 1485 4185 regem
1508 4104 1626 4186 populi,
1653 4112 1745 4183 atque
1767 4102 1798 4161 in

371 4193 442 4252 sud
449 4237 459 4268 ,
481 4198 512 4251 ct
535 4197 578 4252 cst
591 4191 739 4252 mirabile
761 4195 797 4252 ist
813 4191 911 4251 oeulis
925 4185 1053 4267 nestris)
1108 4210 1142 4251 eo
1157 4188 1252 4271 gradu
1268 4190 1427 4251 collocatus
1443 4191 1574 4267 aPatre,
1588 4195 1799 4271 nuncregnat,

371 4275 446 4339 tiam
472 4277 573 4339 iactus
597 4286 643 4338 est
662 4278 743 4359 lapis
764 4275 935 4358 angularis,
961 4276 1055 4336 idest
1107 4276 1202 4338 donec
1218 4296 1268 4337 eos
1285 4280 1363 4360 ipsos
1378 4277 1512 4337 inimicos
1534 4297 1619 4354 snos,
1643 4279 1694 4358 qui
1715 4275 1797 4337 nole·

371 4365 448 4426 otius
463 4365 625 4426 Ecclesiae
649 4364 875 4426 fundamentum
891 4364 981 4442 louge
997 4363 1053 4444 pri·
1107 4366 1195 4437 bant,
1222 4366 1316 4446 ipsum
1342 4385 1483 4445 regnare,
1518 4373 1611 4444 ponat
1635 4360 1799 4444 aliquande

371 4453 499 4525 uarium,
526 4452 601 4513 dnos
616 4451 697 4513 illios
719 4454 866 4532 parietes,
893 4450 1054 4512 Judaicum
1108 4450 1272 4513 scabellum
1290 4450 1398 4533 pedum
1420 4471 1551 4513 errorum.
1589 4452 1709 4533 Quibus
1723 4452 1800 4511 inte·

371 4539 473 4602 silicet
485 4537 633 4621 populum
655 4548 685 4600 ει
705 4538 862 4618 gentilem,
888 4540 920 4598 in
940 4557 974 4597 ea
988 4540 1054 4617 ipso
1107 4540 1162 4598 rim
1180 4537 1284 4599 iisdem
1303 4539 1379 4619 lapis
1400 4547 1446 4599 est
1462 4539 1650 4616 offensionis,
1673 4535 1754 4618 quod
1769 4537 1800 4596 in

371 4628 527 4689 hmissims
537 4627 682 4706 junctura
701 4634 890 4686 connectens.
928 4624 968 4683 Et
983 4626 1055 4703 quia
1106 4625 1250 4687 Hebraeo
1289 4634 1350 4687 est:
1382 4630 1613 4704 percussionis:
1653 4634 1682 4687 et
1705 4631 1800 4702 petre

371 4715 435 4798 spis
451 4713 614 4793 angularis,
628 4712 697 4773 ideo
709 4733 761 4773 rex
773 4710 890 4792 populi3
905 4712 1054 4789 siquidem
1106 4713 1268 4788 scandali,
1294 4713 1324 4774 id
1346 4721 1391 4772 est
1409 4713 1489 4793 lapis
1504 4714 1534 4774 in
1554 4733 1642 4795 quern
1656 4714 1717 4794 ipsi
1732 4730 1802 4792 gra·¹

371 4819 408 4862 rer
432 4800 565 4881 angulos
592 4800 798 4879 significantur
831 4797 997 4877 principes,
1022 4804 1056 4855 ut
1107 4800 1183 4860 viter
1197 4800 1378 4880 impingant,
1406 4801 1443 4860 ab
1466 4800 1572 4861 eodem
1593 4796 1753 4861 collidendi
1770 4805 1801 4857 et

371 4907 445 4970 upra
474 4887 590 4949 dictum
620 4895 676 4946 est.
714 4885 796 4945 Hinc
830 4886 895 4963 ipse
923 4883 1055 4962 loquitur
1106 4887 1295 4961 conterendi,
1310 4889 1389 4948 sicut
1403 4887 1514 4948 dicitur
1528 4888 1635 4948 Matth.
1653 4892 1703 4949 21.
1732 4884 1801 4944 Hoc

371 4973 465 5037 baim.
482 4976 530 5036 2:
560 4975 630 5051 Ερο
654 4979 761 5034 autem
784 4973 971 5031 constitutus
985 4988 1054 5030 sum
1107 4979 1206 5032 sutem
1221 4976 1340 5054 proprie
1356 4973 1395 5035 ad
1410 4973 1545 5036 «ludaeos
1563 4977 1707 5057 pertinet,
1735 4973 1800 5053 qui-

371 5079 412 5126 se
424 5061 467 5124 ab
481 5079 519 5123 sc
539 5078 638 5139 supas
651 5061 730 5123 Sica
746 5066 886 5120 montem
908 5064 1053 5121 sunctum
1106 5056 1163 5119 bus
1177 5058 1314 5123 Christus
1328 5060 1489 5125 crucifixus
1509 5062 1684 5125 scandalum
1702 5060 1801 5121 iaetus

1518 5162 1593 5231 33*
