4442 5825
365 584 482 667 ‘m
906 588 1383 648 mnnrnrmnsnesmm-

405 766 545 827 benofioii
571 767 853 827 commemoratione
890 765 1031 828 ostendet
1054 771 1099 829 iu·
1153 770 1263 851 [tuque
1284 771 1359 832 hseo
1382 772 1451 849 ejus
1474 773 1549 832 rstio
1572 770 1712 852 proeedit
1725 793 1818 853 susp

404 853 617 933 gratitudinem
631 853 745 935 populi,
768 873 835 914 enm
852 874 913 935 qno
928 866 1050 933 pretium
1065 855 1099 915 il·
1153 860 1234 919 tione
1255 878 1366 919 anese
1387 861 1578 919 neeesssrire
1597 860 1639 920 ud
1660 861 1818 939 negsu'oue

405 940 585 1000 ludiuierst
601 941 687 1002 Hseo
698 941 779 1001 enim
790 961 858 1001 eum
870 940 1101 1022 exprobratione
1153 946 1286 1006 edoctus.
1302 947 1380 1006 'I'sle
1395 954 1450 1018 est,
1465 946 1548 1025 quod
1563 944 1638 1006 dieit
1651 946 1818 1007 Dominnst

405 1026 543 1088 dieuntnr
564 1029 645 1107 preti
666 1048 727 1088 non
748 1030 880 1101 servati,
906 1030 1100 1108 qnemudmo·
1152 1030 1309 1092 Judseos:
1339 1034 1399 1093 Vos
1420 1050 1489 1093 non
1511 1033 1657 1106 creditis,
1682 1036 1762 1110 qssio
1780 1053 1818 1095 so

404 1113 475 1175 dum
489 1124 572 1195 petet
587 1135 627 1176 ex
642 1134 687 1189 eo,
703 1112 786 1195 qnod
800 1118 951 1197 sequitur:
1153 1122 1224 1179 estis
1236 1137 1274 1180 cs
1289 1119 1399 1180 onibus
1415 1122 1501 1192 meis,
1517 1119 1547 1179 id
1559 1130 1615 1192 est,
1632 1140 1672 1181 ex
1687 1119 1818 1199 prsedsst

447 1204 605 1281 moniam
632 1205 693 1279 ipsi
714 1221 780 1263 non
801 1210 1048 1278 pei-mammos
1061 1206 1098 1261 in
1152 1208 1231 1265 ustis
1246 1205 1287 1265 sd
1303 1205 1402 1278 fidem,
1425 1206 1516 1266 Josn.
1536 1207 1584 1266 10.
1614 1206 1761 1267 Notendu
1780 1227 1818 1269 ru

404 1297 589 1351 testamento
617 1307 696 1350 meo.
730 1288 874 1349 Hebrses
899 1290 943 1350 sio
971 1288 1105 1349 hubent.-
1152 1292 1224 1353 hsee
1239 1291 1384 1352 sdversus
1403 1293 1574 1371 opinionem
1590 1294 1818 1372 quorundrmsr

403 1482 515 1524 meum.
539 1463 731 1545 Quamquam
751 1463 955 1543 Hieronymus
971 1463 1098 1524 Hebrsi·
1151 1466 1294 1527 auxilium
1315 1468 1432 1545 gratim
1452 1466 1510 1526 Dei
1532 1465 1572 1525 sd
1586 1467 1818 1547 servendum&

403 1570 468 1612 enm
490 1561 585 1629 wi<
611 1570 671 1611 non
699 1550 859 1610 annaliter
884 1553 1097 1630 interpretetus
1150 1552 1256 1633 legem.

403 1648 458 1710 est,
474 1638 529 1698 sed
545 1638 684 1709 relative,
707 1635 777 1697 dum
792 1637 893 1698 verbis
908 1638 1098 1718 transpositis
1193 1642 1237 1700 Et
1256 1656 1312 1714 epo
1337 1640 1463 1715 septeni
1486 1657 1553 1713 eos,
1578 1639 1657 1700 dicit
1680 1643 1818 1705 Domine

402 1726 444 1785 its
459 1727 567 1787 vertit:
587 1732 731 1801 pactum,
752 1725 838 1800 quod
860 1728 989 1783 irritum
1011 1725 1097 1801 feee-
1149 1726 1216 1786 Eoo
1224 1727 1339 1786 illetive
1348 1726 1465 1797 dieitur,
1473 1736 1507 1785 ut
1516 1728 1685 1788 sitsensns:
1702 1729 1818 1809 Etpruir

401 1818 489 1872 runt.
511 1811 591 1872 Nem
602 1830 710 1871 revers
722 1830 780 1872 non
793 1811 842 1870 hio
854 1830 947 1871 reuss
958 1809 1098 1870 redditur
1150 1811 1188 1872 de
1206 1833 1259 1873 eos
1274 1834 1330 1892 rgo
1346 1813 1477 1892 neglexi,
1501 1833 1603 1874 eurem
1619 1834 1727 1877 eornm
1740 1817 1818 1897 siijss

399 1900 606 1980 promissionis
621 1902 693 1959 novi
708 1901 804 1979 pseti3
820 1897 875 1958 sed
889 1906 1026 1959 norietur
1042 1916 1094 1956 sn·
1148 1901 1236 1973 bons,
1256 1920 1335 1980 quse
1350 1901 1551 1979 promisersm,
1573 1902 1722 1975 subtraxi,
1744 1903 1818 1965 videt

400 1988 477 2064 tiqui
500 1986 663 2046 ffltstmtio.
686 1986 824 2065 Psgnino
846 1995 947 2044 temen
970 1992 1001 2043 et
1019 1982 1095 2057 eliis,
1149 1997 1196 2047 oet
1220 1989 1300 2066 preti
1329 1989 1389 2048 mei
1417 1987 1622 2048 violatoribus.
1658 1989 1720 2050 Est
1747 2000 1818 2052 tntu

400 2074 479 2133 siren
499 2083 528 2132 et
551 2074 626 2153 ipsis
641 2072 750 2144 Lxx..
771 2074 867 2131 risum
890 2071 949 2131 tuit
971 2071 1094 2149 eonjnn·
1148 2074 1224 2135 heeo
1240 2074 1331 2134 lectio
1346 2073 1511 2133 seeundum
1526 2074 1626 2135 Lxx
1643 2076 1725 2137 Nem
1740 2079 1772 2138 in
1783 2076 1818 2139 Hs

400 2160 528 2221 orionem
552 2160 700 2220 eumdem
724 2158 866 2231 reddere,
889 2179 949 2219 non
972 2158 1095 2236 quidem
1149 2161 1238 2221 brseo
1265 2163 1309 2220 sio
1330 2161 1473 2221 hebetur:
1510 2163 1552 2222 Et
1577 2181 1635 2237 syo
1662 2163 1818 2227 dornisd

400 2248 561 2308 eeumliter
584 2245 815 2327 exponendum,
844 2245 898 2307 sed
933 2245 1094 2325 expletive,
1147 2251 1342 2308 semineus.
1366 2249 1412 2307 Its
1435 2246 1555 2326 quidem
1578 2252 1673 2310 etism
1696 2250 1818 2333 Hieros,

400 2334 480 2417 quod
500 2335 653 2396 ‘Hebraeis
674 2333 819 2414 frequens
841 2343 895 2393 est.
928 2332 1019 2403 Sunt,
1042 2333 1093 2411 qui
1148 2355 1212 2395 rous
1228 2336 1324 2407 vertit,
1348 2336 1418 2394 lieet
1438 2337 1469 2395 in
1489 2339 1706 2398 eommsnurio
1720 2356 1818 2401 nonu

400 2423 560 2485 ouussliter
591 2432 758 2503 exponunt,
793 2418 951 2481 referendo
976 2430 1093 2498 partem
1148 2432 1246 2501 ponet
1272 2421 1364 2500 Apud
1375 2421 1453 2481 elios
1468 2432 1567 2483 sutem
1582 2424 1818 2505 veriueleguu

400 2511 477 2572 hene
491 2510 530 2571 sd
542 2519 727 2590 sequentem,
741 2509 799 2567 hoe
813 2506 918 2567 modo:
934 2509 1093 2584 (moniam
1149 2510 1417 2588 interpretationes.
1433 2507 1503 2568 Une
1514 2508 1706 2590 hujusmodi:
1723 2512 1818 2575 Pu

400 2617 455 2659 seu
478 2596 738 2675 prtundoquidem
760 2596 822 2670 ipsi
841 2600 973 2670 pastum
989 2609 1092 2652 meum
1147 2614 1247 2654 meum
1264 2597 1380 2656 irritum
1395 2596 1538 2670 iecerunt,
1563 2601 1708 2677 quamvis
1723 2598 1818 2680 egui

399 2702 468 2747 non
479 2685 709 2755 custodierunt,
724 2681 919 2742 sedsrrttnm
935 2681 1092 2757 fecerunt,
1147 2685 1275 2742 minaret
1299 2684 1353 2755 eis,
1380 2691 1407 2740 et
1430 2701 1530 2741 summ
1552 2702 1669 2758 eorum,
1692 2695 1818 2765 tumque

400 2790 456 2847 spo
478 2788 602 2847 qnoque
623 2769 749 2844 septeni
771 2785 822 2827 eos
844 2774 874 2827 et
895 2767 1003 2840 obieci.
1032 2763 1093 2826 Sed
1146 2768 1285 2828 dominns
1301 2779 1331 2829 et
1344 2771 1391 2828 vir
1407 2788 1441 2829 ae
1455 2788 1594 2846 sponsus,
1612 2771 1763 2845 iuberem,
1777 2770 1818 2853 ph

399 2878 469 2922 eum
484 2876 602 2918 sensnm
620 2864 650 2917 et
661 2858 919 2926 constructionem,
935 2863 1018 2934 poto,
1035 2872 1095 2910 non
1147 2858 1291 2934 rimisque
1313 2875 1367 2917 eos
1390 2859 1544 2916 suxissem
1570 2857 1740 2922 benefieiis.
1766 2859 1818 2924 its

400 2944 549 3027 probabit,
572 2946 623 3024 qui
640 2943 783 3003 Hebraeo
804 2941 964 3018 diiigenter
983 2959 1092 3019 expen-
1147 2963 1206 3004 vox
1222 2943 1365 3003 Hebraea
1387 2943 1509 3022 proprie
1528 2964 1593 3004 eum
1609 2945 1818 3010 dominarier·

399 3032 485 3094 derit
511 3030 699 3090 Probabiiins
711 3027 832 3100 dixeris,
848 3028 1009 3103 signifioeri
1022 3045 1091 3086 osn-
1147 3030 1304 3108 signifiest.
1327 3049 1407 3109 quse
1422 3031 1485 3089 siro
1501 3034 1648 3110 oompetit
1663 3036 1696 3094 in
1712 3051 1818 3096 uxoren

399 3137 462 3181 sem
478 3117 607 3194 aiicujus
623 3115 835 3185 subintellerti,
857 3116 997 3175 nimirum
1012 3123 1091 3172 rete·
1147 3116 1184 3175 de
1206 3135 1269 3195 qun
1291 3114 1367 3176 Gen.
1392 3121 1436 3178 3.:
1460 3119 1503 3177 Et
1528 3122 1596 3193 ipse
1622 3119 1818 3182 dominum

398 3208 441 3266 ris
456 3205 535 3287 preti
546 3206 663 3264 rescissi
676 3224 694 3263 s
706 3203 783 3261 Deo.
798 3202 899 3280 Hujus
911 3202 989 3261 enim
1002 3219 1094 3260 osnes.
1146 3206 1205 3275 tui,
1221 3203 1499 3263 temetsivoesbnio
1511 3205 1540 3263 in
1554 3205 1707 3267 Hebrseis
1718 3207 1818 3270 dim

399 3302 454 3364 est,
477 3293 619 3370 quonism
638 3292 696 3369 ipsi
712 3290 825 3369 priores
842 3288 916 3348 illud
932 3287 1092 3347 violarunt.
1147 3288 1279 3368 Quidem
1296 3291 1423 3367 exponit
1438 3310 1491 3369 per
1505 3293 1779 3370 intemogutionen,
1792 3307 1818 3354 1

440 3378 538 3439 Nobis
564 3395 662 3437 sermo
685 3376 895 3436 videturesse
917 3374 1094 3452 simpliciter
1147 3376 1191 3436 lut
1206 3374 1244 3434 nb
1265 3377 1441 3454 indignante
1458 3377 1632 3456 profectum,
1657 3380 1718 3441 hoo
1738 3379 1814 3442 mo&

397 3469 574 3537 mrretivns,
590 3473 624 3522 ut
635 3481 743 3523 sensus
756 3464 809 3522 sit:
825 3463 868 3523 Et
879 3464 942 3538 ipsi
952 3469 1092 3536 pactum,
1146 3465 1186 3523 Et
1202 3482 1257 3540 ego
1273 3464 1414 3542 conjugio
1434 3465 1559 3540 junotns
1584 3467 1762 3530 mansissem
1776 3459 1818 3530 οὓ

399 3553 486 3630 quod
499 3571 570 3612 sum
594 3554 638 3610 eis
651 3551 769 3626 pepipt',
792 3551 921 3608 irritum
935 3549 1090 3625 serenent.
1146 3549 1233 3627 qussi
1248 3548 1346 3608 diost:
1367 3550 1504 3626 Minim03
1528 3551 1582 3611 sed
1597 3551 1700 3631 sbjeei
1715 3564 1747 3615 et
1758 3569 1818 3634 πμ

399 3637 437 3699 Id
452 3647 497 3699 est
518 3639 625 3717 legem,
648 3655 737 3714 quum
760 3633 830 3694 dedi
854 3637 898 3694 eis
920 3653 988 3693 enm
1010 3634 1091 3692 ineu·
1147 3634 1229 3696 diesi
1245 3655 1306 3695 eos.

399 3724 486 3785 lentis
508 3723 762 3805 promissionibus,
782 3722 982 3799 praevaricati
1004 3730 1091 3794 snnt3
1190 3722 1269 3781 Aliis
1283 3740 1365 3796 vero,
1388 3742 1457 3782 enm
1472 3723 1583 3801 quibus
1599 3727 1697 3786 sentit
1711 3729 1746 3788 B.
1760 3725 1817 3788 t't·

398 3812 525 3890 primurn
541 3812 572 3870 in
593 3809 728 3884 deserto;
751 3806 863 3867 deinde
885 3808 995 3887 inipso
1012 3815 1093 3865 terre
1146 3829 1219 3892 mss,
1242 3811 1338 3887 magis
1359 3809 1460 3889 plseet
1481 3810 1531 3869 hio
1546 3809 1741 3874 intellectus:
1761 3811 1818 3892 Ου’

397 3898 619 3978 promissionis,
648 3898 757 3974 partim
786 3913 822 3953 se
845 3895 1010 3974 praecipue
1039 3912 1093 3971 per
1146 3909 1268 3975 paetum
1290 3915 1389 3956 meum
1412 3896 1550 3957 feserunt
1572 3899 1709 3970 irritum,
1732 3899 1818 3976 idcir!

397 3983 609 4050 idololatriam,
632 3983 741 4062 purtim
756 4001 827 4042 vero
853 4001 907 4061 per
922 3982 982 4041 slis
997 3980 1092 4040 multe
1147 3982 1316 4042 dominetur
1335 4002 1402 4042 som
1418 4002 1529 4055 eornm,
1553 3982 1585 4042 id
1599 3992 1655 4059 est,
1681 3987 1818 4050 Domita

397 4079 428 4131 et
449 4090 560 4150 magne
585 4077 717 4149 pesests.
748 4069 894 4148 Loquitur
918 4067 995 4128 enim
1018 4067 1090 4127 Pro·
1146 4089 1193 4129 me
1207 4088 1275 4129 ense
1290 4068 1415 4142 ostendi,
1438 4091 1499 4130 non
1521 4089 1640 4148 passus,
1663 4071 1818 4153 imme

397 4156 491 4240 phet·
513 4157 553 4216 de
571 4159 703 4235 peccetis
725 4157 818 4215 totius
839 4156 988 4235 temporis,
1010 4152 1092 4234 qnod
1144 4176 1213 4235 pem
1228 4175 1321 4214 meum
1338 4158 1506 4230 contemui3
1520 4158 1629 4235 punivi
1644 4179 1698 4221 eos
1714 4182 1766 4242 pro
1778 4173 1818 4220 xa

395 4243 474 4306 huno
499 4244 570 4304 novi
595 4243 766 4302 testamenti
792 4244 1017 4322 promissionem
1039 4260 1089 4300 sn·
1144 4243 1209 4302 ritis
1224 4251 1375 4321 temquem
1391 4262 1495 4302 sorum
1510 4244 1680 4320 Dominus;
1695 4247 1818 4329 etqusfl

396 4332 530 4392 teeessit.
1144 4330 1258 4408 punivi,
1283 4339 1317 4388 nt
1331 4330 1494 4405 rbjioerem
1509 4349 1561 4390 eos
1576 4339 1607 4389 st
1622 4351 1680 4409 pro
1696 4331 1818 4414 nnglsd

437 4419 477 4479 D.
508 4416 659 4489 Thomas,
697 4433 851 4495 exponens
881 4413 955 4472 hseo
984 4415 1091 4475 verbs:
1144 4416 1293 4475 haberem.
1309 4416 1399 4476 Hane
1414 4417 1635 4495 expositionem
1651 4418 1818 4499 probsbih

395 4508 556 4587 (ὶυοπίαηι
586 4507 648 4581 ipsi
676 4522 744 4564 non
777 4507 1026 4579 permenserunt
1053 4504 1090 4559 in
1143 4502 1215 4561 isoit
1229 4502 1313 4562 loeus
1324 4501 1431 4562 similis
1443 4502 1524 4582 opud
1535 4504 1693 4567 Ezechiel.
1706 4505 1818 4588 espffl

393 4599 580 4656 testamento
605 4609 692 4663 meo,
722 4587 800 4648 itane
826 4590 914 4666 qussi
945 4589 1088 4647 rationem
1142 4590 1194 4650 ubi
1232 4597 1299 4669 post
1327 4592 1640 4652 commemorationem
1678 4595 1818 4655 multem

392 4680 523 4761 subjicit,
548 4680 618 4770 quis
638 4675 755 4737 seiiieet
778 4695 838 4735 uon
861 4680 925 4732 eret
947 4677 1087 4754 seriptum
1143 4675 1298 4746 scelernm.
1311 4677 1423 4753 quihus
1435 4685 1552 4756 peotrrm
1565 4676 1625 4738 Dei
1637 4681 1818 4758 praenitet

394 4769 426 4828 in
448 4766 588 4827 eordibne
611 4783 728 4833 eornm3
752 4783 812 4821 non
828 4759 910 4840 quod
932 4761 1006 4820 huso
1021 4781 1086 4841 pro·
1141 4762 1262 4823 fuerant
1287 4762 1340 4823 tilii
1363 4763 1474 4838 Israel,
1498 4763 1621 4824 tandem
1644 4767 1818 4848 subjungit!

391 4853 456 4936 prie
470 4873 563 4914 oeuss
583 4851 675 4914 inerit
693 4849 775 4930 preti
798 4869 858 4908 uon
879 4849 1010 4923 serveti3
1032 4847 1087 4907 sed
1141 4849 1243 4909 divine
1258 4851 1462 4909 eomminntio:
1492 4853 1572 4911 Vino
1586 4870 1655 4926 spo,
1678 4854 1756 4916 dicit
1770 4853 1818 4916 α

392 4941 473 5020 quis,
495 4939 562 4999 Deo
576 4960 637 5001 non
651 4936 802 4998 scribente
823 4936 921 5016 legem
946 4937 975 4994 in
991 4934 1084 4994 eordi-
1141 4939 1257 5010 misens,
1280 4940 1434 5013 quoniam
1450 4941 1485 4997 r'n
1500 4956 1603 4997 sicone
1616 4940 1703 5015 sesti
1717 4949 1748 5003 st
1763 4939 1818 5002 irs

388 5021 449 5090 bus
472 5043 594 5104 umus,
617 5043 742 5088 serrae
761 5041 830 5083 erm
851 5041 911 5082 non
935 5030 1084 5102 poterent
1139 5024 1209 5084 etio
1223 5030 1348 5085 attento
1360 5030 1390 5084 et
1400 5020 1437 5084 iss
1449 5025 1565 5102 serore
1580 5025 1682 5103 εἶναι)
1697 5023 1818 5105 madi
