4442 5825
694 601 858 658 merome
873 604 914 659 Ao
932 603 1097 659 mattos.
1131 605 1216 661 me
1233 606 1276 660 tt.
1293 606 1338 662 tt.
1658 607 1730 679 165

383 779 491 839 vultui
508 781 568 840 Dei
581 798 643 856 pro
658 780 764 854 nobie,
793 780 824 841 id
839 790 886 840 eet
900 788 981 841 uteo
1035 780 1064 840 3.
1079 788 1111 840 et
1127 785 1175 843 13.
1213 779 1276 842 (lor
1292 788 1390 841 nutem
1405 799 1466 840 non
1480 787 1639 858 sequetur,
1661 779 1731 839 Am·

369 885 392 934 r,
416 866 568 926 hominem
586 887 639 945 pro
654 867 740 928 nobie
757 885 889 946 poenum,
912 866 980 927 Deo
1034 867 1153 927 broeine
1168 867 1256 927 drieot
1271 867 1320 927 lib.
1337 868 1365 926 ὅ.
1382 869 1413 927 in
1425 868 1540 926 Luoem
1553 883 1644 943 nuper
1658 863 1733 925 illud

385 971 424 1012 uo
439 961 652 1032 repraesentet
1033 974 1098 1033 oep.
1116 956 1162 1016 e:
1184 955 1276 1015 Exiit
1297 957 1333 1015 io
1352 960 1493 1014 montem
1509 970 1611 1013 orere.
1648 954 1733 1013 Nom

369 1058 406 1098 im
436 1042 529 1118 igitur
557 1039 634 1100 hoee
662 1059 766 1100 veram
795 1049 827 1100 et
860 1043 982 1121 proprie
1034 1044 1106 1114 etei,
1138 1042 1250 1119 inquit,
1278 1043 1422 1117 potuerit
1449 1041 1558 1100 omnio
1579 1038 1734 1098 Peterin

369 1145 394 1184 m
415 1125 528 1186 Christi
552 1146 607 1206 pro
630 1126 716 1186 nobie
736 1130 900 1187 ort-tionem
929 1146 979 1187 ex·
1032 1134 1186 1203 potestate
1200 1127 1297 1202 Filii,
1324 1128 1429 1188 Filio·
1450 1134 1576 1200 tomen,
1602 1132 1639 1184 ut
1659 1127 1733 1204 for·

369 1211 433 1271 mt?
463 1213 594 1272 Minime.
637 1214 758 1273 Etenim
788 1215 815 1273 ei
844 1213 980 1274 Christus
1033 1233 1120 1274 mom
1146 1217 1284 1275 hominio
1309 1215 1472 1290 impleret,
1505 1212 1733 1272 obsecrantum

370 1317 443 1358 num
459 1299 622 1358 ndroontne
638 1309 684 1359 eet
696 1310 806 1371 noster,
823 1311 853 1359 et
867 1300 979 1360 medie·
1033 1302 1162 1362 Patrem
1175 1309 1272 1377 potet
1287 1318 1349 1361 cue
1362 1317 1424 1377 pro
1439 1299 1545 1374 noto,
1574 1300 1650 1375 quio
1671 1298 1732 1358 ed-

369 1390 384 1445 1
403 1384 493 1448 Joon.
511 1388 538 1445 2.
555 1398 584 1445 et
603 1392 617 1446 1
633 1387 713 1445 'l'im
729 1390 775 1458 2..
801 1406 873 1448 vere
889 1390 980 1466 igitur
1032 1394 1164 1448 vocotus
1178 1394 1222 1447 eet
1236 1395 1351 1449 netur.
1376 1385 1450 1448 Oret
1472 1387 1563 1464 igitur
1576 1404 1631 1465 pro
1643 1385 1731 1446 nobie

369 1483 465 1532 eorot
479 1481 511 1532 et
525 1472 685 1533 intercedit
707 1474 872 1550 prodobio.
911 1474 979 1533 Hoe
1033 1483 1066 1532 ut
1082 1475 1186 1546 homo,
1209 1472 1567 1545 recommonens,
1590 1472 1643 1550 qui
1666 1488 1731 1531 oum

388 1561 543 1638 proprium
570 1567 617 1618 est
646 1579 754 1620 monne
784 1560 922 1620 advocati
950 1568 981 1619 et
1033 1561 1126 1620 Putre
1147 1562 1248 1621 omnin
1270 1570 1385 1640 potest,
1412 1567 1444 1620 et
1465 1560 1566 1620 omnio
1589 1564 1731 1636 praesui,

369 1648 465 1705 utorio.
489 1644 610 1705 Deinde
625 1645 656 1705 id
671 1648 810 1723 eetieper
825 1666 857 1707 ee
872 1646 979 1727 probet
1032 1656 1066 1706 ut
1092 1646 1184 1707 Deue.
1221 1648 1271 1707 De
1297 1647 1353 1708 hee
1378 1648 1556 1727 quaestione
1584 1644 1731 1706 nonnullo

369 1750 431 1791 :nm
454 1732 578 1792 verbnm
601 1723 795 1809 ἐντυγχάνειν,
802 1778 813 1809 ,
841 1753 894 1812 pro
919 1753 978 1814 quo
1033 1736 1123 1793 etiem
1138 1733 1267 1793 dirimet
1283 1733 1323 1793 od
1342 1734 1439 1794 loonm
1455 1731 1581 1793 similem
1597 1731 1682 1791 Rom.
1698 1732 1728 1790 8.

369 1817 581 1879 ›reehooloeo
606 1819 734 1878 etitem.
751 1823 779 1880 8.
795 1821 899 1879 venit:
925 1824 978 1881 in·
1075 1821 1126 1879 to.
1153 1821 1241 1881 Tatio
1273 1823 1357 1881 enim
1395 1820 1553 1893 decetne·
1576 1825 1613 1878 ot
1640 1817 1732 1878 noto

369 1906 458 1964 itare.
497 1905 656 1984 Significat
671 1907 749 1965 enirn
766 1906 978 1986 interpellatio·
1032 1913 1107 1967 eetet
1126 1908 1287 1986 Pontifex.
1323 1905 1477 1980 Ostendit,
1499 1904 1597 1966 eolum
1620 1905 1730 1966 Jeenm

389 2011 467 2073 qnae
481 1991 514 2050 fit
529 2012 596 2052 eum
619 1994 755 2052 oratione
777 2013 830 2053 eeu
846 1993 977 2072 postule·
1032 1988 1199 2053 Christum
1215 1994 1325 2067 luieee,
1358 1996 1390 2054 in
1419 2002 1505 2073 quem
1536 1992 1733 2053 convenirent

370 2124 377 2146 ‚
403 2077 652 2157 quemadmodum
667 2099 704 2140 ex
721 2079 788 2139 eliis
804 2078 979 2159 scripturae
1031 2079 1191 2160 qualitates
1207 2081 1274 2160 ejue
1288 2079 1458 2151 Pontiiioie¹
1481 2081 1535 2159 qui
1551 2097 1605 2138 noe
1620 2097 1731 2158 poree,

370 2164 463 2225 iteile
477 2174 524 2224 eet
538 2165 703 2226 ostendere.
728 2165 818 2246 Quod
830 2176 861 2226 et
874 2169 977 2246 Augu·
1032 2186 1067 2226 no
1083 2169 1268 2245 propriosne
1283 2167 1437 2228 oblatione
1448 2166 1515 2226 Deo
1533 2165 1615 2224 Patri
1627 2183 1729 2225 moon·

369 2270 376 2310 r
404 2253 559 2330 perepicuo
586 2251 675 2312 donet
700 2254 732 2313 in
758 2255 842 2332 epist.
867 2253 917 2316 59.
938 2254 977 2314 ed
1031 2253 1164 2325 cilium,
1181 2263 1212 2312 et
1227 2255 1257 2314 in
1274 2261 1451 2333 perpetuum
1466 2252 1567 2312 eelvoe
1581 2248 1731 2311 redderet.

382 2357 413 2417 q.
429 2338 474 2408 5.,
503 2337 667 2411 affirmem,
698 2339 779 2418 epod
799 2341 977 2419 Apostolum
1032 2339 1134 2418 Quare
1149 2339 1230 2418 qood
1253 2342 1314 2423 eit:
1341 2338 1486 2414 deoetot,
1512 2358 1573 2399 non
1594 2338 1637 2397 eie
1654 2337 1731 2398 eooi-

369 2425 486 2500 oettere
508 2427 638 2504 positum
661 2445 729 2486 eeee
750 2446 804 2505 pro
820 2447 870 2500 eo,
897 2425 978 2508 qnod
1030 2426 1188 2505 piendum,
1213 2429 1303 2506 qnoei
1324 2444 1379 2504 per
1400 2426 1495 2486 elium
1509 2422 1730 2504 potneritidem

369 2512 510 2571 nudare.
549 2512 653 2592 Quare
675 2515 702 2571 ei
717 2511 869 2586 Christus,
896 2511 977 2594 qnod
1031 2512 1106 2574 illud
1136 2512 1265 2574 officinm
1290 2514 1458 2592 praestari,
1483 2512 1604 2572 temetsi
1632 2511 1731 2573 minue

369 2600 386 2658 ·i
413 2618 474 2658 non
500 2609 613 2676 potent,
639 2601 760 2678 proprie
789 2601 976 2681 interpellet:
1030 2599 1188 2675 decentem
1215 2599 1271 2661 eod
1294 2601 1368 2678 quie
1388 2618 1442 2680 per
1465 2601 1612 2659 neminem
1635 2596 1730 2658 olium

369 2704 388 2745 e
409 2685 529 2763 proprie
552 2694 633 2760 oret,
657 2688 722 2747 eive
745 2685 810 2746 eole
831 2698 932 2749 mente
946 2687 977 2748 id
1030 2687 1151 2747 omniuo
1166 2688 1275 2767 potnit
1299 2686 1368 2746 Non
1384 2687 1463 2747 enim
1478 2684 1518 2759 id,
1536 2680 1620 2765 quod
1634 2682 1731 2758 deoot,

377 2772 467 2846 ,eive
482 2773 572 2831 etiem
588 2794 663 2833 voce
678 2781 853 2851 conceptum
868 2776 977 2836 mentio
1029 2773 1068 2833 eb
1090 2792 1143 2846 eo,
1165 2772 1248 2853 quod
1269 2781 1403 2853 oportet,
1425 2771 1612 2855 distinguere
1634 2768 1731 2831 voluit

369 2866 413 2919 ret
435 2868 528 2935 utque
553 2863 707 2940 exprimit.
747 2858 836 2939 Quod
862 2863 977 2924 sentire
1031 2860 1204 2940 Apostolos.

369 2964 399 3005 rr
412 2945 449 3005 Β.
464 2945 605 3020 Thomas,
622 2967 713 3017 ouum
730 2946 810 3022 dicit,
826 2949 976 3010 Chrietum
1072 2949 1225 3024 ennom,
1241 2951 1404 3020 innocent,
1424 2945 1620 3024 impelletur.
1643 2945 1729 3008 een·

369 3051 395 3093 ie
431 3051 505 3091 eune
541 3036 748 3095 eunetieeimee
789 3034 976 3110 deeidorinm‚
1029 3042 1111 3111 etrtt,
1128 3034 1247 3098 Groeoe
1261 3026 1357 3102 ὅσιος.
1382 3033 1452 3113 Quo
1467 3036 1605 3106 nomine,
1620 3041 1682 3093 tom
1698 3033 1731 3094 in

378 3138 432 3198 pro
447 3118 546 3181 salute
560 3132 662 3180 noetre
673 3120 785 3191 hebuit,
799 3125 975 3203 exprimere.
1030 3125 1125 3182 eterit
1138 3122 1246 3195 literis,
1269 3140 1359 3202 quom
1374 3121 1524 3201 prolenis,
1540 3119 1730 3199 signifioetur

380 3208 489 3267 interni
511 3206 653 3268 desiderii
679 3212 832 3288 expreeeio
854 3211 975 3290 potieri-
1029 3210 1071 3282 ie,
1099 3210 1151 3286 qni
1174 3211 1213 3270 ob
1236 3211 1318 3269 vitoe
1340 3209 1500 3287 puritatem
1524 3216 1613 3287 optus
1629 3213 1676 3266 eet
1689 3204 1729 3267 td

374 3293 409 3354 fir
428 3312 511 3353 voce
1030 3294 1140 3356 divino.
1163 3296 1226 3375 Qui
1241 3314 1293 3376 pro
1308 3302 1418 3355 teneto
1433 3302 1604 3356 verterunt:
1625 3294 1727 3369 pium,

370 3399 475 3441 evoro
490 3380 654 3461 quidquem
674 3381 777 3442 horum
800 3383 975 3456 infitiantur,
1028 3385 1092 3442 vim
1115 3381 1227 3444 Grueoi
1250 3381 1388 3442 vocabuli
1410 3389 1479 3443 non'
1492 3389 1563 3442 eunt
1586 3380 1728 3441 unocurt

369 3465 617 3548 rterpelletiouern
634 3478 789 3548 exponunt
805 3489 859 3548 per
873 3471 974 3531 hume·
1029 3471 1204 3545 loooeeot,
1231 3467 1346 3531 Gneoe
1370 3459 1509 3543 ἄκακος,
1532 3466 1590 3527 hoo
1612 3474 1660 3527 eet
1675 3484 1726 3527 ex·

369 3557 709 3635 treproeeentntionem.
732 3556 819 3617 Heee
837 3560 914 3618 enim
931 3577 974 3619 ro
1029 3576 1098 3635 pere
1110 3559 1243 3618 malitiae
1254 3574 1307 3616 eeu
1319 3558 1446 3636 peoeoti.
1469 3556 1546 3615 Num
1561 3573 1620 3616 nno
1633 3552 1726 3614 verbo

369 3642 497 3715 enutio,
521 3662 586 3701 oum
610 3642 784 3721 adjunctum
798 3643 908 3704 hebeat
922 3664 974 3704 no-
1029 3642 1122 3717 dixit,
1149 3642 1231 3724 quod
1247 3644 1355 3703 Petroe
1376 3642 1513 3723 pluribus
1534 3647 1550 3703 1
1568 3643 1663 3721 Epio.
1680 3641 1726 3701 2:
1802 3645 1805 3650 ’

382 3729 490 3789 ulutie
516 3727 712 3800 desiderium,
739 3732 806 3790 eine
833 3733 975 3804 erutione,
1029 3732 1095 3808 (lut
1108 3737 1276 3808 peecatum
1298 3748 1367 3791 ooo
1380 3731 1474 3808 feeit,
1497 3734 1727 3791 necinventus

369 3816 544 3888 uinterne,
574 3837 634 3876 non
656 3818 799 3877 ooneietit.
838 3816 929 3898 Quod
950 3819 975 3878 ei
1029 3825 1072 3877 eet
1087 3819 1178 3879 dolete
1193 3821 1230 3878 in
1252 3833 1307 3877 ore
1322 3822 1397 3891 ejice.
1435 3815 1519 3876 Alibi
1541 3818 1662 3895 quidem
1682 3817 1725 3875 in·

369 3910 483 3964 uterum
496 3912 624 3980 negent,
651 3902 804 3964 Olrrietnm
828 3924 907 3965 nune
920 3925 975 3986 pro
1029 3905 1145 3966 terdurn
1169 3897 1291 3970 ἄκακος
1312 3902 1438 3979 dieitur,
1461 3905 1513 3983 qui
1535 3904 1573 3964 ob
1589 3900 1727 3983 flimpliel·

382 4010 481 4062 orore,
503 3989 534 4048 id
550 3989 588 4048 de
603 3991 732 4071 eupplioi
754 4010 790 4049 eo
809 3993 975 4065 summisse,
1029 4003 1124 4052 rotem
1139 3993 1232 4051 enimi
1256 3992 1409 4070 expositus
1433 4000 1478 4051 eet
1492 3989 1650 4052 nautibus
1663 4009 1726 4050 mo·

369 4085 486 4156 opertus
507 4076 654 4155 loquitur,
680 4078 814 4138 oratione
837 4087 882 4139 eet
898 4081 972 4139 eool·
1029 4077 1132 4151 lorum,
1144 4086 1178 4138 ut
1189 4079 1275 4138 Rom.
1289 4078 1358 4137 ult:
1375 4080 1438 4137 Pet·
1451 4078 1558 4140 dolete
1567 4093 1727 4139 termento

370 4183 430 4224 nm.
467 4162 536 4222 Non
556 4165 633 4224 enirn
650 4163 771 4225 Christo
784 4166 849 4243 jem
865 4168 896 4226 in
911 4166 974 4246 glo·
1028 4172 1058 4225 et
1080 4166 1312 4226 benedictiones
1331 4165 1486 4225 reducunt
1507 4167 1607 4227 cordo
1628 4167 1727 4225 iono-

369 4250 466 4310 Petrie
488 4260 645 4330 assumpto
669 4255 810 4313 convenit
830 4253 883 4313 illo
905 4272 974 4332 eup·
1028 4254 1173 4314 emtium.
1197 4250 1259 4313 Sed
1274 4252 1638 4330 enignifieotiominime
1652 4270 1726 4332 qno·

369 4335 411 4397 idi
427 4336 588 4406 humilitus,
605 4356 667 4417 qun
681 4358 753 4398 neue
766 4347 813 4400 eet
825 4341 858 4400 in
869 4340 974 4401 diebue
1029 4340 1098 4400 drot
1111 4338 1180 4400 hoie
1195 4337 1271 4399 loeo.
1295 4338 1438 4417 Denique
1453 4341 1658 4416 impollutum
1673 4357 1726 4399 vo·

369 4442 375 4482 ι
390 4423 627 4499 memorialis,
643 4427 720 4485 eieot
735 4424 847 4487 dietum
863 4435 910 4488 eet
925 4447 973 4488 eu·
1028 4434 1093 4499 ent,
1111 4424 1143 4485 id
1159 4436 1204 4487 oet
1217 4426 1301 4487 nullu
1316 4427 1433 4505 peooeti
1449 4425 1538 4487 eorde
1553 4426 1726 4506 eoinquino·

369 4530 413 4593 ep.
429 4510 458 4571 5.
1029 4523 1100 4574 tum.
1121 4512 1219 4594 Igitur
1232 4513 1391 4574 hoootrin:
1407 4521 1546 4591 tendet,
1562 4518 1726 4587 innodent,

369 4596 380 4657 l
408 4617 466 4659 neo
496 4598 598 4658 obstet
623 4599 688 4676 ejne
720 4599 863 4673 orationi,
893 4599 975 4679 qnod
1030 4599 1226 4677 tmpotmuo,
1242 4600 1476 4681 rationemogie,
1492 4620 1584 4679 quern
1597 4597 1726 4659 rediffe-

384 4686 484 4747 omnie
498 4684 582 4744 dedit
597 4686 624 4745 ei
639 4686 670 4745 in
689 4705 802 4745 menne.
825 4686 975 4765 Sequere·
1028 4695 1115 4764 runt3
1144 4684 1400 4767 qnomndmodum
1426 4696 1459 4747 et
1489 4685 1535 4761 id,
1565 4685 1648 4766 qnod
1678 4703 1725 4745 ee·

369 4772 434 4845 tim,
463 4791 519 4832 nee
541 4773 572 4833 in
594 4791 683 4832 earne
705 4773 824 4833 mortali
844 4775 976 4854 positum
1029 4775 1146 4853 quitor:

385 4857 537 4920 debuine
575 4858 655 4919 Nom
677 4858 715 4918 de
738 4857 854 4920 Christo
876 4859 976 4921 adhue
1072 4862 1259 4937 flmrepotm
1280 4877 1303 4919 o
1323 4857 1550 4936 petentertbut.
1587 4858 1658 4919 Non
1684 4857 1727 4919 itt

370 4945 394 5008 li
420 4943 531 5006 dietum
562 4945 636 5007 illud
667 4965 746 5019 eeee,
772 4955 890 5008 consui
914 4967 975 5008 non
1028 4954 1204 5029 segregotne
1218 4943 1476 5025 spectatoribus,
1501 4951 1536 5003 nt
1559 4943 1738 5024 aliqnando*

373 5031 612 5115 ‚ndmpiun
635 5042 669 5093 ut
683 5033 790 5097 Mottlu
808 5038 866 5113 11.‚
881 5034 973 5098 Joun
1026 5033 1118 5096 tuerit
1135 5051 1215 5098 unm
1235 5049 1277 5094 ex
1296 5029 1375 5111 illit5
1403 5030 1457 5112 qni
1479 5047 1587 5094 teneo·
1612 5030 1725 5114 irnpioe
