4442 5825
571 639 735 698 tiletum
750 642 792 698 tu
809 644 973 700 mustos
1009 642 1091 699 tm.
1109 642 1231 699 27.-29.
1556 645 1630 716 857

399 817 453 897 qui
490 814 645 878 fabuletur
675 827 721 879 ost
750 820 882 881 infinitas
934 821 1016 881 Loco
1038 820 1188 921 participii
1233 821 1370 881 lucentes
1396 819 1428 880 in
1450 818 1568 880 Grssoo
1590 826 1635 878 oet

371 904 528 964 sntionss.
934 905 1110 968 adverbium
1123 922 1197 985 ευαρ
1215 923 1311 982 oruc,
1328 907 1415 984 quasi
1427 905 1523 965 dicat:
1540 904 1634 965 bene·

371 1008 415 1051 ue
439 1007 574 1065 reonum
597 992 757 1053 immobile
783 995 881 1054 susei-
933 994 1105 1070 plocenler.
1121 994 1265 1054 Erasmus
1277 1012 1396 1054 sensum
1408 990 1555 1052 reddidit:
1570 993 1634 1052 Per

371 1076 489 1138 abemus
502 1080 651 1153 oratiam.
674 1079 814 1140 Absolvit
829 1098 880 1139 ox·
935 1099 1030 1157 quom
1047 1084 1093 1140 ito
1109 1080 1249 1141 colurnus
1266 1081 1388 1152 Deum,
1407 1086 1444 1139 ut
1458 1081 1487 1139 ei
1499 1078 1631 1154 ploceo·

371 1172 537 1243 receptam
550 1164 609 1224 illis
621 1165 738 1225 vorbis:
761 1167 880 1240 Videte,
934 1185 1011 1228 mue.
1046 1165 1138 1246 Quod
1161 1169 1240 1228 onim
1262 1169 1294 1227 iu
1312 1166 1491 1247 quibusdam
1507 1163 1632 1226 Graecis

371 1251 601 1328 'eloquentem
617 1252 767 1332 simulque
783 1252 881 1314 decla·
934 1273 1004 1333 pro:
1033 1246 1245 1332 λατρεύωμεν,
1283 1256 1475 1327 serviamus,
1505 1250 1633 1330 logitnr:

371 1356 415 1415 ser
429 1357 484 1411 eu,
508 1357 589 1415 quoe
603 1346 678 1398 sunt
692 1340 878 1414 immobilia,
935 1334 1139 1418 λατρεύομον,
1161 1343 1334 1416 servimus,
1363 1340 1468 1399 merito
1490 1337 1632 1416 rejicitur,

371 1423 472 1501 elligi3
499 1444 608 1504 nempe
631 1444 756 1505 regnum
772 1427 882 1486 Christi
934 1436 1088 1508 tamquam
1116 1427 1255 1506 Apostoli
1281 1427 1416 1487 instituto
1442 1425 1632 1487 contrarium.

371 1510 440 1591 Quo
454 1512 582 1585 nomine,
594 1513 693 1592 iuquit
704 1511 881 1591 OaJ'etanne,
934 1513 1003 1573 Nou
1020 1514 1099 1573 enim
1114 1512 1164 1574 hic
1178 1512 1283 1574 laudat
1298 1513 1470 1587 Hebraeum
1497 1510 1550 1571 scd
1565 1510 1631 1571 hor·

371 1616 389 1656 e
419 1597 594 1677 appellatur
619 1618 744 1678 rognum
770 1599 882 1661 Christi
934 1607 1014 1660 tetur
1029 1607 1061 1660 et
1075 1607 1180 1669 terrot,
1208 1610 1242 1660 ut
1258 1602 1288 1660 in
1303 1598 1515 1680 superioribus.
1540 1597 1633 1678 Quod

371 1686 561 1765 rticipatiouu
571 1692 671 1746 entem
683 1693 779 1747 status
791 1705 879 1746 even·
934 1688 1026 1746 otiam
1041 1684 1198 1747 manifeste
1214 1694 1296 1766 patet
1312 1706 1349 1748 ex
1364 1684 1568 1767 sequentibus.

371 1791 391 1831 o
407 1771 515 1832 verbo:
531 1772 696 1847 babemus,
717 1777 749 1834 in
764 1772 880 1834 Graeco
977 1773 1056 1835 Cum
1083 1780 1224 1834 metuet
1253 1777 1442 1836 reverentia.
1480 1771 1632 1834 Graecum

377 1877 432 1918 ncc
446 1879 506 1919 non
521 1859 551 1919 iu
568 1859 746 1939 quibusdem
760 1861 879 1921 Latinis
933 1859 1114 1920 vocabulum
1137 1851 1262 1936 αἰδοῦς,
1289 1862 1382 1940 priori
1404 1861 1469 1921 loco
1492 1859 1633 1938 positum,

371 1963 406 2005 us
422 1945 545 2024 legitur:
568 1945 756 2020 habeamus,
774 1948 878 2008 exhor·
933 1947 1054 2026 proprio
1069 1946 1223 2025 siguificat
1235 1947 1393 2024 pudorem
1408 1967 1461 2007 seu
1478 1963 1631 2006 verocun-

372 2075 380 2092 .
415 2031 506 2112 Quod
529 2039 561 2092 st
574 2032 687 2093 Ribora
701 2036 796 2112 magis
812 2054 879 2113 pro·
933 2033 1030 2093 dium.
1065 2033 1106 2093 Et
1121 2035 1164 2093 ite
1186 2037 1279 2094 vortit
1294 2033 1566 2114 interpresl'l'im.
1583 2036 1630 2106 23

371 2136 392 2178 'e
405 2122 562 2195 prolium,
587 2121 671 2194 juxta
688 2118 819 2181 Gruucos
835 2122 878 2181 iu·
933 2118 1041 2180 Graeci
1058 2139 1181 2199 quoquc
1199 2123 1359 2196 pudorem
1383 2121 1432 2181 hic
1450 2119 1632 2199 intelligunt,

371 2204 427 2266 lem
451 2215 510 2279 set,
537 2205 618 2286 quod
640 2224 733 2282 opere
747 2210 877 2283 pretias.
932 2226 988 2266 noc
1003 2205 1041 2265 ad
1057 2206 1156 2266 Deum
1179 2206 1326 2280 referunt,
1349 2207 1402 2267 sed
1425 2205 1464 2267 ad
1486 2206 1630 2266 hominus.

371 2293 442 2352 stine
465 2291 574 2352 dicitur
596 2295 665 2374 quis
688 2293 799 2354 hebere
813 2314 879 2374 gru·
933 2293 1046 2353 Dicunt
1061 2295 1156 2365 enim,
1173 2296 1323 2374 praecipi,
1340 2302 1374 2354 ut
1388 2291 1560 2354 verecunde
1575 2311 1630 2352 nos

371 2377 547 2440 beneficium
569 2380 713 2459 agnoscit.
748 2379 809 2441 Sod
832 2381 879 2440 hic
932 2399 1074 2459 geramus
1090 2399 1162 2459 erga
1176 2399 1290 2441 omnes.
1328 2381 1532 2440 Veruntamen
1551 2380 1629 2438 acci·

371 2485 405 2525 uu
417 2465 582 2546 probabilis
593 2476 648 2526 est.
664 2467 794 2527 Primum
807 2469 878 2546 quis
932 2467 1014 2547 pitur
1025 2486 1063 2527 ca
1078 2486 1140 2528 vox
1153 2466 1303 2528 interdum
1324 2468 1412 2527 otiam
1429 2464 1512 2544 apud
1527 2473 1629 2525 aucto·

371 2553 530 2630 tpostolns,
546 2555 595 2614 cui
606 2555 705 2633 gratia
716 2556 756 2614 sit
767 2554 877 2614 habau·
931 2572 980 2613 ros
996 2554 1139 2633 profanos
1154 2574 1207 2633 pro
1226 2561 1307 2614 motu
1322 2575 1358 2614 ac
1373 2554 1551 2622 reverentis,
1568 2571 1629 2631 qnu

371 2646 403 2699 et
418 2639 503 2717 Doo;
524 2638 608 2720 quod
628 2640 705 2700 alias
727 2641 879 2701 noneolet
933 2639 1029 2700 Deum
1045 2648 1097 2700 sut
1118 2641 1283 2721 principem
1306 2642 1376 2721 quis
1392 2648 1517 2700 scrutur.
1552 2636 1629 2698 Cum

371 2725 480 2786 Deinde
495 2729 568 2806 quie
582 2719 667 2804 ἔχειν
682 2719 792 2805 χάριν,
818 2728 878 2787 bo·
932 2727 1011 2787 onim
1027 2726 1208 2788 verecundis
1231 2728 1271 2787 sit
1285 2736 1382 2788 metus
1397 2726 1519 2806 quidam
1535 2723 1628 2785 dode·

371 2831 410 2872 tm
418 2857 428 2887 ,
453 2834 506 2893 pro
522 2833 573 2888 ec,
598 2814 681 2894 quod
704 2821 750 2874 est
764 2815 878 2893 gratim
932 2814 1018 2889 coris,
1033 2823 1114 2874 recto
1130 2824 1227 2875 metus
1241 2814 1301 2886 illo,
1318 2834 1379 2894 quo
1398 2815 1474 2892 quis,
1490 2812 1629 2874 conscius

388 2908 434 2962 ost
449 2901 521 2982 styli
535 2900 721 2983 Apostolici3
755 2908 878 2962 utuntur
931 2899 1220 2983 sueeindiguitatiu
1243 2902 1350 2963 metuit
1365 2901 1453 2962 aDoi
1465 2908 1628 2979 conspectu

372 2987 413 3049 oli
429 2989 542 3067 passim
561 2988 654 3049 verbo
671 2980 876 3067 εὐχαριστεῖν.
931 3007 998 3048 curn
1014 2990 1178 3069 ignominie
1199 2988 1321 3070 repelli,
1344 2987 1526 3049 verecundia
1540 3006 1628 3047 voca·

371 3077 437 3154 puie
461 3097 521 3136 nou
547 3075 625 3137 boue
651 3074 780 3155 quadret
805 3076 876 3136 huic
931 3084 987 3135 tur.
1023 3077 1185 3137 Posteriori
1208 3076 1274 3137 locu
1301 3084 1348 3136 est
1371 3067 1525 3151 εὐλάβεια.
1560 3073 1629 3154 Quo

371 3159 409 3221 od
431 3165 585 3242 sequitur:
610 3180 669 3239 per
692 3181 789 3239 quom
811 3180 878 3224 ser·
930 3160 1077 3222 vocabulo
1092 3163 1256 3241 significari
1277 3163 1355 3223 solet
1377 3164 1409 3223 in
1424 3162 1516 3222 sacris
1530 3160 1628 3221 literis

371 3247 440 3309 lude
456 3247 566 3309 Graeci
588 3250 618 3310 in
634 3269 670 3310 ec
684 3257 770 3328 purte
786 3268 876 3331 expo·
932 3249 1018 3309 timor
1043 3257 1075 3310 ct
1100 3251 1288 3322 reverentie,
1318 3268 1398 3328 quas
1427 3256 1475 3310 eet
1501 3248 1629 3309 huminis

372 3345 456 3408 rant,
484 3335 553 3397 dum
578 3357 633 3417 pro
658 3339 766 3411 oratio
790 3357 876 3417 repo·
932 3355 1003 3414 erga
1030 3335 1147 3412 Deum3
1173 3338 1252 3398 sieut
1277 3334 1462 3397 ostendimus
1488 3332 1529 3395 nd
1550 3333 1627 3395 illud

371 3441 432 3483 rum
447 3425 605 3484 actionem.
931 3443 995 3503 cap.
1012 3422 1058 3483 b:
1073 3425 1257 3486 Exauditus
1271 3431 1315 3485 est
1327 3440 1390 3501 pro
1404 3440 1462 3484 suo
1477 3439 1628 3482 reueren-

373 3517 466 3589 taque
482 3514 686 3589 perorationi
704 3510 878 3590 intelligitur
929 3515 986 3570 tio.
1020 3510 1122 3571 Debet
1137 3520 1237 3572 autom
1253 3511 1328 3571 hacc
1343 3529 1430 3591 pers:
1455 3527 1526 3569 erem
1541 3515 1627 3569 metu

371 3596 545 3671 »orificium
583 3618 643 3677 quo
672 3596 744 3657 lacti
774 3617 876 3659 sumus
931 3603 960 3656 et
985 3600 1183 3672 reuerentia,
1210 3596 1313 3658 referri
1335 3596 1374 3657 ed
1398 3593 1534 3655 verbum:
1560 3613 1626 3656 ser·

387 3681 439 3743 Sic
464 3685 544 3745 euim
570 3692 713 3763 utsupra
736 3703 801 3764 cap.
826 3687 874 3746 10.
930 3686 1075 3761 viamus,
1100 3695 1207 3765 cstque
1228 3684 1335 3745 similis
1361 3681 1527 3743 admonitio
1557 3702 1626 3741 cum

371 3766 427 3830 illis
448 3770 563 3831 verbis:
590 3773 634 3833 Et
655 3773 785 3848 spiritui
798 3790 876 3848 yro-
929 3769 983 3830 illu
994 3771 1159 3833 Duvidicn:
1174 3773 1295 3833 servite
1303 3772 1445 3831 Domino
1457 3770 1493 3829 in
1501 3770 1625 3841 timore,

371 3857 483 3919 neliom
500 3860 628 3935 feeerit,
653 3866 682 3918 et
696 3857 754 3918 hoc
768 3860 876 3938 capita,
930 3865 1042 3918 etcum
1057 3858 1111 3918 illa
1126 3858 1305 3939 Apostolica
1326 3856 1365 3917 ad
1381 3855 1460 3915 Phil.
1476 3856 1522 3915 2:
1545 3856 1625 3917 (lum

371 3953 467 4006 sest:
490 3946 537 4005 Ne
560 3949 630 4021 quis
653 3945 731 4006 desit
752 3949 877 4021 proiice
929 3952 1014 4005 metu
1030 3952 1060 4004 et
1080 3952 1218 4006 tremore
1242 3951 1376 4006 oestrum
1398 3942 1533 4003 sulutem
1549 3959 1625 4018 ope·

371 4051 424 4093 oco
440 4030 528 4092 etium
543 4032 604 4093 elia
619 4032 709 4109 hujus
724 4034 875 4111 acceptio·
928 4034 1057 4093 sumini.
1103 4031 1192 4113 Quae
1223 4032 1323 4092 omnis
1353 4028 1452 4109 palem
1482 4027 1627 4090 damnant

371 4119 608 4179 taunctavimue.
632 4117 759 4179 Habere
774 4126 874 4180 autem
929 4118 1020 4179 fidem
1037 4118 1254 4179 haereticorum
1270 4116 1438 4198 specialem.

372 4214 435 4278 est,
472 4224 539 4265 sam
567 4203 794 4286 apprehendere
822 4224 876 4266 seu
972 4206 1022 4265 it.
1045 4206 1175 4267 Etenim
1202 4207 1289 4267 Deus
1310 4210 1419 4266 noster
1443 4203 1527 4279 ionis
1549 4219 1626 4265 son-

371 4290 574 4353 smadmodum
606 4291 703 4373 Syrus
729 4294 876 4371 interpres
928 4310 1054 4354 sumens
1069 4300 1121 4354 est
1150 4292 1321 4372 Scripturas
1336 4292 1507 4351 testimonio
1522 4290 1624 4351 contir-

375 4378 436 4440 Istae
449 4379 541 4459 igitur
560 4398 665 4441 seusus
680 4380 874 4459 perspicuus:
927 4387 1005 4452 mat,
1032 4387 1093 4439 tam
1109 4378 1192 4459 quod
1208 4380 1345 4458 proximo
1359 4376 1450 4438 dixit:
1477 4379 1545 4439 Deo
1559 4394 1626 4438 ses·-

371 4468 494 4539 tarint,
517 4485 597 4547 quae
620 4465 684 4526 dixi
700 4464 739 4525 do
754 4464 874 4527 Christo
928 4465 1078 4528 ciendum
1100 4485 1162 4528 esee
1183 4484 1261 4542 eum
1277 4482 1365 4526 metu
1390 4472 1420 4525 et
1433 4467 1624 4536 reuerentia,

389 4552 505 4616 eoelum
535 4563 567 4613 ct
594 4561 718 4626 terram,
755 4561 788 4612 ut
816 4552 875 4613 eibi
929 4572 1019 4632 quem
1042 4553 1089 4628 id,
1116 4552 1198 4633 quod
1219 4561 1292 4613 aute
1313 4551 1451 4626 dixerat,
1477 4567 1625 4612 noanon

371 4660 413 4701 rm
445 4639 610 4711 immobile,
641 4658 713 4711 nos,
739 4659 872 4715 reynum
928 4640 1125 4718 effuoituros,
1139 4642 1167 4700 ei
1182 4640 1221 4699 de
1235 4639 1625 4716 eoelisloquentemover·

371 4730 484 4802 siem
497 4724 643 4804 (Graece:
669 4722 873 4803 assumentes)
928 4728 989 4787 soti
1001 4727 1167 4805 [mmmm.
1192 4728 1393 4806 Desuurptnm
1409 4733 1455 4785 ost
1468 4732 1569 4785 sutem
1585 4743 1626 4785 ox
1717 4731 1720 4736 '

371 4823 437 4876 orta
451 4814 620 4894 capientes,
646 4815 773 4893 gretiam
789 4812 873 4874 chri·
928 4815 1021 4875 Dent.
1047 4818 1092 4889 4.,
1118 4813 1170 4875 nbi
1197 4833 1265 4874 cum
1298 4813 1499 4893 praecepisset
1523 4811 1626 4873 Muses

371 4901 478 4962 cmiter
501 4901 698 4974 retineamus,
724 4920 781 4961 nec
805 4899 874 4964 ullis
930 4901 1057 4981 populo,
1074 4899 1241 4962 carendum
1256 4919 1275 4959 a
1290 4899 1372 4960 cultu
1389 4898 1626 4971 simulacrorum,

371 5007 395 5050 re
408 4986 448 5048 ab
464 5006 503 5048 aa
515 5007 571 5048 uos
584 4988 718 5049 sinamus
733 4985 848 5049 divelli.
928 4987 1088 5067 subjunxit
1105 4986 1184 5049 hauc
1207 5005 1324 5067 poenae
1348 4987 1625 5049 comminationem:

371 5093 402 5137 m
425 5077 603 5138 miamin
621 5076 781 5153 placentes
796 5076 874 5137 Deo.
928 5077 1012 5156 Quia
1025 5075 1187 5139 Dominus
1200 5075 1289 5139 uss·
1310 5081 1385 5139 tutet
1404 5076 1489 5155 ionia
1510 5093 1625 5143 tonne-
