4442 5825
432 631 505 701 568

429 810 590 878 utrumque
604 799 634 859 in
650 816 718 858 eum
733 815 864 866 sermm,
884 815 974 875 quem
990 794 1062 869 dixi,
1079 797 1124 856 in·

429 895 610 968 terpretatur
632 887 663 946 in
693 886 821 964 exposit
849 884 947 962 Epist.
973 883 1011 942 ed
1037 884 1124 943 Rom.

430 975 568 1038 inchoata
603 981 634 1031 et
671 971 723 1032 lib.
755 975 804 1032 22.
835 978 938 1030 contra
966 971 1125 1043 Faustum,

431 1083 467 1124 ea
489 1106 496 1121 .
516 1062 565 1121 20.

469 1082 523 1208 lxx
538 1144 647 1227 quibus
662 1145 859 1222 perspicitur,
882 1145 920 1202 ed
934 1144 1048 1220 justum
1064 1144 1125 1203 Dei

426 1234 575 1316 judicium
598 1233 749 1312 pertinere
773 1233 862 1291 etiam
883 1231 1034 1309 justorum
1053 1230 1124 1289 affli-

430 1324 545 1383 ctiones
561 1318 760 1398 temporales,
784 1321 928 1398 ipsaeque
947 1337 1001 1396 pro
1016 1317 1126 1376 Christi

316 1427 325 1453 r
429 1410 550 1470 nomine
580 1407 747 1486 passiones.
785 1405 832 1464 De
860 1407 908 1465 luis
935 1407 1012 1463 enim
1036 1422 1127 1482 agere

430 1497 565 1562 Petrum,
586 1499 705 1553 constat
721 1510 759 1551 ex
775 1492 875 1551 vorbis
891 1493 1028 1568 proxime
1042 1510 1126 1570 prae·

432 1581 619 1642 cedentibus.
653 1579 754 1656 Atque
768 1597 832 1635 earo
849 1597 911 1636 rem
927 1577 1044 1655 liquido
1061 1596 1125 1657 pro-

429 1669 503 1729 bant
518 1666 724 1727 confessiones
739 1664 931 1734 Sanctorum,
958 1674 992 1722 ut
1007 1665 1127 1723 'l‘obiae

431 1757 576 1825 senioris,
599 1752 677 1812 Tob.
695 1753 738 1820 3.,
761 1752 850 1810 trium
867 1770 1033 1830 puerorum,
1048 1753 1125 1810 Dan.

434 1846 471 1912 3.,
485 1850 514 1901 et
526 1848 687 1918 martyrum
697 1837 949 1897 Machabaeorum
962 1837 1126 1897 2Msohab.

435 1931 462 1987 7.
505 1927 623 2005 Quibus
653 1923 770 1984 accedit
799 1924 885 1983 Pauli
916 1926 1126 1993 testimonium,

433 2014 511 2075 Eeb.
529 2018 596 2085 12,
623 2012 670 2071 his
685 2012 803 2071 verbis:
826 2014 922 2090 Quem
939 2011 1044 2085 dilipit
1060 2012 1128 2069 Do·

433 2103 549 2173 minus,
566 2103 717 2173 caelipet3
735 2099 877 2176 popellut
888 2105 992 2157 eutem
1003 2110 1128 2158 omnem

433 2188 548 2266 fllium,
564 2205 657 2263 quem
671 2187 791 2261 recipit.
830 2188 906 2260 Quis
928 2188 1011 2244 enim
1032 2183 1128 2260 tilius,

433 2293 525 2352 quem
548 2291 615 2335 non
642 2275 776 2347 corripit
794 2273 911 2348 puter?
933 2271 1027 2342 Vide,
1050 2290 1130 2351 quae

431 2361 464 2421 iu
480 2380 547 2420 enm
563 2360 676 2431 locum,
699 2366 729 2418 et
745 2361 775 2419 in
799 2359 925 2418 alterum
943 2359 1083 2418 2'I'hoes.
1102 2363 1128 2417 1.

434 2449 622 2508 commentati
640 2464 756 2517 sumus,
779 2454 812 2504 et
826 2465 903 2525 quas
918 2447 948 2505 in
965 2446 1053 2524 hujus
1072 2445 1128 2504 loci

433 2535 648 2595 commentario
674 2532 776 2592 scribit
798 2530 933 2592 Joennes
956 2533 1127 2592 Hesssiius.

476 2623 511 2683 Si
525 2629 632 2681 autem
647 2622 787 2696 primum
804 2638 824 2677 a
838 2619 943 2690 nobie,
972 2622 1043 2695 quia
1057 2619 1130 2694 {intr

433 2727 562 2780 eorum,
585 2709 641 2783 qui
663 2725 730 2767 nors
752 2706 887 2766 credunt
905 2708 964 2765 Dei
979 2707 1129 2781 Euenus·

963 616 1199 674 commentus
1215 617 1247 672 lli
1264 618 1331 673 GAP.
1348 618 1388 673 w.

1179 798 1223 856 eit
1244 797 1389 857 Dominus
1414 815 1470 875 por
1495 795 1662 859 Jeremiam
1688 795 1867 876 Propheta,

1180 903 1244 962 esp.
1262 884 1329 943 au:
1345 885 1424 944 Eece
1439 887 1637 958 incivitate,
1653 885 1868 960 iapuuieuo·
1916 906 1918 969 g

1180 978 1284 1030 catum
1302 978 1345 1032 est
1362 988 1480 1030 nomen
1503 989 1626 1045 meum,
1650 987 1712 1046 epu
1727 973 1868 1047 incipitur

1180 1057 1343 1136 aspipere5
1375 1064 1404 1116 et
1432 1075 1489 1117 uos
1513 1061 1607 1134 quusi
1636 1061 1870 1118 innocense

1179 1147 1336 1205 immunes
1358 1144 1468 1204 eritis?
1499 1146 1571 1205 Non
1599 1147 1692 1204 eritis
1718 1147 1870 1203 immunes

1180 1230 1222 1290 Et
1238 1252 1302 1311 esp.
1319 1235 1385 1293 49.:
1411 1232 1507 1300 Este,
1528 1231 1643 1308 quibust
1657 1249 1731 1292 nott
1746 1234 1871 1303 Mit-

1181 1319 1315 1392 dicium,
1342 1325 1379 1377 ut
1404 1318 1546 1379 biberent
1570 1319 1725 1391 cul-icem,
1746 1317 1871 1378 &beuter

1181 1406 1303 1482 bibent5
1316 1412 1345 1464 et
1355 1413 1392 1464 ter
1402 1408 1494 1481 queri
1504 1405 1871 1481 innoeemrelirrqueriri

1182 1493 1254 1553 Non
1269 1496 1331 1553 eris
1344 1495 1497 1552 inuocem
1505 1537 1514 1567 ,
1530 1493 1583 1552 aed
1598 1492 1711 1553 biberas
1726 1492 1817 1552 biber.

1226 1584 1274 1641 18.
1298 1581 1342 1641 Εἰ
1356 1581 1382 1638 si
1393 1582 1497 1652 iustus
1517 1582 1573 1640 uir
1595 1580 1798 1652 salvabitur,
1818 1580 1871 1636 irs·

1179 1670 1255 1743 pius
1270 1673 1299 1727 et
1312 1673 1461 1742 peccator
1482 1666 1538 1726 uiri
1551 1666 1743 1741 parebunt?
1765 1665 1871 1728 &lue-
1916 1662 1918 1667 ’

1182 1754 1285 1828 bitur,
1309 1752 1440 1814 Graece:
1465 1746 1618 1827 σώζεται,
1640 1755 1809 1826 salvatur,
1828 1771 1871 1811 an

1181 1850 1291 1901 nuente
1314 1840 1404 1919 Syro.
1441 1839 1531 1918 Quod
1558 1841 1647 1900 stiam
1677 1841 1710 1901 in
1734 1837 1872 1901 nonnulb

1182 1937 1229 1986 est
1252 1927 1385 1998 Latinis,
1416 1935 1446 1985 et
1471 1925 1551 2007 apud
1577 1926 1777 1987 Salomonem
1795 1927 1873 2005 jure

1182 2015 1281 2075 LXX.
1305 2013 1602 2089 legiturPror.11.,
1625 2033 1664 2074 ex
1689 2033 1753 2094 quo
1768 2011 1872 2073 derum·

1183 2102 1222 2160 sit
1237 2101 1311 2160 haec
1331 2098 1424 2158 verba
1439 2100 1473 2160 B.
1491 2100 1606 2160 Petrus.
1643 2099 1873 2178 Augustinueia

1183 2208 1276 2249 enarr.
1293 2185 1404 2246 Psalm.
1421 2188 1450 2246 6.
1466 2187 1555 2266 legit:
1578 2188 1623 2248 Et
1640 2190 1670 2247 ri
1686 2191 1797 2261 justu
1810 2187 1872 2263 ptri·

1183 2275 1252 2335 dem
1268 2277 1324 2334 vie·
1338 2273 1444 2333 salvus
1458 2274 1512 2350 llis·
1528 2272 1618 2334 alibi:
1633 2275 1746 2335 ralvue
1761 2276 1829 2334 erit

1226 2360 1389 2422 Caeterum
1417 2360 1595 2436 parebunt,
1626 2359 1706 2421 dixit
1735 2362 1874 2438 intepre

1183 2467 1252 2528 pro:
1279 2448 1507 2521 comparebunt
1521 2446 1571 2506 vel
1585 2448 1815 2523 apparebunt,
1830 2464 1874 2527 pre

1183 2554 1243 2614 qno
1275 2534 1391 2594 Grecre
1420 2543 1484 2594 est:
1521 2534 1685 2610 φανεῖται,
1724 2532 1874 2614 singulare

1182 2620 1394 2697 comparebit,-
1411 2628 1444 2680 nt
1459 2620 1628 2699 intelligas,
1647 2620 1784 2682 eundem
1798 2618 1873 2682 intel

1182 2708 1236 2787 ligi
1259 2709 1384 2785 impium
1407 2715 1437 2767 et
1451 2716 1655 2787 peccatorem,
1679 2706 1711 2767 id
1731 2705 1874 2769 etthoni-

434 2796 502 2856 iio?
518 2795 658 2867 Eorum,
677 2795 733 2868 qui
748 2811 815 2853 nors
829 2793 979 2867 eredunt,
997 2792 1129 2854 Graece:
1182 2814 1251 2855 nem
1277 2813 1333 2873 per
1355 2813 1411 2853 sua
1436 2804 1563 2874 peccota
1590 2813 1610 2853 a
1635 2794 1708 2855 Deo
1730 2812 1874 2866 everam

434 2884 496 2941 τῶν
513 2873 734 2953 ἀπειθούντων,
751 2879 782 2939 id
799 2889 844 2941 est
859 2898 984 2953 comm,
1007 2882 1062 2957 qui
1076 2881 1130 2939 in·
1182 2879 1433 2962 quemadmodum
1460 2889 1491 2942 et
1515 2881 1631 2942 Paulus
1657 2880 1772 2943 eadem
1797 2897 1874 2942 reee-

435 2968 557 3031 oreduii
575 2967 669 3040 arem,
698 2969 753 3044 qui
778 2967 903 3028 eredere
917 2970 1042 3028 nolunt.
1076 2968 1132 3027 Eet
1182 2968 1254 3029 bula
1275 2988 1330 3048 pro
1353 2971 1531 3050 synonymis
1553 2970 1674 3048 accepit
1698 2970 1787 3030 Rom.
1803 2970 1875 3030 Μ

436 3060 513 3117 enirn
528 3074 625 3114 sermo
650 3055 689 3115 de
703 3055 756 3126 iis,
779 3055 830 3134 qui
849 3055 1047 3134 Evangelium
1071 3054 1130 3113 sibi
1183 3055 1266 3116 alibi.
1300 3054 1369 3114 Hac
1389 3057 1539 3116 sententia
1554 3055 1748 3133 paeneidem
1765 3054 1875 3124 dieitur,

434 3141 639 3224 praedicatum
655 3151 809 3216 respuunt.
848 3141 997 3219 Quodsi,
1024 3142 1130 3218 inquit,
1184 3142 1264 3223 qnod
1280 3147 1448 3219 superiore3
1464 3139 1875 3221 nisiquodemptmrpee

431 3234 576 3307 primum
603 3250 624 3289 o
646 3229 750 3302 nobie,
778 3227 807 3287 id
831 3236 876 3286 eet
897 3227 1052 3300 fidelibus,
1079 3228 1131 3303 qui
1184 3237 1274 3289 ector
1295 3227 1388 3287 latius
1415 3236 1514 3305 patet,
1540 3248 1632 3309 quam
1657 3248 1730 3290 reon
1755 3230 1876 3291 eredear

435 3334 538 3377 sumus
559 3315 664 3376 domus
684 3316 742 3376 Dei
765 3315 906 3394 (exponit
932 3318 1023 3387 enirn,
1050 3312 1131 3392 quod
1185 3318 1246 3377 Dei
1269 3316 1455 3391 Erumpeiio.
1489 3316 1567 3376 Nam
1591 3315 1703 3393 quibua
1724 3315 1802 3377 illud
1824 3334 1876 3376 noa

436 3402 529 3464 dixit:
546 3405 676 3463 adorno
692 3397 779 3475 Dei),
797 3402 930 3479 incipere
947 3403 1037 3462 debet
1049 3401 1129 3479 judi·
1185 3411 1233 3464 est
1247 3400 1466 3482 praedicatum,
1485 3412 1661 3482 pecestoree
1675 3403 1804 3482 quiden
1817 3411 1876 3464 au!

434 3491 530 3549 cium:
561 3490 630 3568 quis
659 3491 718 3549 erit
745 3489 815 3547 finis
844 3508 958 3560 eorum,
989 3491 1040 3569 qni
1071 3487 1131 3547 Dei
1185 3499 1216 3550 et
1245 3489 1343 3568 impii,
1373 3510 1432 3549 non
1462 3498 1563 3549 tamen
1588 3488 1810 3551 incredulitatis
1831 3487 1876 3550 td

437 3576 606 3655 Evangelio
627 3596 688 3635 non
704 3574 926 3653 acquiescunt?
943 3596 978 3636 ae
995 3578 1020 3635 si
1035 3574 1131 3634 dieat:
1186 3577 1311 3652 Sumpta
1327 3577 1476 3637 sententia
1491 3590 1538 3636 est
1553 3595 1593 3637 ex
1607 3575 1787 3637 Proverbiis
1800 3575 1873 3638 erto

437 3664 470 3724 Si
487 3665 571 3722 Deus
588 3664 714 3742 primurn
730 3662 808 3721 filios
823 3670 855 3720 st
866 3662 1045 3722 domesticos
1061 3680 1132 3721 suos
1185 3664 1296 3734 monis,
1314 3671 1348 3722 ut
1363 3662 1440 3735 dixi,
1464 3683 1530 3742 cap.
1547 3666 1597 3724 11.
1610 3664 1703 3741 juxta
1717 3665 1875 3726 nnuma

436 3750 586 3828 flagellet,
603 3752 709 3828 ntique
724 3749 763 3808 ed
779 3749 1033 3824 emendationem
1058 3747 1131 3823 qnid
1185 3749 1285 3810 LXX.

436 3838 559 3898 tandem
573 3836 705 3897 futurum
730 3843 776 3896 est
798 3837 904 3896 alienis
927 3835 1087 3896 incredulis
1102 3844 1133 3894 et
1230 3838 1422 3916 Quamquam
1438 3834 1577 3897 Hebraea
1599 3856 1691 3897 sensu
1717 3858 1778 3899 non
1802 3836 1875 3897 dide

437 3925 578 3996 inimicis,
599 3944 722 4004 quorum
741 3924 853 4003 justam
880 3925 1064 3999 punitionem
1087 3923 1130 3982 in·
1185 3935 1263 3984 runt.
1288 3923 1338 3984 Sic
1354 3925 1433 3983 euim
1449 3922 1574 3993 habent,
1593 3925 1764 4003 interprete
1778 3924 1875 3985 ffioeo

437 4013 523 4069 terim
547 4010 662 4080 differt,
682 4012 760 4069 utin
784 4009 843 4068 fine
865 4019 956 4069 totam
973 4029 1064 4090 super
1078 4029 1132 4070 eos
1186 4030 1294 4089 nymoz
1310 4012 1456 4085 Sijustus
1467 4013 1503 4070 in
1515 4019 1602 4071 terre
1614 4012 1732 4087 recipit
1738 4034 1751 4087 ,-
1766 4015 1876 4089 quoae

436 4097 510 4155 iram
526 4117 609 4157 suam
634 4095 790 4157 effundet?
812 4095 1000 4175 Significatio
1016 4104 1131 4156 sotter·
1185 4099 1288 4172 mepta
1309 4099 1478 4172 impiaret
1499 4098 1671 4174 peccator?
1698 4098 1780 4157 Nam
1805 4094 1877 4177 quod

436 4180 533 4243 ribilis
544 4183 650 4262 judicii
668 4185 723 4244 Dei
747 4185 778 4243 in
801 4186 907 4262 impios
926 4193 956 4244 et
971 4183 1131 4262 Evangelii
1187 4182 1360 4245 Chaldaeus
1383 4185 1595 4266 paraphrastes
1617 4192 1648 4244 st
1662 4184 1798 4245 Rabbini
1820 4184 1876 4261 qui·

439 4277 652 4348 contemporrs.
699 4269 788 4346 Quod
815 4271 936 4349 quidem
967 4269 1082 4331 Paulus
1114 4275 1133 4331 2
1187 4273 1254 4330 dam
1278 4273 1308 4330 in
1331 4273 1424 4350 priori
1444 4270 1577 4331 membro
1603 4275 1819 4347 receptiorem
1842 4271 1877 4329 ir

437 4354 548 4416 Thess.
567 4362 593 4416 1.
610 4356 752 4416 describit
773 4355 918 4418 futurum:
942 4362 978 4418 iro
1000 4360 1133 4437 flumme
1186 4357 1325 4436 telligunt
1346 4357 1572 4418 retributionem
1594 4357 1759 4429 bonorum,
1783 4366 1877 4437 utpute

437 4446 522 4519 tynis
536 4444 645 4504 duritie
661 4443 851 4516 vindictum,
868 4453 921 4504 eto.
957 4446 1064 4504 Petrus
1079 4462 1131 4501 su·
1183 4444 1269 4523 justo
1284 4463 1338 4522 pro
1353 4444 1494 4523 operibus
1506 4445 1645 4522 justitias
1666 4444 1818 4516 debitam,
1837 4461 1876 4501 sa·

437 4538 498 4589 tem
529 4529 742 4607 interrogando
773 4540 804 4589 ct
834 4529 1007 4590 admirando
1037 4531 1133 4608 magis
1187 4532 1227 4591 tie
1248 4549 1286 4590 ex
1308 4548 1345 4589 eo
1367 4531 1529 4602 refellitur,
1551 4529 1634 4610 quod
1657 4530 1877 4611 argumento.

438 4627 611 4697 exaggeret.
650 4618 689 4676 Et
710 4618 785 4677 bene
804 4616 898 4691 finem
922 4615 992 4676 dicit
1011 4635 1133 4690 eorum,
1187 4636 1278 4696 quam
1309 4638 1327 4675 a
1357 4619 1464 4677 minori
1493 4617 1567 4678 iacit
1596 4618 1744 4697 Sapiens,
1782 4636 1877 4699 perun

439 4704 511 4780 qnia
525 4704 593 4774 filii,
608 4702 737 4784 flagellis
753 4700 862 4763 eruditi
878 4711 908 4763 et
923 4705 1061 4772 correcti,
1080 4723 1133 4782 pa·
1187 4705 1292 4765 efficax
1319 4702 1405 4764 toret.
1439 4705 1507 4765 Non
1533 4706 1611 4764 enim
1639 4708 1743 4765 minus
1768 4703 1877 4765 videtur

437 4798 551 4849 ternam
573 4792 603 4850 in
625 4792 685 4850 fine
707 4791 873 4870 percipient
898 4790 1133 4865 haereditatem
1185 4810 1331 4870 aequum,
1351 4792 1436 4867 justo
1457 4790 1541 4850 reddi
1555 4791 1730 4852 mercedem
1742 4793 1877 4871 juttititt

438 4876 596 4953 impiorum
611 4896 684 4937 reru
707 4877 774 4936 linio
798 4886 830 4934 et
851 4876 945 4937 veluti
963 4875 1135 4937 haereditas
1186 4897 1276 4958 quern
1301 4877 1394 4955 impio
1413 4876 1577 4937 mercedem
1600 4877 1783 4955 injustitiae
1818 4877 1877 4956 Qu

438 4970 484 5020 est
498 4964 529 5022 in
544 4964 620 5041 ipsis
634 4964 792 5022 tormentis
809 4981 972 5045 numquam
988 4962 1133 5024 finiendis.
1185 4965 1305 5025 ratione
1327 4962 1493 5024 Jansenius
1513 4962 1597 5024 illurn
1612 4966 1819 5027 Rabbinorum
1840 4963 1875 5024 ir

439 5045 516 5113 cun
539 5050 598 5110 isto
619 5049 686 5111 loco
700 5048 736 5111 B.
753 5049 836 5110 Petri
859 5052 1026 5125 consentit,
1052 5047 1133 5134 quod
1185 5047 1429 5134 terpretationem
1443 5050 1549 5131 rejicit
1579 5050 1677 5120 carta
1691 5053 1731 5117 de
1744 5053 1874 5120 mbr·
