4442 5825
823 608 986 665 usurum
1002 610 1043 664 eu
1061 608 1226 666 multus
1261 608 1346 664 lm.
1367 610 1406 665 lt).
1736 619 1809 690 149

373 785 402 846 de
416 804 476 866 quo
492 784 604 864 legitur
618 783 694 847 Gen.
709 786 768 859 14,
783 783 865 866 quod
875 785 998 865 protulit
1008 805 1060 867 pa·
1117 787 1166 847 Tu
1181 805 1212 847 es
1225 786 1370 848 sacerdos
1388 789 1425 848 io
1447 793 1614 849 emersum
1636 787 1810 850 reundum

372 892 429 931 nem
445 881 474 931 et
490 873 609 946 sinum,
631 873 772 932 nimirum
794 871 936 933 sacrificii
959 891 1060 945 cansa
1113 871 1258 934 ordinem
1288 873 1509 934 Melchisedech
1515 896 1527 950 ,·
1566 882 1660 954 atque
1693 894 1732 934 ex
1760 875 1808 950 iis,

369 970 523 1038 propterea
540 956 623 1039 quod
642 965 722 1019 esset
739 959 881 1020 sacerdos
898 957 959 1018 Dei
977 957 1059 1021 altis·
1111 976 1191 1038 quae
1212 957 1368 1039 Scriptura
1392 959 1431 1020 de
1458 958 1683 1021 Melchisedech
1708 959 1807 1035 trcdit,

368 1047 436 1116 simi,
452 1063 564 1124 gerens
587 1048 619 1106 in
634 1063 666 1104 se
682 1053 788 1124 typum
803 1041 934 1120 Christi3
965 1052 1059 1105 totum
1111 1042 1227 1105 Christi
1243 1044 1407 1106 sacerdotis
1429 1046 1623 1108 eminentiam
1643 1065 1733 1125 supra
1748 1045 1807 1108 Ire·

367 1130 414 1191 boc
422 1140 565 1192 evertere
577 1130 889 1209 nituntnrbnjosmodi
901 1149 1057 1209 argumen·
1110 1131 1218 1191 viticos
1248 1130 1421 1192 sacerdotes
1451 1129 1590 1193 ostendit.
1631 1131 1704 1193 Huc
1733 1150 1805 1212 ergo

367 1228 402 1276 to:
442 1217 610 1292 Nimirum,
633 1214 754 1297 quodsi
776 1217 808 1276 in
825 1216 877 1278 illa
907 1215 1058 1278 oblatione
1109 1217 1289 1296 pertinebat,
1305 1226 1340 1277 ut
1353 1217 1475 1291 dicerm,
1490 1215 1712 1279 Melchisedech
1725 1216 1805 1279 deoi-

366 1302 585 1364 Melchisedech
593 1303 768 1382 mysterium
783 1302 905 1384 aliquod
918 1311 981 1362 orat
991 1322 1056 1382 per
1109 1322 1173 1362 mss
1189 1306 1346 1382 accepisse
1365 1304 1405 1364 ab
1419 1303 1588 1378 Abraham,
1615 1311 1648 1364 et
1670 1305 1698 1364 ei
1712 1301 1818 1366 bene·

306 1396 309 1447 Ξ
366 1392 457 1450 tinent
471 1388 637 1450 adchristi
647 1388 1057 1470 sacerdotiumneqnaqusm
1109 1386 1229 1450 dixisse.
1267 1391 1328 1452 Per
1349 1389 1407 1450 hoe
1428 1391 1508 1452 enirn
1528 1389 1696 1452 ostenditur
1709 1390 1806 1470 major

366 1475 387 1534 id
401 1476 459 1535 boc
473 1477 543 1537 loco
559 1475 807 1556 praetermisisset
817 1475 992 1554 Apostolus,
1003 1476 1056 1555 qui
1109 1475 1174 1554 ipso
1190 1476 1353 1551 Abraham,
1368 1483 1399 1536 et
1414 1475 1491 1537 hesi
1505 1484 1672 1557 pronepote
1684 1477 1753 1555 ejus
1767 1496 1805 1540 so

365 1563 424 1634 clia,
441 1565 474 1621 in
490 1562 601 1643 quibus
612 1564 702 1624 etiem
716 1562 814 1621 minus
831 1568 897 1621 erat
906 1562 1056 1634 momenti,
1108 1569 1171 1621 tota
1186 1563 1323 1623 Levitico
1337 1563 1433 1637 tribn3
1449 1564 1528 1623 sicut
1542 1582 1580 1624 ex
1599 1561 1803 1641 superioribus

365 1649 454 1728 inquit
470 1647 636 1720 Celsinus,
662 1657 803 1708 accurate
817 1649 909 1719 adeo,
936 1667 972 1709 sc
988 1667 1053 1728 pro·
1107 1656 1203 1726 patet.
1236 1647 1352 1711 Eodem
1374 1658 1506 1728 spectet,
1531 1648 1613 1731 quod
1635 1668 1744 1710 nornen
1760 1649 1803 1730 ip-

366 1733 519 1813 pemodum
536 1735 711 1814 scrupulose
726 1735 847 1795 excutit.
1107 1736 1170 1794 sius
1185 1744 1214 1794 et
1229 1754 1337 1796 nomen
1348 1735 1502 1810 civitatis,
1525 1737 1633 1816 inque
1649 1733 1805 1814 regnubul,

308 1846 311 1869 ι
399 1822 443 1895 Ut
468 1821 527 1881 hoc
549 1830 758 1900 argumentum
780 1819 946 1894 refelletur,
972 1820 1055 1901 quod
1106 1822 1327 1901 interpretatur.
1349 1820 1494 1902 Denique
1509 1819 1590 1901 qnod
1604 1820 1706 1894 docet,
1729 1840 1802 1902 quo·

367 1916 403 1967 ast
432 1908 472 1968 ab
501 1910 680 1969 anctoritate
709 1909 899 1985 negativum,
937 1915 1053 1969 tantum
1105 1905 1263 1969 dammodo
1284 1917 1438 1969 aeternum
1454 1909 1553 1969 luisse.
1591 1907 1701 1969 Valent
1722 1907 1802 1971 enirn

368 2014 434 2074 opus
445 2002 499 2066 est,
514 2003 548 2054 ut
562 1996 709 2055 rationem
723 1992 891 2066 reddamus,
907 2014 960 2053 cur
971 1994 1051 2074 Apo·
1105 1992 1178 2053 hoec
1194 1997 1293 2055 omnis
1317 1993 1356 2053 ed
1375 1992 1638 2056 demonstrandam
1653 1993 1801 2057 excelleu-

367 2080 448 2141 stolns
471 2079 634 2142 oblationis
664 2080 746 2141 illius
767 2082 947 2139 mentionem
981 2083 1051 2141 omi·
1104 2080 1179 2140 tiam
1193 2079 1307 2142 Christi
1323 2101 1415 2161 supro
1428 2080 1601 2142 sacerdotes
1615 2081 1778 2142 Leviticos.

367 2171 428 2228 serit
454 2165 609 2227 hocloco.
645 2166 705 2228 Ubi
731 2167 856 2247 primunr
878 2167 1051 2246 respondeo,
1148 2165 1237 2245 Quod
1255 2187 1326 2228 uero
1341 2166 1564 2228 Melchisedech
1585 2187 1695 2247 panem
1713 2176 1744 2228 et
1758 2168 1803 2228 ui·

310 2282 312 2307 ÷
367 2274 409 2313 nos
429 2255 494 2333 jam
523 2252 636 2313 dudum
661 2272 701 2313 ex
728 2253 874 2332 Apostolo
900 2251 1051 2326 didicisse,
1103 2271 1174 2314 num
1190 2252 1332 2315 obtulisse
1346 2253 1472 2333 legitur,
1498 2254 1556 2313 tels
1578 2272 1637 2315 non
1661 2261 1739 2327 eret,
1763 2271 1801 2315 ex

369 2361 414 2402 non
429 2340 526 2401 solum
540 2340 570 2400 in
582 2341 683 2401 serbis
694 2339 876 2420 scripturae,
891 2337 947 2400 sed
959 2341 1049 2399 inter·
1103 2358 1164 2418 quo
1187 2348 1289 2422 posset
1310 2348 1515 2418 argumentum
1544 2338 1700 2418 probabile
1721 2340 1802 2401 sumi

311 2446 313 2495 i
368 2426 530 2487 tumeliam
546 2427 709 2487 insilentio
725 2429 901 2504 mysterium
917 2425 1039 2486 subesse
1102 2425 1337 2505 praecellentiae
1360 2427 1426 2506 ejus
1448 2446 1542 2507 suprs
1567 2424 1742 2487 sacerdotes
1757 2424 1798 2485 le·

311 2508 313 2513 ’
368 2510 434 2573 Sicut
456 2533 528 2594 ergo
550 2513 699 2574 silentium
718 2512 798 2572 Mosi
819 2511 858 2572 de
879 2513 1049 2586 nativitate,
1101 2513 1167 2590 gin,
1182 2523 1243 2574 tum
1260 2515 1348 2592 quia,
1365 2515 1390 2573 si
1407 2531 1456 2573 res
1472 2513 1503 2572 in
1518 2532 1552 2574 se
1564 2517 1722 2593 spectetur,
1739 2530 1800 2573 non

367 2609 454 2674 none,
470 2600 645 2681 parentibus
659 2619 695 2659 sc
706 2618 816 2679 genere
828 2598 1050 2660 Melchisedech
1102 2601 1200 2680 majus
1216 2615 1262 2661 est
1278 2599 1383 2661 offerre
1399 2618 1506 2678 panem
1521 2609 1553 2661 et
1568 2601 1669 2659 vinum
1678 2640 1687 2672 ‚
1705 2617 1798 2678 quum

311 2706 313 2715 ·
366 2706 412 2745 non
434 2694 516 2748 caret
537 2689 697 2765 mysterio:
730 2687 771 2746 its
793 2684 934 2759 dicimus,
961 2686 1049 2747 sileu·
1101 2689 1269 2750 sacrificare
1291 2687 1363 2748 viva
1385 2685 1542 2763 animulis3
1572 2695 1635 2747 tum
1657 2685 1800 2766 quonism

365 2774 425 2833 tium
442 2773 532 2833 Pauli
547 2772 586 2833 de
600 2793 680 2855 pane
696 2779 727 2834 et
743 2773 829 2846 sino,
856 2793 875 2832 a
889 2772 1048 2834 Melchise·
1102 2782 1132 2834 et
1153 2775 1293 2837 huronici
1315 2771 1486 2835 sacerdotes
1515 2770 1680 2835 secundnm
1701 2771 1799 2851 legem

363 2857 425 2921 lech
453 2860 571 2933 oblato,
601 2881 661 2922 non
687 2878 788 2921 carere
808 2859 977 2939 justissime
1003 2880 1047 2921 ru
1101 2861 1266 2924 offerebant
1281 2858 1431 2942 quaedum
1453 2859 1609 2940 ejusmodi.
1648 2856 1718 2922 Non
1732 2872 1797 2922 erat

362 2949 443 3008 tione
482 2947 586 3028 Quare
609 2950 660 3029 qui
684 2967 721 3007 ex
744 2946 801 3006 boc
820 2945 908 3008 Pauli
931 2947 1048 3009 silentio
1101 2970 1188 3031 ergo,
1213 2968 1264 3009 cur
1284 2948 1448 3028 Apostolus
1470 2947 1510 3011 de
1533 2966 1613 3027 pane
1637 2956 1669 3007 et
1690 2947 1763 3009 vino
1778 2968 1799 3010 u

360 3044 487 3095 sernum
502 3054 630 3094 errorem
644 3054 741 3107 snum,
757 3052 816 3114 qno
828 3045 941 3114 negent
956 3034 1046 3096 sacri·
1099 3034 1323 3097 Melchisedech
1334 3033 1441 3095 oblatis
1450 3036 1599 3115 ingereret
1606 3035 1795 3096 mentionem.

358 3122 447 3181 icium
462 3122 591 3194 Missae,
617 3143 676 3181 non
698 3121 859 3183 dissimiles
881 3133 950 3182 sunt
973 3124 1046 3182 anti·
1100 3123 1183 3203 Quin
1197 3124 1312 3202 potius,
1329 3131 1363 3182 ut
1377 3143 1443 3183 cam
1459 3142 1521 3183 rem
1536 3121 1658 3183 silentio
1673 3129 1795 3200 tegeret

356 3210 417 3287 quis
441 3208 619 3281 haereticis,
642 3210 695 3289 qui
719 3227 758 3267 ex
782 3218 946 3269 memorato
967 3208 1047 3268 Mosi
1099 3209 1194 3270 altera
1219 3210 1313 3281 ratio,
1345 3228 1435 3287 quam
1467 3208 1608 3288 promisi,
1638 3207 1794 3269 suadebat

355 3295 468 3355 silentio
500 3293 696 3375 colligebant,
728 3293 951 3356 Melchisedech
981 3313 1047 3356 esse
1099 3298 1219 3357 Etenim
1239 3294 1413 3355 sucrificium
1437 3297 1569 3375 corporis
1592 3304 1622 3354 et
1642 3295 1796 3371 sanguinis

354 3382 397 3443 rel
413 3382 476 3443 Dei
491 3382 622 3456 Filium,
637 3383 686 3442 uel
701 3380 844 3461 Spiritum
859 3391 1002 3443 sanctum.
1099 3383 1238 3458 Domini,
1261 3381 1343 3461 quod
1356 3381 1410 3442 ills
1429 3383 1527 3462 prisca
1542 3380 1693 3442 oblatione
1708 3381 1794 3458 punis

390 3470 488 3529 Porro
503 3471 650 3543 rationes,
674 3488 728 3529 cur
742 3467 782 3527 do
797 3469 944 3533 sacrificio
960 3469 1047 3549 panis
1099 3470 1207 3530 etvini
1222 3470 1456 3548 praefiguratum
1471 3476 1524 3541 est,
1539 3467 1716 3546 mysterium
1732 3474 1797 3528 arat

352 3564 377 3616 st
404 3557 470 3616 vini
505 3556 632 3615 tacuerit
657 3555 835 3636 Apostolus,
862 3565 932 3617 sunt
958 3555 1045 3616 duae.
1097 3556 1255 3620 sublimius
1271 3564 1302 3616 et
1320 3558 1481 3629 secretins,
1504 3572 1595 3635 quem
1617 3551 1698 3633 qnod
1712 3555 1793 3633 Apo·

350 3642 434 3704 Prior
461 3649 494 3703 et
519 3643 697 3721 praecipue,
723 3643 797 3722 qnia
826 3644 937 3704 mentio
965 3642 1047 3704 illius
1097 3644 1192 3706 stolus
1204 3642 1356 3721 judicaret
1376 3642 1469 3703 literis
1492 3637 1733 3703 committendum
1749 3642 1793 3701 si·

350 3729 492 3791 sscrilicii
506 3728 581 3789 nihil
603 3727 737 3790 iaciebat
754 3728 794 3788 sd
808 3729 947 3810 Apostoli
961 3730 1044 3790 iusti·
1098 3730 1210 3793 delicet
1236 3730 1438 3810 perventuris,
1467 3737 1500 3788 nt
1525 3735 1591 3788 erat
1620 3726 1794 3802 uerisimile,

348 3826 455 3876 tntum.
488 3814 639 3894 Quoniam
653 3817 731 3876 enim
746 3816 893 3890 Hebraei,
915 3814 954 3876 ad
971 3835 1046 3896 quos
1097 3820 1189 3879 etiam
1206 3816 1245 3878 ed
1261 3816 1398 3879 Judeeos
1411 3814 1554 3887 infideles,
1570 3833 1646 3894 quos
1661 3810 1700 3874 ad
1712 3812 1792 3876 Phil

349 3904 470 3976 scribit,
497 3902 712 3982 quamvisjam
726 3900 816 3962 fidem
831 3902 980 3983 amplexi,
1002 3910 1046 3962 tu·
1099 3910 1128 3968 3.
1144 3922 1237 3965 conce
1260 3902 1401 3984 appellat
1434 3902 1587 3981 Scriptum
1607 3910 1653 3961 est
1677 3908 1794 3961 autem:

348 4010 416 4051 men
424 3987 525 4049 cdhsm
536 3990 567 4049 in
579 3990 675 4070 pretio
683 3986 837 4049 meabant
847 3986 1046 4050 sacerdotium
1097 3992 1204 4053 Nolite
1218 3998 1363 4051 sunctum
1377 3990 1456 4050 dore
1471 3986 1601 4050 cunibus
1607 4032 1618 4063 ,
1642 3986 1747 4048 Matth.
1766 3988 1794 4048 7.

348 4076 534 4148 Leviticum,
562 4085 592 4137 et
606 4076 645 4135 ab
668 4076 733 4154 ejus
751 4076 912 4136 ministerio
928 4094 983 4156 per
999 4095 1044 4137 se·
1098 4079 1142 4138 Et
1154 4075 1269 4158 alioqui
1284 4086 1413 4151 constat,
1439 4075 1594 4137 Ecclesiae
1616 4076 1793 4155 primitivae

347 4164 464 4223 crificia
473 4163 679 4242 purgationem
689 4170 879 4241 peccatorum
888 4171 1045 4244 exspecta·
1098 4183 1237 4244 proceres
1263 4164 1394 4226 sollicite
1423 4164 1555 4237 sachso,
1585 4183 1624 4224 ne
1649 4162 1793 4244 myrtetis

347 4248 434 4322 bont,
459 4247 591 4310 studium
612 4248 751 4328 Apostoli
774 4258 835 4325 est,
862 4270 916 4311 eos
939 4248 1046 4311 abillo
1098 4250 1289 4313 Christianae
1319 4251 1472 4332 religionis
1501 4245 1591 4327 (inter
1627 4269 1706 4332 quse
1734 4248 1793 4310 hoc

346 4337 465 4399 infirmo
477 4336 604 4415 jamque
618 4337 701 4397 inani
712 4334 879 4397 sacerdotio
894 4356 1046 4409 reuocare,
1098 4337 1309 4401 Eucharistiae
1329 4346 1548 4399 sacromentum
1569 4345 1600 4397 et
1614 4336 1793 4398 sucrificium

346 4431 441 4504 atque
470 4421 510 4482 ud
536 4421 652 4484 Christi
678 4423 894 4496 sacerdotium,
924 4433 955 4485 et
983 4425 1045 4486 rim
1098 4444 1217 4504 semper
1245 4427 1372 4505 primum
1403 4432 1435 4484 et
1463 4422 1623 4483 maximum
1660 4422 1792 4484 habitum

347 4510 415 4591 ejns
428 4508 652 4589 agnoscendam
665 4508 822 4573 adducere.
845 4510 942 4570 Mults
956 4511 1046 4591 igitur
1098 4510 1166 4589 suit)
1182 4511 1360 4585 infidelibus,
1377 4520 1406 4572 et
1419 4529 1479 4572 non
1495 4510 1619 4571 initiatis
1631 4508 1792 4589 proderen-

346 4594 504 4677 praeietua
519 4597 551 4657 in
574 4596 821 4676 praecedentibus
843 4596 881 4658 de
896 4597 1044 4660 excelleu-
1097 4609 1154 4659 tur.
1175 4598 1276 4662 ·Unde
1292 4602 1382 4660 toties
1397 4607 1443 4659 est
1462 4596 1538 4657 illud
1554 4595 1636 4675 apud
1650 4593 1791 4673 Augusti·

346 4685 389 4744 tiu
404 4701 553 4764 personae
569 4682 696 4754 Christi,
714 4683 835 4744 tandem
851 4683 891 4744 ad
906 4684 1044 4745 secerdo-
1098 4705 1181 4759 num,
1209 4696 1241 4746 st
1263 4686 1338 4748 alios
1361 4692 1497 4746 veteres:
1524 4683 1652 4745 Norunt
1676 4680 1791 4758 pecto.
1908 4756 1911 4760 ¹

346 4771 420 4831 tium
435 4771 501 4850 ejus
517 4768 680 4831 descendit.
705 4768 800 4849 Cujus
818 4771 996 4853 dignitatem
1011 4777 1046 4831 ut
1097 4771 1144 4832 Oh
1161 4793 1251 4850 qnam
1273 4792 1396 4835 musam
1416 4790 1472 4832 nec
1491 4768 1598 4843 umbe,
1622 4767 1732 4848 quibus
1746 4788 1793 4832 st-

346 4856 551 4927 commeudet,
576 4856 689 4934 profert
711 4857 743 4917 in
757 4857 888 4919 madium
908 4856 1044 4920 sacerdo·
1097 4868 1247 4920 crementa
1261 4859 1470 4941 perficiuntur,
1493 4854 1582 4915 facile
1597 4857 1708 4934 scripto
1724 4876 1791 4937 pro·

348 4952 408 5005 tun
423 4941 646 5005 Melchisedech
669 4950 823 5025 tamquam
838 4955 944 5026 typum
960 4942 1044 5006 Chri·
1098 4945 1252 5021 lerebant,
1278 4946 1396 5007 etismsi
1416 4940 1581 5003 scriberent
1603 4941 1643 5002 ad
1669 4941 1792 5024 fideles3

346 5031 384 5092 sd
398 5027 585 5105 medem,
606 5037 642 5090 ut
666 5032 717 5092 eui
738 5028 849 5095 dictum
871 5033 912 5094 sit
925 5050 945 5094 a
958 5033 1044 5094 Deo:
1096 5039 1131 5094 ut
1144 5040 1264 5096 constat
1285 5050 1326 5096 ex
1339 5028 1489 5110 Dionysio
1512 5026 1618 5092 eccles.
1631 5026 1791 5098 Hierarch.
