4442 5825
818 626 980 684 memte!
997 626 1038 682 Ah
1056 626 1219 684 multoe
1254 628 1339 683 illlis
1358 630 1381 683 t.
1398 631 1424 683 t.
1740 636 1812 706 ιη

417 805 482 866 lion
494 822 624 867 sarm
642 808 797 880 ludentes
810 807 1060 885 fundamentum
1114 806 1266 870 mortifera
1281 815 1363 883 sunt,
1385 805 1418 867 id
1433 812 1488 880 est,
1503 814 1598 867 morte
1612 805 1721 886 digua:
1748 807 1814 870 Sli-

382 895 579 971 mitcntiue
608 894 651 954 ab
680 894 827 971 operibus
854 901 996 957 mortuis.
1028 895 1061 956 Si
1111 894 1269 973 pendium
1284 913 1423 972 suamquc
1437 898 1560 970 pcccati
1569 913 1666 970 mors,
1682 895 1769 955 Rom.
1782 894 1812 955 6.

381 997 526 1061 quatuor
546 982 680 1060 priorem
704 983 923 1062 expositionem
942 989 1061 1045 senteu-
1114 983 1164 1043 De
1179 984 1250 1043 solis
1268 985 1344 1043 enim
1369 982 1501 1060 peccatis
1516 980 1562 1040 hic
1578 983 1685 1060 agitur,
1708 1000 1812 1061 quem-

379 1066 658 1148 t'sepraeeedeutis,
674 1068 751 1130 haec
765 1088 834 1149 pars
850 1067 1061 1130 adHebraeos
1115 1069 1274 1130 admodum
1298 1077 1331 1129 et
1353 1089 1420 1148 cap.
1436 1072 1474 1140 9,
1502 1067 1555 1126 ubi
1576 1067 1657 1142 dicit,
1680 1071 1813 1144 scupet-

376 1151 518 1230 reioretur,
533 1162 567 1214 et
580 1173 687 1216 sensus
702 1156 777 1216 erit:
798 1153 870 1216 Nou
885 1175 1002 1217 rursum
1018 1156 1061 1216 in·
1115 1175 1187 1218 nem
1219 1158 1338 1219 Christi
1375 1155 1551 1215 emundare
1589 1159 1813 1217 conscientiam

374 1241 510 1302 mendi
533 1242 567 1301 in
587 1241 792 1303 fundamentis
814 1241 1002 1303 Christianae
1016 1258 1061 1301 re·
1114 1251 1259 1305 neuram
1274 1243 1316 1303 ob
1331 1242 1478 1318 operibus
1493 1245 1636 1301 mortuis.
1659 1242 1745 1302 Prior
1760 1261 1813 1302 eu-

373 1325 489 1408 igionis,
514 1346 595 1408 quas
610 1337 682 1389 snut
701 1331 890 1409 poenitentia
906 1337 961 1390 etc.
985 1328 1062 1390 Vel:
1115 1337 1177 1390 tem
1192 1331 1270 1390 ratio
1288 1327 1390 1389 multis
1405 1328 1552 1408 operibus,
1569 1347 1650 1407 quae
1665 1350 1727 1388 uon
1742 1337 1814 1389 eunt

371 1412 432 1475 hou
458 1415 562 1475 denuo
588 1423 734 1495 ponentes
762 1415 836 1475 haec
857 1415 1061 1488 fundamenta,
1115 1425 1248 1498 peccata,
1272 1419 1437 1476 communis
1460 1423 1516 1475 est.
1540 1414 1631 1476 Unde
1652 1435 1736 1476 suam
1759 1435 1810 1476 ex·

372 1502 436 1583 qula
460 1500 579 1562 dudum
601 1522 639 1563 ea
660 1503 816 1583 posuistis,
848 1511 878 1563 et
904 1524 964 1564 nou
991 1510 1062 1562 eunt
1114 1505 1295 1584 positionem
1317 1502 1347 1563 S.
1371 1503 1505 1562 Thomas
1528 1505 1671 1575 correxit,
1694 1511 1758 1562 tum
1781 1504 1813 1561 iu

372 1587 511 1649 insuda
539 1589 583 1648 At
602 1587 767 1650 meandum
790 1592 987 1670 posteriorem
1010 1609 1060 1650 ex-
1115 1598 1272 1650 comment.
1288 1607 1381 1669 super
1395 1588 1496 1649 serbis
1513 1590 1613 1649 citatis
1628 1593 1744 1670 cape,
1759 1588 1811 1649 uhi

372 1676 546 1757 positionem
573 1675 732 1756 pertinebit
753 1675 792 1737 cd
815 1676 1006 1758 Apostolum,
1028 1684 1062 1736 ut
1115 1694 1214 1753 opero
1226 1677 1814 1756 mortuointerpretaturpccccta,quee

373 1772 468 1823 tuus
483 1764 542 1824 sit:
568 1762 639 1823 Non
659 1782 774 1823 rursum
797 1763 884 1824 vobis
907 1763 1062 1824 tradentes
1114 1762 1225 1825 tollunt
1245 1763 1345 1824 Deum
1368 1763 1406 1822 ab
1430 1763 1538 1836 anima,
1566 1764 1651 1841 cujus
1678 1764 1743 1823 vita
1766 1771 1813 1823 est

375 1845 529 1911 betrinam
557 1848 711 1929 religionis
738 1849 925 1912 OErristiauee
955 1848 1061 1910 iauda-
1114 1869 1169 1931 per
1193 1852 1335 1912 unionem
1362 1851 1510 1926 cantatis3
1540 1857 1603 1909 tum
1634 1852 1665 1910 in
1690 1849 1813 1910 Summa

376 1937 533 2010 melem,
558 1955 638 2017 quae
659 1944 704 1998 est
719 1936 759 1997 de
781 1938 974 2017 poenitentia,
1000 1934 1062 1997 tide
1115 1937 1264 2018 l'heolog.
1280 1959 1309 2019 p.
1327 1941 1356 1999 3.
1371 1945 1488 2018 quaest.
1500 1939 1550 1999 89.
1566 1946 1621 1997 art.
1640 1939 1677 2010 6.,
1692 1937 1744 1997 ubi
1760 1935 1811 1997 do·

378 2028 439 2096 de,
459 2025 547 2105 quasi
569 2023 667 2084 dicat:
692 2024 781 2085 Ilaec
802 2025 889 2086 vobis
911 2025 949 2085 ab
975 2025 1061 2084 initio
1115 2032 1173 2100 eet,
1187 2035 1318 2106 utroque
1333 2023 1398 2085 loco
1409 2024 1565 2105 Epistulae
1579 2024 1619 2084 ad
1630 2024 1724 2101 Hebr.
1741 2043 1811 2102 pec-

381 2109 475 2170 hsiita
488 2120 571 2184 sunt,
593 2119 747 2192 tamquam
761 2111 960 2174 fundamenta
975 2112 1060 2191 spiri·
1115 2120 1181 2172 oeta
1205 2112 1266 2173 dici
1289 2129 1389 2189 opera
1412 2119 1540 2172 mortuo
1567 2111 1714 2185 effective,
1738 2112 1812 2191 quia

383 2196 457 2257 loslis
471 2197 611 2273 aedificii,
626 2218 683 2259 nec
697 2199 801 2259 iterum
815 2198 980 2276 tradenda3
1007 2196 1062 2260 sed
1115 2219 1208 2261 causa
1222 2208 1293 2260 suut
1306 2200 1427 2274 mortis3
1451 2207 1482 2257 et
1498 2217 1560 2257 nou
1582 2206 1698 2259 tantum
1712 2200 1812 2278 priva·

385 2282 464 2345 rhhis
487 2304 646 2366 assurgere
670 2284 786 2348 dehetis
803 2284 843 2347 ed
858 2287 974 2347 altiore.
998 2285 1061 2366 Qui
1114 2289 1186 2361 tire,
1208 2285 1292 2367 quod
1314 2287 1378 2345 vite
1403 2285 1552 2365 spirituali
1575 2292 1711 2361 careant3
1738 2303 1808 2364 quo

388 2387 470 2432 meus
491 2374 591 2453 magis
606 2371 717 2454 plecet.
742 2374 819 2433 Nam
834 2373 1061 2434 tundamentum
1115 2372 1202 2435 modo
1217 2374 1295 2451 ficies
1305 2375 1374 2433 sinc
1386 2370 1533 2448 opccihtss
1544 2379 1673 2432 mortuo
1688 2373 1811 2446 dicitur,

391 2474 474 2536 puero
496 2460 614 2521 doctori
636 2460 714 2521 solet
732 2459 869 2535 adscribi,
893 2481 953 2522 uon
975 2459 1061 2520 ‹lisci-
1116 2469 1147 2522 et
1161 2479 1374 2541 quaecumque
1387 2459 1463 2521 fiunt
1477 2468 1565 2520 extre
1579 2461 1747 2519 caritatem.

389 2543 447 2623 pulo,
471 2546 575 2609 lilor.
592 2551 638 2611 A:
670 2548 710 2608 Ut
730 2551 858 2624 sopiens
876 2549 1063 2610 architectus
1158 2550 1202 2609 Et
1224 2547 1299 2624 fidei
1314 2548 1358 2609 ud
1374 2548 1486 2607 Deum.
1510 2543 1636 2619 Graece,
1660 2536 1710 2604 ἐπὶ
1725 2538 1811 2621 θεὸν,

386 2631 614 2709 Momentum
627 2637 730 2711 posui.
1115 2637 1152 2695 iu
1183 2637 1306 2710 Deum,
1338 2633 1488 2716 quomodo
1514 2634 1588 2692 citat
1616 2635 1811 2719 Augustinus.

415 2719 597 2794 Notandum,
618 2723 714 2803 primo
736 2720 801 2782 loco
822 2722 969 2783 nominari
993 2740 1063 2801 poe·
1115 2722 1252 2802 Respicit
1266 2721 1305 2784 ad
1320 2722 1538 2804 professionem
1559 2721 1699 2800 symboli,
1722 2740 1812 2803 quam

385 2806 529 2884 meatim,
553 2807 804 2892 quemadmodum
819 2818 849 2870 et
862 2808 1009 2882 Christus,
1032 2817 1064 2868 et
1116 2807 1272 2871 faciebant
1286 2807 1467 2890 baptizandi,
1490 2807 1613 2882 sedita,
1635 2817 1670 2868 ut
1683 2811 1766 2888 prius
1779 2809 1811 2870 in

386 2910 548 2974 pteeunor
574 2897 641 2978 ejus
661 2918 679 2959 e
701 2898 904 2979 poeniteutiae
926 2895 1064 2958 doctrine
1117 2916 1154 2958 eo
1181 2896 1343 2979 diligenter
1368 2897 1607 2969 instituerentur,
1632 2903 1666 2955 ut
1690 2897 1809 2970 scirent,

384 2999 452 3044 nem
467 2983 719 3066 praedicationem
731 2984 814 3063 apud
825 2985 912 3046 unius
927 2985 987 3045 Dei
1002 2983 1064 3044 cul·
1117 2982 1188 3065 quid
1205 2984 1367 3046 crederent
1391 2983 1476 3044 Sicut
1489 2981 1604 3042 factum
1618 2982 1757 3044 videmus
1773 2982 1811 3042 ab

384 3073 449 3132 terte
471 3071 573 3134 exorsi
596 3080 672 3146 sunt,
694 3071 801 3132 Matth.
827 3076 855 3134 3.
872 3080 904 3133 et
919 3075 948 3133 4.
978 3069 1063 3130 Idem
1116 3071 1288 3150 Augustino
1312 3075 1343 3132 in
1365 3069 1456 3130 variis
1475 3070 1654 3131 tractatibus
1677 3071 1716 3131 ad
1731 3078 1808 3131 cate·

382 3149 616 3240 lecitApostolus
631 3158 739 3220 Petrus
753 3159 820 3218 Act.
838 3160 867 3219 2.
889 3160 947 3219 Est
960 3167 1062 3218 autem
1117 3157 1288 3219 chumenos.
1326 3157 1440 3218 Judaei
1466 3155 1606 3235 quidem,
1632 3160 1811 3238 priusquam

382 3259 463 3306 uuo
484 3244 525 3307 de
551 3245 660 3306 initiali
685 3264 740 3307 seu
766 3244 935 3325 baptismali
962 3245 1062 3324 poeni·
1116 3246 1254 3305 venirent
1279 3244 1317 3305 ed
1344 3243 1512 3315 Christum,
1542 3245 1572 3303 iu
1598 3263 1690 3306 uuum
1712 3245 1811 3305 Deum

382 3333 469 3407 tusis,
491 3331 525 3393 id
539 3340 594 3406 est,
618 3352 662 3407 ea,
683 3352 773 3413 quam
788 3329 961 3412 baptizandi
974 3331 1061 3412 profi·
1117 3329 1295 3408 credebant3
1312 3329 1366 3392 sed
1382 3329 1470 3390 fidem
1486 3328 1661 3391 distinctam
1676 3350 1743 3392 cum
1758 3350 1809 3390 ex·

383 3417 516 3482 untur.
537 3418 587 3481 De
612 3440 672 3501 que
693 3420 729 3480 Β.
753 3418 942 3498 Augustinus
961 3417 1062 3478 homil.
1116 3420 1273 3499 pressione
1294 3419 1383 3478 trium
1405 3434 1608 3497 personarum,
1630 3419 1709 3478 utin
1732 3436 1810 3496 sym·

383 3499 439 3566 te:
457 3508 579 3582 Omnis,
594 3508 701 3589 inquit,
718 3509 774 3585 qui
784 3509 854 3581 iam
870 3506 991 3566 orhitcc
1005 3523 1064 3566 vo·
1115 3505 1185 3565 bolo
1207 3504 1343 3577 traditur,
1364 3524 1424 3564 uon
1446 3503 1600 3564 tenebant.
1623 3504 1661 3565 Iu
1679 3503 1724 3564 his
1740 3523 1810 3582 ergo

382 3588 500 3657 waes
514 3613 591 3657 ωσι
605 3597 793 3657 concessere
809 3600 863 3668 cst,
887 3611 957 3654 cum
975 3609 1063 3653 cccc·
1117 3590 1324 3653 catechizandi
1347 3598 1445 3664 eraut,
1469 3591 1497 3649 si
1519 3591 1667 3670 baptizari
1690 3589 1811 3664 vellent,

382 3673 421 3740 ΙΙ
436 3681 479 3742 ed
497 3689 700 3745 aeramenta
720 3680 880 3760 fidelium,
907 3682 971 3741 uisi
993 3698 1062 3740 cum
1115 3687 1150 3739 ut
1164 3687 1194 3739 et
1209 3681 1240 3739 in
1256 3681 1302 3753 iis,
1318 3697 1398 3759 quae
1413 3676 1667 3740 suntdechristo
1681 3678 1810 3739 homine

381 3769 532 3842 micui
546 3770 634 3831 vitoe
648 3771 771 3844 scuris,
786 3786 903 3829 novom
919 3785 987 3828 non
1000 3784 1063 3843 po·
1116 3765 1210 3826 Porro
1226 3785 1319 3846 quum
1334 3766 1411 3843 fides
1425 3766 1605 3839 nominatur,
1622 3765 1707 3827 simul
1723 3764 1810 3826 intel·

382 3857 597 3919 Uiachoorc.
622 3857 671 3917 De
686 3855 743 3917 hec
761 3855 950 3937 poenitentia
965 3853 1063 3914 locum
1116 3852 1170 3933 ligi
1200 3851 1291 3913 debet
1315 3851 1455 3912 uoluntas
1482 3870 1520 3911 ea
1545 3855 1645 3912 omnia
1670 3851 1812 3925 faciendi,

382 3935 445 4004 hnc
459 3944 586 4026 exponit
601 3940 681 4005 idem
693 3943 879 4023 Augustinus
890 3939 940 4002 lib.
954 3939 993 4001 de
1002 3939 1063 4001 fide
1117 3957 1198 4020 quae
1218 3939 1294 4000 tides
1317 3939 1510 4019 praescribit,
1533 3937 1590 3998 hoc
1611 3948 1665 4013 est,
1686 3937 1812 4000 risendi

384 4033 496 4112 uapor.
512 4049 578 4113 cap.
596 4033 655 4106 11.,
678 4038 771 4110 atquo
787 4047 826 4090 ex
842 4047 878 4089 eo
894 4046 979 4088 suum
995 4047 1062 4108 pro
1117 4025 1280 4087 secundum
1296 4027 1394 4105 legem
1409 4025 1618 4087 Christianam.
1647 4026 1718 4087 Nou
1734 4027 1812 4087 euim

382 4107 614 4193 lethustitutum,
630 4116 721 4179 fidem
736 4115 852 4178 scilicet
865 4114 979 4196 absque
995 4134 1062 4195 ope·
1116 4111 1341 4193 rebaptizandis
1364 4112 1455 4173 fiebut
1473 4111 1555 4172 nuda
1568 4112 1640 4175 fidei
1656 4112 1813 4193 professio,

382 4197 451 4265 chus
464 4206 504 4269 sd
519 4205 652 4269 salutem
665 4224 725 4266 nou
740 4203 885 4264 sufficere.
1116 4199 1171 4263 sed
1186 4201 1274 4260 etiem
1289 4219 1386 4261 novae
1401 4200 1482 4259 vitae
1497 4199 1694 4262 inchoandae.

414 4289 498 4373 Quod
522 4291 663 4354 additor:
685 4290 726 4352 oh
749 4290 897 4368 operibus
919 4290 1063 4364 mortuis,
1160 4288 1189 4347 2.
1212 4290 1448 4364 Baptismotum
1472 4286 1645 4348 dodrinoc.
1668 4287 1814 4368 Plerique

383 4377 527 4458 minuo
554 4387 601 4441 est
619 4381 839 4456 poenitentiae
862 4374 1063 4437 Christianae.
1117 4373 1192 4434 haec
1207 4375 1390 4453 conjunctim
1404 4374 1518 4453 legunt,
1533 4383 1567 4433 ut
1582 4376 1654 4435 ordo
1669 4377 1726 4436 sit:
1752 4376 1813 4435 do·

382 4457 430 4528 Pe
447 4485 513 4528 eam
538 4468 620 4529 enim
646 4465 685 4526 ab
707 4464 846 4547 operibus
868 4461 1006 4538 mortuis,
1032 4461 1063 4522 id
1117 4464 1239 4522 umnec
1262 4463 1507 4539 baptismatum,
1530 4460 1561 4521 id
1584 4469 1647 4537 est,
1670 4481 1751 4542 quae
1773 4459 1813 4521 de

383 4561 419 4614 nt
437 4554 611 4636 apecestls,
633 4550 812 4626 recedimus,
836 4570 870 4611 ea
886 4547 1063 4610 detestando
1116 4547 1274 4627 baptismis
1289 4548 1427 4608 traditur.
1450 4546 1549 4625 Quem
1563 4548 1698 4609 ordinem
1709 4547 1813 4608 ridere

382 4643 567 4720 equ-nsum
581 4641 612 4701 in
624 4639 711 4700 nobis
726 4646 780 4711 est,
796 4635 987 4699 destruendo.
1002 4636 1062 4694 Vc·
1118 4644 1166 4695 est
1186 4637 1217 4694 iu
1240 4644 1326 4695 textu
1342 4634 1480 4715 Syriaco,
1503 4634 1556 4693 ubi
1578 4639 1669 4696 etism
1692 4636 1813 4711 hopts's-

382 4735 468 4789 ntur
490 4735 596 4789 autem
624 4744 724 4803 opero
745 4732 890 4799 mortua,
920 4721 970 4784 vel
992 4723 1063 4802 quia
1116 4724 1214 4781 motis
1229 4722 1342 4801 legitur
1357 4740 1480 4782 numero
1501 4721 1655 4801 singulari,
1678 4742 1739 4783 uon
1755 4721 1813 4785 ho·

380 4809 431 4874 itu
452 4816 570 4896 gratiae
593 4811 738 4875 destitute
763 4819 847 4883 sunt,
874 4818 908 4870 ut
935 4808 1062 4887 proinde
1114 4811 1311 4885 ptismutcsm.
1340 4808 1392 4868 Sic
1416 4810 1504 4868 etiam
1530 4809 1716 4888 Augustinus
1742 4808 1810 4871 loeo

435 4919 471 4963 es
487 4903 608 4963 moveri
623 4920 660 4962 ac
674 4899 763 4981 dirigi
783 4919 844 4960 non
858 4898 1007 4980 possimus
1023 4894 1063 4955 ad
1117 4895 1211 4955 citato
1227 4894 1265 4956 de
1276 4893 1335 4955 fide
1347 4904 1375 4955 et
1388 4914 1484 4975 oper:
1500 4894 1624 4955 lavacri
1638 4895 1812 4962 deciduus.

379 4914 591 5063 titudinem,
615 4987 694 5048 sicut
707 4986 743 5047 B.
759 4984 893 5046 Thomas
915 4982 1064 5045 intellexit
1116 4981 1176 5043 Sed
1187 4982 1260 5061 quia
1272 4981 1513 5053 codiccsomnes,
1524 4982 1705 5059 tamLatini,
1721 5004 1813 5066 quam

379 5067 498 5155 bhaju
510 5075 575 5137 loci
589 5081 766 5151 comment,
786 5070 839 5132 rel
858 5071 968 5151 potius,
989 5069 1065 5151 quie
1117 5066 1236 5142 Graeci,
1251 5067 1399 5148 pluralem
1412 5066 1528 5128 hebent
1540 5085 1706 5149 numerum,
1720 5089 1812 5153 quem

1553 5168 1604 5235 80
