4442 5825
782 1499 848 1600 IN
884 1497 1245 1601 EPISTOLAM
1288 1496 1538 1598 PRIMAM

440 1700 751 1871 llll!
831 1701 1278 1875 Jttttts
1354 1699 1872 1873 tttstttt

672 2021 1647 2158 ddiililli'l'dllllll.

954 2292 1364 2335 W*

921 2509 1400 2579 PRAEFATIO.

495 2661 628 2765 loannis
644 2705 793 2785 Apostoli,
816 2708 869 2785 qui
884 2714 913 2766 et
927 2706 1132 2786 Evangelinm
1185 2709 1272 2786 ginus
1293 2706 1380 2785 Papa
1403 2707 1490 2784 epist.
1517 2709 1555 2777 1.,
1581 2701 1747 2764 Possidius
1763 2705 1794 2763 in
1808 2701 1871 2764 indi·

438 2793 566 2870 scripsit,
579 2800 611 2851 at
621 2793 838 2872 Apocalypsin,
855 2801 915 2853 tres
929 2801 1048 2854 exstant
1059 2795 1131 2873 Epi·
1184 2793 1252 2853 culo
1260 2813 1384 2871 opernm
1394 2792 1566 2871 Augustini,
1576 2790 1872 2869 etipseAugustiuur

391 2903 396 2915 ·
438 2880 542 2951 stolae,
566 2898 691 2960 quarum
711 2881 765 2942 etsi
790 2879 867 2940 duaa
882 2881 1063 2959 posteriores
1078 2880 1132 2940 ali·
1184 2880 1235 2941 lib.
1253 2882 1281 2941 2.
1304 2879 1523 2959 Quaestionum
1538 2875 1720 2956 Evangelic.
1744 2897 1811 2956 cap.
1826 2879 1875 2944 39,

438 2964 558 3047 quando
588 2965 669 3045 apud
698 2967 858 3027 nonnullos
889 2968 1000 3027 dubiae
1024 2968 1133 3027 fuerint
1186 2969 1316 3045 denique
1332 2968 1510 3028 etJoannes
1522 2965 1563 3024 H.
1581 2964 1671 3044 Papa
1687 2960 1873 3044 inEpistad

440 3054 635 3125 auctoritatis,
651 3053 689 3113 de
704 3055 800 3132 prima
815 3062 922 3127 tamen,
947 3055 1021 3133 quin
1035 3054 1059 3115 J
1061 3074 1130 3114 cau·
1186 3052 1340 3115 Valerium
1356 3056 1548 3133 Episcopum.

437 3142 485 3201 nis
513 3149 594 3201 esset
620 3140 761 3221 Apostoli
786 3148 878 3220 atque
904 3140 1132 3219 Evangelistae,
1228 3140 1354 3219 Scripsit
1382 3149 1482 3200 autem
1518 3137 1558 3197 ad
1588 3135 1723 3198 Parthos
1753 3136 1876 3198 Josuuoe

438 3248 534 3308 eaque
550 3229 711 3288 rationein
723 3247 867 3287 canonem
879 3246 1028 3287 sacrorum
1040 3228 1130 3288 libro·
1184 3226 1350 3305 Apostolus
1372 3222 1464 3306 (quae
1484 3243 1558 3304 gens
1575 3224 1634 3283 sita
1656 3232 1724 3284 erat
1740 3225 1819 3284 inter
1831 3219 1875 3280 du

437 3335 502 3375 rum
525 3314 710 3394 recipienda,
734 3333 898 3395 numquam
923 3334 942 3373 a
968 3314 1131 3375 Catholicis
1184 3315 1265 3373 mina
1292 3314 1408 3391 Tigrim
1435 3322 1465 3372 ct
1491 3311 1610 3381 lndnm,
1632 3312 1732 3388 juxta
1758 3304 1876 3381 Medos).

437 3400 632 3481 scriptoribus
656 3401 821 3461 dubitatum
841 3400 905 3460 init
932 3401 1042 3461 Testes
1065 3402 1131 3478 ejus
1185 3398 1268 3480 quod
1280 3402 1310 3459 iu
1322 3420 1360 3459 ea
1372 3400 1494 3477 regione
1507 3397 1644 3474 locisque
1658 3395 1875 3457 circumvicinis

437 3489 481 3548 rei
496 3496 565 3548 sunt
578 3487 727 3547 Eusebius
742 3487 793 3547 lib.
807 3492 835 3549 3.
849 3488 916 3547 hist
932 3486 1049 3548 Eccles.
1065 3506 1129 3565 cap.
1183 3486 1302 3566 plurimi
1325 3495 1424 3546 essent
1438 3482 1551 3546 Judaei
1576 3501 1614 3542 ex
1637 3485 1773 3563 antiqua
1794 3482 1873 3563 espt'r

439 3574 489 3634 25.
506 3583 535 3634 et
551 3575 754 3653 Hieronymus
777 3576 808 3633 in
823 3574 969 3653 catalogo.
993 3575 1129 3654 Quapro·
1184 3574 1282 3633 vitate
1293 3582 1324 3631 et
1336 3568 1627 3651 dispersioncdeccm
1635 3569 1786 3630 tribuum.
1801 3566 1874 3629 Unda

437 3671 504 3741 pter
526 3668 557 3721 et
570 3662 665 3740 Syrus
689 3662 838 3740 interpres
860 3661 939 3721 hanc
961 3660 1130 3740 Epistulam
1185 3667 1214 3720 et
1228 3659 1296 3718 Act
1313 3660 1350 3731 2,
1373 3658 1425 3718 ubi
1449 3657 1486 3716 de
1500 3656 1524 3717 J
1527 3654 1641 3726 udaeis,
1667 3658 1782 3736 quiex
1798 3654 1876 3714 variis

436 3749 524 3809 nobis
538 3747 684 3819 exhibuit,
707 3747 830 3828 perinde
851 3757 886 3808 ut
908 3757 1042 3809 caeteras
1058 3749 1130 3807 novi
1183 3744 1288 3805 mundi
1308 3744 1445 3824 partibus
1460 3741 1710 3821 Hierosolymam
1733 3749 1874 3810 veneram

438 3836 609 3894 testamenti
621 3833 791 3913 Scripturas
803 3855 864 3908 eas,
877 3854 955 3914 quae
967 3853 1131 3915 numquam
1185 3834 1291 3911 agitur,
1302 3832 1397 3911 primo
1409 3831 1476 3891 loco
1488 3829 1656 3890 referuntur
1664 3829 1785 3901 Parthi,
1797 3825 1875 3897 stadt

437 3929 584 3982 venerunt
597 3922 628 3980 in
644 3923 859 4001 quaestionem,
875 3921 950 3993 aliis,
967 3939 1047 4000 quae
1062 3940 1130 3980 con·
1185 3919 1346 3979 Elamitae.
1375 3918 1473 3997 Igitur
1497 3914 1757 3995 quemadmodum
1776 3917 1874 3977 Petrus

437 4016 588 4068 troversae
603 4006 734 4081 fuerunt,
752 4009 875 4069 omissis.
899 4007 980 4087 Quin
992 4017 1022 4067 et
1032 4006 1131 4087 stylus
1184 4004 1352 4085 Epistolam
1374 4003 1458 4064 dedit
1476 4002 1516 4062 ad
1531 4002 1555 4063 J
1557 4000 1672 4063 ndaeos
1688 4001 1874 4083 dispersionis

383 4108 385 4111 ’
438 4096 583 4155 orationis
596 4103 628 4154 et
642 4094 797 4155 character
810 4097 953 4175 proprius,
970 4096 1041 4154 item
1056 4094 1129 4154 cari·
1183 4092 1285 4163 Ponti,
1302 4090 1452 4163 Galatiae,
1467 4087 1691 4168 Cappadociae,
1706 4089 1812 4160 Asiae,
1834 4086 1873 4147 ei-

437 4183 510 4242 tatis
534 4190 565 4242 at
586 4183 721 4242 veritatis
746 4183 908 4242 inculcatio
929 4183 1003 4240 satis
1025 4187 1131 4261 sparte
1184 4178 1315 4257 thynias,
1339 4197 1415 4258 quos
1430 4179 1528 4238 Lucas
1542 4173 1604 4234 illic
1626 4178 1818 4237 enumeravit
1831 4192 1871 4253 pr

436 4287 524 4329 suum
540 4267 667 4348 produnt
679 4277 837 4342 auctorem,
853 4267 1032 4346 discipulum
1045 4267 1129 4326 illum
1183 4265 1308 4325 stericre
1322 4264 1403 4326 loco:
1426 4265 1468 4323 sic
1490 4268 1520 4320 et
1541 4261 1679 4322 Joannea
1702 4264 1824 4343 scripsit
1842 4256 1872 4318 sd

436 4377 455 4416 a
481 4355 610 4414 Domino
637 4355 797 4426 dilectum,
825 4354 977 4434 planeque
1002 4354 1130 4415 eundem
1185 4350 1323 4412 Judaeos
1338 4354 1369 4411 in
1385 4352 1502 4412 oriente
1521 4350 1712 4421 constitutos,
1737 4349 1771 4409 id
1786 4348 1872 4418 estio

436 4462 504 4502 cum
520 4461 565 4514 ec,
580 4445 632 4521 qui
646 4443 767 4521 scripsit
782 4441 989 4520 Evangelium.
1183 4437 1306 4498 Parthia
1328 4458 1393 4498 cum
1412 4438 1487 4496 locis
1501 4433 1736 4513 adjacentibus;
1758 4457 1819 4497 non
1839 4436 1872 4492 its

479 4528 573 4588 Porro
589 4530 728 4607 quamvis
740 4531 771 4587 in
783 4526 944 4596 codicibus,
960 4536 1022 4587 tam
1035 4526 1129 4587 Grae·
1183 4532 1291 4598 nmen,
1308 4526 1379 4604 quin
1391 4532 1517 4601 uterquc
1528 4523 1698 4601 Apostolus
1713 4543 1802 4583 surm
1814 4520 1870 4600 Epi·

436 4616 480 4674 cis
503 4624 534 4674 et
554 4614 696 4693 Syriacis,
719 4634 808 4694 quam
829 4615 955 4686 Latinis,
978 4615 1028 4694 qni
1050 4633 1131 4674 nunc
1183 4610 1291 4672 stolam
1303 4611 1551 4671 communicatam
1560 4608 1693 4670 voluerit
1706 4611 1799 4671 etism
1810 4628 1869 4689 geu·

436 4703 551 4760 suntin
567 4703 711 4772 manibus,
730 4720 791 4760 non
807 4701 924 4778 legatur
937 4699 1130 4779 adscriptum,
1183 4698 1286 4760 tilibus
1299 4698 1460 4759 earundem
1472 4695 1636 4774 regionum,
1650 4698 1704 4777 qui
1717 4699 1752 4759 in
1764 4695 1869 4757 Christo

436 4785 475 4846 ad
491 4806 566 4866 quos
587 4789 677 4847 missa
698 4787 735 4847 sit
749 4787 899 4866 Epistola:
926 4797 1062 4847 veterum
1084 4796 1128 4846 ta·
1183 4783 1389 4861 crediderant3
1426 4789 1531 4862 utpote
1568 4784 1716 4845 membris
1747 4782 1867 4863 ejusden

436 4892 504 4933 men
532 4870 652 4934 traditio
679 4882 737 4945 ast,
768 4871 808 4932 ad
834 4874 963 4933 Parthos
988 4874 1130 4953 scriptam
1182 4871 1340 4932 Ecclesiae
1370 4879 1400 4932 ct
1429 4867 1591 4929 eorundem
1629 4881 1867 4932 maranensem

438 4979 514 5020 csse.
536 4961 627 5020 Hunc
642 4961 720 5020 euim
735 4959 853 5019 titulum
869 4963 895 5020 ei
912 4961 1047 5022 tribuunt
1060 4960 1128 5040 Hy·
1182 4959 1379 5033 consortibus,
1401 4966 1433 5019 ct
1446 4952 1485 5015 ad
1501 4956 1629 5018 scudem
1644 4978 1732 5041 spem
1747 4954 1866 5021 masas
