4442 5825
807 626 970 681 amabat
986 628 1015 682 ll.
1034 627 1123 682 essu
1139 624 1235 681 limi.
1269 624 1354 681 mi.
1373 626 1467 682 u-o.
1754 634 1826 704 m

374 821 508 881 murum3
520 803 661 887 quodque
672 811 793 884 propter
805 823 872 864 eum
883 805 970 864 etism
978 803 1074 884 Segor
1128 805 1244 885 positus
1268 802 1421 864 diversam
1444 806 1694 865 constructionem
1719 814 1749 865 et
1762 822 1827 866 esn-

375 899 505 964 serrats,
521 890 596 951 Gen
615 895 680 966 19.;
705 900 767 950 tum
789 889 923 970 quodeb
939 891 1071 971 bospite·
1128 909 1196 951 enm
1225 890 1358 970 postulet
1388 890 1576 970 hujusmodi:
1606 892 1718 952 «Iustus
1748 894 1827 953 enim

375 976 464 1036 litate
489 979 533 1039 sic
558 977 720 1048 laudatus,
750 987 792 1050 nt
822 977 1072 1058 quemadmodum
1128 977 1190 1050 ille,
1215 997 1282 1038 cnm
1306 986 1480 1038 venaretur
1502 979 1583 1038 inter
1605 977 1674 1038 illos
1697 978 1828 1039 neiarios

374 1062 550 1137 Abrabam,
581 1066 624 1124 sic
653 1072 682 1124 et
712 1065 796 1142 ipse,
827 1068 919 1126 etism
946 1065 1072 1144 angelos
1127 1063 1275 1137 homines,
1298 1064 1435 1143 quotidie
1453 1066 1568 1143 justam
1592 1066 1721 1126 animum
1742 1084 1827 1125 snam

373 1151 519 1210 meruerit
544 1151 673 1231 bospitio
700 1153 874 1231 suscipere,
905 1151 1015 1211 ibidem
1042 1158 1073 1212 et
1127 1146 1243 1226 (idest,
1265 1146 1426 1229 seipsum)
1449 1152 1553 1231 pravis
1575 1171 1678 1212 eorum
1702 1154 1826 1211 actioni·

374 1237 456 1297 Eeb.
474 1241 522 1298 11.
553 1236 713 1316 Quomodo
734 1245 832 1298 autem
852 1238 990 1316 justitiae
1004 1239 1071 1317 ejus
1126 1238 1183 1298 bns
1197 1237 1399 1309 transiebat,
1415 1237 1546 1299 videndo
1558 1256 1611 1299 ese
1623 1237 1825 1300 stendiendo.

374 1342 436 1383 non
451 1322 590 1403 deroget,
614 1326 696 1405 quod
711 1323 932 1385 Sodomitarum
955 1324 1072 1385 libidini
1126 1325 1205 1385 Nam
1232 1323 1328 1384 multa
1350 1323 1474 1384 videbat
1503 1332 1533 1383 et
1559 1323 1719 1396 audiebat,
1746 1343 1825 1405 quse

372 1409 451 1470 filies
474 1410 592 1484 obtulit,
615 1412 653 1472 eb
680 1412 903 1491 expositoribus
926 1411 1071 1472 historiae
1126 1412 1221 1491 ipsius
1247 1412 1379 1470 snimnrn
1404 1411 1599 1472 vehementer
1620 1410 1825 1489 offenderent3

374 1494 504 1558 Genesis
519 1497 692 1576 petendum.
1125 1496 1274 1577 quomodo
1301 1497 1411 1558 dietum
1441 1506 1491 1559 est
1516 1517 1535 1555 s
1560 1498 1700 1559 Davide:
1752 1498 1825 1559 Vidi

416 1583 446 1642 8.
488 1587 625 1660 depecta
653 1588 738 1645 enim
768 1593 798 1645 et
826 1586 942 1646 auditu
965 1587 1071 1658 iustos
1124 1587 1395 1661 praevaricantes,
1408 1585 1654 1658 ettabescebam,
1669 1586 1746 1662 quia
1757 1584 1824 1646 do·

373 1677 455 1730 erat.
497 1671 675 1732 Declaratio
700 1680 748 1731 eet
772 1673 847 1751 ejus,
875 1670 957 1750 qnod
983 1670 1070 1744 dixit,
1125 1676 1201 1749 quia
1217 1679 1273 1731 tna
1288 1688 1356 1732 non
1371 1673 1604 1746 custodierunt,
1621 1671 1733 1732 Psalm.
1751 1673 1823 1733 118.

366 1761 491 1831 jutum
514 1758 575 1818 Lot
598 1776 781 1834 oppressum
799 1760 898 1836 subse
913 1776 934 1818 a
949 1758 1069 1835 nesun·
1124 1758 1187 1837 Qui
1211 1757 1318 1818 modus
1344 1757 1486 1833 loquendi
1513 1777 1568 1838 per
1594 1768 1713 1837 tropum
1730 1759 1821 1818 etiarn

370 1845 487 1904 dorum
505 1844 672 1906 incuriosa
686 1849 934 1907 conuersatione.
964 1845 1069 1924 Quare
1124 1846 1163 1904 ad
1179 1845 1278 1904 Deum
1293 1845 1480 1918 transfertur,
1503 1854 1535 1904 ut
1549 1846 1614 1908 Jes.
1635 1852 1678 1906 lc
1709 1845 1823 1906 Solen

369 1931 466 2011 partis
482 1930 572 2009 hujus
587 1950 693 1992 senens
708 1942 834 2006 nonest,
860 1934 919 1993 Lot
940 1941 1069 1993 externe
1122 1934 1238 1991 nitatee
1268 1939 1403 2005 uestras,
1436 1933 1549 2011 inquit,
1576 1932 1677 1993 odivit
1706 1933 1819 1992 anima

369 2019 474 2096 speeie
492 2019 608 2097 justum
633 2018 744 2092 iniere,
771 2030 818 2092 nt,
845 2021 897 2100 qui
923 2018 1069 2079 videbant
1121 2036 1214 2095 msu,·
1240 2019 1330 2095 (acta
1355 2027 1431 2079 sunt
1452 2020 1530 2078 mibi
1551 2021 1701 2095 molestu,·
1729 2017 1822 2079 labo·

370 2122 441 2164 enm
464 2111 495 2164 et
513 2104 684 2177 audiebant,
710 2106 785 2166 nibil
808 2106 959 2178 heberent,
986 2104 1066 2184 qnod
1122 2107 1195 2165 raoi
1220 2109 1388 2167 sustinens.
1430 2103 1592 2167 Caeterum
1619 2107 1820 2166 Hebrsismus

370 2190 639 2271 reprehenderent3
662 2194 715 2252 sed
734 2195 824 2271 juxta
846 2193 924 2252 hanc
945 2191 1067 2272 quidem
1122 2202 1184 2253 este
1200 2194 1345 2253 animam
1359 2211 1451 2252 suam
1466 2196 1621 2268 cruciare,
1642 2213 1697 2272 pro
1720 2193 1821 2253 animo

369 2286 502 2337 nostram
517 2278 675 2340 lectionem
692 2278 797 2339 laudet
812 2298 879 2340 eum
895 2277 1067 2357 Apostolus,
1121 2278 1309 2354 discruciari3
1340 2279 1454 2357 qualis:
1485 2279 1734 2353 benedicentes,
1766 2298 1829 2358 pru.

370 2363 454 2443 quod
470 2366 548 2425 inter
562 2367 720 2445 pessimos,
742 2385 808 2425 cum
825 2366 936 2446 quibus
952 2368 981 2425 ei
997 2385 1065 2424 cou-
1122 2365 1355 2439 benedicentnr,
1384 2365 1460 2425 Gen.
1487 2369 1534 2426 12.
1563 2377 1593 2425 et
1619 2365 1699 2426 alibi.
1731 2365 1821 2444 Quae

369 2450 551 2511 versandum
575 2461 647 2524 erat,
673 2473 729 2513 nec
744 2454 848 2525 oculis,
871 2451 1066 2512 necantibus
1120 2451 1217 2511 forma
1240 2453 1386 2513 sermonis
1411 2453 1501 2512 etium
1518 2452 1617 2514 Gallis
1633 2453 1745 2513 usitate
1759 2460 1821 2511 est:

369 2537 504 2598 hauserit
526 2541 697 2618 contagium
720 2541 874 2601 scelerum.
911 2539 998 2618 Quae
1021 2546 1068 2598 eet
1120 2540 1152 2599 Il
1174 2557 1205 2598 se
1227 2556 1387 2614 sempera.
1427 2539 1459 2598 It
1481 2559 1511 2600 se
1537 2543 1695 2615 poutrira.
1731 2536 1820 2598 Istud

367 2625 502 2685 maxims
533 2627 647 2699 virtue,
677 2629 754 2686 inter
782 2627 877 2686 malos
906 2635 936 2685 et
960 2626 1066 2705 impios
1123 2636 1287 2704 rumpetur.
1318 2624 1403 2685 Istud
1421 2627 1569 2706 putrefiet.

367 2712 567 2771 constentiam
590 2732 710 2773 servare
728 2714 866 2790 justitiae
889 2721 919 2773 et
938 2714 1066 2793 pictatis.
1164 2714 1192 2773 9.
1220 2714 1488 2775 NouitDomiruss
1499 2717 1572 2790 pios
1587 2713 1625 2773 de
1640 2714 1818 2773 tentatione

367 2797 446 2878 Quis
473 2806 574 2859 sutem
599 2799 761 2859 secundum
790 2800 936 2861 Graecam
962 2800 1064 2859 lectio·
1120 2803 1251 2875 eripere.
1266 2797 1440 2859 Orationem
1456 2801 1515 2861 buc
1531 2820 1627 2880 usque
1640 2799 1820 2878 pendentem

365 2905 436 2947 nem
463 2889 634 2965 germanior
660 2905 766 2947 seusus
789 2886 939 2958 videatur,
965 2888 1066 2947 statim
1120 2884 1226 2948 abillo
1243 2885 1327 2949 loco:
1355 2888 1390 2949 st
1408 2890 1493 2950 enim
1507 2891 1595 2950 Deus
1610 2889 1732 2964 anpelie
1743 2903 1820 2963 peo-

366 2972 512 3034 dicenrus.
1120 2973 1264 3035 cantibus
1279 2982 1345 3050 etc,
1370 2995 1447 3035 nunc
1464 2975 1587 3048 claudit,
1611 2977 1735 3036 alteram
1752 2992 1818 3053 par·

410 3059 571 3120 Habitum
598 3062 687 3136 apud
715 3080 775 3136 eos,
808 3064 863 3138 qui
889 3062 928 3120 de
954 3062 1004 3120 die
1031 3065 1067 3121 in
1118 3071 1179 3122 tem
1193 3061 1222 3120 ei
1237 3060 1375 3134 reddens,
1392 3063 1423 3121 in
1440 3063 1522 3123 hunc
1536 3063 1672 3122 modum:
1687 3063 1720 3122 Si
1733 3061 1818 3120 Deus

365 3148 452 3207 diem
475 3150 622 3207 animam
640 3152 761 3223 juetam
785 3151 904 3224 iniquis
920 3148 1067 3225 operibus
1120 3147 1235 3228 angelis
1267 3157 1296 3207 et
1325 3149 1498 3209 hominibus
1529 3150 1598 3209 olim
1627 3147 1818 3230 peccantibus

364 3233 565 3295 mutabunt.
596 3236 695 3294 Totus
710 3255 818 3295 versus
835 3237 864 3296 in
880 3234 1000 3296 Graeco
1024 3237 1066 3294 sic
1120 3255 1179 3296 non
1206 3237 1357 3313 pepercit,
1386 3233 1438 3295 sed
1465 3239 1596 3313 graviter
1627 3236 1761 3314 punivit3
1792 3235 1818 3293 ei

364 3321 475 3382 babet:
509 3325 644 3398 depectus
667 3325 751 3383 enim
777 3330 806 3381 et
828 3323 944 3383 andito
964 3325 1068 3396 justus
1116 3326 1216 3403 justos
1233 3321 1301 3381 Noti
1319 3330 1349 3382 et
1370 3323 1427 3382 Lot
1442 3343 1460 3384 e
1476 3324 1563 3382 melis
1579 3324 1702 3402 eripuit:
1730 3322 1820 3400 igitur

364 3407 555 3469 inhabitans
575 3412 661 3470 inter
682 3427 743 3483 eos,
766 3410 849 3469 diem
871 3428 909 3470 eu
924 3410 976 3469 die
990 3412 1066 3470 ani·
1120 3410 1210 3470 novit
1238 3410 1396 3469 Dominus
1420 3414 1491 3486 pios
1513 3430 1529 3470 e
1553 3411 1728 3469 tentatione
1755 3411 1819 3467 ert·

364 3514 454 3555 mam
469 3496 587 3568 tostum
604 3499 723 3572 iniquis
735 3496 882 3572 operibns
892 3497 1065 3557 cnseiubut.
1119 3515 1204 3574 pere,
1221 3503 1250 3555 et
1265 3498 1380 3571 impios
1395 3498 1438 3555 ad
1453 3499 1630 3558 cruciatum
1645 3513 1818 3555 reservare.

363 3583 443 3644 Nem
459 3579 575 3643 Graece
598 3592 661 3643 eet:
689 3575 879 3659 ἐβασάνιζεν,
903 3584 1066 3661 singulare,
1121 3585 1171 3644 Sic
1193 3591 1263 3662 post
1284 3582 1400 3643 Bedam
1423 3581 1589 3663 cajetanus
1609 3593 1724 3664 partem
1740 3582 1820 3643 hanc

364 3689 444 3729 non:
461 3658 651 3745 ἐβασάνιζον,
670 3670 794 3748 plurale.
826 3669 959 3751 Quodsi
975 3670 1067 3740 dices,
1120 3672 1273 3730 connectit
1281 3670 1493 3747 superioribus.
1501 3670 1693 3749 Quamquam
1702 3668 1820 3730 Graeca

364 3775 429 3817 uns
455 3763 571 3817 tantum
598 3757 718 3818 literuia
743 3758 818 3818 haec
844 3757 972 3828 differre,
1000 3776 1066 3838 pro
1120 3756 1236 3818 scholis
1264 3766 1426 3834 separant,
1465 3768 1496 3817 et
1527 3759 1710 3827 orationem,
1741 3773 1820 3834 quse

366 3842 505 3921 indeque
530 3842 703 3904 facillimam
730 3863 794 3904 esse
820 3845 944 3904 alterius
970 3845 1001 3904 in
1024 3843 1066 3903 ul·
1120 3851 1271 3904 manserat
1300 3843 1495 3921 imperfecta,
1528 3845 1692 3905 absolvunt
1717 3840 1819 3901 addito

366 3939 468 3991 temm
490 3933 694 4002 mutationem,
721 3934 849 4011 primum
874 3930 974 3990 obstat
999 3951 1066 3991 con·
1121 3929 1300 4009 hujusmodi
1322 3930 1544 4009 supplemento:
1576 3934 1681 4007 Ipitur
1701 3937 1731 3990 et
1746 3933 1821 3989 istae

366 4034 479 4077 seusun
509 4016 693 4078 Graecorum
724 4017 858 4079 codicum
887 4019 918 4076 in
932 4018 1067 4088 ,verbum
1121 4020 1288 4091 marpistroe
1324 4018 1490 4078 mendaces
1525 4019 1684 4093 candipnc
1713 4016 1820 4076 tradet

367 4102 531 4181 singulare.
562 4104 718 4165 Reclamst
739 4104 850 4165 deinde
865 4105 954 4164 ctiam
969 4124 1065 4183 gram·
1121 4106 1237 4179 eciti03
1267 4121 1324 4163 voe
1353 4113 1471 4178 antem,
1503 4109 1558 4183 qui
1587 4120 1657 4167 com
1686 4104 1752 4163 illis
1780 4104 1818 4163 in

367 4191 501 4251 rusticae
530 4192 625 4263 ratio,
662 4192 720 4251 nisi
751 4193 951 4252 nominativae
980 4210 1069 4251 voces
1120 4189 1243 4250 mundo
1254 4195 1510 4267 commoramini,
1524 4193 1662 4253 sanabit
1672 4198 1703 4250 et
1713 4190 1821 4249 saluos

368 4274 468 4355 (quod
484 4274 642 4355 Geignaeo
657 4275 770 4357 placet)
790 4298 843 4357 pro
859 4279 1000 4358 genitivis
1016 4280 1066 4337 ab·
1119 4280 1237 4356 facim
1261 4288 1295 4337 ut
1316 4277 1445 4339 redditio
1462 4279 1661 4340 subaudiatur
1676 4296 1714 4337 ex
1731 4295 1817 4356 prue-

368 4364 472 4425 solute
488 4367 594 4441 positis
609 4366 750 4444 accipias.
772 4364 832 4426 Sed
847 4365 903 4424 hoc
914 4365 1067 4425 insolitum
1121 4363 1307 4435 cedentibus,
1329 4366 1383 4425 ubi
1404 4365 1442 4426 de
1458 4368 1609 4446 magistris
1626 4362 1820 4424 mendacibus

368 4461 436 4522 est,
469 4453 557 4510 etium
589 4453 621 4511 in
650 4454 743 4511 sacris
772 4452 878 4513 literis.
922 4452 1068 4513 Graecam
1121 4452 1258 4512 dixerut:
1274 4452 1393 4531 Quibus
1404 4454 1561 4528 judiciam
1573 4460 1644 4527 jans
1661 4452 1738 4512 olim
1753 4468 1821 4510 non

368 4539 465 4620 igitur
479 4536 637 4598 lectionem
653 4537 739 4599 multi
756 4540 801 4599 eic
816 4541 1068 4618 interpretentur:
1121 4546 1228 4613 cessat,
1251 4546 1281 4598 et
1294 4541 1437 4614 perditio
1453 4559 1560 4601 eorum
1577 4552 1646 4600 nost
1661 4538 1821 4599 dormitat

366 4629 438 4699 Lot,
464 4638 555 4705 quum
583 4634 662 4685 esset
677 4625 771 4687 oculis
785 4624 951 4686 stantibus
961 4626 1068 4703 justus,
1121 4624 1158 4685 Id
1195 4627 1273 4686 enim
1311 4626 1496 4703 probandum
1529 4633 1707 4705 sumpserat.
1753 4624 1822 4684 Hoc

366 4722 405 4773 nt
426 4713 512 4791 cujus
536 4732 638 4772 omnes
654 4732 761 4773 sensus
776 4733 794 4772 a
811 4712 959 4774 Sodomae
974 4712 1067 4772 eccle·
1122 4710 1211 4770 ruodo
1238 4713 1359 4792 supplet
1384 4716 1474 4774 etiam
1504 4714 1644 4793 Hyginus
1673 4713 1759 4790 Pups
1788 4713 1821 4772 in

368 4801 455 4860 ribus
470 4797 672 4870 abhorrerent,
688 4800 817 4859 animem
833 4819 918 4859 snum
934 4798 1069 4876 quotidie
1123 4799 1221 4877 Epist.
1240 4804 1279 4871 1.,
1296 4799 1356 4871 ubi,
1372 4800 1472 4859 locum
1488 4800 1567 4860 hunc
1583 4798 1729 4877 allegans,
1753 4804 1822 4876 post

367 4886 459 4947 melis
484 4903 587 4944 eorum
614 4886 777 4963 operibus,
804 4906 884 4965 qnae
910 4885 1012 4946 uidere
1039 4894 1070 4947 et
1124 4885 1177 4944 illa
1192 4888 1302 4948 verba:
1324 4888 1499 4963 euemplum
1517 4905 1636 4961 eorum,
1653 4887 1708 4963 qui
1723 4887 1822 4961 impie

367 4972 479 5035 audire
494 4972 664 5051 cogebatur,
681 4974 882 5035 excruciasse.
1122 4976 1226 5033 acturi
1241 4979 1327 5047 sunt,
1342 4991 1475 5050 ponens,
1492 4972 1569 5035 haec
1583 4972 1703 5052 adjicit:
1724 4971 1820 5050 Quid,

386 5103 388 5107 -
413 5059 528 5123 Verum
548 5060 696 5124 articulus
713 5060 863 5126 vocabulo
878 5055 1001 5132 δίκαιος
1015 5080 1066 5143 ap·
1120 5062 1261 5139 potans,
1290 5061 1410 5139 iniquia
1435 5068 1465 5124 et
1484 5059 1764 5140 personantibus
1783 5062 1820 5123 tn
