4442 5825
395 599 467 666 lto
909 590 1274 645 nummuluustumr.
1292 592 1349 645 un

390 769 464 843 topi,
486 767 523 825 iss
543 783 607 841 prro
624 764 853 841 infirmabatur
872 785 931 841 per
944 785 1085 838 rentem,
1141 766 1329 847 Qnsmqnsm
1351 766 1475 827 verbnm
1498 766 1557 827 hoe
1577 764 1733 829 Grseonm
1751 785 1831 847 sssps

390 854 467 914 dicit
478 852 579 911 trono
594 854 684 912 mireo
695 852 722 911 F
725 852 775 912 ilio
786 853 959 923 contulisse,
975 853 1088 912 soilioet
1141 856 1228 914 etiem
1244 853 1339 913 intnri
1360 854 1613 933 significetionem
1635 852 1738 927 hebet,
1759 872 1832 934 pree

392 948 430 1001 srt
439 939 626 1015 justificatio
640 941 717 1015 lepis
736 940 924 1017 impleretur
937 942 974 998 s'rt
988 939 1086 999 nobis.
1140 943 1242 1000 sertim
1258 943 1289 1001 in
1305 943 1400 1000 neoris
1417 942 1529 1014 literis;
1546 952 1579 999 nt
1595 960 1692 1020 quum
1706 940 1834 1001 Christus

433 1028 530 1100 ltere,
557 1025 624 1086 dies
646 1029 794 1101 venient,
820 1027 896 1086 dicu
919 1028 1087 1087 Dominus.
1139 1038 1265 1088 voretur
1296 1018 1482 1104 ἐρχόμενος,
1521 1029 1576 1105 qni
1606 1036 1757 1087 venturus
1785 1036 1834 1101 est,

391 1113 611 1173 Testimonium
627 1113 694 1185 hoo,
716 1110 906 1191 desumptum
921 1133 959 1172 ex
973 1112 1087 1172 Jerem.
1139 1114 1245 1175 listth.
1264 1118 1313 1173 ll.
1332 1123 1363 1173 et
1378 1113 1461 1175 slibi
1476 1114 1528 1174 sie
1541 1114 1635 1175 Josm
1647 1115 1698 1173 t.:
1718 1116 1836 1177 Hessius

391 1205 451 1273 31,
474 1218 573 1279 psene
596 1208 691 1260 totum
714 1202 788 1259 eitst
804 1200 895 1278 juxts
917 1201 1087 1259 versionem
1142 1203 1236 1274 uenit,
1264 1204 1368 1261 metris
1392 1204 1487 1275 uenit,
1512 1199 1615 1261 idest
1638 1210 1836 1282 exrpeetstur,

390 1286 509 1361 m,
540 1288 658 1348 temetsi
685 1287 723 1346 eb
749 1287 891 1346 Hebrseo
916 1284 1087 1365 permodies
1138 1296 1172 1347 nt
1186 1288 1298 1347 reniet.
1321 1287 1370 1347 Its
1394 1285 1613 1366 accipiendum,
1637 1287 1723 1366 qnod
1739 1286 1837 1349 hirti

390 1372 594 1452 discrepentin
615 1382 671 1445 est,
691 1392 784 1453 quem
806 1392 862 1432 nos
881 1370 1086 1432 subindiesbi·
1140 1375 1225 1441 citur,
1247 1382 1282 1433 nt
1297 1392 1404 1435 oeneus
1419 1376 1468 1446 sit,
1491 1383 1613 1452 tempus
1631 1373 1711 1435 illud
1726 1376 1836 1436 omnino

389 1479 466 1521 mus.
495 1459 554 1518 Est
579 1469 681 1521 sutem
710 1458 839 1519 illnotris
862 1458 1022 1539 prophetia
1048 1455 1087 1517 de
1139 1468 1308 1520 venturum.
1334 1460 1371 1520 ln
1392 1459 1534 1521 Hebraeo
1560 1462 1763 1540 participium
1783 1471 1840 1523 este

391 1566 471 1608 novo
485 1546 695 1617 Testsmento,
715 1566 806 1627 quom
828 1554 923 1605 totum
945 1545 1086 1621 inprime
1140 1550 1310 1620 erumnas,
1334 1557 1367 1608 nt
1381 1546 1432 1607 vel
1447 1555 1534 1622 sunt,
1555 1547 1608 1607 vel
1624 1555 1737 1623 mut
1752 1549 1837 1629 pud

390 1632 505 1695 Christi
534 1632 702 1694 silvatoris
738 1632 873 1693 edventn
908 1630 1087 1710 completum
1139 1633 1277 1712 intelligi.

390 1740 465 1793 esse,
481 1738 522 1779 ex
536 1722 687 1780 sententis
701 1720 830 1779 omnium
846 1720 1023 1798 scriptorum
1039 1737 1085 1777 ee·
1182 1721 1225 1780 lit
1239 1720 1464 1780 cosmonmobo
1478 1738 1577 1796 seper
1590 1721 1728 1782 domum
1740 1722 1836 1783 Inruit

390 1808 628 1868 eleeisstioornm
659 1806 865 1885 Hieronymus
900 1805 1025 1865 stiirmst
1054 1804 1086 1863 in
1139 1814 1169 1867 et
1197 1825 1293 1882 super
1321 1807 1451 1867 domm
1481 1806 1577 1869 Jstda
1615 1815 1835 1871 tertarum

391 1894 611 1955 commentsriis
628 1912 720 1973 nuper
734 1892 909 1953 deremism.
931 1890 1084 1951 Hebraeo·
1138 1911 1269 1955 morsm.
1307 1893 1507 1953 Hebreismns
1530 1904 1576 1954 est
1599 1914 1657 1974 pro
1681 1915 1735 1968 eo,
1761 1894 1836 1978 quoti

390 2000 457 2041 rum
472 1980 593 2061 quidem
607 1978 743 2040 nonnulli
759 1977 945 2039 reieruntsd
960 1985 1085 2056 tempos,
1139 2001 1194 2041 nos
1223 1979 1402 2039 diceremur:
1440 1981 1572 2056 quondo
1602 1982 1834 2045 oostmmmnio.

393 2086 454 2148 qno
475 2066 527 2126 lex
549 2065 588 2126 eb
610 2065 708 2127 Esdre
732 2064 790 2126 fnit
815 2071 976 2139 renovste3
998 2064 1085 2141 enjus
1138 2066 1271 2128 Grseoe:
1295 2057 1480 2140 συντελέσω,
1499 2067 1680 2143 perficium.
1705 2068 1835 2151 Proque

391 2154 559 2215 sententiso
585 2155 721 2214 meminit
743 2151 1007 2233 Theophylsottre3
1029 2149 1085 2210 red
1139 2155 1168 2212 in
1183 2152 1326 2213 Hebrseo
1342 2162 1404 2213 est:
1428 2154 1572 2214 excidam
1587 2163 1642 2214 eut
1654 2157 1788 2233 fnium,
1802 2156 1833 2217 ι’·

392 2260 430 2301 es
445 2242 602 2301 renorstio
616 2239 697 2300 isots
712 2248 760 2300 est
773 2240 806 2299 in
819 2239 1010 2309 membreuin,
1025 2256 1085 2296 non
1139 2248 1189 2299 ont
1202 2241 1292 2298 vertit
1306 2240 1523 2318 Hieronymus,
1547 2240 1642 2320 Apud
1660 2242 1763 2304 LXX.
1778 2239 1832 2303 dtr·

389 2329 423 2389 iu
443 2324 598 2403 eordibus3
621 2347 719 2408 neque
742 2344 852 2386 norum
874 2334 945 2385 tune
967 2325 1084 2384 institn·
1139 2319 1289 2403 θήσομαι,
1312 2327 1344 2387 id
1368 2338 1415 2388 est
1435 2326 1617 2403 dirponom.
1652 2327 1725 2408 Quo
1748 2329 1833 2393 verbu

388 2422 682 2487 tnmteetementnm,
697 2411 754 2473 sed
769 2409 1085 2491 vetusquodummodo
1139 2421 1207 2493 poet
1233 2411 1387 2491 paululum
1418 2414 1509 2473 etism
1535 2414 1710 2494 Apostolus
1739 2418 1832 2489 utitur,

391 2500 631 2581 redintegrstnm.
651 2500 750 2581 Igitur
760 2508 793 2560 et
802 2499 1011 2559 Hebrsoorum
1022 2496 1084 2575 ple
1139 2508 1257 2559 recntns
1273 2499 1382 2571 Lxx,
1407 2519 1474 2560 eum
1497 2500 1586 2561 diets:
1612 2505 1700 2582 Quin
1723 2507 1781 2567 hor
1796 2510 1833 2565 a

389 2582 1085 2752 tlltllltllt5¹¹,llltl'lttlss¹2¹3.
1138 2587 1832 2757 fflii‘r'filfflmiffliiuss

354 2786 357 2793 ·
390 2780 464 2842 pore
488 2760 626 2821 Messioe.
657 2760 718 2820 sou
740 2761 771 2819 in
793 2779 830 2820 eo
851 2757 1047 2818 veliementer·
1067 2777 1086 2816 ι
1140 2760 1320 2835 dispositio,
1351 2767 1582 2821 testamentum.
1617 2761 1713 2841 Quod
1742 2766 1831 2845 ipsu

390 2848 479 2909 nobis
493 2845 649 2918 dissident,
665 2845 743 2927 qnod
758 2845 853 2906 ulium
868 2845 927 2904 ribi
942 2844 1085 2903 Messinm
1139 2845 1190 2905 bio
1215 2844 1410 2906 reddiderunt
1432 2846 1521 2907 iidem
1543 2847 1646 2911 Lxx
1675 2848 1745 2913 loeo
1766 2852 1831 2932 eju

391 2935 520 3014 fingunt,
546 2934 732 3011 eundemque
754 2932 867 2994 irnotrs
892 2941 937 2992 tot
959 2930 1087 2990 saeculis
1140 2932 1222 3012 qnod
1238 2935 1269 2993 in
1284 2933 1425 2994 Hebrsoo
1441 2945 1488 2996 est
1500 2936 1617 3014 foedus
1630 2955 1687 2998 sen
1698 2947 1830 3016 portu

390 3029 577 3101 exspectent
601 3022 832 3092 Dionnteutem,
847 3019 1087 3079 Messinmeuum
1140 3019 1201 3081 sod
1227 3020 1302 3079 haee
1324 3022 1423 3081 omnis
1447 3032 1628 3084 eononrrunt
1653 3025 1688 3085 in
1711 3024 1831 3087 eunde!

390 3109 514 3189 proprie
540 3128 600 3168 non
623 3107 760 3167 dstnrum
786 3126 896 3167 novum
916 3105 1030 3185 legem,
1055 3105 1086 3165 id
1139 3126 1267 3179 sensnm,
1283 3127 1344 3187 quo
1360 3108 1554 3186 significetur,
1576 3109 1681 3171 Deum
1696 3113 1829 3175 initum

392 3202 439 3255 est
456 3193 552 3256 sliem
574 3215 611 3255 se
632 3194 815 3255 divereems
833 3193 902 3271 lege
916 3194 1008 3267 iloni,
1032 3193 1087 3254 eod
1140 3213 1206 3253 eum
1229 3193 1342 3273 populo
1365 3214 1477 3256 novum
1499 3194 1617 3258 ioedue.
1642 3197 1758 3262 Verum
1772 3197 1830 3260 ides

342 3343 345 3347 ,
391 3300 428 3342 eo
454 3301 544 3343 sensu
570 3301 693 3354 novum,
720 3283 791 3359 quis
810 3280 942 3340 futurum
964 3280 1003 3339 eit
1021 3281 1087 3358 ejus
1140 3280 1264 3341 forsitan
1275 3279 1332 3340 hoo
1343 3280 1411 3341 loco
1423 3282 1582 3342 substituit
1592 3283 1829 3364 Apostolum

391 3377 534 3449 tempore,
554 3379 588 3430 nt
601 3368 711 3429 melius
732 3367 918 3438 observetur,
940 3385 1032 3445 quem
1048 3365 1086 3426 sb
1141 3369 1218 3438 bum,
1231 3365 1311 3446 qnod
1322 3370 1639 3449 perticeresignifiost,
1650 3381 1684 3432 nt
1697 3375 1833 3442 imoort·

393 3457 469 3536 ipsis
492 3464 522 3516 et
544 3476 648 3518 eorum
673 3454 807 3534 petribno
829 3455 991 3515 obuertere
1013 3451 1087 3526 fnit3
1141 3474 1252 3514 novum
1274 3462 1481 3515 tentamentum
1499 3458 1621 3517 minime
1636 3458 1830 3522 stnsmsudn

392 3541 649 3623 quondoquidem,
672 3543 822 3620 inquiunt,
837 3541 972 3611 Messius,
994 3559 1087 3619 quum
1141 3560 1216 3612 eene,
1240 3541 1320 3601 siout
1341 3551 1443 3617 vetuo3
1465 3541 1520 3603 ned
1542 3543 1687 3606 effectum
1701 3545 1829 3628 pleniori

391 3630 515 3702 venerit,
537 3631 686 3708 imprimet
707 3626 803 3708 legem
825 3629 931 3698 menti,
952 3626 1009 3686 hoo
1032 3635 1087 3697 eet,
1140 3646 1223 3688 ntum
1239 3628 1269 3688 in
1286 3628 1422 3689 omuibus
1445 3629 1514 3690 filiis
1531 3632 1829 3709 pmmiuiontshsbl

392 3717 553 3780 memoriae
568 3714 766 3787 Judseorum,
787 3722 822 3774 ut
842 3715 908 3792 ejus
927 3732 1088 3792 numquam
1141 3724 1248 3774 turum
1283 3713 1353 3774 Hoo
1378 3725 1457 3776 certe
1483 3716 1607 3777 verbnm
1630 3730 1720 3800 urget
1740 3723 1834 3800 ΔΨ.

392 3800 616 3864 obliviscentur.
1141 3803 1236 3861 stiunt
1252 3803 1284 3861 in
1298 3800 1376 3862 libro
1392 3802 1431 3863 de
1446 3805 1552 3882 spiritu
1567 3812 1598 3864 ot
1609 3804 1703 3868 litere
1714 3827 1779 3888 esp.
1791 3807 1831 3868 li·

436 3888 497 3949 Sed
517 3890 564 3964 hi,
591 3890 668 3949 siout
689 3888 829 3949 oberrent
849 3906 868 3947 ι
890 3886 1018 3957 Christo,
1045 3887 1088 3946 ite
1185 3886 1348 3948 Sciendum
1363 3898 1409 3948 oet
1424 3901 1531 3962 eutem,
1548 3890 1831 3973 interpretum

391 3973 601 4037 beneficiorum
624 3977 690 4055 ejus
710 3973 945 4055 megnitndinem
968 3991 1027 4033 non
1043 3990 1086 4032 ue·
1142 3994 1202 4033 non
1224 3982 1337 4034 tentum
1360 3977 1391 4035 in
1406 3977 1462 4035 isto
1477 3976 1644 4056 propheten
1663 3980 1832 4056 tempnomo,

394 4072 569 4142 sequnntur,
591 4071 622 4122 et
635 4063 815 4134 nominatim,
839 4060 913 4141 quid
927 4062 975 4131 nit,
991 4059 1086 4136 legem
1142 4060 1196 4121 ned
1211 4069 1242 4120 ot
1257 4060 1331 4120 slibi
1344 4065 1464 4140 passim,
1480 4082 1517 4123 eo
1531 4083 1616 4125 more
1629 4066 1767 4148 quodem
1777 4085 1831 4149 ptr·

392 4145 455 4208 Dei
479 4149 602 4210 interibi
628 4149 786 4210 mentibus.
820 4149 897 4208 Nam
919 4149 946 4208 ei
971 4145 1002 4206 id
1028 4166 1088 4206 non
1141 4157 1242 4226 petuo,
1257 4167 1312 4227 pro
1328 4167 1374 4220 eo,
1388 4149 1469 4228 qnod
1482 4150 1513 4209 in
1526 4150 1669 4214 liebrseo
1682 4165 1729 4216 em
1744 4161 1833 4234 Μ)

393 4232 478 4294 eliud
494 4245 580 4308 erret,
596 4256 687 4317 qnam
702 4235 830 4316 imprimi
844 4235 1014 4305 memoriae,
1037 4252 1086 4293 ne·
1142 4228 1281 4312 (berith),
1296 4236 1422 4311 foedus,
1435 4237 1572 4316 poeninen
1584 4233 1749 4319 διαθήκην,
1762 4235 1832 4324 qnod
1857 4227 1860 4238 ’

393 4339 547 4400 qusqnsm
570 4323 627 4384 hoo
648 4324 722 4383 estis
742 4331 823 4382 eruet
843 4320 884 4381 nd
906 4318 1088 4400 implendum
1142 4319 1266 4383 Graecis
1276 4330 1499 4384 testamentum
1511 4325 1669 4402 significet
1684 4321 1832 4390 nuneliui

393 4406 500 4487 legem.
527 4408 629 4488 Quem
651 4409 835 4470 multienim
858 4418 937 4480 nunt,
960 4408 1089 4486 inquot
1141 4417 1241 4468 tamen
1265 4408 1399 4469 volenter
1425 4408 1570 4488 intelligi,
1601 4432 1695 4492 quem
1722 4423 1835 4497 psetn

392 4503 546 4573 rumpent
570 4496 660 4558 illud:
693 4494 793 4557 Video
818 4494 955 4567 meliors,
981 4493 1088 4574 probo·
1142 4514 1196 4555 sen
1212 4492 1319 4556 foedus
1336 4496 1367 4556 in
1382 4515 1502 4575 genere,
1525 4505 1560 4555 nt
1579 4496 1655 4560 Gen.
1674 4503 1724 4564 9.:
1752 4503 1832 4574 Beer,

392 4599 471 4660 qn03
495 4582 646 4644 ‹letoriorn
667 4585 794 4664 sequor!
823 4584 883 4642 Pro
909 4581 1010 4642 tuturo
1035 4599 1088 4642 oe·
1141 4588 1246 4642 statuo
1262 4589 1483 4644 testamentum
1498 4601 1603 4644 meum
1626 4586 1729 4664 oobs's,
1753 4587 1833 4650 idom

390 4669 493 4741 niem,
510 4669 540 4730 in
556 4668 676 4732 Grseoo
690 4679 737 4730 ent
751 4663 906 4747 ἔρχονται,
922 4669 1088 4749 praetentis
1141 4677 1278 4750 psotum;
1295 4668 1407 4729 Peelm.
1421 4672 1488 4730 82:
1503 4670 1684 4734 Adversum
1700 4683 1732 4737 te
1747 4680 1833 4736 tm·

390 4756 534 4828 temporis
564 4756 695 4819 verbnm.
732 4757 937 4836 Hieronymus
966 4774 1088 4836 quoqne
1142 4763 1284 4816 mentum
1301 4756 1535 4832 disposuerunt,
1555 4758 1587 4818 id
1603 4767 1652 4820 ert
1665 4759 1776 4824 foedus
1789 4777 1843 4842 pe.

391 4838 485 4896 vertit
505 4858 546 4901 ex
560 4842 715 4907 Hebrseo:
737 4846 883 4919 ueniunt,
907 4853 940 4905 ut
955 4844 986 4904 in
1001 4853 1089 4904 textu
1142 4844 1297 4922 pigerunt,
1328 4844 1598 4922 conspiraverunt,
1629 4846 1840 4911 momenti*

391 4930 986 5011 eommentsriioejuninsertoridereoet.
1003 4929 1087 4990 Idem
1142 4930 1370 4990 idumoeorum
1397 4937 1427 4990 rt
1448 4931 1642 4993 ismaelitae.
1677 4934 1730 4996 Ite
1751 4935 1838 4998 etis!¹

390 5013 508 5086 tenpus
530 5013 631 5076 reddit
647 5021 705 5084 hoo
726 5020 793 5080 loeo
815 5017 912 5100 Syrus
932 5021 1087 5100 interpres.
1143 5015 1833 5096 tuson1.:llommtduponomosmts·
