4442 5825
706 599 740 658 n
754 599 922 659 umente
937 602 965 658 n
982 602 1071 660 eren
1085 600 1220 659 semem
1249 602 1334 660 rme.
1351 603 1455 660 e-ro.
1741 586 1815 681 t'e'i'

366 791 435 843 tuor
458 778 534 842 vidit
554 780 705 861 antiquos,
728 780 781 860 qui
804 781 993 842 consentient
1012 789 1064 842 ne·
1118 779 1174 842 teli
1188 780 1300 841 bomini
1315 779 1389 842 nihil
1405 801 1473 845 esse
1487 779 1733 864 exspectandum,
1754 778 1818 844 nisi

365 876 429 929 stre
451 867 624 948 interpreti,
646 865 783 929 reddenti
806 866 975 928 secundam.
1004 866 1063 929 Ve·
1118 870 1331 946 sempiternum
1348 869 1509 931 interitum.

366 975 433 1016 rum
449 973 556 1016 sensus
578 953 684 1014 eodem
709 953 824 1027 redibit,
848 955 881 1028 si,
907 954 987 1034 qnod
1011 973 1066 1034 per
1161 954 1274 1015 Contrs
1289 963 1404 1016 sutem:
1428 959 1490 1037 Qui
1510 963 1680 1033 permanet
1703 958 1738 1016 in
1753 956 1813 1016 da·

365 1043 493 1122 primam
509 1059 666 1119 personam
678 1041 796 1120 legitur,
811 1039 967 1101 credemus
983 1043 1062 1121 Apo·
1118 1045 1223 1102 ctrina
1246 1041 1372 1116 Chaon,
1400 1039 1528 1118 (addunt
1551 1042 1660 1104 Grscci
1683 1043 1813 1116 cedioes,

364 1129 475 1188 stolum
504 1127 662 1208 protulisse
697 1127 793 1207 ligure
829 1124 1063 1202 communionis,
1117 1137 1220 1189 noster
1241 1147 1278 1188 ex
1301 1131 1550 1208 praecedentibus
1574 1125 1738 1207 subaudit),
1764 1129 1813 1190 hic

366 1235 430 1295 qus
444 1217 476 1275 in
491 1215 581 1276 rebus
597 1213 707 1273 odiosis
720 1221 772 1274 snt
783 1214 920 1275 tristibus
935 1215 1064 1277 solemus
1117 1221 1148 1275 et
1161 1216 1302 1289 Patrem,
1327 1217 1492 1278 etlilium
1516 1216 1616 1276 babet.
1640 1217 1726 1277 Nunc
1748 1217 1812 1294 qui-

365 1303 421 1373 uti,
438 1309 468 1362 et
482 1320 575 1379 esopo
591 1308 713 1361 utuntur
724 1302 801 1361 socri
819 1302 987 1381 scriptores.
1003 1301 1062 1363 Ve·
1117 1301 1185 1361 deru
1208 1321 1262 1382 per
1287 1303 1414 1381 gretiam
1437 1304 1661 1383 justificationis
1688 1311 1718 1362 et
1740 1299 1811 1362 sde-

364 1391 412 1450 lut
427 1387 466 1449 ad
483 1387 551 1449 Gsl.
568 1387 614 1447 e:
629 1387 821 1464 Priusquam
839 1391 962 1450 veniret
976 1388 1062 1464 tides,
1117 1390 1244 1468 ptienis3
1267 1387 1426 1448 habiturus
1449 1399 1547 1450 sutem
1571 1390 1603 1450 iu
1625 1389 1720 1450 sltsro
1744 1407 1809 1448 see·

363 1477 422 1537 sub
438 1477 503 1550 leae
519 1473 775 1536 custodiebamur
797 1476 936 1536 certclusi
950 1484 1016 1549 ete,
1034 1485 1064 1535 et
1116 1475 1193 1548 culo,
1209 1495 1263 1554 per
1276 1473 1539 1550 beatificationem,
1563 1494 1640 1557 quse
1655 1483 1701 1537 est
1715 1477 1813 1554 gretie

364 1583 431 1643 csp.
448 1565 493 1622 4.:
517 1563 591 1638 Noe,
608 1580 680 1622 cum
695 1580 828 1622 ceremur
841 1565 984 1639 parvuli,
1006 1563 1063 1623 suh
1116 1569 1329 1621 consummata.
1376 1565 1527 1625 Consonat
1556 1563 1632 1623 haec
1662 1562 1813 1624 sententie

364 1650 529 1710 clementie
542 1648 657 1710 mundi
675 1667 802 1709 eramus
815 1651 993 1711 servientes.
1017 1649 1064 1709 Its
1116 1667 1182 1707 cnm
1207 1648 1261 1708 ills
1283 1647 1451 1709 Sslvetoris
1475 1651 1566 1713 Josu.
1591 1650 1656 1710 14.:
1683 1650 1717 1710 Si
1743 1651 1814 1726 eutr

364 1749 397 1798 et
418 1735 487 1797 Gal.
511 1736 540 1795 h.
567 1738 597 1796 in
621 1735 678 1795 fine
701 1745 730 1795 et
753 1735 826 1796 alibi
848 1754 947 1816 saepe.
986 1735 1064 1796 Sunt
1115 1735 1221 1809 dilipit
1235 1753 1294 1807 me,
1311 1752 1485 1797 samonem
1500 1755 1602 1797 meum
1619 1736 1766 1809 smeabit,
1783 1741 1813 1796 ct

363 1823 506 1903 exempla
526 1822 681 1902 complure
703 1823 734 1883 in
757 1822 823 1883 1Β.
848 1821 938 1883 Joeu
963 1823 1061 1902 Epist.
1089 1823 1093 1851 ¹
1115 1821 1524 1898 Putermeusdiliyeteum,
1541 1831 1595 1884 ete.
1618 1822 1811 1901 significetur

363 1909 453 1971 Haec
470 1910 618 1989 expositio
634 1907 754 1970 videtur
770 1909 1010 1988 expeditissime,
1033 1918 1064 1969 et
1115 1918 1214 1968 sutem
1230 1927 1285 1988 per
1299 1907 1373 1968 hseo
1389 1911 1529 1983 Apostoli
1546 1908 1644 1982 verbs,
1665 1910 1765 1969 Petris
1781 1919 1813 1969 et

364 1999 405 2058 eb
421 1993 606 2057 Oecumenio
622 1996 764 2070 indicate,
787 2005 935 2076 quotenus
951 2016 1005 2077 per
1019 2014 1062 2056 se·
1115 1995 1184 2055 Filii
1200 1994 1304 2055 eedem
1328 1995 1482 2057 individue
1506 1997 1684 2065 substantie,
1707 2003 1739 2054 ut
1762 1995 1811 2056 hic

365 2081 493 2144 cundem
510 2102 667 2162 persenam
685 2083 814 2162 exponit,
835 2102 913 2162 quse
930 2085 961 2144 in
977 2091 1063 2142 textu
1116 2081 1279 2142 edmoneut
1295 2081 1453 2162 Didymus,
1476 2083 1570 2155 Beds,
1593 2081 1812 2159 Oecumeuius3

363 2170 441 2250 legit
464 2189 518 2250 per
533 2171 668 2249 primum:
696 2169 808 2229 Similis
830 2188 978 2248 percense
1001 2188 1062 2230 mu·
1116 2178 1146 2228 et
1166 2167 1244 2228 idem
1260 2166 1410 2246 judicium
1432 2181 1479 2229 est
1500 2171 1539 2231 de
1562 2169 1675 2251 Spiritu
1697 2177 1812 2242 saneto,

364 2257 445 2317 tatio
469 2265 514 2316 est
539 2260 553 2316 1
572 2255 663 2317 Josn.
679 2258 708 2327 2,
725 2259 774 2317 28.
798 2255 940 2317 Proximo
956 2254 1064 2317 deinde
1117 2253 1185 2314 licet
1207 2257 1232 2314 ie
1255 2253 1385 2316 hicnon
1407 2259 1610 2336 exprimetor;
1633 2257 1813 2336 exprimitur

362 2362 458 2404 vorsu
474 2343 637 2414 confirmet,
660 2341 741 2422 quod
764 2362 843 2402 nunc
859 2342 943 2415 dixit,
967 2342 1061 2423 perdi·
1116 2343 1193 2401 enim
1208 2340 1281 2400 elibi
1302 2339 1341 2399 ed
1358 2341 1492 2420 ejusdem
1509 2344 1551 2403 rei
1568 2342 1811 2403 declarationem.

365 2439 452 2490 tores
468 2433 577 2503 omnis,
596 2431 655 2490 uisi
671 2431 701 2490 in
723 2427 783 2490 tide
799 2427 910 2489 Christi
926 2448 1062 2509 persone
1161 2429 1209 2488 10.
1231 2429 1266 2490 st
1281 2429 1351 2504 quie
1368 2430 1453 2490 uenit
1468 2430 1512 2491 ad
1528 2449 1592 2504 eos,
1610 2436 1639 2490 ct
1654 2429 1737 2490 hanc
1752 2429 1812 2490 do·¹

363 2526 442 2587 rent,
458 2517 613 2597 inquiens:
1115 2518 1251 2575 ctrinam
1275 2532 1342 2575 nen
1362 2517 1481 2593 adfert,
1505 2523 1559 2577 etc.
1583 2515 1748 2576 Conclusio
1765 2523 1812 2576 est

409 2608 438 2666 9.
463 2604 590 2676 Omnis,
618 2605 673 2680 qui
695 2602 821 2678 recedit,
850 2609 880 2664 et
901 2621 968 2665 nen
985 2621 1063 2680 per·
1115 2620 1153 2662 ex
1175 2600 1291 2661 duobus
1314 2602 1451 2663 versibus
1474 2603 1720 2681 praecedentibus
1738 2606 1766 2664 8.
1784 2611 1812 2662 et

363 2698 478 2751 manet
507 2693 543 2750 in
572 2688 721 2750 doctrine
753 2690 876 2751 Christi.
923 2689 1062 2763 Recedit,
1115 2689 1144 2748 9.
1161 2687 1299 2760 deducte,
1323 2687 1379 2748 sed
1394 2690 1556 2768 explicate.
1579 2691 1708 2751 Dixerat
1731 2689 1811 2749 enim

363 2796 487 2838 sensnm
502 2778 581 2839 bene
596 2777 744 2856 expressit
767 2778 922 2855 interpres,
946 2778 1062 2837 etiamsi
1114 2774 1294 2855 Apostolus:
1316 2775 1424 2835 Videte
1439 2785 1556 2837 vosmet
1571 2779 1672 2853 ipsoe,·
1688 2774 1719 2835 id
1732 2794 1812 2837 nune

360 2885 424 2925 vox
449 2863 568 2926 Grecos
590 2861 641 2923 vel
664 2867 858 2940 praeterire,
886 2863 933 2925 ael
953 2872 1061 2925 trane·
1114 2863 1247 2942 apertius
1263 2861 1439 2939 explicetur,
1461 2873 1495 2924 ut
1510 2863 1682 2943 intelligant
1697 2861 1809 2938 fideles,

359 2952 454 3028 aredi
470 2950 628 3031 significet,
645 2943 880 3028 ὁπαραβαὶνων.
905 2950 995 3031 Quod
1007 2973 1058 3012 eo·
1115 2959 1227 3027 quanto
1243 2949 1342 3010 studio
1358 2969 1466 3011 cevere
1482 2951 1540 3011 sibi
1555 2949 1693 3019 debeant,
1709 2970 1748 3011 ne
1763 2969 1809 3011 se-

362 3048 424 3100 tem
442 3037 578 3099 nonnulli
604 3036 673 3098 libri
689 3038 789 3099 Latini
812 3038 938 3100 habent:
962 3058 1061 3115 prae·
1115 3035 1262 3096 ducentur
1275 3035 1313 3095 eb
1330 3035 1502 3114 haeretiois3
1526 3045 1609 3098 tento
1632 3036 1754 3103 scilieet.
1777 3044 1812 3097 ut

360 3126 457 3200 cedit,
475 3126 614 3186 vitiosum
632 3133 687 3184 est
711 3126 752 3185 ln
771 3124 919 3186 doarina
936 3127 1059 3189 Oltristi.
1115 3122 1258 3183 cumillis
1280 3122 1355 3182 nihil
1376 3123 1509 3185 habeant
1529 3124 1706 3185 commercii.
1729 3123 1812 3184 Dicit

360 3212 525 3275 Genitivos
549 3212 666 3273 Christi
690 3213 798 3283 sotice,
820 3232 858 3272 en
881 3213 1000 3291 psssive
1022 3205 1076 3273 sit'
1115 3229 1203 3288 ergoc
1225 3211 1261 3271 Si
1274 3213 1344 3286 quis
1361 3214 1448 3271 uenit
1461 3213 1506 3272 ed
1521 3230 1586 3286 eos,
1610 3217 1640 3271 et
1653 3211 1737 3271 hane
1752 3211 1810 3270 de·

360 3297 575 3380 exponendus,
602 3298 707 3375 quaeri
738 3307 845 3375 petest.
883 3298 941 3359 Ille
971 3300 1060 3361 modo
1114 3299 1253 3357 ctrinam
1276 3314 1344 3358 non
1367 3299 1484 3376 adfert.
1508 3299 1603 3359 Hane
1618 3299 1809 3373 doctrinam,

360 3394 489 3448 vocatur
504 3385 652 3446 dectrma
668 3384 793 3458 Christi,
817 3383 1061 3467 quemchristus
1115 3383 1225 3444 Christi
1241 3384 1396 3461 nimirum,
1418 3384 1539 3445 numid
1562 3385 1612 3446 hie
1634 3384 1811 3446 subauditur

358 3470 502 3545 tradidit,
543 3491 632 3550 quern
673 3470 810 3531 Christus
861 3471 963 3549 decet,
1004 3474 1062 3534 hoo
1115 3489 1153 3530 ex
1176 3469 1293 3531 duobus
1316 3472 1454 3549 proxime
1477 3471 1728 3550 praecedentibus
1743 3490 1809 3531 ver·

360 3557 467 3627 medo,
499 3577 580 3638 quse
610 3555 648 3617 de
677 3556 794 3620 Christo
824 3558 968 3631 traditur,
1006 3579 1060 3622 seu
1114 3556 1205 3618 sibus.
1228 3559 1302 3618 Non
1324 3559 1443 3637 adfert,
1465 3560 1611 3638 figuratus
1635 3565 1682 3620 est
1704 3577 1810 3632 sermo,
1844 3624 1847 3629 ,

359 3665 425 3724 que
455 3642 594 3706 Christus
619 3643 751 3705 docetur.
792 3645 929 3726 Apparet
951 3655 1061 3722 eutem,
1115 3662 1176 3722 que
1204 3644 1302 3705 minus
1331 3644 1441 3706 dicitnr
1467 3656 1495 3706 et
1524 3645 1594 3726 ples
1622 3643 1810 3724 intelligitur.

360 3731 546 3812 Didymurn,
584 3739 614 3792 et
651 3730 773 3792 evidens
810 3740 870 3805 est,
911 3730 1058 3795 Oecome·
1113 3730 1226 3792 Sensus
1242 3738 1303 3792 est:
1319 3731 1382 3813 Qui
1398 3732 1483 3805 hanc,
1500 3754 1589 3810 quern
1603 3731 1809 3812 Apostolivo-

357 3820 443 3881 nium
478 3820 578 3880 active
611 3818 793 3897 intelliger03
831 3818 862 3879 id
893 3820 975 3899 qood
1003 3821 1059 3881 toti
1112 3818 1158 3878 bie
1175 3822 1399 3891 annuntiarunt,
1416 3817 1526 3881 Christi
1542 3819 1706 3881 doctrinam
1722 3839 1805 3881 aver·

356 3907 529 3967 sententies
563 3904 683 3964 videtur
715 3906 825 3984 aptius
870 3905 1058 3987 Quamquam
1112 3914 1205 3978 estur,
1220 3905 1391 3984 impugnat3
1407 3925 1462 3968 nee
1475 3908 1552 3967 enim
1568 3915 1614 3967 est
1629 3907 1806 3987 urensApe

357 3999 392 4052 et
418 3991 496 4054 slter
521 3990 691 4053 intellectus
713 3991 888 4053 sederimus
915 4002 975 4067 est,
1002 4012 1059 4056 nee
1112 3991 1189 4065 stoli,
1213 3999 1247 4051 ut
1261 4011 1379 4053 omnem
1402 4012 1469 4053 eum
1488 3994 1554 4053 sine
1570 3994 1750 4072 exceptione
1765 3988 1808 4054 vi*

356 4078 439 4139 male
455 4079 603 4139 cohaeret
626 4078 739 4139 Sensus
753 4098 825 4158 ergo
838 4091 898 4140 est:
915 4077 1057 4159 Quicum·
1111 4085 1183 4151 tent,
1205 4076 1356 4157 domoque
1378 4078 1546 4152 excludant,
1568 4080 1621 4159 qui
1643 4099 1747 4141 rerem
1770 4078 1809 4141 de

356 4184 422 4245 que
444 4163 647 4226 doctrineme
670 4161 792 4226 Christo
808 4167 938 4228 Domino
961 4167 1058 4229 nobis·
1111 4161 1231 4225 Christe
1267 4163 1432 4227 doctrinam
1476 4187 1537 4227 neu
1572 4174 1671 4239 tenet,
1715 4165 1810 4227 relati

354 4271 425 4312 cum
437 4254 468 4313 in
479 4253 570 4312 terris
581 4260 720 4312 versante
732 4250 873 4313 traditam
885 4249 986 4332 (cujus
998 4272 1058 4313 nna
1111 4251 1260 4312 ethnicum
1299 4255 1487 4332 quempiam,
1525 4253 1577 4332 qni
1609 4252 1808 4333 Evsogelimu

354 4357 428 4419 pars
444 4345 491 4399 est
505 4337 544 4399 de
558 4339 686 4400 veritate
709 4339 865 4419 utriusque
887 4349 1012 4401 neturse
1026 4340 1057 4401 iu
1110 4337 1221 4399 Christi
1236 4339 1367 4400 neudum
1387 4338 1520 4415 audivit,
1542 4340 1597 4400 sed
1621 4338 1754 4420 loquitur
1768 4338 1808 4401 de

354 4422 500 4503 Cheimo),
523 4432 553 4485 et
568 4444 657 4503 quern
683 4426 709 4486 is
731 4444 786 4505 per
807 4425 970 4506 Apostolos
986 4445 1057 4487 snos
1110 4424 1278 4497 haereticis,
1297 4446 1373 4508 ques
1388 4425 1601 4506 designaverat
1616 4425 1673 4487 seb
1688 4427 1809 4486 nemine

352 4531 523 4593 eorumque
537 4510 736 4573 subsidiarios
748 4521 776 4573 et
787 4531 977 4575 successores
993 4521 1056 4574 totu
1109 4511 1313 4574 seductorum
1335 4521 1364 4574 et
1380 4514 1653 4588 antichristorum,
1676 4533 1706 4573 v.
1723 4513 1751 4572 7.
1773 4514 1809 4575 st

354 4599 430 4661 orbe
456 4597 627 4681 praedicari
650 4599 757 4678 jussit,
784 4598 877 4660 semel
903 4608 1056 4681 receptam
1111 4599 1182 4675 quis
1210 4600 1301 4678 igitur
1337 4598 1406 4660 telis
1442 4601 1531 4661 uenit
1558 4600 1603 4659 ad
1632 4618 1703 4673 ces,
1742 4600 1810 4660 sive

353 4694 463 4767 postea
481 4685 601 4757 deserit,
624 4685 650 4745 is
673 4685 778 4747 Deum
800 4704 868 4747 non
890 4686 1002 4765 behet3
1025 4685 1056 4746 id
1110 4694 1262 4764 tamqnam
1293 4688 1424 4759 amicus,
1462 4685 1529 4748 sive
1559 4692 1715 4768 tamquam
1752 4705 1808 4746 ros

354 4781 413 4845 eet,
428 4774 457 4834 ei
471 4773 558 4833 Deus
581 4789 682 4849 neque
704 4792 758 4852 per
779 4773 906 4852 gretiam
922 4772 1055 4856 edoptio·
1110 4770 1270 4845 docturus,
1322 4774 1388 4834 sive
1428 4792 1618 4853 quocumque
1657 4772 1717 4833 elio
1758 4792 1806 4833 ce

353 4863 403 4922 nis
418 4878 486 4920 sese
500 4857 595 4918 veluti
619 4856 760 4919 denotet
784 4858 940 4939 conjungit
954 4861 984 4920 iu
999 4860 1056 4922 hec
1110 4857 1182 4919 lore.
1220 4858 1297 4920 Nem
1330 4861 1430 4921 verios
1464 4867 1638 4938 praetextus
1664 4858 1808 4921 baeretici

352 4950 429 5017 vita,
453 4964 552 5024 noque
574 4963 627 5024 per
649 4945 774 5024 gloriam
791 4964 859 5006 sese
882 4946 927 5007 illi
942 4954 990 5006 eet
1005 4946 1055 5007 ds·
1109 4954 1273 5019 uerrmunt,
1303 4946 1411 5026 quibus
1434 4945 1546 5007 adeant
1568 4944 1673 5006 domes
1696 4964 1807 5020 eorum,

352 5042 439 5097 turus
463 5033 496 5094 in
515 5029 625 5093 latore
651 5031 771 5115 Quibm
793 5032 893 5095 serbis
913 5033 1055 5110 innuitur,
1109 5050 1184 5116 quos
1200 5033 1325 5115 eupiunt
1339 5030 1500 5113 seducer03
1516 5031 1706 5095 hebenteein
1719 5049 1802 5094 mere
