4442 5825
435 592 481 661 12
1038 585 1263 642 arcessamus

431 768 461 823 et
482 762 572 839 apud
587 765 760 837 Romanos,
785 763 891 842 inquit,
915 781 1013 840 usque
1033 764 1126 825 hodie
1177 771 1221 824 est
1236 762 1280 825 ad
1294 762 1473 823 Hebraeos:
1498 763 1574 825 Sine
1595 763 1657 840 {ide
1680 764 1876 838 impossibile

431 852 523 926 quast
536 850 636 909 Paeti
646 848 791 924 Apostoli
801 868 869 910 aon
880 850 1022 909 labetur.
1039 850 1125 909 Haec
1178 858 1221 910 eat
1235 851 1361 925 placere
1377 851 1453 910 Deo.
1476 847 1541 909 Gur
1552 871 1613 910 non
1624 848 1719 910 dixit:
1736 858 1766 909 et
1776 848 1878 908 alibi?

430 934 564 1015 prolecto
579 936 781 1014 Hieronymus
804 956 864 996 non
879 934 1000 1006 diceret,
1022 936 1046 995 ai
1062 955 1125 995 cre·
1178 936 1236 996 nisi
1248 937 1319 1016 quia
1329 955 1390 995 non
1401 954 1499 1014 aeqne
1514 943 1626 996 certum
1639 935 1779 1008 habebat,
1791 936 1876 1014 Apo·

431 1019 522 1096 deret,
537 1020 705 1081 Ecclesiam
717 1020 881 1100 aliquando
893 1019 1044 1081 definitam
1056 1042 1124 1100 pro·
1178 1021 1286 1082 stolum
1302 1020 1390 1100 hujus
1406 1022 1578 1095 testimonii,
1601 1041 1692 1101 quam
1707 1021 1790 1083 illius
1806 1042 1875 1082 ease

430 1107 536 1167 tulisse
550 1105 589 1166 de
599 1108 655 1168 hac
668 1126 701 1166 re
712 1109 901 1168 sententiam.
917 1107 1006 1186 Quod
1022 1115 1124 1167 autem
1178 1117 1340 1168 auctorem.

431 1191 569 1254 nonnulli
578 1192 772 1274 respondent,
789 1193 864 1252 haec
880 1194 979 1253 omnia
993 1192 1032 1253 ab
1047 1193 1123 1252 Hie·
1221 1194 1263 1254 At
1278 1211 1377 1274 neque
1393 1199 1461 1273 post
1480 1213 1515 1252 ea
1529 1201 1664 1272 tempora
1679 1190 1800 1253 videtur
1815 1195 1874 1253 Ec·

430 1299 556 1357 ronymo
581 1281 692 1359 scripta
719 1298 785 1339 esse
799 1266 856 1339 snb
872 1276 973 1339 aliena
987 1297 1126 1358 persons,
1178 1279 1270 1340 cissis
1293 1278 1332 1339 de
1352 1279 1410 1338 hac
1432 1281 1607 1360 quaestione
1631 1281 1796 1357 quicquam
1811 1299 1873 1339 am·

430 1373 484 1424 aut
505 1384 544 1427 ea
565 1364 664 1425 aliena
688 1366 852 1440 sententia3
879 1366 965 1425 nimis
988 1364 1124 1445 prolecto
1178 1366 1257 1445 plius
1285 1365 1473 1438 definivisse,
1502 1385 1594 1444 quam
1620 1374 1692 1425 tunc
1718 1364 1874 1425 definitum

430 1449 569 1511 frivolum
592 1459 646 1524 est,
669 1470 704 1511 ac
722 1452 829 1511 vanius
853 1471 945 1530 quam
960 1459 993 1510 ut
1006 1454 1125 1512 ratione
1178 1461 1249 1513 eret.
1276 1451 1355 1511 Nam
1379 1469 1459 1529 quae
1481 1453 1669 1528 potissimum
1691 1449 1873 1530 objiciuntur

429 1534 594 1598 refellatur.
625 1535 716 1597 (lecte
745 1538 921 1598 sententiam
952 1556 1037 1596 suam
1063 1557 1125 1597 non
1177 1538 1312 1611 coucilia,
1334 1537 1475 1618 aquibus
1497 1536 1572 1598 haec
1586 1537 1725 1617 Epistola
1747 1537 1805 1598 sub
1821 1557 1871 1597 no-

429 1625 528 1701 potuit
553 1623 663 1683 clarius
686 1621 857 1702 explicare,
885 1643 975 1703 quam
998 1623 1071 1683 iecit
1094 1625 1124 1683 in
1176 1625 1257 1684 mine
1282 1623 1370 1682 Pauli
1402 1631 1573 1683 recensetur
1597 1624 1677 1683 inter
1706 1623 1873 1702 scripturas

428 1709 526 1788 Epist.
551 1708 589 1769 de
612 1717 692 1769 terra
711 1710 926 1787 promissionis,
950 1708 1124 1788 scriptaad
1177 1711 1353 1783 canonicas,
1378 1728 1413 1768 ea
1427 1711 1534 1787 partim
1558 1718 1629 1770 ante
1643 1709 1827 1788 Hieronymi
1842 1717 1872 1768 et

429 1793 604 1855 Dardanum
626 1814 706 1855 num.
726 1795 804 1868 129,
828 1797 858 1857 iu
874 1814 1015 1874 quacum
1032 1795 1123 1856 dixis·
1176 1795 1340 1875 Augustini
1358 1803 1496 1867 aetatem,
1512 1797 1621 1874 partim
1637 1803 1706 1874 post
1720 1794 1872 1855 celebrata

430 1887 477 1940 eet
498 1881 661 1960 plerosque
685 1880 837 1955 arbitrari,
861 1880 944 1961 quod
966 1881 1124 1942 Barnabas
1177 1890 1255 1942 sunt.
1287 1880 1387 1959 Quare
1408 1881 1435 1940 si
1458 1881 1559 1958 priora
1584 1901 1645 1941 non
1671 1882 1871 1957 convincuut3

429 1974 482 2027 aut
493 1964 631 2026 Clemens
643 1967 680 2025 sit
692 1967 976 2046 auctorEpistolae:
995 1970 1123 2041 Verum,
1177 1987 1233 2028 nec
1248 1965 1367 2046 quidem
1391 1968 1566 2045 posteriora.
1594 1968 1700 2047 Neque
1716 1968 1797 2028 enim
1812 1967 1871 2026 Pa·

429 2053 535 2131 inquit,
550 2053 631 2111 nihil
646 2054 786 2127 interest,
809 2057 899 2129 cujus
917 2055 975 2129 εἰη
1000 2073 1069 2114 crem
1084 2056 1125 2113 sit
1176 2054 1270 2114 tribus
1281 2053 1385 2112 horum
1398 2052 1589 2113 conciliorum
1602 2055 1789 2132 propositum
1805 2060 1874 2112 erat

431 2138 628 2201 ecclesiastici
650 2142 724 2213 viri,
752 2144 782 2198 et
805 2139 945 2214 quotidie
964 2140 1125 2200 Ecclesiu-
1177 2139 1313 2212 delinire,
1340 2140 1426 2216 cujus
1449 2159 1484 2198 ea
1503 2139 1645 2218 Epistola
1667 2140 1706 2199 sit
1728 2139 1871 2211 auctoris,

429 2242 502 2285 rrtm
517 2224 648 2285 lectiom
663 2224 842 2285 celebretur.
1177 2224 1230 2285 sed
1246 2223 1328 2303 quod
1343 2243 1403 2286 una
1418 2245 1484 2285 cum
1501 2227 1631 2285 caeteris
1645 2224 1733 2285 Pauli
1748 2225 1870 2302 Episto-

472 2310 537 2372 Nec
558 2330 631 2370 vero
654 2311 737 2371 solus
752 2311 958 2391 Hieronymus
981 2310 1021 2370 ad
1044 2310 1125 2370 hunc
1177 2311 1229 2382 lis,
1252 2310 1360 2392 quihus
1382 2312 1587 2390 receptissimo
1609 2311 1767 2372 Ecclesiae
1788 2329 1872 2370 more

428 2395 548 2457 modum
572 2396 689 2457 locutus
713 2406 768 2470 est,
791 2416 894 2458 venun
910 2399 1001 2459 etiam
1021 2398 1123 2476 Augu·
1177 2416 1241 2457 eam
1257 2405 1461 2468 annumerant,
1483 2397 1559 2457 inter
1573 2397 1691 2457 divinas
1705 2397 1871 2476 scripturas

429 2484 524 2543 atinus
539 2485 614 2543 satis
630 2483 811 2562 significavit
825 2503 889 2544 rem
904 2504 964 2543 non
979 2502 1047 2543 esse
1062 2503 1122 2542 cer·
1177 2484 1214 2543 sit
1228 2481 1377 2543 habenda.
1400 2481 1501 2561 Hujus
1523 2485 1565 2543 rei
1589 2483 1700 2544 clarum
1715 2501 1870 2561 argumen-

429 2577 490 2629 tam
505 2588 541 2628 aa
556 2568 716 2640 definitam,
738 2587 829 2649 quum
844 2568 884 2628 de
898 2570 981 2629 civit
996 2569 1056 2628 Dei
1072 2568 1123 2628 lib.
1176 2577 1239 2628 tum
1263 2576 1309 2628 est
1324 2587 1363 2627 ex
1378 2568 1516 2647 catalogo
1537 2569 1683 2631 librorum
1704 2570 1872 2648 scripturae

431 2656 480 2715 16.
508 2673 572 2732 cap.
599 2657 649 2714 22.
677 2655 720 2713 ita
751 2654 871 2714 scribit:
918 2657 966 2715 De
999 2673 1061 2731 qsao
1087 2656 1123 2715 in
1176 2674 1282 2716 merae
1297 2653 1457 2732 descripto,
1472 2654 1779 2734 primumapatribus
1795 2653 1871 2714 Con·

428 2741 585 2815 Epistola,
603 2758 683 2816 quae
698 2741 883 2801 inscribitur
896 2742 940 2800 ad
951 2740 1122 2815 Hebraeos,
1176 2741 1236 2802 ciiii
1253 2739 1498 2819 carthaginensis
1514 2745 1551 2815 3.,
1567 2751 1630 2802 tum
1642 2740 1680 2799 ah
1691 2740 1871 2800 Innocentio

429 2844 525 2904 quam
539 2827 650 2902 plures
662 2827 807 2902 Apostoli
818 2827 915 2887 Pauli
927 2846 988 2888 esse
1000 2826 1122 2901 dicuat,
1175 2827 1210 2900 1.,
1226 2824 1335 2886 deinde
1350 2845 1368 2885 a
1383 2825 1508 2887 Gelasio
1523 2829 1549 2886 1.
1568 2828 1598 2886 in
1616 2825 1754 2887 Concilio
1769 2826 1871 2887 LXX.

429 2911 561 2991 quidem
584 2932 659 2973 vero
682 2920 812 2989 cecant,
836 2915 940 2974 malta
960 2922 988 2973 et
1002 2931 1123 2989 mopere
1175 2915 1391 2993 episcoporum.
1415 2913 1507 2993 Apud
1523 2933 1600 2993 quos
1621 2932 1724 2973 omnes
1739 2914 1782 2973 sic
1797 2911 1870 2993 legi·

429 3001 609 3076 eoamriptc
634 3007 716 3061 sunt.
748 2998 837 3079 Quod
861 3002 940 3059 enim
963 3001 1019 3059 ait:
1043 3003 1124 3079 Qui·
1175 3009 1239 3060 tar:
1255 2998 1425 3059 Salamonia
1440 3000 1510 3061 libri
1523 3002 1667 3080 quinque.
1683 2999 1763 3062 Nam
1778 3000 1871 3059 etiam

430 3087 507 3146 dum
523 3104 597 3147 vero
612 3094 741 3161 cecant,
756 3104 816 3146 non
832 3085 871 3146 de
885 3085 1052 3160 haereticis,
1069 3086 1123 3147 sed
1174 3085 1255 3166 apud
1276 3085 1431 3147 Gelasium
1456 3087 1499 3146 aio
1525 3085 1643 3158 haberi,
1670 3084 1758 3145 fidem
1782 3085 1872 3145 nobis

430 3171 468 3231 de
482 3170 650 3234 Catholicis
670 3174 779 3251 utique
798 3171 884 3232 dixit
908 3170 997 3233 Unde
1012 3173 1124 3252 etipse
1175 3171 1250 3233 lacit
1264 3170 1452 3232 Burchardus
1474 3173 1505 3232 in
1524 3191 1579 3231 suo
1596 3170 1733 3232 decreto:
1757 3171 1826 3231 licet
1842 3172 1873 3231 in

430 3259 607 3336 saepissime
627 3259 827 3318 testimonium
850 3278 889 3317 ex
911 3256 968 3318 hac
983 3259 1123 3338 Epistola
1176 3258 1283 3318 Tomis
1304 3258 1497 3318 conciliorum
1518 3259 1628 3318 vitiose
1649 3278 1703 3338 pro
1728 3258 1874 3338 quinque,

430 3344 502 3405 citat
524 3344 639 3422 absque
658 3347 812 3407 mentione
831 3346 972 3416 auctoris,
995 3344 1051 3404 hoc
1072 3353 1125 3405 aut
1175 3352 1245 3417 tres,
1267 3342 1414 3423 legantur.
1438 3345 1610 3404 Recensent
1631 3351 1732 3404 eutem
1753 3342 1797 3402 illi
1816 3342 1873 3403 Sa·

430 3431 518 3491 simili
533 3430 637 3491 modo:
658 3432 807 3512 Scriptum
822 3439 868 3492 est
883 3433 915 3491 iu
929 3431 1069 3510 Epistola
1084 3430 1124 3490 ad
1175 3431 1303 3491 lomonis
1318 3429 1411 3491 libros
1430 3432 1576 3509 quinque,
1600 3430 1822 3509 comprehensis
1839 3431 1872 3489 in

430 3516 596 3590 Hebraeos,
620 3519 701 3596 quod
721 3518 759 3578 de
776 3518 845 3578 aliis
861 3517 1007 3596 Epistolis
1023 3516 1124 3577 lacere
1177 3537 1213 3578 eo
1242 3536 1363 3576 numero
1393 3516 1550 3595 Sapientia
1580 3527 1609 3576 et
1638 3515 1872 3577 Ecclesiastico:

429 3622 622 3682 nequaquam
645 3604 729 3664 solet.
759 3605 843 3664 Loca
868 3611 937 3663 sunt
960 3622 999 3662 ex
1021 3603 1124 3663 multis
1176 3623 1250 3682 qnos
1266 3601 1570 3663 tamenaSalomone
1585 3604 1873 3682 scriptosnonesse,

430 3708 541 3767 pauca:
564 3688 670 3748 eodem
695 3689 733 3750 de
755 3690 829 3750 civit
843 3689 902 3749 Dei
924 3689 976 3749 lib.
995 3692 1043 3750 16.
1060 3709 1124 3768 cap.
1176 3689 1325 3749 doctiores
1342 3711 1402 3750 nan
1417 3688 1571 3750 dubitant:
1586 3697 1621 3748 ut
1635 3689 1677 3749 ait
1691 3689 1872 3749 Innocentio

431 3778 480 3835 28.
504 3782 533 3833 et
552 3774 670 3835 lib.10.
695 3796 759 3855 cap.
776 3776 815 3849 6.,
837 3774 876 3835 sle
898 3794 979 3855 pecc.
1000 3794 1072 3835 mer.
1094 3783 1125 3834 et
1176 3784 1442 3854 contemporaneus
1466 3775 1656 3854 Augustinus
1679 3776 1709 3834 in
1732 3773 1873 3854 Speculo.

429 3862 544 3921 remiss.
561 3859 611 3920 lib.
629 3865 657 3922 2.
674 3882 738 3941 cap.
755 3863 805 3922 24.
821 3869 852 3921 et
867 3864 926 3934 31,
948 3868 1052 3921 tonna
1067 3862 1123 3922 Ju-
1174 3859 1364 3941 Legebantur
1375 3869 1473 3921 eutem
1487 3862 1518 3921 in
1530 3862 1674 3922 Ecclesiis
1686 3861 1741 3921 sub
1752 3863 1873 3922 nomine

429 3946 501 4006 lian.
517 3945 567 4007 lib.
584 3951 612 4007 4.
630 3968 695 4027 cap.
713 3953 750 4021 3.,
767 3948 798 4007 in
814 3946 1057 4028 explemPsalm.
1073 3947 1122 4006 7⁷.
1176 3946 1360 4023 Salomonis3
1391 3966 1516 4029 eamque
1538 3948 1577 4007 oh
1601 3967 1720 4007 causam
1744 3945 1800 4006 snb
1822 3966 1871 4006 eo·

430 4039 462 4094 et
477 4033 547 4093 118.
572 4053 653 4094 conc.
670 4038 698 4096 8.
719 4055 749 4114 q.
767 4036 816 4097 49.
842 4053 935 4113 super
949 4033 1061 4108 Judie,
1085 4032 1124 4093 de
1176 4032 1242 4094 dem
1258 4034 1377 4093 nomine
1392 4042 1463 4094 suut
1477 4036 1618 4094 recensiti
1633 4035 1664 4093 in
1680 4032 1828 4112 catalogo.

430 4118 541 4178 Trinit.
556 4120 608 4181 lib.
626 4124 654 4182 3.
670 4140 734 4200 cap.
749 4126 798 4182 11.
810 4129 841 4180 et
851 4120 904 4179 lib.
918 4123 967 4180 12.
984 4124 1124 4197 cap.13.,
1219 4118 1339 4197 Quibus
1353 4119 1441 4191 adde,
1464 4118 1545 4197 quod
1566 4122 1595 4178 in
1612 4118 1717 4180 eodem
1733 4119 1873 4198 catalogo

429 4214 534 4265 cenna
547 4206 671 4266 Maxim.
694 4206 746 4266 lib.
763 4208 792 4267 3.
807 4226 873 4286 cap.
888 4204 941 4265 ult.
968 4204 1123 4268 Interdum
1176 4203 1422 4283 carthaginensis
1438 4204 1568 4266 concilii
1591 4205 1629 4265 de
1643 4205 1733 4265 Pauli
1747 4205 1872 4284 Episto-

428 4309 499 4350 vero
523 4292 611 4370 plura
633 4293 819 4373 conjungens
840 4292 1011 4353 testimonia
1025 4310 1064 4351 ex
1079 4290 1123 4351 di·
1176 4293 1214 4352 lis
1229 4291 1339 4370 legitur
1352 4290 1391 4351 acl
1407 4292 1486 4351 hunc
1508 4291 1648 4352 modum:
1674 4292 1773 4351 Pauli
1789 4293 1874 4367 Epi-

428 4377 522 4437 versia
536 4377 686 4458 Epistolis
701 4379 799 4452 Pauli,
822 4397 948 4458 quorum
970 4396 1061 4438 uuum
1085 4379 1124 4438 ait
1175 4379 1274 4438 stolae
1296 4378 1453 4437 tredecim.
1479 4378 1631 4452 Ejusdem
1651 4376 1694 4435 ud
1709 4377 1873 4437 Hebraeos

428 4483 468 4524 ex
492 4465 631 4545 Epistola
652 4463 691 4526 ad
715 4466 888 4539 Hebraeos,
915 4464 977 4524 alia
1003 4462 1123 4543 quidem
1175 4483 1252 4525 unu.
1277 4461 1340 4523 (lur
1350 4465 1429 4523 enim
1441 4484 1501 4524 non
1512 4463 1596 4535 dixit,
1611 4462 1700 4522 Pauli
1711 4464 1874 4541 Epistulae

429 4550 502 4610 citat
525 4550 615 4612 Pauli
642 4550 691 4612 vel
719 4552 857 4631 Apostoli
883 4551 1021 4623 nomine,
1052 4550 1123 4610 huic
1176 4548 1418 4629 quatuordecim,
1459 4548 1514 4607 sed
1545 4549 1669 4609 seorsim
1706 4551 1874 4610 nominavit

427 4653 500 4695 raro
515 4647 668 4699 auctorem
683 4658 743 4698 non
758 4637 850 4699 addit
871 4636 1054 4715 Exemplum
1069 4636 1122 4695 ha·
1176 4655 1258 4707 earn,
1280 4654 1361 4715 quae
1382 4644 1427 4695 est
1449 4633 1487 4694 ad
1508 4632 1687 4697 Hebraeos?
1718 4637 1774 4694 nisi
1797 4636 1873 4714 qnia

428 4717 482 4780 bes
496 4724 527 4781 iu
541 4723 593 4785 lib.
612 4729 639 4784 1.
653 4724 694 4785 de
708 4732 843 4804 nuptet
861 4742 984 4802 concup.
1008 4741 1076 4800 cap.
1092 4723 1123 4781 4.
1175 4742 1236 4781 non
1262 4740 1360 4801 aeque
1393 4728 1505 4782 certum
1535 4721 1666 4781 habebat
1695 4721 1773 4780 hanc
1803 4741 1874 4782 esse

431 4806 573 4868 Tantum
588 4811 684 4886 udat,
700 4812 808 4891 lnquit,
823 4810 900 4889 {ider
914 4807 953 4869 de
967 4826 1031 4884 qreu
1046 4808 1124 4868 dicit
1175 4807 1264 4867 Pauli
1281 4816 1374 4885 atque
1384 4816 1526 4867 caeteras.
1549 4806 1640 4887 Quod
1652 4808 1679 4867 si
1690 4825 1776 4866 mens
1789 4806 1873 4868 illius

427 4894 616 4969 Apostolus:
638 4898 739 4959 omae
753 4896 839 4974 quod
853 4914 921 4957 saca
937 4901 981 4956 est
996 4911 1035 4954 ex
1049 4893 1123 4970 fide,
1177 4891 1305 4953 concilii
1327 4892 1437 4954 luisset
1460 4911 1528 4954 eam
1549 4913 1612 4953 resa
1627 4893 1769 4953 delinire:
1797 4914 1871 4953 nuu-

424 4986 589 5057 peccatum
605 4989 656 5043 est.
679 4985 724 5046 Et
738 4982 778 5043 tle
798 5000 862 5061 prta
877 4984 950 5041 ium
966 4982 1120 5058 scriptum
1176 4997 1265 5061 quam
1280 4979 1477 5059 Augustinus,
1495 4981 1549 5060 qui
1564 4978 1733 5042 Concilium
1748 4978 1825 5040 illud
1840 4989 1874 5040 et
