4442 5825
401 592 474 661 ltt
908 586 1333 643 comminuentem

396 764 496 823 mereti
500 806 511 838 ,
537 763 574 823 ire
589 781 651 840 quo
673 762 887 839 mortificetur
902 771 961 839 ert,
982 764 1092 841 pollu-
1146 763 1185 825 de
1201 765 1238 825 iie
1251 765 1310 826 hoe
1326 764 1391 827 loeo
1418 766 1564 828 verificari
1580 774 1706 846 propter
1720 766 1807 827 oirour

395 856 464 910 tum
479 849 593 910 dooere
609 852 912 927 etepirttuiprutr'ue
926 857 1090 912 eontume·
1145 853 1275 912 etantiae
1305 854 1473 933 appositae,
1511 872 1550 914 ex
1580 854 1691 933 quibua
1724 853 1807 915 omui

396 937 473 996 ltom
487 937 602 1014 fouere.
623 935 705 998 Illud
718 956 841 1018 quoque
856 936 993 1017 ejusdem
1009 957 1091 1017 cap:
1145 936 1266 998 videtur
1285 958 1346 1000 uon
1366 940 1493 1019 intelligi
1515 940 1617 1020 lapeue
1635 940 1752 1020 aliquia
1779 959 1807 1001 rr

395 1027 476 1087 Jom
488 1023 825 1100 noureltuquiturpro
835 1026 1090 1102 pereatieboetr'u.
1144 1026 1227 1102 garie
1241 1027 1273 1086 in
1288 1026 1414 1088 mortale
1427 1035 1594 1108 peecatum,
1608 1026 1694 1089 relnt
1707 1027 1741 1086 in
1751 1025 1807 1087 ebri

396 1107 545 1172 Convenit
560 1111 661 1183 etium,
679 1108 760 1190 quod
777 1110 825 1172 hie
839 1111 976 1172 additur:
1145 1120 1255 1186 tatem,
1271 1110 1518 1187 dominationem,
1541 1112 1767 1176 detractionem.
1803 1113 1807 1173 3

438 1199 483 1259 Et
504 1199 640 1258 euenere·
663 1198 825 1273 bobentee,
849 1197 968 1260 Graeoe
990 1211 1090 1275 παρα·
1144 1197 1223 1258 idem
1239 1207 1286 1259 eet
1296 1198 1445 1279 judicium
1468 1201 1508 1261 de
1529 1199 1596 1262 loeo
1619 1221 1685 1280 cap.
1705 1200 1773 1273 10.,
1794 1219 1807 1261 ι

396 1278 663 1363 δειγματίζοντας,
686 1283 717 1344 id
733 1293 780 1345 est
794 1285 1009 1363 tufomoater,
1030 1290 1091 1358 aut,
1144 1285 1283 1346 similiter
1328 1296 1398 1348 eunt
1437 1288 1678 1348 circumstantiae
1720 1285 1807 1346 multe

394 1373 474 1432 eleut
488 1371 632 1433 Erremus
647 1374 753 1433 vertit:
770 1372 910 1435 ludibrio
926 1390 1090 1449 reporten-
1145 1381 1372 1451 exaggeranter.
1404 1373 1546 1435 Probatlo
1562 1375 1655 1434 etiam
1670 1371 1741 1445 ille,
1763 1391 1807 1452 qu

394 1466 446 1518 ιιι.
483 1458 542 1519 Pro
567 1477 627 1538 quo
647 1458 722 1537 legit
736 1459 911 1520 Ambrosius
934 1458 984 1519 lib.
1006 1461 1035 1518 2.
1052 1456 1090 1518 de
1144 1458 1202 1518 boo
1216 1459 1283 1518 loeo
1299 1462 1449 1540 sequitur:
1473 1462 1574 1521 Terra
1589 1463 1675 1522 enim
1692 1467 1748 1521 ete
1765 1460 1807 1519 lem

393 1546 505 1627 poenit
517 1564 582 1623 eep.
594 1545 639 1605 2:
656 1547 876 1608 ostentatione
884 1548 1089 1622 triumphare·
1144 1564 1267 1606 aeneum
1280 1547 1418 1625 flagitare
1434 1547 1564 1607 ridetur.
1597 1544 1693 1607 Oerte
1707 1544 1807 1606 tamiri

393 1639 444 1694 ter.
482 1631 621 1694 Habetur
642 1631 719 1693 idem
735 1633 765 1693 in
781 1631 896 1694 Graeco
911 1632 1091 1693 rooebulum
1144 1650 1232 1712 quem
1247 1654 1313 1712 cap.
1330 1634 1396 1705 10.,
1419 1632 1582 1714 Apoetolue
1597 1640 1758 1713 peecatum
1772 1650 1807 1713 ep

393 1718 499 1781 Mettb
522 1722 566 1779 1.:
596 1719 675 1781 &eru
697 1719 796 1780 nollet
818 1738 889 1781 eom
912 1719 1089 1792 traducere,
1143 1719 1254 1779 ateriae
1280 1718 1369 1780 valde
1395 1726 1561 1800 aggravet,
1589 1739 1628 1780 ne
1656 1721 1726 1799 quie
1749 1717 1806 1779 lael

393 1804 425 1866 id
455 1814 499 1866 eet
526 1803 679 1866 infamare
721 1804 860 1867 Oeteutui
888 1806 1001 1866 habeut
1030 1805 1089 1864 Dei
1142 1804 1265 1865 reoedat
1278 1826 1298 1866 a
1312 1803 1512 1867 fraternitate.
1551 1806 1594 1866 Et
1607 1805 1694 1866 looue
1711 1804 1763 1867 ille
1776 1824 1807 1866 ea

392 1891 520 1963 Filium,
550 1900 582 1953 et
610 1890 740 1952 ludibrio
767 1900 937 1972 exponunt,
968 1893 1019 1973 qui
1045 1893 1089 1953 rie
1144 1896 1188 1953 3.:
1215 1894 1261 1954 Ne
1281 1894 1367 1970 forte
1388 1896 1429 1955 eit
1447 1896 1483 1953 tn
1505 1894 1616 1971 utiquo
1630 1899 1772 1953 ventrem
1785 1909 1807 1953 er

392 1980 515 2050 vivunt,
541 1985 575 2038 ut
589 1987 713 2058 propter
728 1999 781 2039 eoe
796 1979 955 2041 irrideatur
970 1987 998 2039 et
1012 1977 1088 2038 blae·
1143 1978 1264 2040 matum
1281 1980 1517 2042 ineredulttotie
1539 1978 1724 2040 discedendi
1738 1998 1759 2038 o
1773 1979 1807 2040 Dr

394 2065 552 2146 pbemetur
581 2062 734 2137 Chrietue,
763 2066 847 2127 velut
874 2067 900 2126 ei
929 2063 1028 2126 adbuo
1056 2067 1090 2125 in
1143 2067 1234 2141 otoo,
1264 2064 1339 2126 feeit
1362 2066 1402 2129 ad
1432 2064 1631 2145 iutelligeuda
1659 2065 1738 2127 haee
1767 2063 1807 2126 loe

393 2171 482 2213 oruoe
507 2149 666 2233 penderet,
696 2151 834 2214 ludibriis
864 2161 895 2213 et
922 2151 1089 2213 maledietie
1142 2150 1326 2233 Soriptmam
1341 2153 1459 2215 eollieet
1472 2151 1690 2214 bauoetillem
1705 2171 1773 2232 oap.
1787 2154 1807 2213 ll

392 2238 581 2302 Judaeorom
602 2241 768 2318 experitur.
805 2241 881 2302 Item
901 2241 954 2319 qui
976 2238 1089 2319 relapei
1184 2238 1232 2299 Ao
1261 2259 1314 2320 pro
1347 2240 1452 2301 horum
1481 2240 1613 2300 loeorum
1642 2239 1807 2300 illustratio

392 2328 424 2387 iu
438 2333 577 2407 peecata,
605 2329 797 2406 quantumin
810 2348 843 2388 ee
858 2335 918 2399 eet,
941 2325 972 2386 id
987 2332 1088 2405 egunt,
1142 2324 1392 2388 comidereudum
1408 2335 1462 2401 eet,
1477 2347 1539 2387 nou
1549 2326 1648 2387 aolum
1662 2324 1746 2406 quod
1761 2324 1805 2407 Ap

391 2420 426 2474 ut
436 2432 490 2494 pro
502 2431 605 2474 eorum
617 2412 821 2494 redemptione
832 2413 967 2475 Obrietue
980 2413 1088 2472 iterum
1142 2412 1236 2473 etolue
1252 2413 1321 2474 aliie
1337 2415 1367 2475 in
1383 2412 1528 2494 Epietolie
1549 2413 1686 2474 hortetur
1700 2418 1806 2493 peceat

392 2499 585 2580 oroeifigatur
599 2507 629 2561 et
651 2499 781 2562 ludibrio
796 2500 949 2562 habeatur.
984 2499 1090 2559 Potest
1141 2519 1189 2559 ree
1217 2498 1257 2560 ed
1287 2503 1521 2579 poenitentiam,
1554 2508 1607 2560 aut
1636 2499 1807 2579 poenitenti

392 2595 421 2648 et
434 2584 775 2660 adeoeaoeommodari‚
790 2589 843 2666 qui
859 2586 964 2648 volunt
979 2588 1087 2648 iterum
1142 2588 1298 2647 severitati
1327 2586 1506 2667 subjeeerit3
1536 2595 1729 2667 peoeatoree,
1763 2583 1807 2647 dit

390 2673 545 2754 baptizari.
582 2671 660 2733 Nam
674 2673 723 2747 bi,
749 2676 828 2734 siout
849 2691 950 2734 rurrua
973 2671 1086 2733 eruoifi·
1141 2674 1244 2754 leproe
1266 2676 1297 2735 in
1317 2675 1443 2735 mortale
1464 2681 1622 2756 peceatum
1644 2681 1714 2753 poet
1731 2672 1807 2753 bapt'

390 2767 468 2842 gunt
479 2760 589 2822 Filium
603 2760 681 2832 Dei,
704 2763 749 2821 ita
763 2769 793 2821 et
808 2761 945 2822 ortentui
959 2758 1086 2833 baberet,
1141 2780 1236 2821 mum:
1252 2761 1308 2821 eed
1324 2764 1414 2821 etiam
1430 2759 1513 2841 quod
1527 2761 1560 2821 in
1570 2759 1631 2819 lrao
1644 2758 1807 2840 Epistulae

391 2849 463 2929 quia
476 2846 643 2927 baptiemue
664 2856 710 2909 eet
723 2848 959 2927 repraeeentatio
983 2847 1087 2919 erueie,
1141 2847 1357 2928 poenitentiam
1394 2847 1535 2908 hortetur.
1579 2843 1660 2906 Nam
1690 2853 1760 2928 poet
1788 2844 1807 2906 il

390 2937 423 2997 iu
441 2954 504 3016 que
522 2934 618 2996 Filiae
642 2935 701 2996 Dei
723 2935 783 2996 luit
805 2936 937 2997 oetentui
959 2933 1086 2995 habitae.
1141 2934 1235 2996 rerba
1256 2954 1324 3014 eep.
1340 2936 1370 2996 3.
1391 2937 1528 3016 proxime
1548 2933 1676 2995 reoitata
1701 2934 1807 2996 eonon

390 3022 486 3083 Porro
512 3023 581 3102 quie
606 3040 715 3085 eonem
744 3042 785 3085 ex
813 3022 1021 3104 reperioribue
1048 3023 1089 3082 rit
1142 3021 1282 3100 subjicit:
1315 3024 1356 3085 Ut
1369 3041 1438 3084 uon
1453 3023 1628 3084 obduretur
1643 3023 1717 3099 quie
1731 3039 1771 3084 eor
1784 3039 1807 3084 o

389 3109 461 3172 bulo
483 3107 549 3170 loeo
571 3128 747 3189 germanae,
773 3129 834 3171 uon
854 3119 901 3171 eet
915 3108 1006 3172 facile
1020 3128 1086 3190 pro·
1142 3109 1188 3169 bie
1201 3109 1340 3187 sollario
1350 3113 1483 3187 peceati.
1517 3108 1595 3171 Vult
1608 3126 1682 3188 ergo
1697 3126 1807 3192 reroen¹

390 3196 545 3274 nuntiare3
576 3194 760 3260 eonferenda
785 3206 886 3260 temen
915 3196 991 3259 haee
1020 3203 1088 3257 eunt
1142 3195 1197 3257 doe
1219 3214 1288 3256 eeee
1309 3215 1376 3272 eor,
1403 3199 1458 3277 qui
1480 3201 1760 3277 peeearemnt,.ut
1779 3216 1807 3258 rr

393 3303 458 3345 eam
487 3284 541 3359 iia,
571 3304 650 3365 quae
675 3283 816 3347 dieantur
839 3286 871 3345 in
897 3284 1088 3365 expositione
1142 3281 1328 3344 obdurentur
1356 3293 1544 3345 remanentee
1570 3282 1601 3342 in
1626 3289 1762 3362 peeoato.
1798 3282 1807 3344 l

392 3371 498 3453 eapite
514 3370 632 3433 decimi.
1142 3389 1206 3450 oap.
1223 3369 1252 3431 5.
1268 3369 1412 3444 oetendit,
1428 3370 1576 3432 Christum
1592 3378 1747 3450 tamquam
1760 3368 1806 3431 Po

476 3508 627 3571 'tutto
642 3528 681 3573 «τ
694 3509 813 3572 wlede
827 3512 984 3573 Aum-
1141 3455 1807 3624 litttfttttttttttttit

433 3629 605 3693 Videndum
620 3639 682 3705 eet,
707 3651 748 3693 an
761 3631 813 3693 bie
834 3631 933 3693 loeue:
962 3633 1089 3709 Impoe-
1143 3638 1216 3702 ete,
1243 3631 1333 3710 quael
1356 3630 1451 3694 dieat:
1477 3630 1548 3691 Etai
1569 3627 1694 3711 quidam
1713 3628 1807 3693 tortu

392 3716 481 3779 abite
495 3726 541 3779 eet
554 3720 640 3781 enim
656 3727 731 3792 ete,
747 3726 777 3779 et
791 3718 876 3792 alter,
892 3719 945 3798 qui
960 3726 1008 3779 eet
1020 3739 1087 3799 eap.
1143 3726 1274 3779 veetrum
1293 3718 1371 3798 lapei
1393 3721 1467 3791 aiut,
1488 3737 1549 3779 uon
1570 3715 1683 3778 debent
1696 3714 1807 3786 diffidn

395 3804 459 3877 10.,
486 3824 525 3866 οι
539 3812 637 3870 mente
652 3804 790 3886 Apoetoll
815 3805 965 3885 pertineat
981 3803 1087 3866 adeor
1141 3805 1183 3865 Et
1196 3825 1263 3884 eep.
1280 3809 1326 3868 9.:
1343 3806 1472 3884 Quanto
1486 3806 1587 3880 mouit
1601 3806 1734 3880 ronput‘e
1749 3804 1807 3868 011

390 3889 1087 4060 tittt‘tlltffil‘ittililtt
1141 3891 1807 4061 imiiiiiffliii'f‘ifflii

390 4064 465 4125 Noa
490 4065 665 4127 deserente·
689 4066 905 4130 eolleettortem
930 4074 1086 4142 neuram,
1140 4065 1239 4127 leutio.
1276 4064 1433 4146 Significat
1447 4085 1529 4146 ergo,
1543 4065 1606 4137 bie,
1627 4065 1679 4144 qui
1694 4064 1807 4147 bapti!

390 4152 472 4212 eleut
485 4153 722 4215 eoumetodtntr
743 4160 787 4215 eet
809 4153 1007 4232 quibudam
1044 4153 1087 4215 Et
1140 4150 1275 4226 luerent,
1294 4151 1394 4213 adhue
1410 4161 1524 4214 reetare
1539 4150 1807 4213 emundationem

390 4236 488 4300 videri
502 4247 601 4319 potest
620 4240 671 4301 bie
691 4259 796 4302 eeneue
811 4259 879 4301 oeae
897 4239 1086 4322 edpropoei·
1142 4237 1282 4318 operibue
1309 4240 1442 4301 mortuis.
1475 4239 1549 4319 Gap.
1576 4246 1678 4298 eutem
1704 4235 1807 4300 1211

391 4332 467 4397 tum,
494 4328 565 4406 quia
588 4325 662 4388 dieit
682 4328 740 4390 boe
759 4327 841 4389 loeo:
866 4329 941 4389 Non
955 4345 1085 4389 rureom
1141 4324 1245 4399 doeet,
1267 4324 1424 4388 Hebraeoe
1439 4345 1457 4387 ι
1473 4326 1540 4386 Deo
1555 4324 1714 4404 eartigmi3
1737 4325 1807 4387 eene

385 4414 539 4487 taetram
547 4413 799 4493 fundumentum
811 4420 876 4486 ete,
891 4414 978 4495 quari
990 4412 1086 4476 dieat:
1141 4413 1233 4492 igitur
1254 4432 1414 4493 ροιιιιιος
1440 4432 1498 4474 neo
1519 4418 1622 4474 tamen
1643 4409 1740 4474 habet
1761 4411 1807 4473 iu

391 4498 426 4560 Si
455 4502 523 4582 quie
553 4520 608 4582 per
643 4501 830 4582 aportaeiam
857 4499 1087 4563 fundamentum
1140 4498 1274 4573 nabiles,
1293 4519 1385 4581 quum
1400 4498 1498 4560 dieat:
1528 4500 1732 4576 Deponentes
1747 4515 1807 4560 erret

390 4587 531 4662 amieerit
546 4585 634 4650 fldem
649 4583 850 4650 Obriatiauam
870 4588 902 4649 in
916 4588 1087 4649 uuiversum
1139 4586 1285 4663 poudur,
1312 4594 1343 4646 et
1363 4590 1572 4648 circumstant
1592 4603 1651 4646 reor
1663 4590 1807 4661 prem

391 4670 552 4753 abjieieue,
578 4674 631 4736 ille
650 4676 713 4753 iem
743 4673 920 4754 deoperatue
943 4682 1005 4753 eet3
1026 4694 1088 4736 nen
1141 4674 1182 4735 lit
1207 4681 1328 4754 poetea:
1358 4675 1461 4750 Μαρία
1487 4680 1594 4735 ouum
1618 4678 1762 4733 ramur.
1798 4670 1807 4733 l

392 4755 483 4822 debet
502 4759 543 4823 de
568 4781 648 4823 novo
674 4760 854 4824 eateebieeri
881 4769 913 4824 et
936 4762 1086 4824 renovari.
1141 4758 1214 4840 quid
1243 4762 1307 4840 agit
1332 4768 1396 4822 tota
1422 4760 1560 4841 lipietola
1585 4759 1702 4838 majore
1728 4754 1807 4820 etudi

391 4842 569 4922 Videautur,
581 4867 661 4929 quae
676 4845 806 4911 dioemm
821 4868 886 4930 oap.
904 4849 952 4910 10.
977 4848 1088 4929 Qum·
1141 4866 1232 4927 quam
1247 4854 1280 4907 ut
1295 4846 1469 4919 Hebraeos,
1485 4849 1539 4927 qui
1550 4866 1605 4927 per
1618 4840 1807 4927 impatientia

391 4932 438 4994 rit
460 4941 560 4997 autem
578 4933 757 4998 voeabulum
771 4926 1007 5014 παραπεσόντας
1027 4951 1089 4997 nou
1141 4941 1265 5015 propter
1279 4936 1504 5013 pomeoutionee
1527 4932 1715 5014 iuoipiebaut
1731 4929 1807 4998 oade'

390 5019 861 5107 rignifleettoteliterprolaproe,
874 5028 976 5105 poteet
985 5028 1090 5088 tomen
1140 5019 1251 5106 elide,
1265 5020 1442 5085 reroeetad
1456 5019 1527 5086 fidei
1540 5016 1734 5084 mutuent
1800 5021 1804 5028 '
