4442 5825
388 588 465 657 4⁸10
858 578 866 607 ⁴
905 578 1138 637 commentus
1155 579 1186 636 m
1204 581 1271 636 cer.
1289 582 1319 636 v.

388 757 589 820 aliivertunt:
605 758 889 833 eeoromfflttam,
907 759 1012 818 etiam.
1028 757 1085 818 net
1138 757 1227 819 modo
1251 767 1333 820 certe
1355 757 1430 836 legit
1454 764 1557 819 noster
1579 758 1712 837 inimprs

389 847 467 908 eninr
495 847 527 906 in
550 844 685 906 Greococ
711 834 777 919 ναὶ,
806 843 990 914 adverbium¹
1008 844 1083 904 affir-
1138 848 1243 907 vertit:
1258 847 1314 907 suh
1326 845 1461 922 jndicio,
1478 844 1564 917 forte,
1578 843 1712 919 subinde

388 930 497 1006 mandi,
513 932 596 1011 quod
607 940 638 993 et
651 940 754 993 noster
768 932 913 1011 interpres
927 930 1001 991 olibi
1017 929 1083 991 red·
1139 932 1341 1010 abjiciendam
1356 953 1429 992 vero
1452 933 1707 1013 praepositionem

389 1020 434 1082 dit
455 1038 524 1100 per:
548 1021 655 1095 ctiom,
679 1024 713 1078 nt
735 1018 801 1078 Act
827 1017 856 1078 ὅ.
874 1025 905 1077 et
922 1022 971 1079 22.
1002 1016 1083 1080 Ordo
1138 1038 1407 1100 supervacaneam,
1430 1040 1466 1080 ec
1488 1018 1694 1078 verisimiliter

390 1105 564 1167 verborum:
595 1109 741 1167 Vestrum
756 1105 813 1167 Est
835 1107 875 1164 sit
890 1105 958 1180 Eat,
982 1113 1013 1165 ot
1029 1123 1083 1166 oe·
1138 1114 1197 1166 tam
1213 1105 1312 1179 abiis,
1336 1107 1389 1186 qui
1413 1104 1570 1185 legebant:
1594 1096 1712 1182 ὕπόκριι

388 1193 712 1255 menomenae.
724 1191 837 1253 Sensus
851 1191 1083 1253 eutemzsermo
1137 1201 1279 1274 gumento
1306 1203 1352 1252 est
1376 1202 1479 1254 textus
1502 1191 1667 1272 Syriacus:
1702 1193 1712 1251 i

389 1286 500 1353 vester,
517 1299 577 1358 quo
593 1282 668 1361 quid
681 1279 842 1351 affirmetis,
859 1279 899 1338 sit
912 1278 1040 1357 simplex
1053 1285 1084 1339 et
1137 1281 1394 1342 condemnemini
1415 1281 1472 1341 sub
1494 1278 1663 1354 judicium.
1693 1277 1712 1337 1

389 1366 470 1428 nuda
485 1367 659 1442 offirmati03
682 1376 715 1428 et
736 1385 845 1438 sermo,
867 1383 927 1443 quo
947 1366 1017 1447 quid
1033 1386 1082 1426 ne·
1137 1367 1230 1442 hano,
1258 1388 1348 1448 qnam
1371 1366 1436 1427 dixi
1462 1365 1638 1439 lectionem,
1663 1385 1712 1425 ans

388 1454 476 1535 getis,
496 1453 535 1514 sit
555 1455 682 1536 simplex
698 1460 730 1514 et
744 1450 825 1512 nuda
848 1455 979 1531 negatio.
1001 1453 1084 1514 Dicit
1138 1455 1249 1515 hebent
1269 1455 1301 1515 in
1323 1455 1460 1533 margine
1482 1453 1585 1513 Biblia
1606 1453 1700 1532 regia,

389 1541 447 1602 hoc
457 1539 496 1600 ud
508 1541 716 1603 exclusionem
724 1540 897 1618 juramenti.
914 1538 994 1601 Nam
1008 1539 1082 1599 affir·
1136 1541 1240 1604 bertus
1262 1549 1365 1614 notat,
1388 1548 1475 1601 vetus
1498 1538 1655 1617 exemplar
1677 1537 1712 1600 Gr

389 1628 481 1689 mutio
491 1628 541 1688 rel
552 1630 675 1709 negatio
683 1629 785 1706 jurata
797 1644 857 1685 non
869 1626 995 1706 simplex
1007 1625 1082 1686 nffir·
1139 1627 1217 1708 qnod
1234 1649 1299 1689 carn
1316 1626 1462 1699 hahuerit,
1478 1627 1536 1689 sihi
1554 1632 1712 1705 conspectu

389 1715 479 1776 matio
495 1715 545 1775 vel
560 1717 683 1795 negatio
699 1721 753 1774 est.
778 1713 901 1791 Alioqui
918 1733 977 1774 non
991 1721 1084 1785 votet,
1181 1714 1228 1776 Sit
1251 1716 1342 1795 igitur
1361 1734 1504 1792 germane
1528 1714 1678 1793 scriptura
1700 1711 1712 1774 i

390 1821 449 1883 quo
465 1802 564 1863 minue
578 1801 683 1863 addita
705 1801 820 1860 ratione
843 1801 912 1878 quis
929 1797 1085 1879 probabile
1145 1804 1185 1864 Ut
1198 1821 1267 1864 eron
1278 1801 1334 1863 auh
1345 1801 1504 1875 judicium
1521 1801 1654 1875 codotia,
1670 1798 1702 1861 id

391 1887 484 1949 iaciat
499 1887 539 1961 id,
554 1890 636 1971 quod
652 1887 777 1949 offirmat
792 1895 844 1945 net
858 1894 959 1966 neget.
1139 1888 1382 1961 condemnemini,
1403 1908 1442 1950 ne
1457 1887 1588 1948 subeatis
1600 1886 1712 1968 judicio

433 1973 570 2037 Eandem
608 1975 785 2037 seutentiam
825 1970 937 2033 hebent
973 1973 1086 2036 Christi
1139 1976 1347 2046 demnstionis,
1366 1995 1404 2035 ne
1416 1973 1514 2054 judex
1529 1976 1559 2034 in
1575 1993 1631 2034 voe
1647 1975 1712 2034 auin

390 2061 484 2123 verha
507 2062 588 2144 apud
608 2061 803 2133 Matthaeum,
827 2059 899 2120 lieet
920 2061 951 2121 in
967 2059 1084 2122 Graeco
1139 2072 1193 2136 tat,
1208 2082 1325 2143 vosque
1339 2063 1461 2142 puniat3
1484 2063 1510 2120 si
1526 2060 1670 2122 videlicet
1683 2059 1712 2120 le

391 2148 525 2211 nonnihil
556 2151 685 2212 diversa.
722 2146 802 2208 Nam
831 2147 1008 2226 Apostolum
1037 2147 1085 2208 his
1138 2171 1197 2210 non
1209 2151 1341 2230 jurando
1364 2149 1462 2210 minue
1484 2146 1712 2209 seruaueritis‘

391 2234 493 2297 verbis
514 2237 595 2298 idern
618 2235 707 2311 velle,
734 2234 816 2315 quod
839 2231 998 2308 Christum,
1024 2255 1085 2295 non
1138 2239 1289 2315 respicere
1304 2234 1342 2296 ad
1357 2235 1435 2314 legis
1460 2235 1712 2296 comminutionem

390 2331 489 2403 potest
510 2322 651 2385 dubitari.
675 2322 866 2403 Quemquam
890 2321 944 2381 elii
964 2340 1085 2383 sonsum
1140 2331 1226 2404 cepto
1242 2342 1406 2384 annexam:
1432 2324 1515 2403 Quin
1533 2341 1602 2384 non
1619 2323 1712 2383 oritis

390 2411 549 2491 utriunque
573 2410 631 2471 loci
653 2409 734 2470 hunc
758 2427 825 2469 esse
846 2405 979 2468 malunt:
1007 2405 1084 2471 con·
1138 2418 1265 2483 triecto,
1282 2410 1373 2469 Dent.
1387 2409 1414 2470 5.
1438 2408 1712 2491 Ethinciiqnetn

392 2503 505 2558 menter
521 2507 552 2558 st
565 2516 639 2559 uera
654 2495 806 2565 affirmate.
822 2503 852 2556 et
866 2494 944 2555 falsa
958 2503 1085 2575 negato3
1139 2497 1257 2559 consilii
1273 2505 1398 2569 tentum,
1420 2495 1475 2558 sed
1494 2498 1667 2578 praecepti:
1694 2497 1712 2556 d

390 2585 555 2646 venitatem
578 2593 610 2645 et
632 2583 862 2645 inconstantiam
888 2583 919 2642 in
942 2581 1029 2642 dictis
1055 2590 1086 2640 et
1138 2603 1214 2645 rore
1230 2587 1371 2645 omnino.

391 2672 544 2752 promissis
558 2668 664 2752 fugite.
687 2670 738 2731 Ita
748 2669 886 2729 nimirum
898 2670 958 2742 fiet,
973 2680 1006 2729 nt
1017 2667 1084 2728 abs·

392 2776 452 2837 que
465 2757 640 2837 juramentis
657 2755 745 2818 tidorn
760 2755 937 2816 mereamini.
969 2753 1084 2816 Confir-
1183 2763 1232 2820 13.
1259 2760 1420 2820 Tristotor
1442 2758 1560 2836 olipoic
1574 2766 1712 2818 vestrm

391 2854 476 2906 mant
497 2843 576 2904 hunc
598 2864 717 2906 sensnm
741 2862 778 2903 ex
800 2841 937 2922 Epistola
960 2841 1085 2903 Pontii
1139 2845 1269 2907 Graece:
1299 2846 1468 2925 Afflipitur
1497 2845 1615 2921 uliquis
1644 2850 1712 2905 inte

393 2931 458 2992 Cor.
476 2937 512 3006 1.,
535 2930 586 2993 ubi
601 2952 656 3011 per
670 2932 728 2993 Est
743 2939 773 2992 et
787 2933 860 2992 Non
882 2931 1029 2991 dictorum
1044 2931 1086 2990 in·
1140 2942 1214 2994 oret.
1238 2933 1295 2993 Est
1310 2935 1386 2993 enim
1402 2934 1526 2994 verbum
1543 2931 1712 2992 sexennis*

393 3020 560 3081 constantia
582 3019 753 3081 denotetur.
788 3018 837 3077 Ex
863 3037 923 3097 quo
950 3025 1086 3097 apparet,
1138 3020 1263 3082 verbale
1277 3040 1382 3080 nomen
1405 3027 1476 3080 ente
1501 3020 1606 3081 vertit:
1631 3021 1712 3083 labos

393 3125 449 3186 per
463 3107 532 3181 Est,
552 3106 620 3181 Est,
644 3115 673 3167 et
690 3125 744 3185 por
757 3106 842 3179 Non,
866 3105 950 3178 Non,
973 3103 1086 3184 signifi·
1140 3114 1185 3169 eet
1206 3109 1423 3186 afflictionem.

393 3194 455 3255 cari
484 3191 630 3254 dictorum
660 3192 869 3254 constantiam.
907 3190 997 3272 Quod
1027 3210 1088 3251 non
1184 3198 1293 3270 Aequo
1315 3197 1426 3255 animo
1449 3194 1515 3254 est?
1541 3194 1671 3270 peenas
1705 3197 1712 3251 t

393 3276 1087 3429 {trittfittttttit:sitiit
1142 3275 1343 3448 {ittet
1348 3282 1467 3355 ⁰⁰⁰
1492 3284 1620 3428 ‘ht-t
1634 3289 1712 3429 tt:

983 3409 990 3423 .
1580 3391 1588 3428 1
1621 3391 1636 3429 r

442 3455 482 3517 Ut
496 3473 565 3516 noes
579 3454 635 3515 soh
644 3454 769 3529 jndicio
784 3452 945 3512 decidetis.
970 3450 1089 3512 Greeca
1143 3467 1188 3517 est
1209 3456 1264 3528 iis,
1288 3455 1398 3536 quibus
1420 3474 1469 3515 res
1491 3474 1636 3536 prospere
1658 3476 1711 3517 suc

392 3542 436 3601 sic
450 3541 576 3603 habent:
597 3543 637 3603 Ui
651 3560 719 3603 non
734 3543 769 3602 in
781 3540 1018 3600 simulationem
1035 3541 1088 3599 in·
1143 3561 1325 3622 quemqnam
1341 3543 1419 3603 bens
1432 3542 1523 3602 vertit
1537 3545 1703 3622 inter-pm:

393 3628 516 3702 oidotis,
527 3628 584 3689 hoc
597 3636 657 3689 ost:
671 3627 893 3689 Neeffioiemini
904 3625 1088 3707 hypocritae,
1142 3633 1252 3690 animo
1269 3630 1335 3690 est?
1358 3628 1460 3708 Supra
1475 3632 1666 3709 compescuit
1676 3632 1712 3713 Δ]

393 3714 591 3777 simulatores.
615 3715 694 3775 Nem
708 3714 935 3795 hypocritarum
952 3719 1004 3786 eet,
1028 3732 1088 3774 non
1142 3718 1315 3778 afflictorum
1333 3736 1370 3776 ac
1393 3714 1558 3777 dolentium
1580 3718 1704 3779 frenum

393 3802 569 3883 simpliciter
589 3801 682 3882 ioqui,
705 3800 775 3863 dum
799 3799 884 3861 alind
904 3807 983 3871 eunt,
1005 3797 1089 3859 aliud
1143 3801 1292 3884 querelas,
1307 3803 1479 3883 prohibens,
1495 3824 1534 3864 ne
1543 3806 1712 3885 ingemisce

392 3890 488 3950 videri
513 3889 626 3950 volent.
659 3889 720 3951 Sed
746 3907 850 3969 parum
878 3887 1016 3967 congruit
1040 3884 1089 3947 hic
1141 3910 1262 3951 uersum
1280 3910 1313 3951 ee
1327 3899 1447 3966 mutuo3
1462 3911 1542 3951 nnnc
1559 3891 1712 3971 quidiide

392 3994 507 4037 sensus.
538 3976 608 4038 Non
627 3977 705 4037 enirn
728 3975 898 4055 hypocrisis
921 3993 958 4033 ex
986 3976 1087 4033 incon·
1143 3978 1281 4051 debeant,
1304 3976 1378 4057 quid
1394 3979 1464 4037 item
1488 3981 1712 4059 prosperitater

392 4062 504 4124 stantia
529 4063 674 4126 sermonis
697 4062 767 4123 oriri
794 4062 884 4134 sciet,
907 4059 961 4120 sed
984 4069 1089 4121 contra
1142 4073 1200 4134 tes,
1215 4064 1348 4125 breviter
1362 4063 1512 4125 admonet

391 4148 467 4210 haec
483 4168 522 4210 ex
537 4149 598 4210 iiis.
630 4148 761 4211 Proinde
776 4147 973 4210 Oecumenins
989 4144 1089 4206 adfert
1185 4151 1224 4211 Et
1238 4150 1360 4229 quidem
1377 4153 1500 4212 afflictos
1521 4154 1712 4231 tristesquss

392 4234 530 4297 stolium
546 4255 678 4298 sensnm.
701 4236 785 4297 Dicit
798 4237 884 4308 eninr,
908 4233 1087 4313 Apostolum
1143 4236 1212 4297 dum
1224 4238 1378 4313 hortatum
1394 4259 1538 4319 prospere
1549 4247 1712 4318 egenteset

392 4314 548 4400 ὑπόκρισιν
563 4323 677 4385 dixisse
691 4313 882 4400 κατάκρισιν,
901 4321 933 4381 id
949 4331 995 4382 eet
1010 4338 1087 4381 coo·
1143 4322 1182 4384 ed
1198 4323 1395 4405 psallendum.
1413 4325 1478 4386 illis
1489 4329 1579 4400 eninr,
1591 4335 1627 4387 ut
1639 4345 1711 4390 cons

392 4410 645 4473 demutationem:
678 4411 718 4473 Ut
743 4427 811 4471 non
833 4412 869 4471 in
891 4408 1087 4470 condemno·
1143 4431 1180 4470 ac
1200 4412 1346 4471 malornm
1370 4411 1521 4474 levamine
1545 4414 1712 4492 egentibus

392 4500 510 4559 tionem
537 4498 697 4560 incidatis.
735 4495 826 4577 Quod
853 4496 994 4557 convenit
1019 4514 1086 4556 cum
1143 4500 1299 4574 convenit;
1324 4497 1379 4570 hie,
1394 4507 1429 4558 ut
1439 4500 1499 4560 Dei
1514 4500 1704 4580 benignitate

392 4591 494 4645 nostra
515 4583 653 4647 lectione.
677 4584 751 4644 Nam
770 4584 928 4659 ¹indicium
950 4582 1089 4661 intelligi·
1142 4584 1210 4656 bus,
1232 4585 1299 4645 iaus
1315 4594 1347 4645 et
1360 4589 1526 4663 gratiarum
1550 4588 1641 4663 actio,
1664 4606 1712 4665 qut

392 4679 442 4732 tur
467 4672 735 4735 condemnationis.
772 4669 834 4732 Sed
857 4670 909 4730 uhi
930 4660 1090 4746 ὑπόκρισις
1142 4691 1256 4731 morum
1287 4679 1376 4731 cantu
1407 4672 1492 4734 reddi
1528 4675 1616 4735 solet.
1660 4675 1712 4738 No

393 4749 572 4837 κατάκρισιν
595 4758 751 4840 significet,
774 4776 834 4817 non
853 4756 977 4837 reperio.
1008 4754 1088 4836 Quo-
1144 4756 1288 4837 quosdam
1303 4758 1430 4820 Latinos
1442 4758 1562 4822 codices
1576 4762 1620 4822 ita
1634 4763 1712 4843 lege

393 4844 474 4905 circe
488 4844 655 4927 probabilis
670 4842 833 4905 admodum
848 4844 1020 4923 conjectura
1035 4850 1088 4914 est,
1143 4862 1244 4921 aequo
1268 4846 1377 4906 naimo
1400 4855 1430 4907 ct
1453 4848 1581 4924 peollot¹
1617 4848 1712 4931 Qun

393 4932 425 4992 in
441 4928 557 4994 Grseco
572 4953 633 4994 non
656 4922 821 5008 ὑπόκρισιν,
845 4930 899 4992 ssd
922 4927 1021 4989 diviso
1037 4950 1088 4990 vo·
1143 4951 1210 4992 nem
1233 4932 1323 4992 etiem
1347 4932 1712 5018 ennuchatorum

394 5014 501 5081 eahulo
523 5010 583 5079 ὑπὸ
604 5011 701 5100 κρίσιν
727 5015 890 5099 legendum
911 5035 979 5080 esse
1005 5012 1089 5098 (quo
1143 5018 1206 5081 Sed
1220 5018 1362 5080 vitiosam
1379 5040 1455 5095 esse,
1476 5031 1604 5101 muster,
1620 5022 1712 5111 reb(
