4442 5825
757 596 1344 677 mmmmunmmmsmmmo
1700 607 1770 673 ιη

350 776 449 838 Domini
470 775 581 839 verbs:
602 775 715 838 Adbuc
733 776 835 838 multa
849 774 950 837 dobeo
966 794 1024 837 vo·
1119 775 1232 836 Verum
1247 781 1346 854 potest
1361 782 1391 834 et
1405 774 1491 834 uliter
1506 773 1546 835 nd
1560 774 1600 846 id,
1624 772 1705 856 quod
1720 775 1771 836 ob·

350 865 383 925 it't
394 864 500 924 dene.
1071 861 1239 942 jiciebutur
1252 861 1437 940 responderi,
1461 861 1578 923 scilicet
1593 861 1773 942 Apostolum

375 951 431 1013 Sed
452 949 530 1011 hseo
553 949 674 1010 illorum
695 948 847 1009 doctorum
868 951 1023 1029 responsio
1075 969 1137 1009 non
1159 947 1198 1008 de
1225 948 1361 1008 omnibus
1385 947 1533 1009 Hebraeis
1560 948 1636 1008 hoec
1661 947 1772 1022 dicere,

341 1057 387 1097 mu
407 1036 446 1098 de
471 1055 662 1118 quocumque
688 1036 756 1097 fidei
782 1035 919 1097 doctrino
945 1038 1021 1096 occi·
1076 1034 1130 1096 sed
1143 1033 1302 1114 demagna
1315 1053 1416 1095 eorum
1428 1042 1522 1114 perte,
1539 1054 1617 1114 quse
1629 1035 1773 1096 Moesicis

338 1123 436 1205 piendu
461 1131 525 1197 est,
550 1121 607 1184 sed
633 1122 671 1183 de
697 1122 830 1183 articulis
856 1120 927 1183 fidei
954 1122 1023 1198 illis,
1076 1125 1272 1183 caeremoniis
1295 1120 1393 1182 edhuc
1416 1121 1573 1201 pueriliter
1589 1121 1773 1183 inhaerebat.

337 1230 399 1291 mos
428 1211 569 1272 Ecclesia
598 1208 720 1290 publice
748 1228 915 1291 proponere
945 1210 1024 1270 solet
1076 1209 1166 1270 Unde
1191 1217 1314 1288 propter
1340 1227 1390 1268 eos
1410 1228 1470 1268 non
1492 1207 1597 1268 debuit
1619 1207 1684 1270 nliis
1705 1228 1772 1290 per·

335 1297 461 1361 omuibus
482 1295 635 1358 fidelibus.
657 1295 785 1377 Alioqui
806 1295 900 1359 multe
921 1297 954 1358 in
975 1316 1022 1357 su·
1075 1295 1251 1357 fectioribus
1266 1304 1358 1376 utque
1373 1295 1580 1374 capacioribus
1595 1294 1771 1356 subtrahere

334 1382 1023 1458 trioliterisettrsditionecontinentur,mults
1076 1402 1244 1444 sermonem
1267 1382 1381 1442 altioris
1403 1381 1564 1444 doctrinae.
1588 1380 1650 1442 Sed
1671 1392 1701 1442 et
1715 1382 1773 1442 hoo

334 1468 1023 1552 uiuminPstrumeouciliissuntdefinitn,qnne
1076 1467 1135 1530 dici
1162 1477 1278 1550 potest,
1305 1468 1481 1550 Apostolum
1503 1470 1546 1529 ito
1569 1471 1772 1548 perstringere

336 1578 378 1621 nse
392 1560 525 1640 proponi
540 1577 666 1619 neeesse
680 1566 726 1619 est
740 1556 884 1631 omnibns,
900 1578 956 1619 nec
972 1577 1022 1617 ex·
1074 1556 1242 1619 ruditatem
1260 1576 1296 1616 no
1318 1555 1482 1617 socordiam
1498 1556 1717 1628 Hebraeorum,
1739 1561 1775 1613 ut

335 1644 415 1727 pedit,
441 1645 526 1706 Num
544 1644 655 1706 sufficit
676 1643 745 1705 rudi
765 1644 878 1725 populo
900 1644 1023 1706 credere
1076 1652 1176 1704 tomen
1203 1664 1256 1704 eos
1282 1643 1456 1703 exstimulet
1481 1642 1520 1702 sd
1550 1642 1773 1721 perlectionem,

336 1734 360 1795 h
368 1750 491 1814 gemere,
505 1751 580 1793 vero
595 1751 670 1806 esse,
693 1751 901 1813 quoecumque
916 1733 945 1793 ei
960 1750 1020 1792 cre·
1075 1731 1202 1811 ipseque
1213 1730 1420 1790 exhortatione
1428 1737 1589 1809 prosperet
1599 1729 1639 1790 ed
1650 1730 1770 1809 cupien-

337 1817 420 1881 lond·
434 1819 474 1880 sb
485 1819 627 1880 Ecclemu
638 1818 793 1881 Catholios
807 1828 1021 1899 proponuntur.
1075 1816 1115 1877 do
1129 1818 1248 1878 lucilius
1260 1836 1297 1876 es
1308 1818 1459 1897 mysterio,
1476 1815 1515 1877 de
1527 1816 1636 1895 quibus
1648 1825 1771 1876 acturus

338 1905 371 1969 tt
388 1916 488 1968 umen
510 1925 550 1966 em
573 1906 673 1966 omniu
695 1907 845 1988 pertinent
867 1908 959 1967 etiem
982 1905 1022 1966 sd
1074 1913 1131 1965 est.
1155 1902 1192 1964 Id
1215 1905 1293 1964 enim
1315 1903 1472 1965 manifeste
1488 1903 1595 1983 probet
1611 1903 1772 1982 subjuncto

340 1992 474 2075 eumdem
486 1991 720 2074 explicationem
735 1992 935 2067 articulorum,
951 2013 1021 2074 quo·
1075 1992 1235 2067 sententie,
1251 2011 1311 2072 que
1325 2010 1457 2071 sequens
1472 2001 1563 2071 ceput
1576 1990 1742 2051 inchoetur.

342 2098 394 2142 rom
416 2098 562 2160 expresse
591 2078 740 2143 confessio
777 2083 973 2141 communiter
1003 2101 1021 2140 s

345 2165 501 2230 muman
515 2168 661 2249 exigitur.

843 2376 1258 2392 ᾞ

804 2550 1305 2639 sorbitionem

433 2702 648 2793 Quspropter
685 2704 944 2773 intermittentes
976 2699 1198 2773 inchoationis
1225 2705 1349 2774 Christi
1386 2727 1586 2793 sermonem,
1624 2704 1667 2772 od
1693 2724 1774 2793 per·

354 2805 470 2875 tutiora
504 2810 671 2894 feremur,
712 2829 777 2875 non
816 2828 944 2875 rursum
980 2810 1146 2895 jacientes
1183 2810 1430 2878 fundamentum
1466 2812 1694 2900 poenitentioe
1731 2806 1774 2874 ob

354 2911 488 3001 oporibus
514 2916 656 2982 mortuis
671 2904 705 3000 ¹),
736 2919 771 2980 et
797 2911 874 2979 fidei
903 2914 946 2980 ad
973 2914 1082 2981 Deum
1095 2904 1140 3001 ²),
1170 2918 1204 2983 2.
1232 2915 1470 3004 baptismatum
1500 2917 1683 3002 doctrinae,
1710 2915 1774 2981 im·

351 3018 505 3104 positionis
540 3038 674 3108 quoque
698 3037 854 3085 munuum
864 3006 910 3104 ³),
951 3037 990 3084 uo
1026 3022 1279 3087 resurrectionis
1314 3028 1517 3090 mortuorum
1530 3011 1557 3103 ²)
1593 3026 1627 3088 et
1656 3017 1777 3106 judicii

353 3113 507 3207 eumd).
564 3124 598 3191 3.
626 3122 670 3189 Et
697 3121 763 3189 hoc
790 3121 962 3209 iaciemus,
991 3124 1019 3188 si
1048 3124 1179 3210 quidem
1208 3126 1396 3212 permiserit
1423 3127 1526 3193 Deus.
1582 3127 1617 3190 4.
1644 3126 1775 3211 Impos-

312 3247 332 3306 ,ις
351 3223 428 3324 Me
456 3232 510 3295 est
537 3215 685 3312 enimi),
707 3222 799 3314 ¹eos,
829 3228 884 3314 qui
912 3227 1016 3293 semel
1044 3233 1122 3294 sunt
1148 3229 1323 3296 illuminati
1336 3218 1380 3315 7),
1421 3233 1640 3317 gustaverunt
1676 3229 1775 3294 etium

351 3325 454 3400 donum
481 3331 663 3418 coeleste,
679 3337 713 3397 et
739 3331 921 3419 participes
948 3331 1029 3397 lacti
1057 3339 1133 3399 sunt
1159 3331 1303 3419 Spiritus
1330 3336 1453 3420 suncti,
1497 3336 1530 3400 5.
1558 3336 1777 3420 gustaverunt

312 3453 317 3528 ξ
350 3425 546 3505 mmmmm
573 3434 695 3503 bonum
722 3435 788 3502 Dei
814 3433 951 3502 verbum
967 3426 1011 3520 ⁸),
1048 3437 1256 3524 virtutesque
1293 3438 1418 3505 saeculi
1453 3438 1585 3507 venturi
1598 3427 1643 3522 ⁹),
1680 3439 1714 3503 11.
1743 3439 1778 3502 et

312 3543 328 3590 t.
345 3540 481 3628 polspsi
509 3547 604 3625 suut3
638 3559 751 3608 rursus
776 3541 931 3607 renovari
959 3540 1002 3606 ud
1029 3541 1288 3628 poenitentium,
1315 3562 1443 3610 rursum
1472 3542 1703 3629 crucifigentes
1730 3539 1777 3605 si·

352 3636 438 3712 tinet
463 3646 548 3733 ips1s
572 3644 694 3712 Filium
721 3644 803 3730 Dei,
833 3648 867 3709 et
894 3646 1039 3711 ostentui
1066 3643 1231 3712 habentes
1242 3636 1291 3731 ¹⁰).
1348 3650 1381 3713 7.
1417 3648 1523 3714 Terre
1559 3647 1643 3714 enim
1678 3662 1779 3731 soepc

352 3749 522 3818 vmlcutem
560 3768 660 3837 super
694 3767 730 3815 se
756 3746 883 3842 bibens·
912 3746 1070 3834 imbrem,
1111 3756 1147 3816 et
1182 3770 1344 3838 genereus
1384 3750 1522 3818 herbam
1560 3754 1778 3838 opportunam

352 3847 413 3939 llis,
439 3872 460 3920 s
487 3851 609 3943 quibus
637 3853 768 3939 colitur,
797 3852 921 3938 occipit
946 3850 1214 3922 benedictionem
1243 3856 1376 3940 aDeo;
1407 3859 1440 3923 8.
1468 3855 1641 3944 proferens
1669 3859 1780 3922 sutem

312 4047 314 4052 Ι
354 3957 450 4044 ntimo
475 3976 519 4025 so
544 3955 687 4025 tribulos
698 3944 747 4043 ¹¹),
776 3953 919 4044 reprobo
947 3963 1017 4042 est,
1046 3963 1081 4024 et
1107 3960 1287 4026 meledicto
1314 3960 1476 4047 proximo,
1505 3961 1599 4045 cujus
1626 3976 1779 4025 consum·

317 4061 440 4129 mtto
473 4062 510 4129 iu
539 4060 811 4129 combustionem.
869 4062 902 4126 9.
944 4058 1146 4129 confidimus
1183 4069 1293 4131 autem
1329 4063 1370 4131 de
1406 4063 1521 4151 vobis,
1562 4061 1780 4147 dilectissimi,

352 4164 474 4233 meliors
501 4172 546 4234 et·
563 4167 726 4233 viciniora
752 4164 853 4231 soluti
880 4167 1014 4231 tametsi
1041 4166 1091 4232 its
1117 4168 1291 4255 loquimur.
1340 4170 1398 4236 10.
1425 4169 1500 4235 Non
1528 4169 1612 4235 enim
1640 4168 1782 4254 inJustus

312 4347 314 4354 ,
353 4261 439 4358 ΒΜ,
466 4275 507 4339 ut
533 4268 750 4337 obliviscatur
778 4270 889 4356 operis
915 4261 1069 4353 vestri¹²)
1098 4277 1133 4337 et
1160 4272 1367 4358 dilectionis,
1405 4293 1501 4362 quam
1530 4269 1721 4339 ostendistis
1747 4271 1782 4336 in

352 4376 466 4442 mnino
494 4375 611 4464 ipsius,
638 4374 695 4463 qui
722 4374 932 4441 ministrastis
960 4375 1094 4461 sanctis,
1123 4381 1158 4442 et
1184 4378 1389 4444 ministratis.
1447 4381 1505 4444 ll.
1534 4375 1692 4464 Cupimus
1719 4393 1781 4440 ou-

354 4479 425 4564 tm,
458 4498 727 4568 imumquemque
753 4483 901 4545 vestrum
931 4476 1069 4544 eundem
1098 4486 1268 4548 ostentare
1304 4482 1562 4548 sollicitudinem
1574 4469 1613 4562 13)
1649 4477 1692 4545 od
1719 4496 1781 4542 ex·

353 4578 516 4663 picticum
545 4585 617 4671 spei
643 4602 748 4671 usque
775 4582 809 4648 in
836 4572 1000 4668 unumst),
1040 4584 1098 4649 12.
1126 4590 1256 4651 utnon
1284 4604 1403 4672 segnes
1430 4586 1634 4670 efficiamini,
1667 4599 1783 4649 verum

439 4775 542 4844 ‘lcum
560 4779 586 4840 1,
605 4779 644 4831 m.
680 4781 734 4831 Aet.
751 4780 777 4839 2,
796 4779 838 4830 ts.
858 4778 899 4829 10.
918 4778 959 4837 tt,
981 4778 1020 4829 18.
1056 4774 1222 4843 ¹)libess.
1244 4781 1308 4841 1,9.
1329 4781 1368 4833 10.
1398 4780 1450 4831 set.
1472 4781 1510 4842 13,
1533 4778 1649 4830 ide-tl.
1684 4771 1781 4839 Μαι.

353 4844 384 4910 tt,
399 4849 480 4902 tet
498 4849 524 4911 8,
544 4848 584 4899 17.
602 4859 657 4912 seq.
692 4843 849 4909 eornm,
870 4847 909 4899 15.
945 4843 969 4907 ⁸)
988 4847 1040 4898 Act.
1062 4849 1102 4911 17,
1121 4849 1162 4899 31.
1186 4849 1257 4901 Rom.
1276 4849 1343 4911 zo.
1362 4860 1416 4911 seq.
1435 4848 1521 4899 iistth.
1541 4847 1642 4908 15,16.
1677 4842 1782 4913 ⁶)cup.

352 4913 438 4978 luit.
463 4917 675 4974 strumonem
704 4916 782 4969 dioro.
804 4916 844 4972 10,
862 4916 904 4967 25.
923 4917 964 4968 27.
1000 4911 1103 4981 ²]Ctp.
1125 4918 1164 4972 10.
1183 4918 1224 4969 82.
1259 4914 1416 4983 ⁸)Jer.dd,
1438 4917 1476 4968 11.
1502 4916 1575 4968 loon.
1593 4916 1618 4978 t,
1640 4916 1679 4968 1⁰.
1697 4916 1722 4979 d,
1740 4915 1782 4967 83.

352 4982 481 5050 imni,
500 4988 526 5039 2.
544 4986 570 5039 ⁸.
598 4980 626 5049 ⁹)
643 4986 704 5050 cop.
722 4989 748 5051 ²,
766 4986 790 5037 5.
812 4987 851 5045 12,
869 4986 911 5036 22.
932 4996 987 5048 seq.
1008 4986 1048 5050 13,
1068 4986 1108 5040 11.
1143 4981 1177 5051 ¹⁰)
1196 4986 1255 5050 cop.
1277 4988 1317 5050 10,
1336 4987 1377 5039 tt.
1406 4981 1440 5050 ¹¹]
1457 4984 1509 5037 oe.
1528 4985 1552 5048 5,
1571 4986 1595 5036 5.
1613 4985 1638 5035 t.
1667 4982 1702 5046 ¹²)
1721 4984 1782 5046 cop.

312 5049 518 5134 Miz-it
553 5050 680 5126 ¹³)iers.
699 5055 739 5108 111.
775 5049 811 5120 ¹⁴)
830 5053 996 5119 Gemuit·

312 5145 323 5200 i
387 5157 451 5200 oms
467 5157 540 5200 nasu
556 5155 752 5200 aarum
1554 5139 1576 5204 8
