4442 5825
767 624 930 679 tristem
946 626 964 679 l.
982 625 1068 679 etin
1084 624 1217 680 tostum.
1253 627 1336 682 ms
1353 628 1440 681 4.-0.
1766 630 1838 700 757

392 799 566 861 mundum.
581 800 648 860 Non
665 800 743 859 enim
759 819 853 879 greve
865 810 918 873 est,
935 802 1017 882 quod
1030 821 1090 862 om·
1144 811 1207 874 est,
1230 803 1348 882 grstise
1369 803 1577 881 regenerenti,
1600 819 1679 861 nunu
1693 798 1840 862 adsonbit

392 904 451 946 nes
466 894 641 967 praestant3
665 888 765 966 itaque
788 907 848 945 non
870 897 915 947 est
930 908 1022 967 gram
1037 886 1091 947 ulli
1143 888 1230 964 fidei3
1251 888 1338 950 fidem
1355 888 1527 966 intelligens
1551 908 1611 947 uon
1635 886 1838 967 qualemcum-

391 971 520 1032 tiliorum
537 972 606 1038 Dei.
630 971 711 1053 quod
735 981 890 1050 praestent
904 993 1009 1034 omnes
1024 974 1092 1052 ejus
1144 994 1212 1054 que,
1227 977 1281 1036 sed
1296 977 1397 1035 vivam
1413 983 1444 1036 et
1458 993 1614 1056 operosum
1634 993 1687 1054 per
1703 972 1837 1034 dileetio·

392 1059 459 1119 filii.
482 1057 603 1118 Deinde
615 1061 654 1130 ei,
670 1060 720 1138 qui
734 1070 794 1118 tem
808 1069 912 1138 potens
926 1081 961 1119 ue
972 1058 1090 1121 validus
1143 1080 1220 1121 nem.
1236 1063 1292 1121 Est
1307 1070 1408 1121 eutem
1426 1081 1523 1122 sermo
1536 1060 1675 1133 muralis,
1691 1059 1770 1120 buno
1784 1058 1838 1120 bs·

392 1153 449 1217 eet,
472 1153 506 1204 ut
522 1153 614 1205 totum
630 1143 773 1205 mundum
795 1148 898 1206 vinest
913 1166 1016 1207 amore
1030 1146 1090 1207 Dei
1143 1145 1218 1206 bens
1234 1167 1371 1208 sensum:
1387 1147 1665 1217 Etbseevietorie‚
1680 1164 1837 1227 quemue·

390 1229 439 1308 (id
453 1233 531 1291 euim
544 1227 742 1311 intelligitur),
758 1230 900 1292 meudste
914 1232 974 1293 Dei
985 1234 1091 1312 grevia
1144 1231 1200 1293 due
1214 1235 1346 1294 vincitur
1365 1231 1431 1309 (sut
1446 1235 1546 1294 vietus
1561 1240 1592 1293 et
1603 1242 1763 1313 superstes
1779 1224 1838 1309 est)

393 1337 464 1379 esee
486 1337 546 1377 nnn
570 1327 702 1395 possunt
734 1317 812 1397 Quid
838 1320 915 1379 enim
938 1338 1030 1398 greve
1053 1320 1090 1392 ei,
1144 1339 1162 1378 a
1178 1319 1348 1381 nobisfiliis
1364 1321 1430 1395 Dei,
1446 1320 1605 1401 perfidem
1618 1326 1759 1391 nostram,
1776 1336 1839 1398 qus

394 1406 448 1484 qui
465 1412 528 1463 toto
541 1402 650 1463 mundo
665 1408 801 1484 superior
816 1413 862 1465 est
878 1414 972 1484 etque
987 1414 1089 1485 poten·
1143 1405 1174 1464 iu
1199 1403 1352 1467 Christum
1377 1405 1536 1479 eredimus,
1559 1405 1721 1467 obtinetur.
1743 1403 1838 1464 lt'ides

391 1489 476 1551 tior?
506 1491 635 1550 Vincere
651 1491 808 1551 mundum
824 1489 943 1563 dieitur,
959 1493 1012 1573 qui
1025 1493 1089 1551 rin·
1143 1491 1221 1551 euim
1234 1493 1367 1553 exeitsts
1378 1501 1409 1553 et
1420 1494 1587 1554 exercitate
1598 1492 1685 1553 nobie
1697 1491 1839 1575 proponit

393 1579 438 1638 eit
453 1594 559 1652 enine,
583 1577 669 1653 quod
692 1580 728 1638 in
751 1577 872 1638 mundo
889 1585 951 1654 est,·
977 1596 1091 1655 nempe
1143 1579 1290 1639 auxilium
1314 1589 1345 1638 et
1367 1581 1493 1656 gretiam
1514 1580 1572 1640 Dei
1593 1598 1649 1658 per
1670 1576 1837 1654 Christum

393 1667 686 1740 consupiscentiam
695 1667 812 1739 earnis,
826 1671 855 1723 et
866 1667 1090 1741 eoncupiscen-
1143 1674 1289 1725 monstret
1314 1667 1406 1727 etism
1435 1667 1581 1745 promissa
1606 1664 1697 1725 luturi
1723 1661 1838 1725 seeeuli

393 1754 475 1811 tiam
493 1751 657 1810 oculorum
672 1759 702 1810 et
716 1751 896 1826 superbiam
913 1753 1007 1812 vitae.
1034 1752 1089 1812 Su·
1142 1751 1230 1824 bona,
1244 1751 1322 1812 bene
1337 1752 1521 1813 cortentibus
1536 1753 1704 1832 proposits3
1728 1747 1837 1831 quibus

393 1857 452 1917 prs
467 1856 532 1916 esp.
548 1839 580 1897 2.
610 1836 678 1898 Hor
693 1848 745 1909 est,
770 1839 821 1915 qui
841 1846 963 1917 superat
987 1856 1090 1899 omues
1143 1840 1313 1899 animentur
1324 1838 1362 1899 sd
1374 1839 1491 1899 sortiter
1504 1836 1695 1918 pugnandum
1708 1837 1837 1898 filitDet.

391 1926 520 1984 istorum
541 1924 683 1983 vitiorum
706 1925 892 1995 tentationes,
914 1925 959 1984 its
980 1932 1014 1984 ut
1037 1942 1090 2005 per
1143 1925 1229 1985 Heee
1243 1926 1335 2004 igitur
1348 1924 1424 1987 fidos
1439 1924 1470 1984 in
1484 1925 1553 1985 filiis
1565 1925 1623 1985 Dei
1640 1925 1736 1985 vineit
1750 1942 1835 1984 mun·

393 2030 450 2071 eas
467 2031 486 2069 a
501 2011 560 2070 Dei
583 2013 711 2070 ueritate
733 2031 793 2071 non
816 2019 983 2091 separetur.
1015 2012 1091 2089 Quis
1143 2010 1223 2083 dum,
1239 2013 1311 2091 quia
1325 2011 1429 2073 mundi
1445 2012 1575 2072 vietoree
1590 2009 1671 2071 feeit
1696 2011 1763 2070 Heu
1778 2007 1837 2069 fide

392 2098 492 2168 enim,
518 2099 615 2176 inquit
639 2097 772 2168 Peulus,
798 2115 857 2157 nos
883 2097 1090 2173 separabitis
1143 2097 1293 2178 quondam
1308 2100 1425 2171 armati,
1449 2107 1595 2177 martyres
1618 2098 1719 2158 omnis
1734 2093 1836 2156 muudi

390 2187 529 2244 eoritote
541 2183 683 2244 Christi?
705 2188 759 2245 An
775 2184 950 2257 tribulatio,
967 2203 1011 2244 nn
1026 2203 1089 2243 nn·
1143 2192 1290 2244 tormeuts
1312 2194 1538 2265 superaverunt.
1568 2183 1629 2245 Per
1650 2186 1728 2245 bsno
1746 2180 1836 2243 tidem

390 2272 513 2347 prestio,
538 2288 583 2330 on
596 2271 724 2348 fumes?
746 2278 800 2330 ete.
831 2270 892 2332 Sed
907 2272 944 2331 in
958 2271 1005 2330 bis
1020 2288 1090 2331 om·
1143 2278 1256 2350 qusnts
1278 2279 1308 2329 st
1334 2271 1450 2351 operati
1472 2272 1545 2344 sint,
1572 2278 1601 2329 et
1621 2271 1704 2350 pessi
1725 2270 1836 2330 Patres

391 2358 491 2420 nibus
505 2375 692 2432 superamur
710 2364 847 2434 propter
862 2375 944 2432 eum,
969 2360 1024 2434 qui
1038 2357 1090 2416 di·
1143 2358 1269 2436 antiqui,
1286 2357 1337 2436 qui
1352 2358 1418 2417 Deo
1434 2356 1621 2436 plsousrunt,
1636 2357 1699 2417 late
1715 2354 1837 2415 disserit

393 2445 475 2506 texis
491 2463 558 2519 nos,
575 2444 661 2504 Rom.
678 2444 707 2503 8.
1142 2442 1306 2522 Apostolus
1330 2442 1445 2503 Paulus
1467 2442 1547 2504 Heb.
1573 2447 1622 2503 11.
1646 2442 1835 2522 Quapropter

438 2531 523 2591 Dieit
549 2538 649 2590 antem
673 2529 808 2590 Josnuee
834 2538 939 2589 neutro
965 2547 1089 2608 genere:
1143 2536 1172 2589 et
1193 2528 1297 2599 fideles
1320 2528 1474 2603 admonet,
1497 2532 1588 2591 utin
1611 2529 1758 2589 omnibus
1778 2546 1833 2588 su-

391 2619 507 2694 Omne,
525 2618 611 2694 quod
624 2624 739 2677 natum
755 2623 798 2675 est
813 2634 851 2676 es
869 2617 947 2692 Deo,
971 2635 1089 2695 quomo·
1141 2623 1233 2676 mont
1248 2623 1368 2678 scutum
1392 2616 1477 2693 fidei,
1500 2619 1614 2694 inquo
1627 2617 1750 2693 possint
1765 2633 1835 2676 om·

390 2704 432 2764 do
450 2703 590 2764 Christus
615 2704 645 2762 in
660 2703 848 2780 Evangelio:
871 2703 981 2777 Omne,
1004 2702 1091 2778 quod
1142 2705 1199 2764 niu
1211 2705 1274 2764 telo
1286 2705 1480 2780 nequissimi,
1492 2702 1523 2763 id
1536 2712 1589 2777 est,
1602 2701 1727 2775 disboli,
1738 2704 1835 2778 ipnea

391 2793 450 2852 det
467 2791 546 2849 mibi
557 2793 671 2866 Peter,
683 2790 791 2849 adme
806 2791 921 2863 ueniet,
938 2789 1027 2849 Josn.
1043 2790 1088 2864 6.;
1142 2794 1352 2867 exstinquere,
1369 2789 1449 2869 pr.
1463 2792 1491 2851 6.
1507 2790 1630 2870 Deque
1646 2798 1677 2849 et
1691 2790 1799 2849 Petrus
1815 2791 1833 2848 1

390 2880 535 2940 nimirum
544 2875 582 2937 sd
595 2874 1090 2957 comprehendendumexpressius
1141 2878 1237 2958 Epist
1254 2881 1301 2941 b:
1318 2878 1379 2941 oet
1392 2879 1537 2953 resistite,
1552 2877 1652 2956 fortes
1666 2878 1703 2937 in
1718 2876 1790 2953 ilde.

390 2985 482 3026 omne
497 2984 592 3043 genus
614 2964 783 3039 hominnm3
805 2973 839 3022 ut
860 2965 1003 3036 virorum,
1025 2981 1088 3021 mu·
1186 2965 1214 3024 b.
1238 2967 1315 3044 Quis
1330 2973 1385 3039 est,
1401 2967 1458 3042 qni
1472 2968 1572 3026 vineit
1586 2965 1755 3037 mnndum,
1772 2964 1836 3024 nisi

391 3053 518 3126 lierum3
546 3070 665 3122 senum,
692 3069 868 3128 puerorum
895 3048 1089 3121 Judeeorum,
1141 3053 1197 3127 qui
1222 3053 1336 3126 eredit,
1365 3054 1517 3128 quoniam
1540 3056 1636 3115 Jesus
1659 3058 1703 3112 est
1732 3050 1835 3112 lilius

390 3137 566 3220 gentilium3
590 3155 757 3208 servorum,
781 3138 872 3196 etism
894 3155 1012 3209 eorum,
1036 3138 1089 3214 qui
1142 3139 1227 3198 Dei?
1256 3138 1407 3210 Deolsrst,
1432 3139 1569 3218 quaesit
1591 3137 1645 3197 ills
1666 3138 1751 3208 fides,
1773 3156 1836 3214 qus
1903 3187 1907 3191 .

389 3226 445 3287 vel
461 3225 668 3303 abjectissimi,
690 3223 738 3282 vel
754 3223 945 3283 infirmissimi
961 3230 1039 3296 eunt,
1055 3232 1090 3281 ut
1141 3224 1271 3285 mundns
1286 3226 1434 3301 vincitur3
1457 3244 1493 3284 ee
1516 3225 1665 3293 nimirum,
1688 3243 1749 3307 qne
1766 3223 1836 3302 quis

389 3334 432 3375 ne
449 3311 571 3392 quidem
588 3311 738 3371 bominum
765 3309 911 3368 vocabulo
930 3307 1089 3369 videantur
1142 3312 1254 3385 eredit,
1290 3311 1399 3371 Jesum
1431 3330 1497 3371 esee
1525 3312 1636 3372 Filium
1666 3311 1742 3386 Dei3
1775 3329 1835 3370 nou

390 3401 496 3479 digni3
512 3418 548 3457 se
564 3399 589 3458 si
606 3396 700 3457 dieat:
717 3395 954 3475 Qualiscumque
970 3393 1089 3455 domem
1142 3399 1230 3477 quasi
1256 3396 1338 3458 solus
1364 3397 1417 3457 ille
1442 3398 1585 3458 articulus
1610 3395 1670 3458 fido
1695 3405 1835 3476 receptus

392 3489 445 3558 sit,
470 3486 600 3545 sinatus
617 3493 717 3543 estex
731 3483 808 3555 Deo,
831 3483 923 3542 vineit
937 3482 1089 3553 mundum,
1142 3484 1278 3545 sufficere
1302 3486 1398 3562 possit
1420 3482 1458 3543 ad
1473 3483 1653 3545 vineeudum
1676 3480 1835 3559 mundum3

389 3592 492 3654 eoque
515 3572 653 3651 superior
676 3579 728 3630 est.
763 3568 921 3648 Intellige:
945 3566 1089 3648 quamdiu
1142 3570 1196 3630 sed
1210 3570 1267 3631 boo
1282 3590 1420 3632 sermone
1434 3570 1629 3631 medistorem
1644 3569 1774 3630 ostendit
1789 3568 1835 3644 (ut

390 3660 525 3741 gretiam
547 3657 784 3737 regenerationis
799 3664 909 3729 servet,
934 3663 964 3715 et
984 3673 1089 3714 semen
1142 3656 1276 3718 declarat
1296 3677 1402 3718 versus
1426 3653 1580 3734 sequens),
1604 3676 1658 3736 per
1681 3675 1771 3737 quem
1786 3674 1834 3716 so·

390 3750 459 3810 Dei
472 3748 509 3807 in
523 3748 592 3821 ipso
607 3749 723 3804 monet.
748 3744 818 3823 Quo
829 3761 920 3802 sensu
934 3740 1089 3802 docuimus
1141 3744 1202 3803 lum
1219 3745 1345 3805 victoris
1356 3743 1394 3804 de
1406 3741 1517 3804 mundo
1532 3742 1715 3820 reportanda
1729 3743 1781 3817 eit3
1797 3762 1833 3803 se

389 3832 591 3911 accipiendas
614 3850 682 3890 esse
704 3830 867 3889 sententies
884 3828 950 3887 illas
966 3828 1035 3888 huie
1050 3830 1087 3887 si·
1143 3831 1169 3890 si
1184 3829 1278 3890 dieat:
1293 3830 1351 3891 Ille
1363 3829 1616 3902 vinoitmundum,
1633 3838 1664 3889 et
1677 3850 1739 3889 non
1753 3827 1831 3892 elius

388 3919 489 3993 miles,
511 3938 603 3998 eupre
617 3938 683 3996 cap.
701 3919 746 3978 3.:
774 3918 894 3990 Omnis,
919 3917 1024 3992 quiin
1039 3917 1088 3976 Eo
1143 3912 1221 3992 (eam
1237 3919 1317 3977 enirn
1337 3918 1398 3977 vim
1418 3916 1526 3977 babet:
1550 3918 1627 3994 Quis
1640 3911 1750 3992 nisii),
1773 3915 1834 3994 qui,

389 4012 515 4080 manet,
532 4023 599 4066 non
612 4010 733 4081 peceat,
751 4010 795 4062 et:
819 4005 939 4077 Omnis,
956 4004 1088 4079 quino·
1142 4002 1286 4076 eredens,
1313 4004 1420 4065 Jeeum
1447 4021 1514 4063 esee
1540 4001 1652 4062 Filium
1678 4001 1755 4074 Dei,
1782 4021 1836 4083 per

389 4103 445 4155 tus
472 4101 518 4153 est
543 4110 581 4153 en
604 4093 690 4164 Deo,
715 4097 879 4166 peecatum
904 4108 970 4149 non
996 4089 1087 4166 feeit,
1142 4110 1218 4162 eum,
1235 4101 1270 4151 ut
1284 4088 1475 4150 mediatorem
1492 4109 1529 4149 se
1544 4089 1735 4162 salvatorem,
1751 4107 1835 4150 sees·

389 4183 549 4260 quoniam
564 4197 670 4237 semen
685 4178 790 4253 Ipsius
804 4180 841 4237 in
856 4195 892 4236 eo
906 4183 1035 4252 manen
1060 4183 1090 4236 et
1142 4175 1188 4236 dit
1210 4175 1249 4237 ed
1271 4178 1402 4249 Putrem,
1423 4177 1636 4255 impetraturus
1658 4177 1788 4255 grstism
1803 4180 1836 4236 st

388 4286 463 4331 nors
485 4272 586 4342 potest
606 4282 754 4340 peceare,
783 4266 935 4340 quonium
959 4281 997 4324 eu
1020 4264 1088 4322 Deo
1142 4261 1354 4335 fortitudinem,
1377 4282 1436 4341 que
1456 4271 1577 4343 superet
1599 4282 1716 4323 omnem
1732 4258 1837 4321 mundi

387 4361 555 4417 natusest.
580 4349 699 4429 Quibus
713 4349 818 4419 simile,
836 4347 983 4429 quodeub
996 4349 1087 4410 linem
1141 4352 1342 4411 tentationem.
1375 4348 1464 4408 Heno
1487 4357 1585 4409 sutem
1607 4347 1697 4408 fidem
1719 4354 1839 4409 constat

387 4443 484 4519 buius
508 4439 613 4517 ospitis
629 4435 754 4497 dieitur:
779 4438 898 4512 Ornnis,
921 4438 977 4512 qui
992 4444 1089 4496 natus
1141 4458 1202 4498 non
1217 4438 1343 4498 otiosum
1359 4454 1436 4507 esee,
1462 4437 1516 4497 sed
1532 4433 1730 4507 obedientem,
1753 4436 1837 4494 invo-

387 4536 437 4590 est
453 4545 492 4588 ee
507 4528 587 4599 Deo,
610 4543 679 4585 non
699 4531 829 4600 preest,-
852 4523 906 4583 sed
924 4526 1088 4599 penerotio
1142 4532 1268 4602 oenum,
1291 4542 1457 4602 operosam.
1488 4522 1645 4584 Oseterum
1670 4520 1839 4601 empbstios

389 4616 458 4678 Dei
472 4619 639 4673 conserent
653 4630 733 4671 eum.
1142 4618 1189 4671 est
1214 4610 1424 4689 interrogetis:
1455 4612 1531 4690 Quis
1561 4616 1622 4683 est,
1658 4610 1713 4687 qui
1740 4608 1839 4669 vineit

437 4702 482 4762 Et
493 4701 568 4759 duee
580 4704 624 4758 est
636 4698 781 4770 victorio,
795 4715 876 4773 quoe
884 4698 984 4756 vineit
992 4716 1088 4756 mun·
1141 4698 1310 4773 mundum,
1326 4697 1390 4758 nisi
1405 4702 1481 4774 ete.,·
1504 4694 1605 4776 qualis
1621 4703 1653 4754 et
1668 4694 1736 4754 ills:
1763 4694 1839 4773 Quis

387 4790 482 4861 dum,
497 4786 575 4862 fides
589 4791 709 4844 nostro.
734 4786 821 4864 Quae
836 4784 946 4857 vineit,
973 4782 1088 4843 Graece
1141 4791 1186 4845 est
1197 4785 1346 4857 mendose,
1364 4786 1427 4843 nist
1439 4786 1474 4857 is,
1491 4784 1547 4859 qui
1558 4789 1666 4858 nepot,
1684 4782 1837 4859 quonium

387 4875 554 4936 norisium:
579 4862 740 4949 νικήσασα,
764 4888 846 4947 quoe
862 4871 955 4947 vieit;
979 4877 1014 4928 nt
1029 4870 1087 4947 sig·
1141 4875 1237 4935 Jesus
1251 4879 1295 4932 est
1310 4872 1477 4933 Christus?
1504 4869 1605 4949 Suprs
1619 4888 1688 4948 eap.
1706 4871 1734 4929 2.

388 4961 534 5024 nifieetnr
549 4957 675 5018 vietorie
693 4957 756 5035 jem
772 4966 869 5035 perta.
894 4955 984 5035 Quod
1000 4964 1089 5016 entes
1185 4959 1213 5019 6.
1237 4959 1299 5019 Hie
1321 4965 1375 5031 est,
1399 4960 1455 5036 qni
1476 4959 1566 5019 venit
1584 4975 1644 5033 per
1667 4973 1787 5032 nquam
1810 4960 1842 5015 et

386 5047 499 5110 tribuit
519 5044 685 5128 Apostolus
712 5043 865 5105 nativitati
887 5062 924 5103 ex
945 5043 1031 5117 Deo,
1056 5041 1088 5102 id
1139 5047 1355 5125 sanquinem,
1382 5047 1478 5109 Jesus
1507 5044 1666 5121 cereus,
1705 5060 1774 5105 non
1802 5044 1841 5104 in
