4442 5825
390 584 464 655 soe
922 580 1157 638 coumomm
1173 579 1206 635 u
1228 577 1295 635 ou.
1311 578 1331 632 ι

389 746 494 829 αὑτοῦ,
517 752 546 814 id
570 763 624 831 cst,
647 758 683 818 in
704 757 877 819 altitudine
894 758 965 823 ,sive
986 758 1086 821 rubli-
1140 776 1219 838 quae
1245 753 1500 835 consequentibus
1526 750 1628 814 verbis
1651 748 1775 812 desumit

390 844 499 902 mitate
513 859 590 920 sua;
617 841 697 922 quod
721 851 751 904 et
766 864 825 905 vox
845 843 972 924 Syriaca
994 845 1083 925 sigui-
1140 844 1234 925 Quasi
1251 842 1350 902 dicat:
1378 841 1468 902 Certe
1486 859 1548 901 nou
1562 837 1665 912 babet,
1681 834 1775 918 undar

389 927 468 988 ficut.
491 928 594 1009 Atque
618 929 649 989 id
670 929 797 991 arbitror
818 931 1009 1012 interpretem
1032 953 1083 993 so·
1140 932 1233 992 rietur
1248 937 1300 989 aut
1316 930 1347 989 iu
1362 947 1419 1010 quo
1438 926 1496 986 sibi
1512 924 1644 1005 placeat,
1664 923 1775 998 sedum

390 1014 484 1077 luisse
521 1017 641 1077 nomine
678 1017 890 1079 exaltationis.
939 1018 1085 1099 Superius
1142 1017 1221 1078 unde
1247 1015 1350 1076 doleat
1374 1035 1409 1075 ac
1437 1013 1495 1074 sibi
1523 1010 1667 1088 vilescat3
1692 1013 1766 1073 siout

390 1103 525 1163 hortatus
551 1101 609 1163 fuit
634 1102 797 1181 Apostolus
824 1104 864 1165 ad
892 1106 1085 1184 patientiam3
1140 1103 1215 1164 dicit
1230 1122 1294 1181 cap.
1312 1103 1355 1161 5.:
1383 1103 1476 1177 Ayite
1499 1117 1598 1174 nunc,
1622 1099 1775 1175 diuites,p

390 1189 447 1249 hoc
472 1197 677 1265 argumentum
704 1211 783 1251 nuuc
805 1193 1006 1273 prosequitur,
1033 1213 1084 1272 pc·
1139 1199 1220 1266 rate,
1235 1189 1399 1250 ululantes
1414 1191 1450 1248 in
1466 1187 1775 1263 maenomenon

391 1294 465 1335 nens
482 1274 600 1334 afflictis
616 1276 759 1338 iratribus
783 1287 853 1338 ante
868 1278 973 1340 oculos
990 1278 1085 1339 felici·
1140 1278 1313 1338 advenient
1337 1275 1433 1337 vobis.
1464 1273 1527 1333 Atii
1550 1271 1665 1346 dicunt,
1687 1270 1775 1352 autipl

391 1370 483 1422 tatem
498 1364 663 1423 vocationis
679 1383 764 1438 suae,
788 1364 826 1425 de
841 1385 901 1446 qua
916 1368 1019 1427 morito
1034 1365 1085 1425 de·
1141 1367 1196 1426 sim
1219 1383 1286 1424 csse
1308 1364 1340 1423 in
1366 1361 1473 1424 verbo:
1500 1360 1670 1437 glorietur,
1697 1358 1736 1419 ad
1758 1357 1775 1418 b

390 1451 484 1511 beant
498 1469 558 1508 nou
572 1448 706 1529 gaudere
720 1452 825 1523 solum,
847 1452 900 1512 sed
916 1454 1008 1514 etium
1022 1452 1085 1532 glo·
1141 1459 1256 1534 partem
1275 1449 1380 1510 relato.

391 1536 471 1598 riari.
487 1533 608 1616 Siquis,
624 1537 730 1617 iuquit,
745 1539 888 1598 intervos
901 1538 1087 1602 Christianos
1185 1537 1260 1598 Mihi
1284 1534 1472 1616 probabilius
1494 1541 1539 1594 est
1563 1532 1610 1605 id,
1638 1529 1721 1612 quod
1742 1526 1775 1592 Or

390 1620 513 1683 humilis
537 1630 597 1694 est,
623 1622 654 1682 id
677 1633 722 1685 est
743 1645 876 1706 pauper,
899 1626 1034 1705 abjectus
1057 1637 1089 1688 et
1141 1625 1256 1684 menius
1278 1622 1466 1693 subindicat,
1493 1619 1668 1698 eclipticum
1690 1636 1756 1679 esee

392 1706 503 1770 mundo
525 1711 771 1791 contemptibilis,
798 1731 837 1772 no
863 1712 965 1773 doleat
989 1716 1087 1775 vicem
1142 1730 1268 1782 monem,
1291 1711 1342 1789 qui
1357 1705 1544 1788 supplendus
1561 1705 1600 1766 sit
1613 1705 1709 1766 verbo
1726 1722 1775 1765 con

392 1816 486 1869 suam,
500 1817 557 1856 uec
574 1797 702 1858 animum
715 1797 917 1879 despondeat;
934 1800 988 1862 sed
1003 1821 1088 1862 suam
1142 1800 1206 1858 riae
1221 1796 1463 1875 significationis3
1486 1792 1641 1873 quomodo
1662 1791 1775 1852 locutus

393 1884 503 1963 cogitet
529 1882 743 1945 sublimitatem
768 1906 803 1945 ac
826 1885 945 1947 felicem
968 1896 1088 1963 statum,
1139 1882 1256 1946 ‘Paulus
1272 1888 1286 1943 1
1301 1883 1380 1943 Tim.
1394 1886 1439 1944 4.:
1454 1878 1700 1942 Prohibentium
1711 1876 1773 1939 nub

394 1968 539 2050 adquam
561 1979 682 2030 evectus
707 1982 761 2044 est,
785 1980 814 2031 et
837 1974 866 2032 in
883 1993 918 2032 oo
934 1975 1087 2053 glorietur.
1142 1972 1301 2031 abstinere
1317 1989 1337 2027 a
1356 1969 1442 2044 cibis,
1466 1966 1610 2028 subaudi:
1636 1967 1775 2043 praecipi

393 2056 441 2116 Ea
456 2056 623 2118 sublimitas
639 2066 695 2129 est,
711 2059 911 2120 Christianum
927 2081 1011 2138 esse,
1034 2062 1090 2122 hoo
1143 2062 1232 2119 tium.
1255 2055 1458 2137 Supplondus,
1483 2057 1617 2134 inquam,
1643 2062 1675 2113 et
1689 2071 1775 2132 expar

395 2144 475 2203 enim
489 2145 608 2204 nomine
631 2144 776 2206 immensa
792 2144 925 2225 dignitas
942 2148 1089 2226 siguifica-
1143 2142 1374 2206 dushocmodo:
1389 2145 1485 2203 Diues
1497 2149 1605 2203 autem
1617 2137 1775 2217 confunde

393 2238 451 2304 tur,
465 2239 499 2290 ut
512 2230 605 2291 filium
621 2250 688 2293 esse
699 2233 769 2311 Dei,
784 2242 951 2294 consortem
968 2234 1089 2309 Christi,
1143 2236 1178 2293 in
1193 2232 1372 2293 bumilitate
1387 2249 1457 2307 sua,
1474 2228 1572 2301 idest,
1588 2225 1771 2307 pudefiatae

393 2315 553 2378 haeredem
568 2319 662 2397 regni.
1143 2318 1310 2400 displiceat,
1317 2320 1452 2398 cogitans
1459 2338 1494 2378 ao
1501 2334 1604 2377 secum
1611 2324 1775 2396 reputante

437 2403 500 2465 Alii
522 2404 738 2467 exaltationem
761 2404 840 2466 hanc
865 2407 1040 2488 intelligunt
1060 2409 1090 2468 iu
1143 2406 1299 2478 vilitatem,
1319 2424 1474 2475 acrarum,
1491 2402 1646 2482 inquibus
1659 2399 1775 2462 contidit

396 2511 433 2551 eo
463 2492 544 2572 ipso,
575 2490 658 2572 quod
696 2514 750 2573 pro
785 2491 905 2554 Christo
941 2496 1090 2574 spoliatus
1144 2494 1350 2554 constantiam.
1374 2491 1412 2552 In
1426 2492 1473 2553 luis
1489 2490 1586 2550 tribus
1601 2487 1775 2569 exposition*

395 2579 497 2659 iuopia
527 2579 682 2659 premitur,
713 2586 867 2659 tamquam
889 2602 926 2642 es
956 2583 1021 2662 ipsa
1052 2582 1091 2642 sit
1145 2581 1314 2642 summatim
1329 2579 1410 2640 idem
1426 2587 1604 2639 estsensus.
1631 2571 1775 2656 Aquodi

395 2664 545 2745 gloriandi
574 2667 716 2740 materia,
754 2674 786 2725 ut
817 2667 985 2728 consolatio
1015 2668 1089 2729 haec
1144 2688 1210 2728 sum
1232 2665 1332 2727 adfert
1358 2667 1504 2726 Erasmus
1532 2665 1562 2723 iu
1586 2661 1770 2743 paraphrasi,

396 2750 502 2811 similis
523 2752 563 2811 sit
585 2771 650 2811 cum
675 2751 727 2813 illa
751 2753 865 2813 lPetr.
884 2758 929 2817 4.:
961 2756 995 2816 Si
1019 2758 1089 2832 quis
1145 2754 1295 2814 scribens:
1323 2751 1435 2812 Contra
1456 2753 1543 2811 dirce
1567 2749 1625 2809 hoc
1650 2751 1768 2810 nomine

396 2839 543 2916 patiatur
552 2845 589 2898 ut
601 2839 810 2915 Christianus,
834 2861 901 2905 non
913 2842 1090 2922 erubescat,·
1144 2841 1321 2922 gratuletur,
1333 2838 1421 2922 quod,
1433 2841 1486 2920 qui
1498 2837 1536 2898 ob
1548 2836 1629 2897 falsa
1640 2835 1733 2917 hujus
1741 2851 1775 2896 mr

397 2925 550 3003 glorificet
570 2933 676 2987 autem
692 2930 795 2988 Deum
819 2932 854 2989 in
876 2933 936 2991 isto
952 2935 1090 2991 nomine.
1144 2932 1225 2992 bona
1240 2930 1339 3007 magui
1362 2926 1455 2988 fiebat
1475 2924 1556 3003 apud
1578 2923 1684 2984 mundi
1706 2921 1775 2984 colu

397 3012 510 3074 Verum
518 3012 677 3075 antithesis
686 3015 775 3095 hujus
782 3018 876 3095 partis
884 3016 923 3077 ad
932 3038 1006 3091 eum,
1014 3037 1092 3098 quae
1145 3037 1222 3077 nunc
1238 3015 1276 3074 ob
1293 3014 1404 3074 Christi
1426 3011 1650 3075 confessionem
1673 3019 1774 3092 spreta

398 3101 541 3180 sequitur,
563 3102 660 3181 magis
682 3103 778 3183 exigit
792 3104 922 3183 priorem
937 3123 1066 3164 sensum.
1146 3113 1177 3164 ot
1192 3110 1381 3182 contemptus
1404 3109 1460 3161 etc
1484 3097 1546 3160 Sed
1567 3098 1617 3159 hic
1641 3115 1775 3160 senemr

444 3188 492 3247 10.
517 3189 615 3250 Diues
636 3197 742 3250 autem
767 3192 802 3251 in
824 3192 1004 3252 bumilitate
1026 3210 1093 3253 sua.
1147 3191 1187 3253 ad
1204 3210 1325 3271 scopum
1341 3187 1488 3269 Apostoli,
1512 3184 1551 3247 de
1567 3205 1630 3266 quo
1646 3179 1775 3266 supra*

398 3275 506 3336 Potest
521 3277 612 3335 verti:
635 3278 671 3337 in
686 3278 921 3339 humilitatione
935 3298 1004 3355 aua,
1022 3298 1092 3358 quo·
1147 3279 1227 3339 euim
1243 3277 1390 3338 divitibus
1414 3282 1484 3334 ante
1507 3274 1611 3333 oculos
1635 3287 1775 3353 poneret

399 3361 487 3424 modo
510 3365 601 3422 vertit
615 3363 770 3424 Erasmus.
796 3365 855 3426 Sed
874 3368 1014 3446 quamvis
1028 3386 1093 3426 ver·
1149 3369 1280 3447 ipsorum
1296 3363 1452 3434 vilitatem,
1475 3379 1536 3440 qua
1558 3354 1775 3420 consideratu(

398 3451 469 3513 hale
492 3453 531 3510 sit
553 3444 755 3528 ταπείνωσις,
778 3453 892 3532 passim
915 3462 1018 3513 tamen
1040 3473 1094 3533 pro
1149 3460 1222 3514 naut
1236 3450 1364 3528 superbe
1380 3446 1687 3528 superoctadversus
1702 3463 1775 3526 paup

399 3536 571 3599 humilitate
601 3539 765 3619 accipitur,
803 3548 835 3598 ut
861 3540 892 3600 iu
918 3538 1033 3600 cantico
1058 3540 1093 3600 B.
1149 3560 1216 3599 sese
1239 3536 1403 3599 insolenter
1423 3533 1538 3596 efferre.
1564 3532 1607 3594 Et
1631 3552 1667 3594 eo
1689 3531 1775 3614 partit

400 3625 548 3705 Virginis,
571 3625 641 3685 item
658 3625 722 3685 Aet
739 3629 777 3698 8.,
791 3625 870 3687 Phil.
888 3627 917 3687 3.
947 3624 1096 3706 Loquitur
1150 3644 1229 3707 quae
1245 3632 1424 3705 sequuntur:

401 3710 626 3792 hicApoetolus
643 3709 800 3784 dedivite,
816 3712 982 3773 neemiam
998 3711 1036 3772 de
1052 3714 1094 3773 in·
1193 3713 1352 3791 Quoniam
1381 3713 1459 3770 sieut
1487 3709 1545 3787 nor
1570 3708 1664 3785 foeni
1690 3712 1775 3768 eren

401 3796 494 3870 fideli,
516 3806 550 3857 ut
572 3797 709 3860 nonnulli
731 3808 900 3877 exponunt,
926 3799 980 3860 sed
1006 3800 1096 3860 etiam
1150 3802 1307 3873 Faenum,
1331 3799 1430 3858 virens
1445 3792 1587 3873 iutelhge,
1610 3793 1644 3854 id
1660 3802 1707 3855 est
1719 3809 1775 3873 gru

402 3885 440 3945 de
456 3882 636 3946 Christiano.
660 3885 757 3946 Erant
771 3889 849 3948 euim
863 3888 941 3947 iuter
953 3883 1095 3947 Christis·
1151 3886 1284 3959 herbam,
1300 3882 1414 3947 Graece
1428 3872 1548 3960 χόρτον.
1572 3879 1665 3942 Unde
1676 3879 1729 3941 alii
1739 3875 1775 3940 clt

402 3992 456 4032 nos
471 3969 593 4052 quidam
610 3970 729 4048 divites,
745 3975 806 4053 qui,
822 3973 1010 4037 Christianae
1025 3973 1096 4034 ouri·
1151 3980 1321 4035 verteront:
1348 3972 1508 4051 Quoniam
1534 3967 1635 4029 ueluti
1656 3969 1716 4047 flos
1736 3966 1775 4026 bu

402 4058 473 4120 tatis
488 4058 583 4131 obliti,
599 4057 707 4119 fratres
719 4078 789 4122 suos
800 4080 961 4142 pauperes,
977 4061 1097 4121 tametsi
1148 4059 1345 4138 praeteribit.
1368 4057 1410 4119 Iit
1420 4074 1524 4117 sensus
1536 4063 1599 4116 est:
1624 4049 1775 4135 Quomodo

403 4167 457 4228 pro
474 4143 583 4206 Christi
605 4146 726 4207 nomine
742 4148 773 4208 in
789 4157 997 4229 paupertatem
1011 4146 1097 4208 reda·
1151 4147 1264 4208 herbae
1279 4168 1328 4208 res
1345 4143 1545 4224 pulcherrima
1559 4150 1616 4213 est,
1640 4139 1694 4202 sed
1710 4140 1767 4202 citu

404 4241 485 4307 ctos,
512 4231 644 4313 superbe
665 4230 887 4314 despiciebant,
912 4255 968 4296 uec
995 4235 1038 4294 eis
1060 4234 1098 4296 de
1152 4236 1223 4294 tiam
1246 4253 1320 4294 suec
1342 4231 1511 4292 venustatis
1538 4229 1668 4289 amittit:
1694 4223 1775 4288 tut

405 4340 460 4381 suu
490 4317 676 4381 abundantia
708 4321 973 4384 communicabant.
1012 4321 1099 4382 Haec
1153 4322 1237 4382 dives
1252 4341 1318 4380 cum
1335 4318 1415 4378 omui
1430 4316 1528 4396 gloria
1543 4335 1609 4388 sua
1626 4333 1718 4397 quam
1733 4312 1775 4376 ti·

405 4408 486 4469 euim
510 4407 556 4468 eis
578 4408 762 4487 improperat
784 4407 864 4469 inira
887 4429 953 4491 cap.
969 4413 998 4470 2.
1014 4415 1046 4469 et
1061 4410 1099 4481 5..
1152 4399 1775 4487 tiaepeperemntbreviadmodumevan

405 4505 439 4556 ut
460 4495 517 4555 ista
545 4492 636 4554 tuerit
656 4513 717 4554 uua
738 4513 776 4556 ex
799 4496 899 4557 caucis
925 4494 1100 4557 scribendae
1153 4494 1244 4558 Certe
1259 4516 1319 4556 non
1335 4490 1414 4551 ultre
1431 4490 1510 4551 hanc
1526 4490 1630 4560 vitam,
1655 4485 1775 4569 quaele

406 4581 495 4662 hujus
510 4581 674 4661 Epistolae.
1154 4591 1183 4641 et
1197 4589 1407 4643 momentonea
1422 4584 1477 4648 cst,
1493 4573 1604 4637 durare
1619 4575 1740 4656 poterit.
1760 4567 1775 4636 i

450 4669 571 4730 Partem
600 4667 678 4728 hanc
716 4666 919 4750 imperfectam
956 4669 1100 4751 plerique,
1153 4670 1309 4750 paratione
1324 4667 1405 4727 floris
1419 4665 1550 4737 ettoeui,
1567 4660 1606 4724 ad
1622 4659 1775 4744 signitur

406 4753 522 4816 Bedem
549 4757 661 4829 secuti,
689 4756 831 4837 supplent
860 4754 963 4817 addito
993 4756 1100 4818 serbo:
1154 4755 1272 4834 aliquid
1289 4757 1318 4814 iu
1337 4753 1428 4814 rebus
1449 4750 1590 4810 humanis
1614 4748 1774 4829 pulchrum,

407 4843 572 4919 glorietur,
597 4861 635 4903 ex
657 4850 745 4923 parte
766 4841 980 4923 praecedenti3
1007 4851 1040 4904 ut
1063 4843 1102 4905 sit
1154 4841 1232 4916 dem,
1255 4840 1309 4902 sed
1333 4838 1479 4900 caducum
1502 4846 1533 4897 et
1556 4837 1660 4909 breve,
1683 4835 1775 4984 ὴοῗ

409 4928 539 4989 ironicus
558 4949 671 4990 sermos
693 4929 792 4992 Diues
813 4929 970 5007 glorietur
990 4932 1027 4993 in
1041 4931 1101 4991 ltu·
1155 4931 1246 4990 utitur
1272 4928 1441 5007 Scripture3
1471 4932 1503 4982 ut
1525 4922 1593 4985 Jss.
1615 4923 1676 4996 40,
1698 4919 1740 4986 Jo
1760 4967 1774 5004 ¹,

409 5015 554 5094 militate,
578 5016 607 5078 id
631 5025 686 5094 est,
711 5016 830 5080 vilitate
846 5025 876 5080 et
888 5019 1011 5082 miseria
1031 5036 1101 5098 sua,
1155 5014 1267 5079 Psalm
1283 5015 1335 5075 36.
1351 5022 1381 5075 ct
1399 5012 1477 5088 tou,
1493 5018 1525 5071 et
1540 5013 1557 5072 1
1573 5009 1643 5090 I’ct
1660 5012 1688 5072 1.
