4442 5825
681 616 891 674 usnemu.
908 616 1109 675 smursms
1141 618 1226 674 rme.
1245 620 1286 673 ιο.
1305 619 1346 673 ιι.
1647 608 1731 693 595.

378 796 417 859 ab
430 816 483 871 eo,
509 795 550 860 ud
572 796 655 880 quod
668 806 794 860 voeatus
810 805 841 858 et
856 797 971 859 electus
1023 797 1091 859 loeo
1106 796 1208 878 gravis
1222 794 1327 877 lapsus
1342 793 1544 877 signideetur,
1565 794 1724 874 posteriori

371 884 493 947 ineidat.
528 885 619 947 Faeit
640 887 733 961 enim,
759 885 840 966 quod
863 886 972 946 dieitur
1024 886 1133 967 oulpne
1149 886 1287 945 minores.
1318 881 1408 944 Unde
1423 903 1484 944 uon
1497 888 1620 963 praeter
1633 896 1723 943 usum

383 976 429 1035 a:
458 974 564 1050 Teme,
590 974 676 1052 quod
690 973 801 1049 babes,
828 979 865 1034 est
878 990 971 1036 memo
1023 974 1115 1055 hujus
1129 970 1215 1032 verbi
1230 979 1291 1045 eet,
1310 971 1337 1031 ei
1352 969 1402 1030 hie
1424 966 1463 1031 de
1477 969 1617 1051 graviore
1631 968 1720 1049 lupen

371 1060 581 1122 iuteoronum
595 1069 695 1123 terum
1025 1068 1204 1142 exponatur.
1234 1057 1299 1118 Neo
1318 1058 1397 1118 enim
1412 1072 1517 1118 seusus
1532 1062 1725 1137 eesepetest,

371 1148 566 1228 rpesteriua,
582 1146 666 1230 qued
680 1146 760 1219 dlxi,
782 1147 906 1226 propius
920 1164 971 1206 ex·
1026 1168 1092 1209 eum
1119 1165 1157 1206 ue
1176 1144 1286 1206 leviter
1306 1141 1430 1226 quidem
1453 1150 1646 1224 peecatumm
1669 1141 1723 1202 ali·

371 1233 531 1295 evidetur
554 1241 685 1296 mentem
709 1232 856 1314 Apostoli.
893 1231 972 1293 Nem
1025 1231 1163 1316 quando,
1178 1233 1233 1312 qni
1248 1230 1325 1293 haee
1339 1230 1463 1310 feeerit3
1482 1231 1547 1292 sive
1562 1247 1726 1311 pronomen

371 1340 392 1382 e
406 1327 468 1383 eat:
495 1314 640 1399 βεβαίαν,
664 1321 747 1402 quod
762 1320 890 1398 limum
905 1339 971 1400 pro·
1024 1323 1100 1383 bueo
1115 1318 1264 1380 referatur
1275 1317 1315 1378 ad
1327 1319 1412 1381 boeto
1427 1334 1544 1396 opero,
1560 1314 1726 1379 seeundum

371 1408 530 1487 ignifluam
561 1405 813 1490 quemadmodum
843 1414 874 1467 et
895 1405 974 1467 infra
1026 1409 1145 1470 codieee
1170 1405 1314 1480 Latinos,
1340 1406 1405 1467 sive
1433 1403 1473 1465 ud
1499 1405 1629 1467 virtutes
1654 1410 1727 1464 unte

378 1497 533 1576 interpres,
548 1497 606 1556 ibi:
627 1497 670 1557 Et
683 1494 834 1556 babemus
849 1494 973 1571 tirmio-
1026 1494 1206 1567 temeritas,
1236 1491 1403 1554 seeundum
1433 1488 1583 1567 Graecos,
1617 1489 1727 1572 quibus

371 1583 590 1659 propbetieum
618 1598 805 1644 sennonem,
845 1579 974 1654 Deinde,
1026 1581 1118 1645 illud:
1143 1598 1203 1657 per
1218 1579 1303 1642 bono
1317 1596 1433 1656 opero,
1459 1597 1520 1641 non
1535 1578 1662 1661 legitur,
1692 1582 1728 1638 ut

371 1669 442 1729 buie
470 1670 605 1730 firmitati
630 1670 735 1750 lepeus
757 1668 917 1749 opponitur
942 1668 974 1727 in
1026 1669 1206 1731 dictumest
1228 1667 1329 1747 Igitur
1340 1684 1446 1728 seusus
1457 1674 1518 1728 est:
1535 1665 1569 1728 Si
1581 1665 1728 1727 virtutum

376 1756 513 1835 proxime
527 1759 677 1835 sequenti.
714 1753 899 1815 Certitudiui
922 1772 973 1814 eu·
1027 1756 1167 1838 operibus
1181 1753 1358 1816 exereeudis
1374 1752 1480 1815 sedulo
1495 1753 1650 1827 insistatis,
1665 1769 1726 1812 non

371 1842 500 1903 ubitatio
522 1842 572 1904 vel
593 1842 772 1905 incertitudo
794 1842 906 1922 opponi
922 1840 973 1902 de·
1027 1840 1191 1916 excidetis,
1213 1862 1275 1902 non
1289 1840 1501 1902 aberrabitis·
1516 1841 1567 1902 rie
1581 1838 1726 1903 veritatis.

414 1929 621 1991 Veruntamen
657 1931 724 1990 sire
754 1926 974 2001 certitudinem,
1026 1930 1101 1993 Velz
1115 1928 1187 1990 Non
1202 1925 1347 1990 excidetis
1362 1926 1401 1988 eb
1416 1947 1461 2003 eo,
1477 1927 1517 1989 sd
1532 1926 1614 2012 qnod
1625 1926 1728 1990 voeati

371 2016 534 2079 irmitutem
556 2016 607 2078 bie
629 2016 797 2096 intelligas,
823 2017 899 2077 setis
911 2016 974 2094 jem
1027 2019 1117 2093 estis3
1145 2014 1227 2096 quod
1249 2022 1295 2077 est
1309 2023 1420 2076 eertum
1440 2024 1648 2094 argumentum
1663 2012 1724 2076 ela·

385 2122 425 2165 ex
456 2122 567 2178 sensu,
592 2123 681 2185 quem
707 2100 795 2177 dedi,
821 2102 916 2164 verbs
938 2102 973 2162 Β.
1027 2105 1144 2166 otionis
1173 2103 1287 2164 Probet
1302 2103 1397 2176 enim,
1421 2101 1502 2183 quod
1518 2100 1657 2178 dixerat,
1670 2119 1728 2183 per

381 2189 460 2251 nibil
481 2190 628 2271 adjurare
650 2210 717 2265 eos,
747 2192 798 2272 qui
820 2189 909 2251 fidem
936 2189 974 2249 eb
1027 2193 1107 2253 bona
1123 2209 1215 2271 opere
1231 2188 1398 2251 eontirmari
1417 2189 1605 2251 vocationem
1620 2195 1651 2250 et
1666 2188 1724 2252 ele·

371 2276 975 2359 roquespeoialemexignntsuaoeleotio·
1027 2280 1165 2340 otiouem.
1188 2276 1238 2338 Sio
1249 2295 1266 2336 e
1277 2275 1398 2337 diverso
1411 2275 1522 2338 dietum
1534 2285 1581 2339 est
1592 2274 1727 2350 ePaulo‚

371 2383 425 2446 pua
440 2366 580 2425 nimirum
602 2366 768 2427 certissime
790 2371 919 2438 statuet,
942 2381 976 2423 ee
1027 2362 1174 2448 quosdam
1188 2362 1299 2425 bonam
1315 2364 1531 2424 ooueeientium
1549 2361 1728 2444 repellentur

371 2452 511 2530 eleetum3
536 2470 618 2533 quae
643 2473 703 2514 nou
728 2460 773 2513 est
803 2450 895 2525 tides,
922 2448 976 2511 eed
1028 2454 1107 2514 eirea
1120 2448 1210 2511 fidem
1224 2449 1443 2530 naufragasse,
1467 2450 1579 2512 lTim.
1597 2454 1624 2512 1.
1658 2448 1728 2511 Hos

371 2540 434 2600 aria
448 2541 670 2621 praesumptio;
694 2548 726 2599 et
741 2539 891 2612 doctrine,
915 2556 977 2618 qua
1029 2541 1107 2602 enim
1122 2545 1284 2613 merentur,
1299 2537 1350 2618 qui
1362 2535 1444 2600 bona
1456 2558 1546 2620 opera
1557 2537 1726 2619 negligunt,

372 2635 424 2685 tur
439 2625 592 2701 homines,
609 2628 648 2687 ed
662 2625 749 2687 fidem
760 2627 847 2686 istam
863 2626 975 2706 speeie·
1027 2634 1061 2688 ut
1076 2625 1147 2687 tidei
1163 2625 1275 2686 donum
1289 2625 1437 2686 amittant.

371 2715 558 2787 montonem,
585 2721 701 2774 tantum
725 2713 828 2788 abest,
850 2720 886 2772 ut
906 2710 976 2772 fidei
1073 2717 1122 2774 11.
1145 2713 1197 2775 sie
1219 2713 1305 2773 enim
1330 2712 1537 2775 abundanter
1558 2714 1725 2774 ministru-

371 2801 481 2874 utrina,
508 2807 659 2861 utcontra
675 2801 715 2861 sit
729 2798 848 2880 perdite
863 2806 894 2859 et
909 2818 975 2879 per·
1028 2800 1727 2878 bituroobieintroitueinuetemumrepmsm

389 2886 539 2960 haeresis,
565 2908 583 2948 a
597 2886 739 2948 Patribus
756 2884 886 2949 Consilii
909 2886 975 2948 me-
1030 2888 1164 2950 Domini
1177 2889 1280 2949 nostri
1299 2893 1329 2947 et
1342 2887 1522 2951 salvatoris
1535 2892 1617 2953 Jeme
1633 2887 1727 2951 Obri-

371 2976 394 3035 ri
409 2974 616 3035 condemnate.
1028 2978 1077 3037 eti.
1107 2974 1339 3052 Abuudumter,
1357 2973 1489 3037 Graece:
1504 2969 1679 3052 πλουσίως,
1695 2971 1729 3036 id

371 3081 390 3123 n
405 3080 463 3121 nee
486 3061 561 3122 illud
583 3081 622 3121 ex
637 3061 737 3123 verbis
752 3060 787 3120 Β.
803 3061 889 3121 Petri
908 3080 975 3121 eon·
1030 3070 1076 3125 ast
1090 3062 1279 3140 epulemur,-
1298 3069 1330 3122 et
1344 3064 1492 3144 aoeipitur
1506 3083 1561 3145 pro
1576 3082 1629 3137 eo,
1644 3058 1728 3143 quod

371 3156 483 3222 uuest,
507 3148 681 3209 electionem
703 3146 837 3228 pendere
852 3147 890 3208 ab
906 3165 975 3228 ope·
1030 3158 1090 3212 est:
1103 3149 1269 3210 obundeet
1280 3149 1454 3225 splendide.
1477 3149 1726 3227 Ministrubitur,

382 3235 488 3309 bonis,
517 3237 575 3295 nisi
597 3242 712 3296 tantum
735 3233 899 3296 seeundum
922 3233 975 3294 ali·
1029 3236 1106 3298 dixit
1121 3238 1269 3316 interpres
1283 3255 1355 3316 pro:
1371 3235 1677 3314 administrabitur,
1692 3244 1727 3296 ut

393 3330 546 3401 qnatenus
570 3322 684 3383 seilicet
699 3327 819 3382 aeterna
841 3320 976 3395 felicitae,
1028 3343 1119 3405 snpra
1135 3342 1213 3384 vera.
1230 3325 1259 3385 b.
1293 3322 1349 3384 Est
1364 3323 1442 3386 enim
1467 3322 1545 3386 idem
1562 3326 1594 3387 in
1609 3321 1727 3386 Graeco

371 3429 422 3469 arn
439 3408 526 3469 electi
541 3428 656 3484 sumus,
679 3427 742 3469 non
755 3407 842 3469 datur
857 3408 976 3483 adultis,
1029 3409 1169 3484 uerbum,
1192 3417 1224 3469 et
1240 3408 1280 3470 ad
1294 3408 1378 3472 illum
1393 3410 1492 3473 losum
1507 3410 1558 3473 bio
1573 3409 1726 3475 alluditur.

371 3494 490 3556 :nudata
498 3495 556 3556 Dei
564 3494 770 3572 sementum
786 3503 818 3556 st
827 3505 976 3577 quatenu
1028 3498 1106 3559 Nam
1124 3515 1230 3558 sensus
1246 3505 1308 3558 est:
1332 3496 1366 3559 Si
1385 3519 1441 3561 vos
1456 3496 1726 3560 subministraveri-

371 3582 454 3643 mdet
479 3602 497 3642 a
521 3582 608 3644 bonis
635 3582 793 3663 operibus,
823 3590 976 3663 tamquam
1029 3587 1066 3646 tis
1083 3587 1113 3645 in
1128 3584 1188 3645 tide
1203 3584 1345 3646 virtutem
1366 3592 1397 3647 et
1419 3593 1539 3648 oeetere
1555 3587 1638 3669 prius
1654 3604 1725 3648 enu-

371 3689 424 3731 sa
438 3670 555 3731 merito.
580 3671 883 3751 Questamenopera
896 3668 977 3730 bone
1028 3677 1157 3745 mereto,
1194 3672 1298 3750 sieque
1327 3691 1380 3753 par
1415 3692 1452 3735 es
1481 3671 1727 3737 confirmaverim

371 3755 457 3817 edem
473 3757 614 3817 absoluta
629 3758 743 3817 endunt
756 3756 911 3829 eleetione,
933 3755 975 3815 di·
1029 3759 1209 3821 electionem
1226 3766 1370 3835 vestrum,
1391 3762 1460 3834 det,
1478 3767 1512 3821 ut
1526 3760 1659 3824 vicissim
1673 3781 1725 3823 vo-

393 3843 508 3903 Paulo:
538 3844 646 3921 Elepit
673 3861 750 3918 noe,
783 3851 817 3906 at
846 3859 978 3905 essemus
1027 3847 1075 3907 bie
1102 3843 1222 3906 abunde
1253 3844 1494 3908 subministretur
1522 3849 1663 3910 introitus
1694 3848 1726 3912 iu

371 3934 388 3989 i.
429 3931 468 3990 lit
490 3932 613 3991 iterum:
644 3932 751 3993 &euti
772 3933 808 3992 in
832 3930 978 4009 operibor
1028 3949 1154 4014 regnum
1170 3929 1291 3993 Christi.
1330 3932 1428 4012 Quasi
1451 3932 1545 3996 dioute
1566 3933 1727 3997 sitivisse

373 4063 383 4093 ,
410 4035 493 4096 quoe
514 4020 729 4095 praeparavit
749 4019 851 4096 Deus,
878 4025 916 4080 est
941 4020 977 4078 in
1029 4027 1060 4080 et
1078 4016 1264 4081 abundantes
1286 4017 1405 4082 fueritis
1425 4019 1571 4083 bonomm
1592 4041 1727 4104 operum,

371 4103 571 4181 imbuimur,
590 4105 673 4184 lbpb.
691 4110 717 4165 1.
735 4111 766 4165 et
782 4109 810 4167 2.
1029 4105 1140 4167 divites
1155 4114 1185 4166 et
1206 4105 1392 4168 abundantes
1415 4109 1499 4171 eritis
1517 4110 1727 4193 praemiorum,

371 4207 410 4251 ee
425 4195 511 4252 enim
532 4193 704 4270 furientes,
727 4209 795 4253 eron
808 4190 978 4269 peccabitis
1029 4212 1104 4274 quaa
1131 4191 1218 4253 vobis
1244 4194 1274 4253 in
1296 4193 1446 4270 introitum
1472 4197 1562 4278 regni
1589 4196 1726 4262 coelentis

371 4278 466 4339 undo.
497 4280 571 4340 Non
583 4279 770 4356 peccabitis,
787 4278 919 4341 Graece:
942 4270 976 4336 ub
1028 4278 1219 4340 conferentur
1239 4279 1278 4341 eb
1301 4280 1368 4363 ipso
1391 4302 1463 4363 rege
1487 4293 1518 4347 et
1544 4284 1727 4365 agonotheta

371 4359 496 4441 uiuere,
511 4383 716 4443 nequaquam
733 4365 893 4427 lebemtni.
918 4366 976 4425 Pro
1029 4366 1158 4439 Christo,
1171 4365 1301 4428 Domino
1314 4375 1345 4430 et
1358 4367 1516 4432 Seluetore
1527 4379 1637 4434 nostro.
1656 4371 1727 4434 Hne

373 4452 448 4513 erbo
463 4454 640 4513 Ambrosius
663 4452 713 4512 lib.
730 4456 759 4515 3.
776 4453 813 4513 de
826 4452 895 4528 fide,
912 4472 975 4533 esp.
1029 4453 1160 4534 quadrat
1175 4452 1250 4513 illud
1265 4453 1354 4517 Pauli
1371 4456 1471 4519 icor.
1488 4462 1533 4522 9.:
1557 4460 1620 4539 Qui
1633 4460 1728 4522 semi·

381 4538 507 4600 Idanine
524 4547 629 4600 eontra
644 4539 839 4601 Varimsdum
855 4539 977 4620 legunt:
1028 4548 1087 4603 net
1102 4543 1139 4602 im
1161 4539 1447 4620 benedictionibus,
1475 4545 1514 4607 de
1535 4545 1727 4609 benedictio·

371 4629 435 4687 itia.
471 4625 583 4686 Noster
602 4628 750 4707 interpres
775 4626 846 4688 alibi
867 4627 977 4686 vertit:
1028 4627 1122 4690 nibus
1152 4634 1182 4688 et
1210 4636 1311 4690 metet.
1349 4629 1528 4711 Signifloant
1556 4630 1728 4713 hujusmodi

371 4713 457 4788 lete,
483 4720 519 4772 ut
542 4713 627 4773 Rom.
653 4716 721 4774 11.:
749 4713 913 4791 Numquid
934 4715 977 4774 sie
1029 4715 1198 4777 sententiae
1235 4719 1457 4798 proportionem
1494 4720 1667 4782 meritorum
1697 4729 1728 4782 et

371 4801 506 4875 derum,
534 4807 572 4860 ut
594 4799 763 4878 cuderent5
793 4808 822 4860 et
844 4800 911 4862 Jao.
930 4801 976 4861 a:
1028 4802 1729 4886 proemiorumapudDeum.0bservandasuut

371 4888 446 4980 sibe
460 4885 651 4966 offendimus
665 4905 780 4950 omnes.
804 4887 852 4948 Ex
868 4885 977 4966 quibus
1028 4889 1105 4949 haee
1120 4897 1224 4950 uentre
1239 4892 1333 4953 nostri
1345 4894 1489 4988 temporis
1503 4895 1657 4971 sectarios,
1675 4893 1728 4988 qui

371 4975 445 5036 tutis
458 4972 644 5055 intelligitur,
658 4974 716 5035 boe
729 4973 855 5037 verbum
870 4979 978 5054 petere
1027 4977 1135 5037 merite
1161 4976 1307 5040 bonomm
1332 4998 1458 5059 operum
1484 4981 1605 5062 negent
1649 4979 1727 5046 Item

371 5059 772 5142 dorstetmiuoroelepsns
794 5059 874 5121 Nam
884 5061 978 5142 priori
1028 5067 1133 5124 eontra
1154 5069 1287 5126 veterem
1312 5064 1496 5130 baeretioum
1518 5065 1728 5145 Jo'viulanum,

1451 5167 1521 5237 38*
1579 5183 1581 5189 “
