4442 5825
765 595 961 651 aristolam.
979 595 1066 651 etan
1082 595 1215 654 somne.
1250 595 1334 652 tsas.
1354 598 1377 652 l.
1394 598 1420 652 2.
1713 604 1787 674 MV

387 771 481 853 Quod
501 770 540 834 ed
563 774 813 833 constructionem
836 774 950 846 attinet,
973 775 1038 852 qui·
1090 791 1175 834 suam
1190 773 1360 853 passionem
1382 783 1412 836 et
1434 781 1557 835 mortem
1579 775 1673 835 vitam
1695 773 1784 836 nobis

357 859 412 920 lam
427 858 506 919 banc
527 869 642 939 partem
665 858 912 939 praecedentibus
929 860 972 918 ita
986 879 1036 918 an-
1090 869 1242 921 aeternam
1257 863 1429 941 promeruit
1445 862 1656 939 Manifestum
1668 869 1712 922 eet
1722 879 1784 923 eu-

357 954 480 1006 reotnnt:
504 945 660 1027 Quidquid
677 945 714 1005 de
727 945 827 1006 Verbo
850 946 933 1005 vitae
950 945 1038 1006 vobis
1091 954 1153 1007 tem
1168 949 1246 1022 vita,
1271 947 1329 1007 Dei
1343 946 1452 1021 Filius,
1475 967 1529 1026 per
1550 950 1787 1009 incarnationem

357 1031 555 1093 mundemus
580 1030 661 1108 (nem
688 1031 777 1092 illud:
804 1033 1038 1093 annuntiamus
1092 1041 1124 1094 et
1146 1052 1214 1093 cum
1236 1032 1406 1095 bominibus
1428 1035 1697 1108 conversationem,
1720 1053 1786 1114 per·

357 1116 441 1193 ote,
458 1117 548 1198 paulo
564 1128 631 1199 post
642 1112 800 1199 sequitur),
817 1119 855 1179 ab
867 1119 951 1178 initio
964 1126 1037 1193 arat,
1091 1138 1152 1200 qua
1175 1120 1340 1181 doctrinam
1363 1129 1395 1181 et
1415 1121 1569 1182 miracula.
1602 1119 1788 1182 cohaerebit

357 1203 480 1265 tnobis
501 1205 602 1287 palam
625 1214 775 1266 ostensum
798 1215 850 1265 est.
881 1203 942 1266 Sed
964 1204 1039 1265 baec
1090 1205 1166 1266 baec
1180 1206 1371 1286 parenthesis
1393 1227 1458 1268 curn
1482 1207 1737 1286 praecedentibus,
1759 1208 1787 1268 ai

357 1292 524 1352 onsuuctio
555 1293 756 1353 sinceritatem
786 1292 950 1352 sententiae
976 1312 1037 1351 eor·
1091 1299 1130 1367 er,
1147 1312 1200 1371 per
1214 1291 1352 1353 voculam
1374 1293 1526 1355 causalem
1550 1312 1701 1374 exponas:
1725 1295 1787 1355 Et-

357 1378 462 1458 nmpit,
485 1380 567 1458 quie,
591 1378 670 1459 quod
685 1378 818 1439 Verbum
841 1377 1037 1438 rarefactum
1091 1380 1176 1440 enim
1191 1382 1259 1441 vite
1282 1381 1489 1458 manifestate
1504 1387 1568 1458 eet,·
1590 1387 1625 1441 ut
1639 1380 1785 1460 significe-

357 1471 404 1539 κ,
426 1472 459 1524 et
480 1464 519 1526 eb
542 1465 695 1547 Apostolis
720 1465 862 1535 auditum,
888 1466 1038 1524 visumst
1092 1475 1139 1525 tur
1163 1467 1240 1528 ratio
1266 1467 1416 1545 quaedam
1439 1469 1520 1546 ejus,
1547 1466 1628 1546 qnod
1651 1468 1787 1547 proxime

357 1557 567 1623 entreoutum,
589 1573 649 1613 non
671 1550 730 1611 fuit
750 1552 789 1612 ab
811 1552 905 1624 initio,
928 1549 981 1610 sod
994 1550 1036 1610 la·
1090 1552 1259 1631 praecedit:
1276 1552 1423 1614 daverio
1439 1556 1534 1614 vitoe.

357 1644 423 1697 mse
439 1644 485 1698 est
502 1639 533 1699 in
556 1645 700 1718 tempore.
723 1636 855 1698 Proinde
871 1635 1037 1712 dicendum,
1134 1639 1176 1699 Et
1190 1641 1339 1714 vidimus,
1363 1647 1393 1700 et
1407 1646 1572 1713 truamur,
1600 1646 1630 1700 et
1651 1656 1786 1701 annun·

357 1744 378 1784 n
392 1742 438 1797 eo,
455 1726 537 1802 quod
553 1727 611 1784 ait:
626 1728 675 1787 De
690 1724 786 1785 verbo
801 1726 895 1799 vitoe,
911 1723 1036 1785 locutio·
1090 1727 1207 1786 namus
1232 1727 1317 1788 uobis
1339 1729 1439 1787 vitam
1462 1733 1637 1787 oeternum.
1660 1725 1785 1787 Plenior

357 1828 414 1871 rem
439 1828 507 1872 esse
529 1812 731 1882 transitivum,
756 1810 814 1871 boo
839 1819 921 1871 recto
948 1810 1036 1871 modo
1090 1811 1143 1873 fiet
1158 1822 1326 1884 contextus,
1349 1815 1375 1872 si
1400 1813 1579 1893 suppleatur
1600 1811 1657 1872 boe
1679 1810 1786 1874 ωοᾶοε

357 1896 569 1976 exponendam:
582 1899 691 1975 Ipsum
703 1897 832 1957 cubum
843 1901 938 1972 vitae,
951 1898 1037 1974 qued
1091 1901 1193 1977 Quom
1216 1907 1245 1960 et
1267 1899 1421 1974 vidimus,
1450 1901 1489 1959 de
1511 1918 1576 1976 quo
1596 1899 1735 1974 preinde
1756 1905 1786 1961 et

357 1982 409 2044 ute
422 2000 443 2042 o
455 1986 630 2060 principie,
654 1984 799 2062 quodque
821 2002 918 2045 carne
937 1985 1036 2046 indu·
1089 1985 1305 2062 testificamur,
1328 2005 1486 2063 quomque
1502 1986 1588 2046 uobis
1602 1989 1787 2048 annuntio·

357 2076 411 2131 tem
426 2070 618 2147 audivimus,
642 2080 672 2132 et
686 2072 834 2145 vidimus,
859 2078 889 2132 et
910 2079 1037 2133 contre·
1089 2089 1176 2149 mus,·
1202 2076 1309 2148 eitum,
1333 2074 1473 2153 inquam,
1495 2080 1668 2133 aeternum.
1699 2071 1781 2152 Quo·

357 2158 509 2232 mimus,
532 2162 767 2220 annuntiemur
792 2157 885 2218 vobis.
918 2157 968 2218 Ita
989 2178 1034 2220 re·

357 2242 471 2325 pendet
493 2246 602 2325 optime
625 2244 781 2306 exordium
805 2243 895 2322 bajus
916 2246 1034 2324 Episto-

357 2348 393 2391 ae
406 2349 473 2390 cum
489 2329 613 2392 exordio
628 2330 804 2414 Evangelii:
819 2332 861 2391 In
872 2333 1036 2409 principie

357 2423 413 2476 eret
440 2418 586 2479 Verbum.
616 2418 703 2480 Haec
726 2417 863 2498 syntaxis
886 2426 931 2478 est
953 2417 1036 2497 apud

357 2502 550 2583 Augustinum
571 2506 603 2565 in
625 2507 752 2585 exposit.
777 2504 866 2582 hujus
887 2506 985 2584 Epist.
1009 2514 1037 2564 et

357 2589 424 2670 rpud
436 2588 520 2653 alios.
544 2591 677 2653 Eandem
689 2592 785 2673 Syrus
798 2591 942 2672 interpres
955 2591 1036 2651 clare

357 2677 499 2757 npressia
528 2677 663 2739 Annetat
686 2688 784 2741 antem
808 2678 945 2751 Lorinus,
969 2697 1036 2739 esse

357 2760 562 2838 debraismum,
586 2765 684 2845 qualis
706 2767 771 2827 Aet
790 2769 835 2826 2:
859 2765 1036 2843 Effundam

357 2846 383 2910 le
396 2850 519 2927 Spiritu
533 2870 613 2929 mee,
635 2873 688 2933 pro
704 2873 747 2927 ao,
772 2850 853 2933 qnod
867 2850 948 2931 apud
964 2851 1035 2913 Jee-

357 2953 400 2998 ren
416 2957 481 3019 cap.
497 2939 526 2999 3.
542 2939 670 3019 legitur:
687 2940 864 3020 Effundam
880 2939 1036 3015 Spiritum

1088 2157 1177 2219 modo
1194 2159 1305 2220 vidisse
1320 2179 1353 2220 se
1368 2159 1457 2234 dicat,
1472 2159 1657 2239 explicatum
1672 2168 1719 2220 est
1733 2180 1782 2222 au·

1089 2265 1152 2325 pra.
1175 2245 1218 2304 Et
1234 2248 1304 2326 quia
1319 2254 1364 2307 tot
1378 2246 1475 2307 modis
1490 2244 1631 2307 viderant
1645 2245 1784 2308 Jcannes

1089 2351 1126 2391 ac
1148 2334 1257 2392 caeteri
1279 2331 1416 2411 Apostoli
1437 2334 1530 2394 vitam
1551 2331 1717 2405 Obristurn,
1740 2331 1784 2393 id·

1090 2419 1169 2478 circo
1192 2427 1283 2479 testes
1306 2429 1391 2480 erant
1413 2438 1503 2499 quam
1527 2419 1657 2479 maxime
1675 2417 1785 2492 idonei,

1090 2507 1143 2584 qni
1169 2509 1268 2565 eitum
1295 2507 1386 2566 illem
1410 2504 1576 2565 bominibus
1601 2508 1784 2567 annuntio·

1089 2600 1170 2653 rent.
1187 2592 1287 2673 Quam
1301 2611 1380 2652 nunc
1394 2592 1487 2651 vitam
1503 2597 1669 2651 aeternam
1684 2600 1785 2667 vocat,

1089 2679 1257 2759 respiciens
1265 2679 1304 2739 ad
1313 2677 1459 2752 eflectum,
1472 2696 1561 2757 quem
1568 2677 1657 2738 nobis
1668 2677 1784 2738 tribuit.

1090 2764 1153 2845 Qui
1168 2766 1248 2825 enlm
1269 2786 1322 2844 per
1345 2766 1506 2827 essentiam
1529 2773 1575 2824 est
1589 2766 1651 2825 vita
1666 2765 1782 2826 immor·

1090 2851 1161 2913 talis
1184 2861 1214 2911 et
1228 2859 1361 2925 aeterna,
1384 2849 1463 2913 idem
1484 2849 1571 2913 nobis
1595 2851 1695 2913 electis
1719 2853 1784 2914 suia

1090 2947 1233 3000 aeternae
1247 2939 1329 3000 vitae
1345 2940 1613 3019 participationem,
1632 2946 1662 2997 et
1677 2941 1786 3001 meruit

357 3041 454 3086 neum.
481 3023 577 3105 Onjna
600 3027 758 3089 locutionis
782 3027 874 3086 etiam
894 3025 955 3086 alia
969 3046 1035 3105 pro·
1090 3033 1125 3086 ut
1146 3024 1250 3098 bomo,
1276 3034 1306 3085 et
1326 3034 1460 3105 praestat
1481 3034 1514 3085 ut
1535 3025 1628 3086 Deus.
1657 3026 1785 3108 Alioqui

357 3112 563 3193 uterempla.
1090 3112 1223 3173 Verbum
1246 3114 1341 3193 ipsum
1360 3112 1535 3191 significari,
1558 3113 1659 3187 idest,
1681 3113 1785 3175 Vitam

387 3200 414 3260 2.
438 3200 482 3261 st
495 3203 560 3260 otto
574 3201 782 3278 manifestate
794 3206 844 3259 est.
861 3197 1036 3259 Orationem
1091 3199 1288 3271 essentialem,
1304 3197 1447 3273 declarat,
1463 3200 1543 3282 quod
1559 3201 1711 3279 sequitur:

357 3281 439 3346 elbuc
468 3285 647 3366 pendentem
676 3284 827 3348 intercidit
855 3286 1036 3364 parenthesi,
1134 3288 1222 3365 Quae
1237 3286 1410 3362 crotopus
1425 3288 1567 3361 Patrem,
1583 3294 1613 3348 et
1627 3288 1784 3363 apparuit

357 3388 404 3452 [aa
417 3371 496 3433 bano
518 3371 613 3433 solam
636 3384 753 3452 partem
776 3371 889 3433 includi
912 3371 1036 3452 quidam
1090 3373 1188 3433 nobis.
1223 3376 1404 3448 Apparuit,
1430 3372 1560 3436 Graece:
1588 3366 1782 3451 ἐφανερώθη,

357 3466 461 3530 nuos,
473 3469 507 3518 ut
519 3457 558 3533 id,
571 3460 653 3538 quod
664 3462 818 3538 sequitur:
831 3459 1035 3534 Etvidimus,
1090 3458 1172 3539 quod
1198 3456 1286 3519 modo
1316 3466 1461 3520 verterat:
1491 3462 1700 3539 manifestate
1729 3466 1782 3519 est.

357 3549 539 3607 lteetumur
553 3552 620 3621 etc,
643 3543 791 3607 referatur
806 3543 844 3606 ad
859 3544 934 3605 illud
951 3566 1034 3625 pras·
1089 3546 1205 3606 Rursus
1220 3555 1329 3619 autem,
1350 3564 1428 3625 quae
1442 3545 1490 3606 hie
1505 3545 1653 3617 dicuntur,
1672 3565 1781 3606 conve-

357 3629 465 3693 deus:
481 3633 521 3693 de
531 3633 628 3694 eerbo
639 3635 731 3694 vitae.
755 3630 817 3694 Alii
833 3632 1035 3711 parenthesim
1090 3634 1176 3692 nient
1191 3651 1258 3692 cnm
1274 3633 1318 3705 iis,
1340 3650 1420 3711 quae
1433 3631 1582 3694 habentur
1595 3635 1627 3693 in
1641 3631 1781 3712 Evange-

357 3718 459 3799 tegius
474 3719 656 3799 protrabunt,
673 3717 765 3796 idque
779 3718 980 3799 probabilius,
1003 3726 1036 3778 ut
1089 3718 1139 3780 lio.
1176 3717 1266 3798 Quod
1293 3719 1369 3779 enim
1396 3716 1461 3778 illic
1484 3719 1542 3779 ait:
1572 3721 1615 3781 iit
1647 3718 1783 3780 Verbum

357 3801 422 3865 Ais-a
444 3803 670 3867 declarabimus.
711 3807 816 3866 Vitam
833 3805 971 3885 appellat
992 3807 1035 3884 ip·
1090 3811 1160 3867 eret
1175 3806 1264 3881 opud
1279 3807 1395 3879 Deum,
1417 3805 1475 3866 boc
1497 3806 1537 3867 de
1551 3807 1625 3868 Vita
1645 3824 1725 3868 nnnc
1740 3803 1781 3865 di·

357 3903 408 3951 nm
427 3892 563 3953 Verbum
574 3894 670 3967 vitoe,
684 3892 789 3953 Jesuur
802 3890 961 3964 Christum,
977 3891 1036 3952 Dei
1090 3894 1145 3951 cit:
1170 3895 1257 3971 Quos
1280 3897 1350 3951 erat
1372 3892 1461 3967 opud
1474 3892 1614 3954 Patrem.
1638 3892 1678 3952 lit
1700 3889 1784 3973 quod

357 3973 462 4051 ilium,
478 3998 569 4057 quam
584 3980 615 4040 in
630 3978 799 4056 evangelio
815 3980 917 4039 vitem
932 3977 1034 4058 appel·
1091 3978 1168 4039 illic:
1199 3977 1336 4039 Ver-brun
1349 3996 1424 4039 cero
1439 3980 1562 4057 foetum
1577 3988 1631 4054 est,
1648 3985 1679 4039 et
1692 3978 1784 4039 tebt-

357 4072 396 4138 ιι,
408 4073 443 4124 ut
457 4085 524 4147 cap.
542 4070 583 4126 1.:
606 4067 679 4126 Vite
694 4072 764 4125 erut
778 4068 835 4127 lue
849 4066 1035 4141 bominum
1089 4068 1170 4126 tevit
1185 4068 1222 4125 in
1236 4064 1334 4138 vebis,
1351 4063 1399 4124 bic
1414 4063 1453 4127 de
1468 4065 1539 4126 Vita
1555 4064 1645 4127 dicit:
1659 4067 1704 4127 st
1718 4083 1782 4142 ap·

357 4155 454 4232 keep.
476 4156 526 4214 11.
549 4153 614 4233 ipse
629 4153 778 4212 Dominus
801 4160 944 4212 nentur:
967 4154 1036 4227 Epo
1086 4154 1201 4231 pontu
1222 4151 1320 4213 nobie.
1343 4151 1419 4211 llrat
1436 4151 1529 4231 igitur
1550 4151 1624 4214 baec
1645 4154 1711 4214 vita
1731 4170 1782 4212 ae·

357 4241 743 4314 unsresurrectioeteita,
761 4239 1036 4319 etoap.14.:E90
1089 4248 1183 4311 terna,
1207 4250 1237 4298 et
1258 4238 1325 4297 sons
1347 4238 1439 4312 vitae,
1461 4236 1541 4319 apud
1560 4239 1699 4314 Patrem3
1722 4258 1783 4299 non

357 4335 412 4386 tm
432 4327 506 4402 via,
538 4326 654 4387 veritus
683 4332 712 4387 et
733 4326 811 4388 vite.
856 4325 1037 4404 Appellatus
1090 4324 1208 4386 demum
1221 4322 1362 4385 amando
1378 4321 1506 4398 condito,
1521 4322 1576 4385 sed
1591 4326 1623 4385 in
1636 4325 1783 4406 principie

357 4418 444 4473 nnn
465 4415 551 4487 vito,
575 4410 824 4494 quemadmodum
850 4410 960 4471 dictem
981 4420 1037 4487 est,
1090 4419 1120 4473 at
1136 4432 1155 4471 a
1170 4419 1234 4472 tota
1249 4410 1444 4485 aeternitate,
1466 4410 1537 4471 licet
1552 4419 1622 4471 acte
1637 4413 1730 4473 vitam
1745 4412 1783 4472 de

357 4497 599 4579 tbnumquidem
609 4499 813 4570 essentialiter,
826 4497 1036 4558 deindeetiam
1089 4518 1124 4560 se
1146 4495 1272 4558 fundere
1291 4516 1352 4557 non
1375 4499 1519 4577 coeperit,
1541 4498 1600 4558 nisi
1621 4506 1784 4579 postquam

357 4583 520 4662 teulitan
541 4584 644 4647 etheo
658 4584 807 4659 bilariam,
824 4583 981 4664 siqnidem,
1002 4592 1037 4644 ut
1092 4605 1147 4665 per
1173 4585 1269 4663 ipsam
1297 4602 1334 4644 aa
1360 4591 1460 4645 mesta
1485 4591 1569 4657 sunt,
1596 4603 1677 4663 quae
1702 4584 1785 4645 vitae

357 4667 436 4746 Deua,
449 4673 536 4734 ritae
550 4680 670 4733 nostrae
687 4673 845 4751 primarius
860 4679 966 4732 auctor
981 4679 1035 4746 est,
1090 4672 1234 4752 perennis
1261 4680 1363 4732 essent
1388 4670 1521 4750 capacia
1546 4671 1630 4745 Erat,
1653 4672 1786 4753 inquam,

357 4771 403 4820 ne
426 4778 496 4820 sum
518 4758 613 4820 Patre
639 4766 668 4818 et
689 4758 802 4839 Spiritu
828 4765 943 4831 sancto,
971 4760 1036 4820 siva
1089 4760 1153 4820 rita
1175 4755 1256 4838 apud
1271 4756 1404 4830 Patrem,
1426 4764 1579 4837 tamquam
1602 4776 1730 4837 persons
1746 4754 1786 4817 ab

357 4837 577 4908 munnam
589 4843 742 4926 intelligas
755 4845 957 4925 temporalem,
969 4847 1036 4905 sive
1090 4865 1126 4905 eo
1142 4844 1291 4917 distincta,
1315 4842 1369 4904 sed
1391 4861 1479 4903 unum
1503 4862 1571 4905 oum
1586 4864 1621 4905 eo
1635 4845 1668 4905 in
1682 4862 1784 4906 esun-

357 4929 436 5016 {aad
451 4931 617 5015 Apostolus
638 4928 802 5013 spectavit)
825 4940 976 4992 aeternam
992 4941 1034 4991 at·
1090 4934 1148 5007 tia,
1171 4934 1284 5013 qnippe
1298 4930 1461 5009 particula:
1485 4931 1586 5009 opud,
1610 4941 1642 4992 et
1663 4931 1784 5013 propin·

357 5032 402 5083 tre
424 5018 554 5085 butam
588 5016 765 5096 Caeterum,
789 5027 824 5082 ut
847 5018 952 5096 bomo,
982 5038 1035 5100 per
1089 5019 1245 5102 quitatem,
1260 5023 1292 5081 et
1302 5016 1497 5083 dittucnfiam
1509 5018 1641 5084 denotat.
1655 5018 1699 5082 Et
1709 5017 1784 5103 quia
