4442 5825
414 600 462 667 ω
923 595 1161 651 commanus
1178 597 1210 652 u
1228 597 1294 652 car.
1310 597 1347 655 u.
1380 646 1382 651 .
1411 648 1413 653 .

411 768 575 847 Apostolos
589 788 627 830 ae
640 769 755 850 legatos
770 789 858 843 suos,
873 771 926 850 qui
941 771 1006 851 ojus
1018 772 1108 851 jussu
1161 775 1329 837 Dominus.
1367 773 1558 855 Quamquam
1584 781 1683 837 utrum

411 853 500 916 fidem
516 852 689 930 Trinitatis,
710 877 747 918 ao
769 856 902 918 divinam
923 876 995 937 arga
1009 878 1107 938 genua
1160 871 1239 922 stum
1250 862 1358 923 literuli
1369 881 1461 922 seusu
1476 861 1690 940 pertiueauta

410 941 574 1003 humanum
582 942 746 1005 bonitatem
753 943 1009 1024 praedioaveruut
1018 944 1107 1007 Unde
1159 969 1219 1008 uon
1234 948 1362 1023 defiui03
1389 950 1510 1009 tametsi
1523 951 1674 1028 posteriue

411 1036 439 1088 et
454 1030 604 1110 sequitur:
1159 1043 1205 1095 est
1218 1036 1381 1097 verisimile
1402 1044 1519 1097 textum
1538 1035 1689 1115 Propheta

452 1117 494 1178 Ia
516 1116 620 1177 modio
640 1116 799 1179 Ecclesiae
813 1118 956 1179 laudabo
969 1125 1009 1179 ta.
1037 1118 1105 1179 Hoe
1159 1121 1346 1201 expendenti.

410 1202 529 1284 impleri
543 1205 733 1283 potissimum
744 1207 844 1286 eoepit
860 1206 897 1266 ab
913 1224 949 1265 eo
961 1214 1105 1284 tempora,
1201 1206 1263 1270 Sed
1278 1209 1353 1288 quid
1368 1209 1528 1288 probator
1539 1207 1596 1268 hae
1606 1208 1690 1288 Sorip

409 1308 469 1369 quo
483 1289 630 1351 fundatae
649 1299 721 1352 suut
736 1291 889 1354 Eooleaiae
902 1292 1014 1354 Christi
1031 1290 1103 1353 fide
1158 1294 1276 1356 stolus?
1300 1296 1400 1367 Idem,
1426 1294 1509 1375 quod
1534 1295 1689 1357 testimoni

407 1376 494 1451 hum,
509 1377 541 1437 iu
557 1377 667 1457 quibus
681 1378 818 1440 Christus
832 1388 896 1439 tum
911 1400 965 1463 per
975 1381 1103 1459 Aposto-
1158 1382 1264 1459 deute;
1290 1401 1412 1462 nempe,
1439 1381 1590 1445 Christum
1610 1393 1641 1443 et
1663 1403 1690 1442 ιιι

407 1462 453 1522 loa
469 1483 556 1537 suos,
577 1472 642 1525 tum
656 1484 710 1545 per·
726 1485 830 1527 eorum
845 1486 1035 1529 suceessores
1050 1486 1101 1547 pa·
1158 1489 1236 1544 ersa,
1271 1468 1372 1530 idest
1393 1469 1528 1548 ejusdem
1550 1469 1690 1530 humanae

406 1550 466 1611 lam
481 1570 517 1611 ae
532 1551 627 1612 libere
640 1552 738 1612 Deum
755 1555 887 1627 laudat,
909 1556 991 1628 sive,
1013 1555 1103 1634 juxta
1157 1556 1250 1617 Valet
1264 1567 1365 1618 sutem
1380 1559 1612 1638 nonaequentia,
1627 1558 1690 1636 quir

407 1635 554 1698 Graeoam
569 1657 687 1713 sonem,
702 1642 828 1715 hymnis
841 1642 995 1715 oelahrut,
1011 1641 1042 1702 id
1057 1647 1105 1700 est
1156 1652 1203 1704 est
1224 1643 1316 1705 iidere
1337 1644 1368 1704 iu
1385 1644 1471 1722 Deo;
1498 1662 1593 1723 quere
1614 1664 1689 1722 opor

406 1744 472 1784 oum
492 1735 583 1784 oantu
604 1735 636 1787 et
655 1730 738 1787 voeis
760 1729 964 1790 modulatione
978 1730 1038 1788 Dei
1052 1727 1101 1787 be
1156 1729 1276 1791 Christo
1293 1731 1354 1790 alis
1377 1732 1526 1810 quaedem
1547 1732 1689 1793 situatur

405 1811 596 1872 nefieentiam
633 1814 795 1894 praedicat.
845 1817 1039 1897 Quamquam
1071 1823 1103 1874 et
1156 1817 1227 1877 dum
1244 1837 1333 1899 quam
1348 1816 1442 1878 diost:
1457 1820 1526 1880 Ero
1540 1818 1641 1894 fidene
1654 1821 1690 1879 ia

405 1899 542 1959 Christus
554 1919 611 1980 per
633 1919 667 1963 se
681 1901 712 1961 id
728 1902 801 1964 iecit
814 1922 876 1964 uua
890 1924 957 1964 oum
972 1901 1101 1981 discipu·
1155 1924 1192 1964 ea
1206 1927 1267 1966 nou
1282 1905 1417 1980 aliaest,
1436 1925 1526 1986 quam
1542 1905 1682 1965 humanu.

404 1983 441 2044 lis
457 1987 537 2059 suis,
553 1989 644 2048 etium
660 1998 731 2050 aute
745 1991 933 2070 passionem,
959 1990 1036 2050 siout
1049 1989 1100 2048 ha·
1156 1993 1246 2072 igitur
1259 1993 1418 2054 humanam
1428 1992 1564 2053 Christus
1574 2012 1690 2070 aseump

302 2148 307 2156 ι
403 2071 491 2133 betur
505 2072 614 2134 llatth.
631 2077 699 2136 te:
725 2078 770 2138 Et
783 2078 901 2152 hymno
917 2077 1000 2136 dioto
1016 2078 1105 2137 eert‘c·¹
1154 2090 1255 2140 autem
1270 2080 1401 2141 confisus
1415 2080 1550 2140 fueritin
1566 2081 1643 2152 Deo,
1664 2089 1690 2139 et

404 2171 483 2224 rent
497 2166 533 2225 in
549 2173 686 2227 montem
703 2165 826 2225 Olivati.
855 2167 912 2225 list
927 2165 1007 2224 euim
1022 2163 1101 2224 idem
1153 2168 1264 2228 Juduei
1292 2168 1518 2241 intellexerunt,
1551 2167 1673 2247 quando

404 2255 555 2320 Graecum
568 2258 694 2318 verbum
709 2252 767 2315 hoo
782 2253 857 2313 loeo.
1153 2256 1350 2334 prophetante
1356 2255 1477 2315 Davida
1485 2256 1596 2316 Psalm.
1606 2259 1655 2316 21.
1664 2267 1690 2314 et

449 2346 497 2405 13.
522 2348 565 2408 Et
594 2348 729 2406 iterum:
758 2345 828 2420 Eoo
854 2362 907 2404 ero
934 2345 1034 2423 fidene
1062 2345 1101 2402 in
1153 2342 1210 2403 bus
1226 2345 1445 2425 Evangeliatis:
1471 2344 1621 2419 speravit
1635 2345 1690 2401 in.

405 2456 485 2498 eum.
522 2436 729 2516 Supplendum
755 2433 880 2516 aliquid.
918 2437 963 2497 m
982 2435 1099 2494 ,itervm
1153 2435 1271 2508 eripiat
1285 2452 1366 2492 eum.

403 2524 489 2599 dicit,
502 2525 624 2586 seilicet.
644 2519 1098 2606 Quaemntinterpreteslooum
1195 2520 1287 2581 Dioet
1323 2519 1452 2599 aliquis,
1492 2520 1580 2578 etiam
1619 2536 1690 2595 auge

402 2609 591 2690 scripturae,
618 2630 657 2671 ex
677 2628 736 2690 quo
762 2609 952 2688 desumptum
978 2609 1018 2667 eit
1042 2607 1099 2666 hoo
1151 2605 1256 2677 fidere,
1284 2614 1316 2665 et
1336 2603 1462 2686 proinde
1485 2605 1690 2684 probationem

401 2698 615 2757 testimouium.
653 2701 697 2758 Ao
716 2695 856 2777 plerique
878 2703 1027 2776 sumptum
1042 2713 1096 2774 pu·
1152 2714 1210 2754 nou
1241 2701 1389 2754 constare.
1431 2691 1628 2770 Respondeo,
1658 2689 1690 2750 St

400 2791 466 2843 tunt
480 2804 516 2844 ex
532 2784 643 2844 Psalm.
660 2785 726 2854 17„
749 2804 837 2863 quem
858 2791 888 2843 et
911 2781 1030 2843 eodioes
1044 2799 1096 2840 uo·
1152 2779 1233 2860 loqui
1248 2778 1288 2839 de
1302 2799 1338 2840 ea
1354 2778 1477 2847 fiduoiu,
1505 2799 1594 2857 quam
1616 2778 1690 2837 habe

401 2870 455 2931 stri
469 2879 641 2931 annotatum
663 2868 778 2931 habeut
794 2870 833 2931 ad
848 2872 1019 2951 marginem.
1056 2869 1097 2929 At
1151 2877 1182 2929 et
1204 2869 1324 2947 inopes,
1354 2866 1438 2936 dum,
1468 2885 1506 2926 ex
1525 2867 1612 2925 malis
1639 2865 1690 2923 sui

400 2956 459 3030 ihi,
473 2966 535 3016 tam
549 2957 707 3029 Hebraico,
723 2976 812 3036 quum
828 2956 952 3030 Graece,
968 2956 1096 3037 legitur:
1150 2958 1316 3034 oupientea,
1340 2973 1427 3033 opem
1443 2952 1571 3030 alicujus
1586 2950 1690 3030 postul.

399 3044 543 3118 sperabo
553 3048 590 3105 in
602 3063 684 3118 aum,
695 3043 796 3104 verbis
807 3043 925 3104 seilicet
934 3046 965 3103 iu
978 3042 1095 3105 Graeco
1148 3040 1212 3119 geli
1228 3050 1328 3101 autem
1343 3041 1426 3100 beati
1449 3048 1569 3098 suntne
1584 3040 1690 3098 nullius

398 3127 490 3209 plane
512 3128 641 3191 diversis
663 3129 777 3202 abeo,
805 3129 886 3209 quod
906 3130 955 3189 hio
976 3130 1095 3210 legitur.
1148 3127 1240 3188 Unde
1262 3144 1318 3186 neo
1340 3127 1496 3203 Scriptura
1522 3144 1604 3205 spem
1632 3133 1685 3184 aut

398 3215 536 3295 Suntque
566 3235 604 3276 ea
631 3217 726 3277 verba
755 3216 885 3277 Davidis
905 3214 944 3275 ad
967 3217 1094 3285 literam,
1149 3215 1194 3273 eis
1207 3232 1334 3291 usquam
1357 3210 1500 3272 attribuit.
1538 3214 1637 3290 Atque
1660 3213 1690 3270 in

396 3321 458 3362 nou
473 3301 591 3363 Christi.
629 3302 760 3382 Propius
774 3323 837 3363 rem
852 3302 1018 3382 attingunt,
1042 3299 1095 3381 qui
1149 3299 1338 3377 intelligitur,
1361 3299 1417 3358 hac
1437 3306 1523 3376 purte
1544 3319 1605 3359 nou
1625 3299 1690 3357 abst

397 3386 501 3449 dieunt
530 3388 662 3448 adducta
691 3407 758 3450 esse
787 3407 826 3450 ex
855 3389 920 3464 des,
949 3409 1015 3467 oap.
1044 3388 1092 3448 12.
1147 3386 1343 3468 tumpruhari
1353 3395 1489 3445 naturum
1501 3385 1659 3444 humanam
1671 3386 1690 3443 ir

397 3474 475 3536 Nam
499 3475 540 3535 ibi
563 3474 686 3536 totidem
708 3475 808 3538 verbis
830 3473 910 3554 apud
930 3475 1029 3537 Lxx
1050 3474 1092 3536 le·
1147 3471 1199 3533 sed
1215 3473 1386 3533 utmiseriia
1398 3479 1428 3532 et
1439 3471 1627 3549 passionibus
1643 3479 1690 3531 est

396 3571 516 3639 guntur.
553 3561 613 3620 Pro
640 3561 747 3641 quibus
775 3581 812 3622 ex
835 3561 976 3623 Hebraeo
1002 3563 1093 3623 vertit
1146 3558 1217 3618 Nou
1232 3559 1309 3620 euim
1324 3557 1429 3632 aliter,
1451 3558 1542 3636 juxta
1563 3577 1675 3617 morem

395 3647 618 3726 Hieronymus:
642 3648 854 3709 fiducialiter
875 3666 972 3723 upum
992 3652 1029 3712 in
1043 3666 1090 3720 eo,
1146 3645 1257 3725 quendi
1279 3645 1452 3725 Scripturae
1477 3663 1595 3716 eaorae,
1622 3644 1690 3703 cont

396 3732 477 3814 quod
492 3733 620 3793 eundem
635 3734 725 3794 habet
743 3753 871 3795 sensum.
1146 3731 1230 3804 Deo,
1246 3741 1301 3792 aut
1315 3751 1401 3811 opem
1417 3731 1455 3791 ab
1471 3751 1508 3790 eo
1524 3740 1690 3810 exspectate

437 3819 552 3880 Verum
582 3821 655 3899 quia
687 3820 815 3900 populus
843 3819 1019 3898 redemptus
1048 3819 1091 3879 ihi
1188 3818 1291 3891 Porro,
1307 3818 1389 3898 quod
1405 3817 1690 3897 quidamampliuer

394 3904 542 3986 loquitur,
564 3926 624 3966 nou
648 3915 747 3966 autem
763 3907 897 3968 Christus
911 3904 1089 3984 redemptor,
1145 3903 1217 3983 quid
1239 3904 1297 3965 hoe
1319 3906 1487 3965 testimonio
1513 3903 1634 3983 probari
1660 3923 1690 3963 er

393 3992 490 4071 magis
500 3990 600 4051 adhue
611 3992 711 4071 placet
725 3993 849 4054 eliorum
862 3995 1022 4065 sententia,
1038 3993 1089 4071 qui
1144 3989 1300 4064 videlieet,
1326 3991 1476 4052 Christum
1498 4010 1566 4049 esse
1589 3992 1690 4050 sanctii

395 4078 599 4138 testimouium
614 4078 671 4139 hoe
684 4079 821 4140 referunt
841 4078 879 4139 ad
897 4078 994 4140 lucum
1010 4079 1089 4158 ejus·
1144 4076 1311 4149 homiuum,
1334 4096 1435 4155 neque
1455 4088 1502 4136 eet
1525 4078 1690 4137 intentionis

393 4162 460 4223 dem
478 4163 650 4245 Prophetae
665 4186 729 4245 cap.
746 4167 775 4225 8.
809 4164 966 4245 Siquidem
982 4173 1014 4225 et
1027 4164 1089 4225 illie
1143 4163 1219 4223 lieae
1234 4163 1291 4223 hoe
1313 4165 1396 4236 loeo,
1419 4182 1519 4242 neque
1541 4183 1616 4224 sene
1634 4184 1688 4244 pru

393 4248 499 4327 eadem
517 4269 636 4329 prorsus
652 4252 683 4312 in
695 4251 811 4313 Graeco
826 4251 920 4312 verba
931 4250 1087 4323 habentur,
1141 4247 1224 4310 leret.
1263 4249 1411 4310 Omnibus
1426 4251 1504 4309 enim
1520 4270 1676 4311 commuue

391 4356 446 4415 pro
472 4338 579 4417 quibus
606 4358 646 4399 ex
663 4339 843 4418 Hieronymi
869 4338 1008 4398 versione
1032 4356 1087 4397 nos
1141 4336 1185 4408 ei,
1205 4338 1258 4415 qui
1273 4336 1458 4409 sanctificat,
1480 4355 1569 4414 quam
1585 4339 1636 4411 iis,
1659 4356 1690 4415 qr

391 4422 534 4503 legimus:
564 4427 607 4486 Et
632 4425 855 4501 praestolabor
884 4442 970 4499 eum,
1006 4422 1087 4503 quod
1140 4421 1282 4495 ficantur,
1301 4426 1332 4483 in
1349 4425 1414 4483 Deo
1430 4423 1533 4483 fidere.

391 4529 482 4570 sensu
508 4530 569 4570 nou
595 4510 751 4591 discrepat.
789 4508 981 4591 significetur
1007 4510 1085 4570 enim
1182 4510 1226 4569 ht
1240 4513 1370 4570 iterum:
1392 4512 1472 4571 Eece
1493 4527 1566 4584 ayo,
1593 4515 1623 4566 et
1641 4526 1688 4584 pu

390 4596 585 4673 praestolatio
613 4597 737 4671 auxilii,
764 4616 843 4677 quae
865 4618 925 4659 uon
948 4605 994 4657 eet
1019 4598 1085 4658 siue
1139 4611 1217 4671 quos
1232 4596 1319 4656 dedit
1334 4598 1411 4657 milti
1426 4599 1519 4657 Deus.
1544 4596 1690 4655 Testimor

390 4680 507 4743 fiducia.
544 4684 655 4763 Liquet
668 4693 782 4755 autem,
806 4701 843 4744 ea
856 4684 952 4744 verba
971 4682 1030 4744 diei
1046 4701 1085 4743 ex
1138 4682 1522 4762 consequenterexeodem
1539 4683 1690 4761 iocosum}

391 4765 501 4828 Christi
516 4789 659 4849 persona,
675 4770 724 4830 vel
739 4789 838 4842 exeo,
854 4772 927 4849 quia
945 4769 1085 4831 contiuuo
1138 4778 1171 4826 ut
1181 4770 1244 4848 jam
1256 4768 1330 4829 dixi.
1353 4770 1520 4829 Pronomen
1536 4772 1597 4827 mei
1607 4788 1663 4828 nee
1674 4770 1690 4827 ir

390 4861 460 4933 post
479 4859 614 4934 sequitur
636 4856 691 4915 hoe
705 4857 818 4934 ipsum,
844 4855 926 4936 quod
948 4856 997 4916 hio
1015 4874 1084 4915 eon·
1139 4866 1200 4927 est,
1230 4876 1287 4916 nee
1311 4858 1342 4916 in
1367 4856 1524 4928 Hebraeo,
1555 4874 1610 4915 neu
1638 4856 1669 4913 iu

389 4941 472 5001 tinuo
495 4962 588 5022 super
606 4941 710 5003 eadem
727 4938 840 5002 Christi
861 4960 990 5023 persona
1011 4944 1084 5001 eita-
1139 4942 1333 5021 Hieronymi,
1360 4943 1483 5003 tametsi
1505 4943 1562 5002 hoo
1585 4939 1652 5000 loeo
1667 4941 1690 5001 ir

396 5034 459 5087 tur:
483 5030 563 5092 Eece
577 5046 645 5105 eqo,
660 5029 807 5106 ceperat,
822 5047 900 5109 quoa
914 5029 1004 5092 dedit
1014 5028 1095 5092 milti
1139 5036 1311 5092 eonstauter
1330 5028 1449 5109 legitur.
1481 5029 1524 5090 llt
1548 5026 1673 5109 quidem
