<?xml version="1.0" encoding="UTF-8"?>
<!DOCTYPE html PUBLIC "-//W3C//DTD XHTML 1.0 Transitional//EN"
    "http://www.w3.org/TR/xhtml1/DTD/xhtml1-transitional.dtd">
<html xmlns="http://www.w3.org/1999/xhtml" xml:lang="en" lang="en">
 <head>
  <title>
</title>
<meta http-equiv="Content-Type" content="text/html;charset=utf-8" />
  <meta name='ocr-system' content='tesseract 3.04.00' />
  <meta name='ocr-capabilities' content='ocr_page ocr_carea ocr_par ocr_line ocrx_word'/>
</head>
<body>
  <div class='ocr_page' id='page_1' title='image "./guilielmiestiii01estigoog_0262.png"; bbox 0 0 4442 5825; ppageno 0'>
   <div class='ocr_carea' id='block_1_1' title="bbox 391 542 1310 683">
    <p class='ocr_par' dir='ltr' id='par_1_1' title="bbox 391 542 1310 683">
     <span class='ocr_line' id='line_1_1' title="bbox 391 542 1310 683; baseline 0.002 -40"><span class='ocrx_word' id='word_1_1' title='bbox 391 593 478 683; x_wconf 28' lang='lat' dir='ltr'><strong><em>ppe-</em></strong></span> <span class='ocrx_word' id='word_1_2' title='bbox 651 542 657 555; x_wconf 75' lang='grc'><strong><em>’</em></strong></span> <span class='ocrx_word' id='word_1_3' title='bbox 894 588 1131 646; x_wconf 76' lang='lat' dir='ltr'><strong><em>commum</em></strong></span> <span class='ocrx_word' id='word_1_4' title='bbox 1147 589 1180 647; x_wconf 85' lang='lat' dir='ltr'><strong><em>u</em></strong></span> <span class='ocrx_word' id='word_1_5' title='bbox 1197 588 1264 647; x_wconf 81' lang='lat' dir='ltr'><strong><em>ess.</em></strong></span> <span class='ocrx_word' id='word_1_6' title='bbox 1280 591 1310 645; x_wconf 77' lang='lat' dir='ltr'><strong><em>n</em></strong></span> 
     </span>
    </p>
   </div>
   <div class='ocr_carea' id='block_1_2' title="bbox 390 763 1715 5126">
    <p class='ocr_par' dir='ltr' id='par_1_2' title="bbox 390 763 1715 5126">
     <span class='ocr_line' id='line_1_2' title="bbox 391 763 1715 847; baseline 0.001 -22"><span class='ocrx_word' id='word_1_7' title='bbox 391 782 459 826; x_wconf 85' lang='lat' dir='ltr'><strong><em>eum</em></strong></span> <span class='ocrx_word' id='word_1_8' title='bbox 479 764 532 841; x_wconf 86' lang='lat' dir='ltr'><strong><em>iis,</em></strong></span> <span class='ocrx_word' id='word_1_9' title='bbox 559 783 639 847; x_wconf 87' lang='lat' dir='ltr'><strong><em>quse</em></strong></span> <span class='ocrx_word' id='word_1_10' title='bbox 661 774 842 845; x_wconf 87' lang='lat' dir='ltr'><strong><em>sequuntur,</em></strong></span> <span class='ocrx_word' id='word_1_11' title='bbox 869 775 938 829; x_wconf 91' lang='lat' dir='ltr'><strong><em>sunt</em></strong></span> <span class='ocrx_word' id='word_1_12' title='bbox 960 787 980 828; x_wconf 76' lang='lat' dir='ltr'><strong><em>s</em></strong></span> <span class='ocrx_word' id='word_1_13' title='bbox 1000 765 1086 828; x_wconf 89' lang='lat' dir='ltr'><strong><em>nobis</em></strong></span> <span class='ocrx_word' id='word_1_14' title='bbox 1139 769 1304 830; x_wconf 79' lang='lat' dir='ltr'><strong><em>adrentum</em></strong></span> <span class='ocrx_word' id='word_1_15' title='bbox 1333 765 1469 829; x_wconf 79' lang='lat' dir='ltr'><strong><em>Christi?</em></strong></span> <span class='ocrx_word' id='word_1_16' title='bbox 1499 763 1601 847; x_wconf 72' lang='lat' dir='ltr'><strong><em>Quem</em></strong></span> <span class='ocrx_word' id='word_1_17' title='bbox 1630 764 1715 829; x_wconf 86' lang='lat' dir='ltr'><strong><em>mults</em></strong></span> 
     </span>
     <span class='ocr_line' id='line_1_3' title="bbox 391 848 1689 936; baseline 0.002 -23"><span class='ocrx_word' id='word_1_18' title='bbox 391 848 497 913; x_wconf 88' lang='lat' dir='ltr'><strong><em>eodem</em></strong></span> <span class='ocrx_word' id='word_1_19' title='bbox 512 872 576 934; x_wconf 88' lang='lat' dir='ltr'><strong><em>esp.</em></strong></span> <span class='ocrx_word' id='word_1_20' title='bbox 592 855 622 914; x_wconf 82' lang='grc'><strong><em>8.</em></strong></span> <span class='ocrx_word' id='word_1_21' title='bbox 637 854 757 933; x_wconf 77' lang='lat' dir='ltr'><strong><em>eopiosa</em></strong></span> <span class='ocrx_word' id='word_1_22' title='bbox 770 855 919 935; x_wconf 78' lang='lat' dir='ltr'><strong><em>exposita.</em></strong></span> <span class='ocrx_word' id='word_1_23' title='bbox 1139 863 1208 936; x_wconf 92' lang='lat' dir='ltr'><strong><em>post</em></strong></span> <span class='ocrx_word' id='word_1_24' title='bbox 1234 855 1302 934; x_wconf 90' lang='lat' dir='ltr'><strong><em>ejus</em></strong></span> <span class='ocrx_word' id='word_1_25' title='bbox 1327 854 1499 934; x_wconf 69' lang='lat' dir='ltr'><strong><em>passionem</em></strong></span> <span class='ocrx_word' id='word_1_26' title='bbox 1526 854 1689 916; x_wconf 81' lang='lat' dir='ltr'><strong><em>commisse</em></strong></span> 
     </span>
     <span class='ocr_line' id='line_1_4' title="bbox 435 937 1715 1022; baseline -0.001 -21"><span class='ocrx_word' id='word_1_27' title='bbox 435 939 555 1002; x_wconf 86' lang='lat' dir='ltr'><strong><em>Danda</em></strong></span> <span class='ocrx_word' id='word_1_28' title='bbox 570 939 650 1016; x_wconf 66' lang='lat' dir='ltr'><strong><em>leues</em></strong></span> <span class='ocrx_word' id='word_1_29' title='bbox 664 959 751 1002; x_wconf 87' lang='lat' dir='ltr'><strong><em>meas</em></strong></span> <span class='ocrx_word' id='word_1_30' title='bbox 761 943 796 1003; x_wconf 91' lang='lat' dir='ltr'><strong><em>in</em></strong></span> <span class='ocrx_word' id='word_1_31' title='bbox 807 940 954 1003; x_wconf 75' lang='lat' dir='ltr'><strong><em>cordibus</em></strong></span> <span class='ocrx_word' id='word_1_32' title='bbox 965 958 1085 1019; x_wconf 83' lang='lat' dir='ltr'><strong><em>eorum,</em></strong></span> <span class='ocrx_word' id='word_1_33' title='bbox 1140 943 1364 1003; x_wconf 79' lang='lat' dir='ltr'><strong><em>committuntur</em></strong></span> <span class='ocrx_word' id='word_1_34' title='bbox 1379 937 1540 1021; x_wconf 81' lang='lat' dir='ltr'><strong><em>quotidie?</em></strong></span> <span class='ocrx_word' id='word_1_35' title='bbox 1567 939 1657 1022; x_wconf 79' lang='lat' dir='ltr'><strong><em>Qnso</em></strong></span> <span class='ocrx_word' id='word_1_36' title='bbox 1671 939 1715 1001; x_wconf 88' lang='lat' dir='ltr'><strong><em>si·</em></strong></span> 
     </span>
     <span class='ocr_line' id='line_1_5' title="bbox 391 1025 1708 1109; baseline 0.001 -21"><span class='ocrx_word' id='word_1_37' title='bbox 391 1034 421 1088; x_wconf 83' lang='lat' dir='ltr'><strong><em>es</em></strong></span> <span class='ocrx_word' id='word_1_38' title='bbox 435 1027 472 1089; x_wconf 88' lang='lat' dir='ltr'><strong><em>in</em></strong></span> <span class='ocrx_word' id='word_1_39' title='bbox 486 1025 642 1089; x_wconf 84' lang='lat' dir='ltr'><strong><em>mentibus</em></strong></span> <span class='ocrx_word' id='word_1_40' title='bbox 656 1045 766 1088; x_wconf 71' lang='lat' dir='ltr'><strong><em>eonem</em></strong></span> <span class='ocrx_word' id='word_1_41' title='bbox 781 1027 1009 1107; x_wconf 81' lang='lat' dir='ltr'><strong><em>superseribam</em></strong></span> <span class='ocrx_word' id='word_1_42' title='bbox 1026 1047 1085 1089; x_wconf 81' lang='lat' dir='ltr'><strong><em>eas</em></strong></span> <span class='ocrx_word' id='word_1_43' title='bbox 1140 1038 1206 1102; x_wconf 86' lang='lat' dir='ltr'><strong><em>eet,</em></strong></span> <span class='ocrx_word' id='word_1_44' title='bbox 1228 1030 1293 1109; x_wconf 85' lang='lat' dir='ltr'><strong><em>jem</em></strong></span> <span class='ocrx_word' id='word_1_45' title='bbox 1309 1028 1396 1102; x_wconf 92' lang='lat' dir='ltr'><strong><em>olim,</em></strong></span> <span class='ocrx_word' id='word_1_46' title='bbox 1423 1025 1546 1088; x_wconf 82' lang='lat' dir='ltr'><strong><em>Christe</em></strong></span> <span class='ocrx_word' id='word_1_47' title='bbox 1570 1029 1708 1108; x_wconf 76' lang='lat' dir='ltr'><strong><em>patiente</em></strong></span> 
     </span>
     <span class='ocr_line' id='line_1_6' title="bbox 392 1111 1715 1198; baseline -0.001 -22"><span class='ocrx_word' id='word_1_48' title='bbox 392 1111 523 1176; x_wconf 79' lang='lat' dir='ltr'><strong><em>Grseee:</em></strong></span> <span class='ocrx_word' id='word_1_49' title='bbox 549 1115 643 1175; x_wconf 86' lang='lat' dir='ltr'><strong><em>Dans</em></strong></span> <span class='ocrx_word' id='word_1_50' title='bbox 665 1115 746 1190; x_wconf 72' lang='lat' dir='ltr'><strong><em>iopes</em></strong></span> <span class='ocrx_word' id='word_1_51' title='bbox 768 1134 854 1176; x_wconf 87' lang='lat' dir='ltr'><strong><em>meas</em></strong></span> <span class='ocrx_word' id='word_1_52' title='bbox 872 1118 908 1176; x_wconf 94' lang='lat' dir='ltr'><strong><em>in</em></strong></span> <span class='ocrx_word' id='word_1_53' title='bbox 923 1114 1017 1176; x_wconf 81' lang='lat' dir='ltr'><strong><em>eorde</em></strong></span> <span class='ocrx_word' id='word_1_54' title='bbox 1033 1134 1086 1177; x_wconf 88' lang='lat' dir='ltr'><strong><em>eo·</em></strong></span> <span class='ocrx_word' id='word_1_55' title='bbox 1140 1117 1258 1198; x_wconf 89' lang='lat' dir='ltr'><strong><em>proprie</em></strong></span> <span class='ocrx_word' id='word_1_56' title='bbox 1273 1114 1414 1176; x_wconf 84' lang='lat' dir='ltr'><strong><em>remisse:</em></strong></span> <span class='ocrx_word' id='word_1_57' title='bbox 1430 1133 1617 1196; x_wconf 75' lang='lat' dir='ltr'><strong><em>consequens</em></strong></span> <span class='ocrx_word' id='word_1_58' title='bbox 1632 1114 1678 1176; x_wconf 88' lang='lat' dir='ltr'><strong><em>illi</em></strong></span> <span class='ocrx_word' id='word_1_59' title='bbox 1694 1134 1715 1176; x_wconf 85' lang='lat' dir='ltr'><strong><em>e</em></strong></span> 
     </span>
     <span class='ocr_line' id='line_1_7' title="bbox 391 1200 1715 1282; baseline 0.004 -22"><span class='ocrx_word' id='word_1_60' title='bbox 391 1218 481 1274; x_wconf 83' lang='lat' dir='ltr'><strong><em>runs,</em></strong></span> <span class='ocrx_word' id='word_1_61' title='bbox 510 1208 539 1261; x_wconf 85' lang='lat' dir='ltr'><strong><em>et</em></strong></span> <span class='ocrx_word' id='word_1_62' title='bbox 559 1203 596 1262; x_wconf 94' lang='lat' dir='ltr'><strong><em>in</em></strong></span> <span class='ocrx_word' id='word_1_63' title='bbox 610 1200 767 1264; x_wconf 87' lang='lat' dir='ltr'><strong><em>mentibus</em></strong></span> <span class='ocrx_word' id='word_1_64' title='bbox 788 1222 897 1264; x_wconf 88' lang='lat' dir='ltr'><strong><em>eorum</em></strong></span> <span class='ocrx_word' id='word_1_65' title='bbox 914 1201 1086 1264; x_wconf 70' lang='lat' dir='ltr'><strong><em>inscribam</em></strong></span> <span class='ocrx_word' id='word_1_66' title='bbox 1141 1213 1209 1262; x_wconf 85' lang='lat' dir='ltr'><strong><em>ests</em></strong></span> <span class='ocrx_word' id='word_1_67' title='bbox 1222 1204 1350 1274; x_wconf 81' lang='lat' dir='ltr'><strong>remitti,</strong></span> <span class='ocrx_word' id='word_1_68' title='bbox 1367 1201 1544 1282; x_wconf 86' lang='lat' dir='ltr'><strong><em>priusqusm</em></strong></span> <span class='ocrx_word' id='word_1_69' title='bbox 1559 1203 1652 1280; x_wconf 70' lang='lat' dir='ltr'><strong><em>fiant,</em></strong></span> <span class='ocrx_word' id='word_1_70' title='bbox 1672 1220 1715 1265; x_wconf 81' lang='lat' dir='ltr'><strong><em>ne</em></strong></span> 
     </span>
     <span class='ocr_line' id='line_1_8' title="bbox 391 1286 1699 1370; baseline 0.002 -21"><span class='ocrx_word' id='word_1_71' title='bbox 391 1304 453 1349; x_wconf 87' lang='lat' dir='ltr'><strong><em>eas.</em></strong></span> <span class='ocrx_word' id='word_1_72' title='bbox 477 1286 579 1349; x_wconf 87' lang='lat' dir='ltr'><strong><em>Verbs</em></strong></span> <span class='ocrx_word' id='word_1_73' title='bbox 590 1289 683 1349; x_wconf 82' lang='lat' dir='ltr'><strong><em>eitnts</em></strong></span> <span class='ocrx_word' id='word_1_74' title='bbox 694 1309 759 1370; x_wconf 89' lang='lat' dir='ltr'><strong><em>esp.</em></strong></span> <span class='ocrx_word' id='word_1_75' title='bbox 771 1292 801 1351; x_wconf 82' lang='grc'><strong><em>8.</em></strong></span> <span class='ocrx_word' id='word_1_76' title='bbox 813 1289 951 1350; x_wconf 88' lang='lat' dir='ltr'><strong><em>nonnihil</em></strong></span> <span class='ocrx_word' id='word_1_77' title='bbox 966 1286 1087 1350; x_wconf 85' lang='lat' dir='ltr'><strong><em>diversa</em></strong></span> <span class='ocrx_word' id='word_1_78' title='bbox 1141 1309 1231 1369; x_wconf 85' lang='lat' dir='ltr'><strong><em>quem</em></strong></span> <span class='ocrx_word' id='word_1_79' title='bbox 1261 1309 1341 1350; x_wconf 88' lang='lat' dir='ltr'><strong><em>nune</em></strong></span> <span class='ocrx_word' id='word_1_80' title='bbox 1367 1286 1478 1349; x_wconf 86' lang='lat' dir='ltr'><strong><em>dehere</em></strong></span> <span class='ocrx_word' id='word_1_81' title='bbox 1504 1297 1699 1369; x_wconf 78' lang='lat' dir='ltr'><strong><em>poeoniorum</em></strong></span> 
     </span>
     <span class='ocr_line' id='line_1_9' title="bbox 390 1373 1715 1458; baseline 0.002 -24"><span class='ocrx_word' id='word_1_82' title='bbox 390 1381 463 1434; x_wconf 89' lang='lat' dir='ltr'><strong><em>sunt</em></strong></span> <span class='ocrx_word' id='word_1_83' title='bbox 484 1375 575 1436; x_wconf 87' lang='lat' dir='ltr'><strong><em>etism</em></strong></span> <span class='ocrx_word' id='word_1_84' title='bbox 603 1376 634 1436; x_wconf 91' lang='lat' dir='ltr'><strong><em>in</em></strong></span> <span class='ocrx_word' id='word_1_85' title='bbox 656 1373 790 1453; x_wconf 69' lang='lat' dir='ltr'><strong><em>(irenen,</em></strong></span> <span class='ocrx_word' id='word_1_86' title='bbox 817 1375 870 1437; x_wconf 89' lang='lat' dir='ltr'><strong><em>sed</em></strong></span> <span class='ocrx_word' id='word_1_87' title='bbox 892 1395 941 1438; x_wconf 89' lang='lat' dir='ltr'><strong><em>res</em></strong></span> <span class='ocrx_word' id='word_1_88' title='bbox 966 1394 1087 1456; x_wconf 86' lang='lat' dir='ltr'><strong><em>prorsus</em></strong></span> <span class='ocrx_word' id='word_1_89' title='bbox 1142 1377 1260 1436; x_wconf 75' lang='lat' dir='ltr'><strong><em>veniam</em></strong></span> <span class='ocrx_word' id='word_1_90' title='bbox 1273 1375 1371 1437; x_wconf 87' lang='lat' dir='ltr'><strong><em>eDeo</em></strong></span> <span class='ocrx_word' id='word_1_91' title='bbox 1383 1382 1504 1456; x_wconf 81' lang='lat' dir='ltr'><strong><em>petere3</em></strong></span> <span class='ocrx_word' id='word_1_92' title='bbox 1521 1375 1668 1458; x_wconf 84' lang='lat' dir='ltr'><strong><em>deniqne,</em></strong></span> <span class='ocrx_word' id='word_1_93' title='bbox 1682 1394 1715 1457; x_wconf 82' lang='lat' dir='ltr'><strong><em>ps</em></strong></span> 
     </span>
     <span class='ocr_line' id='line_1_10' title="bbox 390 1458 1715 1535; baseline 0 -12"><span class='ocrx_word' id='word_1_94' title='bbox 390 1458 506 1523; x_wconf 77' lang='lat' dir='ltr'><strong><em>eedem.</em></strong></span> <span class='ocrx_word' id='word_1_95' title='bbox 1141 1471 1274 1523; x_wconf 87' lang='lat' dir='ltr'><strong><em>mortuus</em></strong></span> <span class='ocrx_word' id='word_1_96' title='bbox 1290 1471 1336 1525; x_wconf 89' lang='lat' dir='ltr'><strong><em>est</em></strong></span> <span class='ocrx_word' id='word_1_97' title='bbox 1351 1462 1500 1535; x_wconf 82' lang='lat' dir='ltr'><strong><em>Christus,</em></strong></span> <span class='ocrx_word' id='word_1_98' title='bbox 1529 1482 1590 1523; x_wconf 91' lang='lat' dir='ltr'><strong><em>non</em></strong></span> <span class='ocrx_word' id='word_1_99' title='bbox 1606 1481 1679 1523; x_wconf 83' lang='lat' dir='ltr'><strong><em>esse</em></strong></span> <span class='ocrx_word' id='word_1_100' title='bbox 1693 1463 1715 1523; x_wconf 85' lang='lat' dir='ltr'><strong><em>ir</em></strong></span> 
     </span>
     <span class='ocr_line' id='line_1_11' title="bbox 436 1548 1715 1635; baseline 0.003 -28"><span class='ocrx_word' id='word_1_101' title='bbox 436 1549 486 1607; x_wconf 85' lang='grc'><strong><em>17.</em></strong></span> <span class='ocrx_word' id='word_1_102' title='bbox 510 1548 553 1609; x_wconf 82' lang='lat' dir='ltr'><strong><em>Ei</em></strong></span> <span class='ocrx_word' id='word_1_103' title='bbox 579 1556 785 1626; x_wconf 72' lang='lat' dir='ltr'><strong><em>peecatorum</em></strong></span> <span class='ocrx_word' id='word_1_104' title='bbox 821 1559 851 1611; x_wconf 87' lang='lat' dir='ltr'><strong><em>et</em></strong></span> <span class='ocrx_word' id='word_1_105' title='bbox 886 1553 1087 1628; x_wconf 78' lang='lat' dir='ltr'><strong><em>iniquitatem</em></strong></span> <span class='ocrx_word' id='word_1_106' title='bbox 1141 1550 1187 1608; x_wconf 84' lang='lat' dir='ltr'><strong><em>sin</em></strong></span> <span class='ocrx_word' id='word_1_107' title='bbox 1202 1549 1715 1635; x_wconf 61' lang='lat' dir='ltr'><strong><em>remissionempeeostoranus</em></strong></span> 
     </span>
     <span class='ocr_line' id='line_1_12' title="bbox 390 1635 1453 1714; baseline -0.001 -19"><span class='ocrx_word' id='word_1_108' title='bbox 390 1652 501 1696; x_wconf 82' lang='lat' dir='ltr'><strong><em>sarum</em></strong></span> <span class='ocrx_word' id='word_1_109' title='bbox 525 1636 596 1711; x_wconf 74' lang='lat' dir='ltr'><strong><em>jam</em></strong></span> <span class='ocrx_word' id='word_1_110' title='bbox 625 1653 694 1697; x_wconf 92' lang='lat' dir='ltr'><strong><em>non</em></strong></span> <span class='ocrx_word' id='word_1_111' title='bbox 722 1637 915 1699; x_wconf 80' lang='lat' dir='ltr'><strong><em>recordabor</em></strong></span> <span class='ocrx_word' id='word_1_112' title='bbox 940 1637 1088 1714; x_wconf 85' lang='lat' dir='ltr'><strong><em>amplius.</em></strong></span> <span class='ocrx_word' id='word_1_113' title='bbox 1142 1644 1209 1696; x_wconf 88' lang='lat' dir='ltr'><strong><em>sunt</em></strong></span> <span class='ocrx_word' id='word_1_114' title='bbox 1230 1635 1453 1700; x_wconf 75' lang='lat' dir='ltr'><strong><em>sbsurdissime</em></strong></span> 
     </span>
     <span class='ocr_line' id='line_1_13' title="bbox 390 1718 1715 1805; baseline -0.002 -19"><span class='ocrx_word' id='word_1_115' title='bbox 390 1724 471 1786; x_wconf 81' lang='lat' dir='ltr'><strong><em>Jans</em></strong></span> <span class='ocrx_word' id='word_1_116' title='bbox 493 1718 628 1782; x_wconf 78' lang='lat' dir='ltr'><strong><em>additum</em></strong></span> <span class='ocrx_word' id='word_1_117' title='bbox 651 1741 689 1784; x_wconf 86' lang='lat' dir='ltr'><strong><em>ex</em></strong></span> <span class='ocrx_word' id='word_1_118' title='bbox 711 1743 776 1804; x_wconf 82' lang='lat' dir='ltr'><strong><em>esp.</em></strong></span> <span class='ocrx_word' id='word_1_119' title='bbox 792 1724 840 1798; x_wconf 82' lang='grc'><strong><em>8.,</em></strong></span> <span class='ocrx_word' id='word_1_120' title='bbox 870 1745 925 1805; x_wconf 87' lang='lat' dir='ltr'><strong><em>pro</em></strong></span> <span class='ocrx_word' id='word_1_121' title='bbox 951 1743 1012 1805; x_wconf 84' lang='lat' dir='ltr'><strong><em>quo</em></strong></span> <span class='ocrx_word' id='word_1_122' title='bbox 1039 1722 1089 1783; x_wconf 88' lang='lat' dir='ltr'><strong><em>hio</em></strong></span> <span class='ocrx_word' id='word_1_123' title='bbox 1185 1722 1247 1784; x_wconf 85' lang='lat' dir='ltr'><strong><em>Sed</em></strong></span> <span class='ocrx_word' id='word_1_124' title='bbox 1277 1724 1377 1804; x_wconf 78' lang='lat' dir='ltr'><strong><em>ajunt,</em></strong></span> <span class='ocrx_word' id='word_1_125' title='bbox 1408 1722 1488 1784; x_wconf 89' lang='lat' dir='ltr'><strong><em>huno</em></strong></span> <span class='ocrx_word' id='word_1_126' title='bbox 1513 1740 1581 1783; x_wconf 85' lang='lat' dir='ltr'><strong><em>esse</em></strong></span> <span class='ocrx_word' id='word_1_127' title='bbox 1611 1740 1715 1783; x_wconf 84' lang='lat' dir='ltr'><strong><em>sensus</em></strong></span> 
     </span>
     <span class='ocr_line' id='line_1_14' title="bbox 391 1807 1715 1893; baseline 0.001 -25"><span class='ocrx_word' id='word_1_128' title='bbox 391 1809 496 1871; x_wconf 80' lang='lat' dir='ltr'><strong><em>vortit:</em></strong></span> <span class='ocrx_word' id='word_1_129' title='bbox 526 1808 673 1886; x_wconf 81' lang='lat' dir='ltr'><strong><em>amplius.</em></strong></span> <span class='ocrx_word' id='word_1_130' title='bbox 713 1808 805 1888; x_wconf 86' lang='lat' dir='ltr'><strong><em>Quod</em></strong></span> <span class='ocrx_word' id='word_1_131' title='bbox 827 1820 928 1872; x_wconf 86' lang='lat' dir='ltr'><strong><em>sutem</em></strong></span> <span class='ocrx_word' id='word_1_132' title='bbox 949 1809 999 1870; x_wconf 88' lang='lat' dir='ltr'><strong><em>hio</em></strong></span> <span class='ocrx_word' id='word_1_133' title='bbox 1019 1808 1088 1893; x_wconf 91' lang='lat' dir='ltr'><strong><em>plns</em></strong></span> <span class='ocrx_word' id='word_1_134' title='bbox 1141 1809 1256 1870; x_wconf 73' lang='lat' dir='ltr'><strong><em>bonam</em></strong></span> <span class='ocrx_word' id='word_1_135' title='bbox 1270 1811 1431 1893; x_wconf 82' lang='lat' dir='ltr'><strong><em>remissio,</em></strong></span> <span class='ocrx_word' id='word_1_136' title='bbox 1447 1807 1479 1869; x_wconf 94' lang='lat' dir='ltr'><strong><em>id</em></strong></span> <span class='ocrx_word' id='word_1_137' title='bbox 1495 1817 1543 1870; x_wconf 85' lang='lat' dir='ltr'><strong><em>est</em></strong></span> <span class='ocrx_word' id='word_1_138' title='bbox 1556 1815 1715 1892; x_wconf 80' lang='lat' dir='ltr'><strong><em>postesqu</em></strong></span> 
     </span>
     <span class='ocr_line' id='line_1_15' title="bbox 391 1894 1715 1974; baseline 0.002 -18"><span class='ocrx_word' id='word_1_139' title='bbox 391 1894 553 1957; x_wconf 83' lang='lat' dir='ltr'><strong><em>hebemus:</em></strong></span> <span class='ocrx_word' id='word_1_140' title='bbox 577 1903 606 1956; x_wconf 84' lang='lat' dir='ltr'><strong><em>et</em></strong></span> <span class='ocrx_word' id='word_1_141' title='bbox 628 1897 850 1974; x_wconf 71' lang='lat' dir='ltr'><strong><em>iniquitatum,</em></strong></span> <span class='ocrx_word' id='word_1_142' title='bbox 874 1918 942 1960; x_wconf 87' lang='lat' dir='ltr'><strong><em>eum</em></strong></span> <span class='ocrx_word' id='word_1_143' title='bbox 965 1897 1089 1959; x_wconf 85' lang='lat' dir='ltr'><strong><em>Grseeis</em></strong></span> <span class='ocrx_word' id='word_1_144' title='bbox 1141 1898 1216 1956; x_wconf 91' lang='lat' dir='ltr'><strong><em>tium</em></strong></span> <span class='ocrx_word' id='word_1_145' title='bbox 1231 1897 1413 1959; x_wconf 69' lang='lat' dir='ltr'><strong><em>remissionis</em></strong></span> <span class='ocrx_word' id='word_1_146' title='bbox 1428 1894 1520 1957; x_wconf 90' lang='lat' dir='ltr'><strong><em>semel</em></strong></span> <span class='ocrx_word' id='word_1_147' title='bbox 1535 1894 1674 1956; x_wconf 87' lang='lat' dir='ltr'><strong><em>oblstum</em></strong></span> <span class='ocrx_word' id='word_1_148' title='bbox 1689 1914 1715 1958; x_wconf 87' lang='lat' dir='ltr'><strong><em>et</em></strong></span> 
     </span>
     <span class='ocr_line' id='line_1_16' title="bbox 392 1980 1715 2064; baseline -0.001 -20"><span class='ocrx_word' id='word_1_149' title='bbox 392 1982 532 2044; x_wconf 74' lang='lat' dir='ltr'><strong><em>convenit</em></strong></span> <span class='ocrx_word' id='word_1_150' title='bbox 545 1991 675 2064; x_wconf 87' lang='lat' dir='ltr'><strong><em>utroquo</em></strong></span> <span class='ocrx_word' id='word_1_151' title='bbox 691 1982 766 2044; x_wconf 88' lang='lat' dir='ltr'><strong><em>loeo.</em></strong></span> <span class='ocrx_word' id='word_1_152' title='bbox 790 1982 943 2064; x_wconf 75' lang='lat' dir='ltr'><strong>Quorsum</strong></span> <span class='ocrx_word' id='word_1_153' title='bbox 960 1984 1088 2064; x_wconf 81' lang='lat' dir='ltr'><strong><em>Aposto·</em></strong></span> <span class='ocrx_word' id='word_1_154' title='bbox 1142 1983 1202 2044; x_wconf 86' lang='lat' dir='ltr'><strong><em>lum</em></strong></span> <span class='ocrx_word' id='word_1_155' title='bbox 1218 1983 1348 2063; x_wconf 82' lang='lat' dir='ltr'><strong><em>emplius</em></strong></span> <span class='ocrx_word' id='word_1_156' title='bbox 1369 2002 1435 2045; x_wconf 89' lang='lat' dir='ltr'><strong><em>esse</em></strong></span> <span class='ocrx_word' id='word_1_157' title='bbox 1457 2001 1547 2043; x_wconf 88' lang='lat' dir='ltr'><strong><em>nsum</em></strong></span> <span class='ocrx_word' id='word_1_158' title='bbox 1569 1980 1665 2043; x_wconf 86' lang='lat' dir='ltr'><strong><em>ullius</em></strong></span> <span class='ocrx_word' id='word_1_159' title='bbox 1688 1982 1715 2043; x_wconf 91' lang='lat' dir='ltr'><strong><em>ol</em></strong></span> 
     </span>
     <span class='ocr_line' id='line_1_17' title="bbox 390 2068 1715 2152; baseline -0.002 -22"><span class='ocrx_word' id='word_1_160' title='bbox 390 2068 440 2130; x_wconf 87' lang='lat' dir='ltr'><strong><em>lus</em></strong></span> <span class='ocrx_word' id='word_1_161' title='bbox 454 2069 559 2130; x_wconf 85' lang='lat' dir='ltr'><strong><em>iterum</em></strong></span> <span class='ocrx_word' id='word_1_162' title='bbox 576 2071 647 2131; x_wconf 87' lang='lat' dir='ltr'><strong><em>eitet</em></strong></span> <span class='ocrx_word' id='word_1_163' title='bbox 661 2068 740 2133; x_wconf 76' lang='lat' dir='ltr'><strong><em>hene</em></strong></span> <span class='ocrx_word' id='word_1_164' title='bbox 750 2071 934 2152; x_wconf 82' lang='lat' dir='ltr'><strong><em>Scriptorum</em></strong></span> <span class='ocrx_word' id='word_1_165' title='bbox 949 2092 985 2133; x_wconf 81' lang='lat' dir='ltr'><strong><em>ox</em></strong></span> <span class='ocrx_word' id='word_1_166' title='bbox 1002 2070 1089 2132; x_wconf 86' lang='lat' dir='ltr'><strong><em>Jere·</em></strong></span> <span class='ocrx_word' id='word_1_167' title='bbox 1143 2091 1197 2152; x_wconf 92' lang='lat' dir='ltr'><strong><em>pro</em></strong></span> <span class='ocrx_word' id='word_1_168' title='bbox 1212 2080 1347 2152; x_wconf 81' lang='lat' dir='ltr'><strong><em>peraeto.</em></strong></span> <span class='ocrx_word' id='word_1_169' title='bbox 1384 2068 1583 2150; x_wconf 78' lang='lat' dir='ltr'><strong><em>Respondes,</em></strong></span> <span class='ocrx_word' id='word_1_170' title='bbox 1614 2089 1673 2131; x_wconf 89' lang='lat' dir='ltr'><strong><em>nee</em></strong></span> <span class='ocrx_word' id='word_1_171' title='bbox 1686 2069 1715 2131; x_wconf 83' lang='lat' dir='ltr'><strong><em>hs</em></strong></span> 
     </span>
     <span class='ocr_line' id='line_1_18' title="bbox 391 2155 1714 2240; baseline -0.004 -19"><span class='ocrx_word' id='word_1_172' title='bbox 391 2158 467 2230; x_wconf 83' lang='lat' dir='ltr'><strong><em>mle,</em></strong></span> <span class='ocrx_word' id='word_1_173' title='bbox 493 2155 733 2237; x_wconf 76' lang='lat' dir='ltr'><strong><em>quamdudum,</em></strong></span> <span class='ocrx_word' id='word_1_174' title='bbox 760 2166 792 2221; x_wconf 87' lang='lat' dir='ltr'><strong><em>et</em></strong></span> <span class='ocrx_word' id='word_1_175' title='bbox 815 2158 937 2240; x_wconf 89' lang='lat' dir='ltr'><strong><em>quidem</em></strong></span> <span class='ocrx_word' id='word_1_176' title='bbox 959 2157 1087 2240; x_wconf 86' lang='lat' dir='ltr'><strong><em>plenius,</em></strong></span> <span class='ocrx_word' id='word_1_177' title='bbox 1142 2176 1208 2219; x_wconf 87' lang='lat' dir='ltr'><strong><em>sum</em></strong></span> <span class='ocrx_word' id='word_1_178' title='bbox 1224 2157 1332 2219; x_wconf 83' lang='lat' dir='ltr'><strong><em>velere</em></strong></span> <span class='ocrx_word' id='word_1_179' title='bbox 1356 2157 1432 2220; x_wconf 77' lang='lat' dir='ltr'><strong><em>(lum</em></strong></span> <span class='ocrx_word' id='word_1_180' title='bbox 1450 2158 1530 2217; x_wconf 88' lang='lat' dir='ltr'><strong><em>euim</em></strong></span> <span class='ocrx_word' id='word_1_181' title='bbox 1546 2157 1680 2236; x_wconf 84' lang='lat' dir='ltr'><strong><em>pretinm</em></strong></span> <span class='ocrx_word' id='word_1_182' title='bbox 1694 2176 1714 2217; x_wconf 81' lang='lat' dir='ltr'><strong><em>s</em></strong></span> 
     </span>
     <span class='ocr_line' id='line_1_19' title="bbox 391 2242 1715 2326; baseline -0.002 -22"><span class='ocrx_word' id='word_1_183' title='bbox 391 2245 537 2306; x_wconf 76' lang='lat' dir='ltr'><strong><em>nitererst</em></strong></span> <span class='ocrx_word' id='word_1_184' title='bbox 551 2264 617 2326; x_wconf 88' lang='lat' dir='ltr'><strong><em>esp.</em></strong></span> <span class='ocrx_word' id='word_1_185' title='bbox 633 2244 678 2317; x_wconf 86' lang='lat'><strong><em>8.,</em></strong></span> <span class='ocrx_word' id='word_1_186' title='bbox 694 2244 986 2326; x_wconf 82' lang='lat' dir='ltr'><strong><em>superinsindiesvi.</em></strong></span> <span class='ocrx_word' id='word_1_187' title='bbox 1010 2246 1088 2305; x_wconf 86' lang='lat' dir='ltr'><strong><em>Nem</em></strong></span> <span class='ocrx_word' id='word_1_188' title='bbox 1143 2242 1291 2318; x_wconf 89' lang='lat' dir='ltr'><strong><em>oblstum,</em></strong></span> <span class='ocrx_word' id='word_1_189' title='bbox 1319 2254 1381 2305; x_wconf 82' lang='lat' dir='ltr'><strong><em>tem</em></strong></span> <span class='ocrx_word' id='word_1_190' title='bbox 1407 2242 1499 2304; x_wconf 84' lang='lat' dir='ltr'><strong><em>inerit</em></strong></span> <span class='ocrx_word' id='word_1_191' title='bbox 1521 2242 1629 2305; x_wconf 80' lang='lat' dir='ltr'><strong><em>effiesx</em></strong></span> <span class='ocrx_word' id='word_1_192' title='bbox 1653 2245 1686 2304; x_wconf 91' lang='lat' dir='ltr'><strong><em>in</em></strong></span> <span class='ocrx_word' id='word_1_193' title='bbox 1709 2253 1715 2302; x_wconf 85' lang='lat' dir='ltr'><strong><em>t</em></strong></span> 
     </span>
     <span class='ocr_line' id='line_1_20' title="bbox 391 2328 1711 2414; baseline -0.002 -22"><span class='ocrx_word' id='word_1_194' title='bbox 391 2330 474 2413; x_wconf 84' lang='lat' dir='ltr'><strong><em>prins</em></strong></span> <span class='ocrx_word' id='word_1_195' title='bbox 490 2349 556 2390; x_wconf 81' lang='lat' dir='ltr'><strong><em>eum</em></strong></span> <span class='ocrx_word' id='word_1_196' title='bbox 579 2328 705 2393; x_wconf 86' lang='lat' dir='ltr'><strong><em>sdduxit</em></strong></span> <span class='ocrx_word' id='word_1_197' title='bbox 719 2340 841 2413; x_wconf 89' lang='lat' dir='ltr'><strong><em>propter</em></strong></span> <span class='ocrx_word' id='word_1_198' title='bbox 859 2332 912 2394; x_wconf 84' lang='lat' dir='ltr'><strong><em>illu</em></strong></span> <span class='ocrx_word' id='word_1_199' title='bbox 926 2332 1090 2414; x_wconf 88' lang='lat' dir='ltr'><strong><em>prseeipue</em></strong></span> <span class='ocrx_word' id='word_1_200' title='bbox 1142 2331 1321 2412; x_wconf 78' lang='lat' dir='ltr'><strong><em>praeterite,</em></strong></span> <span class='ocrx_word' id='word_1_201' title='bbox 1348 2350 1436 2414; x_wconf 84' lang='lat' dir='ltr'><strong><em>quam</em></strong></span> <span class='ocrx_word' id='word_1_202' title='bbox 1453 2330 1484 2390; x_wconf 90' lang='lat' dir='ltr'><strong><em>in</em></strong></span> <span class='ocrx_word' id='word_1_203' title='bbox 1505 2329 1625 2390; x_wconf 75' lang='lat' dir='ltr'><strong><em>future:</em></strong></span> <span class='ocrx_word' id='word_1_204' title='bbox 1657 2348 1711 2412; x_wconf 84' lang='lat' dir='ltr'><strong><em>seq</em></strong></span> 
     </span>
     <span class='ocr_line' id='line_1_21' title="bbox 391 2417 1715 2497; baseline 0 -20"><span class='ocrx_word' id='word_1_205' title='bbox 391 2417 500 2478; x_wconf 80' lang='lat' dir='ltr'><strong><em>verbs:</em></strong></span> <span class='ocrx_word' id='word_1_206' title='bbox 515 2424 739 2480; x_wconf 82' lang='lat' dir='ltr'><strong><em>testamentum</em></strong></span> <span class='ocrx_word' id='word_1_207' title='bbox 754 2439 874 2482; x_wconf 84' lang='lat' dir='ltr'><strong><em>novum</em></strong></span> <span class='ocrx_word' id='word_1_208' title='bbox 883 2466 893 2497; x_wconf 97' lang='lat'><strong><em>,</em></strong></span> <span class='ocrx_word' id='word_1_209' title='bbox 913 2429 948 2479; x_wconf 91' lang='lat' dir='ltr'><strong><em>ut</em></strong></span> <span class='ocrx_word' id='word_1_210' title='bbox 964 2438 1001 2479; x_wconf 87' lang='lat' dir='ltr'><strong><em>er</em></strong></span> <span class='ocrx_word' id='word_1_211' title='bbox 1017 2420 1088 2479; x_wconf 82' lang='lat' dir='ltr'><strong><em>novi</em></strong></span> <span class='ocrx_word' id='word_1_212' title='bbox 1143 2420 1200 2479; x_wconf 87' lang='lat' dir='ltr'><strong><em>hae</em></strong></span> <span class='ocrx_word' id='word_1_213' title='bbox 1215 2418 1330 2480; x_wconf 82' lang='lat' dir='ltr'><strong><em>ratione</em></strong></span> <span class='ocrx_word' id='word_1_214' title='bbox 1345 2439 1400 2481; x_wconf 87' lang='lat' dir='ltr'><strong><em>neo</em></strong></span> <span class='ocrx_word' id='word_1_215' title='bbox 1413 2417 1555 2497; x_wconf 77' lang='lat' dir='ltr'><strong><em>antiquos</em></strong></span> <span class='ocrx_word' id='word_1_216' title='bbox 1565 2418 1680 2497; x_wconf 84' lang='lat' dir='ltr'><strong><em>justos,</em></strong></span> <span class='ocrx_word' id='word_1_217' title='bbox 1692 2418 1715 2478; x_wconf 86' lang='lat' dir='ltr'><strong><em>si</em></strong></span> 
     </span>
     <span class='ocr_line' id='line_1_22' title="bbox 391 2502 1715 2587; baseline 0.001 -23"><span class='ocrx_word' id='word_1_218' title='bbox 391 2506 563 2567; x_wconf 84' lang='lat' dir='ltr'><strong><em>testsmenti</em></strong></span> <span class='ocrx_word' id='word_1_219' title='bbox 575 2507 773 2585; x_wconf 71' lang='lat' dir='ltr'><strong><em>promissione</em></strong></span> <span class='ocrx_word' id='word_1_220' title='bbox 785 2505 913 2582; x_wconf 79' lang='lat' dir='ltr'><strong><em>doceret,</em></strong></span> <span class='ocrx_word' id='word_1_221' title='bbox 922 2506 1089 2587; x_wconf 80' lang='lat' dir='ltr'><strong><em>oportuisse</em></strong></span> <span class='ocrx_word' id='word_1_222' title='bbox 1142 2524 1216 2586; x_wconf 91' lang='lat' dir='ltr'><strong><em>pore</em></strong></span> <span class='ocrx_word' id='word_1_223' title='bbox 1230 2505 1322 2586; x_wconf 83' lang='lat' dir='ltr'><strong><em>legis,</em></strong></span> <span class='ocrx_word' id='word_1_224' title='bbox 1337 2507 1403 2566; x_wconf 86' lang='lat' dir='ltr'><strong><em>sive</em></strong></span> <span class='ocrx_word' id='word_1_225' title='bbox 1419 2512 1488 2566; x_wconf 84' lang='lat' dir='ltr'><strong><em>ente</em></strong></span> <span class='ocrx_word' id='word_1_226' title='bbox 1502 2503 1616 2585; x_wconf 75' lang='lat' dir='ltr'><strong><em>legem,</em></strong></span> <span class='ocrx_word' id='word_1_227' title='bbox 1641 2506 1674 2566; x_wconf 90' lang='lat' dir='ltr'><strong><em>iu</em></strong></span> <span class='ocrx_word' id='word_1_228' title='bbox 1689 2502 1715 2565; x_wconf 87' lang='lat' dir='ltr'>D</span> 
     </span>
     <span class='ocr_line' id='line_1_23' title="bbox 391 2590 1715 2674; baseline 0 -23"><span class='ocrx_word' id='word_1_229' title='bbox 391 2600 480 2652; x_wconf 85' lang='lat' dir='ltr'><strong><em>vetus</em></strong></span> <span class='ocrx_word' id='word_1_230' title='bbox 506 2590 663 2671; x_wconf 78' lang='lat' dir='ltr'><strong><em>sbrogsri,</em></strong></span> <span class='ocrx_word' id='word_1_231' title='bbox 694 2594 742 2654; x_wconf 86' lang='lat' dir='ltr'><strong><em>eui</em></strong></span> <span class='ocrx_word' id='word_1_232' title='bbox 769 2613 880 2654; x_wconf 84' lang='lat' dir='ltr'><strong><em>novum</em></strong></span> <span class='ocrx_word' id='word_1_233' title='bbox 909 2590 1087 2654; x_wconf 77' lang='lat' dir='ltr'><strong><em>succederet.</em></strong></span> <span class='ocrx_word' id='word_1_234' title='bbox 1142 2592 1277 2674; x_wconf 89' lang='lat' dir='ltr'><strong><em>potuisse</em></strong></span> <span class='ocrx_word' id='word_1_235' title='bbox 1293 2592 1336 2652; x_wconf 90' lang='lat' dir='ltr'><strong><em>uti</em></strong></span> <span class='ocrx_word' id='word_1_236' title='bbox 1351 2590 1524 2665; x_wconf 73' lang='lat' dir='ltr'><strong><em>sacrifieiis,</em></strong></span> <span class='ocrx_word' id='word_1_237' title='bbox 1544 2610 1624 2671; x_wconf 82' lang='lat' dir='ltr'><strong><em>quse</em></strong></span> <span class='ocrx_word' id='word_1_238' title='bbox 1641 2610 1715 2672; x_wconf 64' lang='lat' dir='ltr'><strong><em>pro3</em></strong></span> 
     </span>
     <span class='ocr_line' id='line_1_24' title="bbox 391 2677 1711 2761; baseline 0.001 -23"><span class='ocrx_word' id='word_1_239' title='bbox 391 2677 452 2738; x_wconf 85' lang='lat' dir='ltr'><strong><em>Hie</em></strong></span> <span class='ocrx_word' id='word_1_240' title='bbox 478 2686 579 2738; x_wconf 84' lang='lat' dir='ltr'><strong><em>sutem</em></strong></span> <span class='ocrx_word' id='word_1_241' title='bbox 601 2681 711 2760; x_wconf 87' lang='lat' dir='ltr'><strong><em>repetit</em></strong></span> <span class='ocrx_word' id='word_1_242' title='bbox 736 2679 940 2742; x_wconf 82' lang='lat' dir='ltr'><strong><em>tantummodo</em></strong></span> <span class='ocrx_word' id='word_1_243' title='bbox 966 2687 1088 2761; x_wconf 87' lang='lat' dir='ltr'><strong><em>proptor</em></strong></span> <span class='ocrx_word' id='word_1_244' title='bbox 1144 2678 1291 2753; x_wconf 85' lang='lat' dir='ltr'><strong><em>offerrent,</em></strong></span> <span class='ocrx_word' id='word_1_245' title='bbox 1307 2697 1346 2740; x_wconf 90' lang='lat' dir='ltr'><strong><em>ne</em></strong></span> <span class='ocrx_word' id='word_1_246' title='bbox 1360 2678 1483 2758; x_wconf 89' lang='lat' dir='ltr'><strong><em>perhoe</em></strong></span> <span class='ocrx_word' id='word_1_247' title='bbox 1499 2678 1711 2741; x_wconf 84' lang='lat' dir='ltr'><strong><em>unisserilieio</em></strong></span> 
     </span>
     <span class='ocr_line' id='line_1_25' title="bbox 391 2763 1696 2846; baseline 0.002 -22"><span class='ocrx_word' id='word_1_248' title='bbox 391 2763 470 2825; x_wconf 76' lang='lat' dir='ltr'><strong><em>hene</em></strong></span> <span class='ocrx_word' id='word_1_249' title='bbox 484 2773 665 2844; x_wconf 75' lang='lat' dir='ltr'><strong><em>postremum</em></strong></span> <span class='ocrx_word' id='word_1_250' title='bbox 681 2776 811 2845; x_wconf 81' lang='lat' dir='ltr'><strong><em>partem:</em></strong></span> <span class='ocrx_word' id='word_1_251' title='bbox 827 2769 871 2830; x_wconf 73' lang='lat' dir='ltr'><strong><em>Es</em></strong></span> <span class='ocrx_word' id='word_1_252' title='bbox 882 2774 1089 2845; x_wconf 80' lang='lat' dir='ltr'><strong><em>peecatorum</em></strong></span> <span class='ocrx_word' id='word_1_253' title='bbox 1143 2785 1203 2846; x_wconf 90' lang='lat' dir='ltr'><strong><em>qno</em></strong></span> <span class='ocrx_word' id='word_1_254' title='bbox 1230 2765 1361 2827; x_wconf 90' lang='lat' dir='ltr'><strong><em>omnium</em></strong></span> <span class='ocrx_word' id='word_1_255' title='bbox 1390 2773 1583 2845; x_wconf 73' lang='lat' dir='ltr'><strong><em>peecatorum</em></strong></span> <span class='ocrx_word' id='word_1_256' title='bbox 1610 2764 1696 2827; x_wconf 81' lang='lat' dir='ltr'><strong><em>fsots</em></strong></span> 
     </span>
     <span class='ocr_line' id='line_1_26' title="bbox 392 2848 1715 2936; baseline 0 -23"><span class='ocrx_word' id='word_1_257' title='bbox 392 2859 466 2926; x_wconf 81' lang='lat' dir='ltr'><strong><em>ete,</em></strong></span> <span class='ocrx_word' id='word_1_258' title='bbox 482 2870 596 2933; x_wconf 80' lang='lat' dir='ltr'><strong><em>exque</em></strong></span> <span class='ocrx_word' id='word_1_259' title='bbox 610 2852 801 2916; x_wconf 76' lang='lat' dir='ltr'><strong><em>menifestum</em></strong></span> <span class='ocrx_word' id='word_1_260' title='bbox 817 2864 877 2930; x_wconf 91' lang='lat' dir='ltr'><strong><em>est,</em></strong></span> <span class='ocrx_word' id='word_1_261' title='bbox 897 2862 1089 2936; x_wconf 80' lang='lat' dir='ltr'><strong><em>penestarum</em></strong></span> <span class='ocrx_word' id='word_1_262' title='bbox 1143 2853 1244 2933; x_wconf 86' lang='lat' dir='ltr'><strong><em>pistio,</em></strong></span> <span class='ocrx_word' id='word_1_263' title='bbox 1260 2850 1448 2934; x_wconf 81' lang='lat' dir='ltr'><strong><em>derogarent.</em></strong></span> <span class='ocrx_word' id='word_1_264' title='bbox 1472 2848 1604 2926; x_wconf 78' lang='lat' dir='ltr'><strong><em>Deinde,</em></strong></span> <span class='ocrx_word' id='word_1_265' title='bbox 1620 2853 1650 2913; x_wconf 90' lang='lat' dir='ltr'><strong><em>si</em></strong></span> <span class='ocrx_word' id='word_1_266' title='bbox 1663 2871 1715 2915; x_wconf 84' lang='lat' dir='ltr'><strong><em>uns</em></strong></span> 
     </span>
     <span class='ocr_line' id='line_1_27' title="bbox 391 2939 1715 3023; baseline 0.003 -23"><span class='ocrx_word' id='word_1_267' title='bbox 391 2940 597 3001; x_wconf 81' lang='lat' dir='ltr'><strong><em>remissionem</em></strong></span> <span class='ocrx_word' id='word_1_268' title='bbox 620 2959 687 3003; x_wconf 88' lang='lat' dir='ltr'><strong><em>esse</em></strong></span> <span class='ocrx_word' id='word_1_269' title='bbox 710 2942 934 3021; x_wconf 85' lang='lat' dir='ltr'><strong><em>promissionem</em></strong></span> <span class='ocrx_word' id='word_1_270' title='bbox 951 2962 1031 3002; x_wconf 87' lang='lat' dir='ltr'><strong><em>novo</em></strong></span> <span class='ocrx_word' id='word_1_271' title='bbox 1047 2951 1089 3001; x_wconf 90' lang='lat' dir='ltr'><strong><em>te·</em></strong></span> <span class='ocrx_word' id='word_1_272' title='bbox 1144 2939 1337 3013; x_wconf 78' lang='lat' dir='ltr'><strong><em>nerifietum,</em></strong></span> <span class='ocrx_word' id='word_1_273' title='bbox 1362 2948 1396 3000; x_wconf 89' lang='lat' dir='ltr'><strong><em>nt</em></strong></span> <span class='ocrx_word' id='word_1_274' title='bbox 1419 2940 1505 3000; x_wconf 90' lang='lat' dir='ltr'><strong><em>nobis</em></strong></span> <span class='ocrx_word' id='word_1_275' title='bbox 1528 2940 1640 3019; x_wconf 88' lang='lat' dir='ltr'><strong><em>prosit,</em></strong></span> <span class='ocrx_word' id='word_1_276' title='bbox 1671 2960 1715 3023; x_wconf 65' lang='lat' dir='ltr'><strong><em>sp]</em></strong></span> 
     </span>
     <span class='ocr_line' id='line_1_28' title="bbox 392 3022 1715 3111; baseline 0.002 -24"><span class='ocrx_word' id='word_1_277' title='bbox 392 3034 540 3088; x_wconf 85' lang='lat' dir='ltr'><strong><em>stamento</em></strong></span> <span class='ocrx_word' id='word_1_278' title='bbox 566 3027 756 3109; x_wconf 87' lang='lat' dir='ltr'><strong><em>peoulierem.</em></strong></span> <span class='ocrx_word' id='word_1_279' title='bbox 795 3030 884 3111; x_wconf 73' lang='lat' dir='ltr'><strong><em>Quae</em></strong></span> <span class='ocrx_word' id='word_1_280' title='bbox 913 3049 980 3090; x_wconf 89' lang='lat' dir='ltr'><strong><em>oum</em></strong></span> <span class='ocrx_word' id='word_1_281' title='bbox 1006 3048 1089 3109; x_wconf 80' lang='lat' dir='ltr'><strong><em>pree</em></strong></span> <span class='ocrx_word' id='word_1_282' title='bbox 1143 3047 1211 3088; x_wconf 90' lang='lat' dir='ltr'><strong><em>nem</em></strong></span> <span class='ocrx_word' id='word_1_283' title='bbox 1240 3028 1366 3109; x_wconf 82' lang='lat' dir='ltr'><strong><em>requirit</em></strong></span> <span class='ocrx_word' id='word_1_284' title='bbox 1395 3047 1450 3108; x_wconf 85' lang='lat' dir='ltr'><strong><em>per</em></strong></span> <span class='ocrx_word' id='word_1_285' title='bbox 1480 3022 1589 3100; x_wconf 84' lang='lat' dir='ltr'><strong><em>fidem,</em></strong></span> <span class='ocrx_word' id='word_1_286' title='bbox 1627 3027 1715 3107; x_wconf 81' lang='lat' dir='ltr'><strong><em>poeni</em></strong></span> 
     </span>
     <span class='ocr_line' id='line_1_29' title="bbox 392 3112 1715 3197; baseline -0.001 -22"><span class='ocrx_word' id='word_1_287' title='bbox 392 3112 501 3175; x_wconf 73' lang='lat' dir='ltr'><strong><em>stende</em></strong></span> <span class='ocrx_word' id='word_1_288' title='bbox 516 3114 556 3175; x_wconf 89' lang='lat' dir='ltr'><strong><em>sit</em></strong></span> <span class='ocrx_word' id='word_1_289' title='bbox 570 3134 624 3195; x_wconf 89' lang='lat' dir='ltr'><strong><em>per</em></strong></span> <span class='ocrx_word' id='word_1_290' title='bbox 645 3114 827 3176; x_wconf 78' lang='lat' dir='ltr'><strong><em>ablutionem</em></strong></span> <span class='ocrx_word' id='word_1_291' title='bbox 844 3118 926 3197; x_wconf 85' lang='lat' dir='ltr'><strong><em>ejus,</em></strong></span> <span class='ocrx_word' id='word_1_292' title='bbox 953 3118 1005 3196; x_wconf 90' lang='lat' dir='ltr'><strong><em>qui</em></strong></span> <span class='ocrx_word' id='word_1_293' title='bbox 1021 3135 1090 3175; x_wconf 92' lang='lat' dir='ltr'><strong><em>eon·</em></strong></span> <span class='ocrx_word' id='word_1_294' title='bbox 1145 3115 1320 3188; x_wconf 74' lang='lat' dir='ltr'><strong><em>emtionem,</em></strong></span> <span class='ocrx_word' id='word_1_295' title='bbox 1347 3121 1552 3189; x_wconf 78' lang='lat' dir='ltr'><strong><em>euersmeuts3</em></strong></span> <span class='ocrx_word' id='word_1_296' title='bbox 1580 3132 1634 3174; x_wconf 87' lang='lat' dir='ltr'><strong><em>eur</em></strong></span> <span class='ocrx_word' id='word_1_297' title='bbox 1657 3133 1715 3197; x_wconf 76' lang='lat' dir='ltr'><strong><em>resp</em></strong></span> 
     </span>
     <span class='ocr_line' id='line_1_30' title="bbox 394 3197 1715 3283; baseline 0 -20"><span class='ocrx_word' id='word_1_298' title='bbox 394 3201 472 3263; x_wconf 88' lang='lat' dir='ltr'><strong><em>ditor</em></strong></span> <span class='ocrx_word' id='word_1_299' title='bbox 501 3209 548 3262; x_wconf 89' lang='lat' dir='ltr'><strong><em>est</em></strong></span> <span class='ocrx_word' id='word_1_300' title='bbox 575 3221 612 3262; x_wconf 83' lang='lat' dir='ltr'><strong><em>eo</em></strong></span> <span class='ocrx_word' id='word_1_301' title='bbox 639 3203 787 3264; x_wconf 81' lang='lat' dir='ltr'><strong><em>mediator</em></strong></span> <span class='ocrx_word' id='word_1_302' title='bbox 812 3206 883 3266; x_wconf 85' lang='lat' dir='ltr'><strong><em>novi</em></strong></span> <span class='ocrx_word' id='word_1_303' title='bbox 913 3203 1091 3276; x_wconf 74' lang='lat' dir='ltr'><strong><em>testamenti,</em></strong></span> <span class='ocrx_word' id='word_1_304' title='bbox 1144 3200 1336 3283; x_wconf 84' lang='lat' dir='ltr'><strong><em>pliestionem</em></strong></span> <span class='ocrx_word' id='word_1_305' title='bbox 1352 3222 1407 3281; x_wconf 85' lang='lat' dir='ltr'><strong><em>per</em></strong></span> <span class='ocrx_word' id='word_1_306' title='bbox 1428 3197 1602 3268; x_wconf 77' lang='lat' dir='ltr'><strong><em>semideis?</em></strong></span> <span class='ocrx_word' id='word_1_307' title='bbox 1629 3221 1715 3283; x_wconf 75' lang='lat' dir='ltr'><strong><em>quem</em></strong></span> 
     </span>
     <span class='ocr_line' id='line_1_31' title="bbox 393 3288 1715 3369; baseline 0 -20"><span class='ocrx_word' id='word_1_308' title='bbox 393 3290 472 3350; x_wconf 86' lang='lat' dir='ltr'><strong><em>sieut</em></strong></span> <span class='ocrx_word' id='word_1_309' title='bbox 486 3288 518 3348; x_wconf 90' lang='lat' dir='ltr'><strong><em>in</em></strong></span> <span class='ocrx_word' id='word_1_310' title='bbox 540 3288 746 3369; x_wconf 88' lang='lat' dir='ltr'><strong><em>superioribus</em></strong></span> <span class='ocrx_word' id='word_1_311' title='bbox 768 3289 889 3351; x_wconf 77' lang='lat' dir='ltr'><strong><em>abunde</em></strong></span> <span class='ocrx_word' id='word_1_312' title='bbox 905 3288 1091 3351; x_wconf 74' lang='lat' dir='ltr'><strong><em>declaratum</em></strong></span> <span class='ocrx_word' id='word_1_313' title='bbox 1145 3308 1204 3350; x_wconf 90' lang='lat' dir='ltr'><strong><em>nan</em></strong></span> <span class='ocrx_word' id='word_1_314' title='bbox 1219 3288 1383 3368; x_wconf 76' lang='lat' dir='ltr'><strong><em>respuebat</em></strong></span> <span class='ocrx_word' id='word_1_315' title='bbox 1397 3288 1531 3369; x_wconf 76' lang='lat' dir='ltr'><strong><em>antiquis</em></strong></span> <span class='ocrx_word' id='word_1_316' title='bbox 1547 3289 1715 3369; x_wconf 83' lang='lat' dir='ltr'><strong><em>temporibu</em></strong></span> 
     </span>
     <span class='ocr_line' id='line_1_32' title="bbox 394 3374 1715 3457; baseline 0 -19"><span class='ocrx_word' id='word_1_317' title='bbox 394 3384 455 3438; x_wconf 84' lang='lat' dir='ltr'><strong><em>est:</em></strong></span> <span class='ocrx_word' id='word_1_318' title='bbox 486 3376 636 3457; x_wconf 87' lang='lat' dir='ltr'><strong><em>sequitur,</em></strong></span> <span class='ocrx_word' id='word_1_319' title='bbox 671 3375 838 3440; x_wconf 76' lang='lat' dir='ltr'><strong><em>oblationes</em></strong></span> <span class='ocrx_word' id='word_1_320' title='bbox 864 3378 973 3438; x_wconf 84' lang='lat' dir='ltr'><strong><em>veteris</em></strong></span> <span class='ocrx_word' id='word_1_321' title='bbox 988 3384 1089 3437; x_wconf 74' lang='lat' dir='ltr'><strong><em>teste-</em></strong></span> <span class='ocrx_word' id='word_1_322' title='bbox 1188 3374 1290 3455; x_wconf 80' lang='lat' dir='ltr'><strong><em>Quure</em></strong></span> <span class='ocrx_word' id='word_1_323' title='bbox 1305 3374 1445 3448; x_wconf 78' lang='lat' dir='ltr'><strong><em>dicimus,</em></strong></span> <span class='ocrx_word' id='word_1_324' title='bbox 1471 3375 1610 3456; x_wconf 81' lang='lat' dir='ltr'><strong><em>Apostoli</em></strong></span> <span class='ocrx_word' id='word_1_325' title='bbox 1625 3395 1715 3438; x_wconf 79' lang='lat' dir='ltr'><strong><em>sensu</em></strong></span> 
     </span>
     <span class='ocr_line' id='line_1_33' title="bbox 393 3461 1715 3546; baseline 0.002 -21"><span class='ocrx_word' id='word_1_326' title='bbox 393 3463 487 3525; x_wconf 88' lang='lat' dir='ltr'><strong><em>menti</em></strong></span> <span class='ocrx_word' id='word_1_327' title='bbox 505 3462 568 3541; x_wconf 80' lang='lat' dir='ltr'><strong><em>jem</em></strong></span> <span class='ocrx_word' id='word_1_328' title='bbox 586 3461 698 3525; x_wconf 88' lang='lat' dir='ltr'><strong><em>debere</em></strong></span> <span class='ocrx_word' id='word_1_329' title='bbox 718 3484 854 3541; x_wconf 70' lang='lat' dir='ltr'><strong><em>cessere,</em></strong></span> <span class='ocrx_word' id='word_1_330' title='bbox 877 3483 969 3544; x_wconf 82' lang='lat' dir='ltr'><strong><em>quem</em></strong></span> <span class='ocrx_word' id='word_1_331' title='bbox 984 3482 1089 3546; x_wconf 89' lang='lat' dir='ltr'><strong><em>seque·</em></strong></span> <span class='ocrx_word' id='word_1_332' title='bbox 1144 3461 1312 3542; x_wconf 76' lang='lat' dir='ltr'><strong><em>Postquam</em></strong></span> <span class='ocrx_word' id='word_1_333' title='bbox 1348 3462 1485 3524; x_wconf 86' lang='lat' dir='ltr'><strong><em>remissio</em></strong></span> <span class='ocrx_word' id='word_1_334' title='bbox 1520 3471 1715 3543; x_wconf 69' lang='lat' dir='ltr'><strong><em>pemetom</em></strong></span> 
     </span>
     <span class='ocr_line' id='line_1_34' title="bbox 393 3547 1715 3634; baseline 0 -22"><span class='ocrx_word' id='word_1_335' title='bbox 393 3551 454 3612; x_wconf 82' lang='lat' dir='ltr'><strong><em>lnm</em></strong></span> <span class='ocrx_word' id='word_1_336' title='bbox 469 3551 623 3612; x_wconf 82' lang='lat' dir='ltr'><strong><em>continent</em></strong></span> <span class='ocrx_word' id='word_1_337' title='bbox 638 3552 731 3612; x_wconf 81' lang='lat' dir='ltr'><strong><em>verbs</em></strong></span> <span class='ocrx_word' id='word_1_338' title='bbox 744 3551 918 3630; x_wconf 76' lang='lat' dir='ltr'><strong><em>subjunctus</em></strong></span> <span class='ocrx_word' id='word_1_339' title='bbox 1143 3550 1349 3612; x_wconf 77' lang='lat' dir='ltr'><strong><em>sufficientiam</em></strong></span> <span class='ocrx_word' id='word_1_340' title='bbox 1378 3548 1473 3611; x_wconf 89' lang='lat' dir='ltr'><strong><em>semel</em></strong></span> <span class='ocrx_word' id='word_1_341' title='bbox 1501 3547 1584 3611; x_wconf 80' lang='lat' dir='ltr'><strong><em>isets</em></strong></span> <span class='ocrx_word' id='word_1_342' title='bbox 1614 3559 1692 3634; x_wconf 64' lang='lat' dir='ltr'><strong><em>est,</em></strong></span> <span class='ocrx_word' id='word_1_343' title='bbox 1709 3571 1715 3612; x_wconf 82' lang='grc' dir='ltr'><strong>ι</strong></span> 
     </span>
     <span class='ocr_line' id='line_1_35' title="bbox 438 3635 1711 3720; baseline 0.002 -22"><span class='ocrx_word' id='word_1_344' title='bbox 438 3639 488 3698; x_wconf 88' lang='lat'><strong><em>18.</em></strong></span> <span class='ocrx_word' id='word_1_345' title='bbox 518 3636 576 3699; x_wconf 86' lang='lat' dir='ltr'><strong><em>Ubi</em></strong></span> <span class='ocrx_word' id='word_1_346' title='bbox 590 3639 826 3700; x_wconf 75' lang='lat' dir='ltr'><strong><em>antoninorum</em></strong></span> <span class='ocrx_word' id='word_1_347' title='bbox 842 3642 982 3700; x_wconf 87' lang='lat' dir='ltr'><strong><em>remissio</em></strong></span> <span class='ocrx_word' id='word_1_348' title='bbox 990 3682 1000 3713; x_wconf 98' lang='lat'><strong><em>,</em></strong></span> <span class='ocrx_word' id='word_1_349' title='bbox 1019 3642 1091 3713; x_wconf 82' lang='lat' dir='ltr'><strong><em>jam</em></strong></span> <span class='ocrx_word' id='word_1_350' title='bbox 1143 3637 1242 3720; x_wconf 89' lang='lat' dir='ltr'><strong><em>pretio</em></strong></span> <span class='ocrx_word' id='word_1_351' title='bbox 1257 3636 1337 3709; x_wconf 80' lang='lat' dir='ltr'><strong><em>dete,</em></strong></span> <span class='ocrx_word' id='word_1_352' title='bbox 1352 3635 1436 3717; x_wconf 87' lang='lat' dir='ltr'><strong><em>quod</em></strong></span> <span class='ocrx_word' id='word_1_353' title='bbox 1450 3655 1507 3717; x_wconf 90' lang='lat' dir='ltr'><strong><em>per</em></strong></span> <span class='ocrx_word' id='word_1_354' title='bbox 1520 3656 1555 3697; x_wconf 88' lang='lat' dir='ltr'><strong><em>ss</em></strong></span> <span class='ocrx_word' id='word_1_355' title='bbox 1571 3635 1611 3697; x_wconf 87' lang='lat' dir='ltr'><strong><em>sd</em></strong></span> <span class='ocrx_word' id='word_1_356' title='bbox 1624 3636 1711 3700; x_wconf 77' lang='lat' dir='ltr'><strong><em>illm</em></strong></span> 
     </span>
     <span class='ocr_line' id='line_1_36' title="bbox 394 3722 1715 3807; baseline 0.002 -21"><span class='ocrx_word' id='word_1_357' title='bbox 394 3731 520 3788; x_wconf 85' lang='lat' dir='ltr'><strong><em>nonest</em></strong></span> <span class='ocrx_word' id='word_1_358' title='bbox 536 3723 654 3786; x_wconf 87' lang='lat' dir='ltr'><strong><em>oblatio</em></strong></span> <span class='ocrx_word' id='word_1_359' title='bbox 663 3743 726 3803; x_wconf 84' lang='lat' dir='ltr'><strong><em>pro</em></strong></span> <span class='ocrx_word' id='word_1_360' title='bbox 739 3733 876 3804; x_wconf 81' lang='lat' dir='ltr'><strong><em>peceato.</em></strong></span> <span class='ocrx_word' id='word_1_361' title='bbox 902 3725 965 3786; x_wconf 85' lang='lat' dir='ltr'><strong><em>Alii</em></strong></span> <span class='ocrx_word' id='word_1_362' title='bbox 981 3725 1090 3786; x_wconf 81' lang='lat' dir='ltr'><strong><em>elarius</em></strong></span> <span class='ocrx_word' id='word_1_363' title='bbox 1144 3725 1235 3807; x_wconf 86' lang='lat' dir='ltr'><strong><em>quele</em></strong></span> <span class='ocrx_word' id='word_1_364' title='bbox 1250 3732 1304 3797; x_wconf 76' lang='lat' dir='ltr'><strong><em>est,</em></strong></span> <span class='ocrx_word' id='word_1_365' title='bbox 1321 3723 1403 3803; x_wconf 90' lang='lat' dir='ltr'><strong><em>quod</em></strong></span> <span class='ocrx_word' id='word_1_366' title='bbox 1414 3722 1554 3785; x_wconf 77' lang='lat' dir='ltr'><strong><em>Christus</em></strong></span> <span class='ocrx_word' id='word_1_367' title='bbox 1571 3723 1715 3788; x_wconf 78' lang='lat' dir='ltr'><strong><em>obtulitis</em></strong></span> 
     </span>
     <span class='ocr_line' id='line_1_37' title="bbox 396 3808 1715 3894; baseline 0.005 -23"><span class='ocrx_word' id='word_1_368' title='bbox 396 3830 435 3871; x_wconf 86' lang='lat' dir='ltr'><strong><em>ex</em></strong></span> <span class='ocrx_word' id='word_1_369' title='bbox 447 3808 579 3873; x_wconf 81' lang='lat' dir='ltr'><strong><em>Greeoo:</em></strong></span> <span class='ocrx_word' id='word_1_370' title='bbox 600 3814 674 3874; x_wconf 82' lang='lat' dir='ltr'><strong><em>Non</em></strong></span> <span class='ocrx_word' id='word_1_371' title='bbox 686 3821 729 3874; x_wconf 88' lang='lat' dir='ltr'><strong><em>est</em></strong></span> <span class='ocrx_word' id='word_1_372' title='bbox 742 3814 880 3891; x_wconf 83' lang='lat' dir='ltr'><strong><em>amplius</em></strong></span> <span class='ocrx_word' id='word_1_373' title='bbox 896 3813 1014 3874; x_wconf 88' lang='lat' dir='ltr'><strong><em>oblatio</em></strong></span> <span class='ocrx_word' id='word_1_374' title='bbox 1029 3830 1091 3889; x_wconf 87' lang='lat' dir='ltr'><strong><em>pro</em></strong></span> <span class='ocrx_word' id='word_1_375' title='bbox 1140 3815 1203 3893; x_wconf 78' lang='lat' dir='ltr'><strong><em>jem</em></strong></span> <span class='ocrx_word' id='word_1_376' title='bbox 1219 3820 1319 3884; x_wconf 86' lang='lat' dir='ltr'><strong><em>eessst</em></strong></span> <span class='ocrx_word' id='word_1_377' title='bbox 1333 3811 1429 3872; x_wconf 91' lang='lat' dir='ltr'><strong><em>omnis</em></strong></span> <span class='ocrx_word' id='word_1_378' title='bbox 1448 3810 1564 3872; x_wconf 79' lang='lat' dir='ltr'><strong><em>oblatio</em></strong></span> <span class='ocrx_word' id='word_1_379' title='bbox 1580 3813 1715 3894; x_wconf 71' lang='lat' dir='ltr'><strong><em>propitii</em></strong></span> 
     </span>
     <span class='ocr_line' id='line_1_38' title="bbox 390 3895 1706 3983; baseline 0.002 -24"><span class='ocrx_word' id='word_1_380' title='bbox 390 3906 531 3976; x_wconf 76' lang='lat' dir='ltr'><strong><em>peceato.</em></strong></span> <span class='ocrx_word' id='word_1_381' title='bbox 543 3898 947 3983; x_wconf 82' lang='lat' dir='ltr'><strong><em>Exlssequoqueseutentis</em></strong></span> <span class='ocrx_word' id='word_1_382' title='bbox 955 3908 1092 3980; x_wconf 77' lang='lat' dir='ltr'><strong><em>pugnent</em></strong></span> <span class='ocrx_word' id='word_1_383' title='bbox 1145 3898 1197 3959; x_wconf 84' lang='lat' dir='ltr'><strong><em>ille</em></strong></span> <span class='ocrx_word' id='word_1_384' title='bbox 1213 3895 1327 3960; x_wconf 80' lang='lat' dir='ltr'><strong><em>Christi</em></strong></span> <span class='ocrx_word' id='word_1_385' title='bbox 1343 3897 1495 3959; x_wconf 80' lang='lat' dir='ltr'><strong><em>oblatione</em></strong></span> <span class='ocrx_word' id='word_1_386' title='bbox 1510 3896 1648 3974; x_wconf 78' lang='lat' dir='ltr'><strong><em>dirum,</em></strong></span> <span class='ocrx_word' id='word_1_387' title='bbox 1673 3897 1706 3962; x_wconf 91' lang='lat' dir='ltr'><strong><em>id</em></strong></span> 
     </span>
     <span class='ocr_line' id='line_1_39' title="bbox 394 3983 1715 4065; baseline 0.003 -19"><span class='ocrx_word' id='word_1_388' title='bbox 394 3983 561 4046; x_wconf 81' lang='lat' dir='ltr'><strong><em>sdverserii</em></strong></span> <span class='ocrx_word' id='word_1_389' title='bbox 589 3989 683 4049; x_wconf 86' lang='lat' dir='ltr'><strong><em>nostri</em></strong></span> <span class='ocrx_word' id='word_1_390' title='bbox 713 3997 817 4050; x_wconf 87' lang='lat' dir='ltr'><strong><em>eoutre</em></strong></span> <span class='ocrx_word' id='word_1_391' title='bbox 842 3988 951 4050; x_wconf 81' lang='lat' dir='ltr'><strong><em>missae</em></strong></span> <span class='ocrx_word' id='word_1_392' title='bbox 978 3985 1090 4047; x_wconf 86' lang='lat' dir='ltr'><strong><em>seerifi-</em></strong></span> <span class='ocrx_word' id='word_1_393' title='bbox 1145 3986 1192 4046; x_wconf 88' lang='lat' dir='ltr'><strong><em>nis</em></strong></span> <span class='ocrx_word' id='word_1_394' title='bbox 1207 4005 1257 4057; x_wconf 84' lang='lat' dir='ltr'><strong><em>ee,</em></strong></span> <span class='ocrx_word' id='word_1_395' title='bbox 1284 3995 1364 4065; x_wconf 84' lang='lat' dir='ltr'><strong><em>quoe</em></strong></span> <span class='ocrx_word' id='word_1_396' title='bbox 1380 3983 1418 4045; x_wconf 80' lang='lat' dir='ltr'><strong><em>sd</em></strong></span> <span class='ocrx_word' id='word_1_397' title='bbox 1433 3984 1588 4048; x_wconf 73' lang='lat' dir='ltr'><strong><em>hennum</em></strong></span> <span class='ocrx_word' id='word_1_398' title='bbox 1603 3984 1715 4050; x_wconf 70' lang='lat' dir='ltr'><strong><em>referti</em></strong></span> 
     </span>
     <span class='ocr_line' id='line_1_40' title="bbox 395 4071 1715 4156; baseline 0.004 -23"><span class='ocrx_word' id='word_1_399' title='bbox 395 4073 484 4146; x_wconf 84' lang='lat' dir='ltr'><strong><em>oium,</em></strong></span> <span class='ocrx_word' id='word_1_400' title='bbox 499 4072 580 4152; x_wconf 90' lang='lat' dir='ltr'><strong><em>quod</em></strong></span> <span class='ocrx_word' id='word_1_401' title='bbox 595 4094 649 4133; x_wconf 88' lang='lat' dir='ltr'><strong><em>nos</em></strong></span> <span class='ocrx_word' id='word_1_402' title='bbox 666 4075 905 4156; x_wconf 78' lang='lat' dir='ltr'><strong><em>propitiatorium</em></strong></span> <span class='ocrx_word' id='word_1_403' title='bbox 921 4093 988 4136; x_wconf 87' lang='lat' dir='ltr'><strong><em>esso</em></strong></span> <span class='ocrx_word' id='word_1_404' title='bbox 1003 4072 1090 4134; x_wconf 85' lang='lat' dir='ltr'><strong><em>doce·</em></strong></span> <span class='ocrx_word' id='word_1_405' title='bbox 1146 4073 1174 4134; x_wconf 89' lang='lat' dir='ltr'><strong><em>ei</em></strong></span> <span class='ocrx_word' id='word_1_406' title='bbox 1193 4071 1388 4135; x_wconf 85' lang='lat' dir='ltr'><strong><em>subordinste</em></strong></span> <span class='ocrx_word' id='word_1_407' title='bbox 1409 4072 1462 4147; x_wconf 87' lang='lat' dir='ltr'><strong><em>sit,</em></strong></span> <span class='ocrx_word' id='word_1_408' title='bbox 1483 4073 1575 4152; x_wconf 75' lang='lat' dir='ltr'><strong><em>juxte</em></strong></span> <span class='ocrx_word' id='word_1_409' title='bbox 1598 4091 1715 4138; x_wconf 80' lang='lat' dir='ltr'><strong><em>seusun</em></strong></span> 
     </span>
     <span class='ocr_line' id='line_1_41' title="bbox 395 4155 1714 4243; baseline 0.003 -21"><span class='ocrx_word' id='word_1_410' title='bbox 395 4176 464 4222; x_wconf 88' lang='lat' dir='ltr'><strong><em>mus</em></strong></span> <span class='ocrx_word' id='word_1_411' title='bbox 490 4179 544 4238; x_wconf 89' lang='lat' dir='ltr'><strong><em>pro</em></strong></span> <span class='ocrx_word' id='word_1_412' title='bbox 574 4155 717 4239; x_wconf 72' lang='lat' dir='ltr'><strong><em>peeosti&#39;s.</em></strong></span> <span class='ocrx_word' id='word_1_413' title='bbox 758 4161 793 4223; x_wconf 84' lang='lat' dir='ltr'><strong><em>si</em></strong></span> <span class='ocrx_word' id='word_1_414' title='bbox 821 4162 910 4234; x_wconf 88' lang='lat' dir='ltr'><strong><em>enim,</em></strong></span> <span class='ocrx_word' id='word_1_415' title='bbox 942 4163 1091 4242; x_wconf 84' lang='lat' dir='ltr'><strong><em>inquiunt,</em></strong></span> <span class='ocrx_word' id='word_1_416' title='bbox 1146 4162 1178 4221; x_wconf 88' lang='lat' dir='ltr'><strong><em>in</em></strong></span> <span class='ocrx_word' id='word_1_417' title='bbox 1207 4159 1353 4220; x_wconf 88' lang='lat' dir='ltr'><strong><em>similibus</em></strong></span> <span class='ocrx_word' id='word_1_418' title='bbox 1382 4160 1540 4221; x_wconf 86' lang='lat' dir='ltr'><strong><em>sententiis</em></strong></span> <span class='ocrx_word' id='word_1_419' title='bbox 1571 4180 1714 4243; x_wconf 83' lang='lat' dir='ltr'><strong><em>exponen</em></strong></span> 
     </span>
     <span class='ocr_line' id='line_1_42' title="bbox 391 4244 1429 4328; baseline -0.002 -21"><span class='ocrx_word' id='word_1_420' title='bbox 391 4247 480 4327; x_wconf 75' lang='lat' dir='ltr'><strong><em>juxis</em></strong></span> <span class='ocrx_word' id='word_1_421' title='bbox 494 4245 673 4328; x_wconf 77' lang='lat' dir='ltr'><strong><em>Apostolum</em></strong></span> <span class='ocrx_word' id='word_1_422' title='bbox 684 4249 819 4309; x_wconf 89' lang='lat' dir='ltr'><strong><em>remissio</em></strong></span> <span class='ocrx_word' id='word_1_423' title='bbox 832 4256 1032 4327; x_wconf 80' lang='lat' dir='ltr'><strong><em>poeoniorum,</em></strong></span> <span class='ocrx_word' id='word_1_424' title='bbox 1048 4266 1090 4307; x_wconf 84' lang='lat' dir='ltr'><strong><em>se</em></strong></span> <span class='ocrx_word' id='word_1_425' title='bbox 1146 4245 1261 4328; x_wconf 85' lang='lat' dir='ltr'><strong><em>pridem</em></strong></span> <span class='ocrx_word' id='word_1_426' title='bbox 1280 4244 1429 4308; x_wconf 85' lang='lat' dir='ltr'><strong><em>dedimus.</em></strong></span> 
     </span>
     <span class='ocr_line' id='line_1_43' title="bbox 395 4330 1715 4415; baseline 0.004 -21"><span class='ocrx_word' id='word_1_427' title='bbox 395 4333 455 4394; x_wconf 87' lang='lat' dir='ltr'><strong><em>mel</em></strong></span> <span class='ocrx_word' id='word_1_428' title='bbox 476 4330 557 4395; x_wconf 77' lang='lat' dir='ltr'><strong><em>{sets</em></strong></span> <span class='ocrx_word' id='word_1_429' title='bbox 575 4353 630 4414; x_wconf 88' lang='lat' dir='ltr'><strong><em>per</em></strong></span> <span class='ocrx_word' id='word_1_430' title='bbox 656 4354 745 4396; x_wconf 90' lang='lat' dir='ltr'><strong><em>unsm</em></strong></span> <span class='ocrx_word' id='word_1_431' title='bbox 768 4333 877 4396; x_wconf 78' lang='lat' dir='ltr'><strong><em>Christi</em></strong></span> <span class='ocrx_word' id='word_1_432' title='bbox 901 4335 1092 4407; x_wconf 80' lang='lat' dir='ltr'><strong><em>ablutionem,</em></strong></span> <span class='ocrx_word' id='word_1_433' title='bbox 1191 4337 1240 4396; x_wconf 83' lang='lat'><strong><em>19.</em></strong></span> <span class='ocrx_word' id='word_1_434' title='bbox 1264 4334 1424 4396; x_wconf 78' lang='lat' dir='ltr'><strong><em>Habentes</em></strong></span> <span class='ocrx_word' id='word_1_435' title='bbox 1443 4337 1569 4412; x_wconf 69' lang='lat' dir='ltr'><strong><em>daque,</em></strong></span> <span class='ocrx_word' id='word_1_436' title='bbox 1596 4335 1715 4415; x_wconf 70' lang='lat' dir='ltr'><strong><em>fraires</em></strong></span> 
     </span>
     <span class='ocr_line' id='line_1_44' title="bbox 396 4417 1715 4500; baseline 0.002 -17"><span class='ocrx_word' id='word_1_437' title='bbox 396 4417 531 4483; x_wconf 73' lang='lat' dir='ltr'><strong><em>excludit</em></strong></span> <span class='ocrx_word' id='word_1_438' title='bbox 558 4440 674 4482; x_wconf 91' lang='lat' dir='ltr'><strong><em>omnem</em></strong></span> <span class='ocrx_word' id='word_1_439' title='bbox 707 4421 796 4482; x_wconf 78' lang='lat' dir='ltr'><strong><em>elium</em></strong></span> <span class='ocrx_word' id='word_1_440' title='bbox 831 4417 1011 4484; x_wconf 75' lang='lat' dir='ltr'><strong><em>oblationem</em></strong></span> <span class='ocrx_word' id='word_1_441' title='bbox 1037 4441 1091 4500; x_wconf 87' lang='lat' dir='ltr'><strong><em>pro</em></strong></span> <span class='ocrx_word' id='word_1_442' title='bbox 1145 4424 1227 4482; x_wconf 87' lang='lat' dir='ltr'><strong><em>eiam</em></strong></span> <span class='ocrx_word' id='word_1_443' title='bbox 1244 4422 1280 4481; x_wconf 92' lang='lat' dir='ltr'><strong><em>in</em></strong></span> <span class='ocrx_word' id='word_1_444' title='bbox 1295 4424 1630 4484; x_wconf 81' lang='lat' dir='ltr'><strong><em>introitusaneiorssm</em></strong></span> <span class='ocrx_word' id='word_1_445' title='bbox 1643 4427 1715 4486; x_wconf 89' lang='lat' dir='ltr'><strong><em>inss</em></strong></span> 
     </span>
     <span class='ocr_line' id='line_1_45' title="bbox 394 4507 1715 4592; baseline 0.004 -23"><span class='ocrx_word' id='word_1_446' title='bbox 394 4508 546 4591; x_wconf 70' lang='lat' dir='ltr'><strong><em>petentis,</em></strong></span> <span class='ocrx_word' id='word_1_447' title='bbox 569 4508 662 4587; x_wconf 77' lang='lat' dir='ltr'><strong><em>igitur</em></strong></span> <span class='ocrx_word' id='word_1_448' title='bbox 677 4517 707 4571; x_wconf 89' lang='lat' dir='ltr'><strong><em>et</em></strong></span> <span class='ocrx_word' id='word_1_449' title='bbox 721 4508 832 4570; x_wconf 89' lang='lat' dir='ltr'><strong><em>misese</em></strong></span> <span class='ocrx_word' id='word_1_450' title='bbox 847 4510 1024 4570; x_wconf 66' lang='lat' dir='ltr'><strong><em>menesium</em></strong></span> <span class='ocrx_word' id='word_1_451' title='bbox 1040 4527 1091 4568; x_wconf 86' lang='lat' dir='ltr'><strong><em>ex·</em></strong></span> <span class='ocrx_word' id='word_1_452' title='bbox 1147 4509 1271 4570; x_wconf 75' lang='lat' dir='ltr'><strong><em>Christi.</em></strong></span> <span class='ocrx_word' id='word_1_453' title='bbox 1295 4507 1426 4571; x_wconf 86' lang='lat' dir='ltr'><strong><em>Grseee:</em></strong></span> <span class='ocrx_word' id='word_1_454' title='bbox 1441 4510 1479 4569; x_wconf 92' lang='lat' dir='ltr'><strong><em>in</em></strong></span> <span class='ocrx_word' id='word_1_455' title='bbox 1493 4509 1666 4574; x_wconf 76' lang='lat' dir='ltr'><strong><em>introitum</em></strong></span> <span class='ocrx_word' id='word_1_456' title='bbox 1673 4553 1685 4588; x_wconf 90' lang='lat'><strong><em>,</em></strong></span> <span class='ocrx_word' id='word_1_457' title='bbox 1701 4529 1715 4592; x_wconf 77' lang='lat' dir='ltr'><strong>q</strong></span> 
     </span>
     <span class='ocr_line' id='line_1_46' title="bbox 395 4594 1715 4677; baseline 0.003 -21"><span class='ocrx_word' id='word_1_458' title='bbox 395 4594 535 4677; x_wconf 87' lang='lat' dir='ltr'><strong><em>ploditur.</em></strong></span> <span class='ocrx_word' id='word_1_459' title='bbox 572 4595 610 4657; x_wconf 93' lang='lat' dir='ltr'><strong><em>In</em></strong></span> <span class='ocrx_word' id='word_1_460' title='bbox 636 4596 739 4676; x_wconf 89' lang='lat' dir='ltr'><strong><em>primis</em></strong></span> <span class='ocrx_word' id='word_1_461' title='bbox 761 4594 945 4675; x_wconf 86' lang='lat' dir='ltr'><strong><em>respondeo,</em></strong></span> <span class='ocrx_word' id='word_1_462' title='bbox 970 4614 1092 4658; x_wconf 86' lang='lat' dir='ltr'><strong><em>sensum</em></strong></span> <span class='ocrx_word' id='word_1_463' title='bbox 1146 4596 1177 4656; x_wconf 82' lang='lat' dir='ltr'><strong><em>S.</em></strong></span> <span class='ocrx_word' id='word_1_464' title='bbox 1194 4594 1328 4657; x_wconf 80' lang='lat' dir='ltr'><strong><em>Thomas</em></strong></span> <span class='ocrx_word' id='word_1_465' title='bbox 1349 4595 1427 4677; x_wconf 78' lang='lat' dir='ltr'><strong><em>legit</em></strong></span> <span class='ocrx_word' id='word_1_466' title='bbox 1442 4600 1470 4659; x_wconf 83' lang='lat'><strong><em>3.</em></strong></span> <span class='ocrx_word' id='word_1_467' title='bbox 1487 4616 1517 4675; x_wconf 89' lang='lat' dir='ltr'><strong><em>p.</em></strong></span> <span class='ocrx_word' id='word_1_468' title='bbox 1532 4606 1655 4677; x_wconf 68' lang='lat' dir='ltr'><strong><em>quaest</em></strong></span> <span class='ocrx_word' id='word_1_469' title='bbox 1681 4597 1715 4670; x_wconf 70' lang='lat'><strong><em>22</em></strong></span> 
     </span>
     <span class='ocr_line' id='line_1_47' title="bbox 396 4681 1715 4764; baseline 0.003 -20"><span class='ocrx_word' id='word_1_470' title='bbox 396 4682 534 4762; x_wconf 79' lang='lat' dir='ltr'><strong><em>Apostoli</em></strong></span> <span class='ocrx_word' id='word_1_471' title='bbox 556 4702 616 4745; x_wconf 93' lang='lat' dir='ltr'><strong><em>non</em></strong></span> <span class='ocrx_word' id='word_1_472' title='bbox 638 4702 729 4764; x_wconf 89' lang='lat' dir='ltr'><strong><em>posse</em></strong></span> <span class='ocrx_word' id='word_1_473' title='bbox 750 4681 831 4743; x_wconf 85' lang='lat' dir='ltr'><strong><em>hune</em></strong></span> <span class='ocrx_word' id='word_1_474' title='bbox 853 4701 935 4757; x_wconf 83' lang='lat' dir='ltr'><strong><em>esse,</em></strong></span> <span class='ocrx_word' id='word_1_475' title='bbox 962 4683 1092 4744; x_wconf 84' lang='lat' dir='ltr'><strong><em>omnium</em></strong></span> <span class='ocrx_word' id='word_1_476' title='bbox 1146 4684 1177 4744; x_wconf 90' lang='lat' dir='ltr'><strong><em>in</em></strong></span> <span class='ocrx_word' id='word_1_477' title='bbox 1193 4703 1217 4742; x_wconf 86' lang='lat' dir='ltr'><strong><em>e.</em></strong></span> <span class='ocrx_word' id='word_1_478' title='bbox 1251 4682 1294 4742; x_wconf 75' lang='lat' dir='ltr'><strong><em>let</em></strong></span> <span class='ocrx_word' id='word_1_479' title='bbox 1310 4683 1449 4764; x_wconf 73' lang='lat' dir='ltr'><strong><em>quamuis</em></strong></span> <span class='ocrx_word' id='word_1_480' title='bbox 1464 4688 1567 4744; x_wconf 81' lang='lat' dir='ltr'><strong><em>textus</em></strong></span> <span class='ocrx_word' id='word_1_481' title='bbox 1583 4687 1653 4763; x_wconf 84' lang='lat' dir='ltr'><strong><em>ejus</em></strong></span> <span class='ocrx_word' id='word_1_482' title='bbox 1668 4704 1715 4748; x_wconf 73' lang='lat' dir='ltr'><strong><em>aas</em></strong></span> 
     </span>
     <span class='ocr_line' id='line_1_48' title="bbox 395 4768 1715 4851; baseline 0.003 -21"><span class='ocrx_word' id='word_1_483' title='bbox 395 4777 586 4849; x_wconf 84' lang='lat' dir='ltr'><strong><em>peeostorum</em></strong></span> <span class='ocrx_word' id='word_1_484' title='bbox 622 4770 844 4843; x_wconf 88' lang='lat' dir='ltr'><strong><em>remissionem,</em></strong></span> <span class='ocrx_word' id='word_1_485' title='bbox 882 4788 1092 4851; x_wconf 76' lang='lat' dir='ltr'><strong><em>quoecumque</em></strong></span> <span class='ocrx_word' id='word_1_486' title='bbox 1146 4771 1189 4829; x_wconf 90' lang='lat' dir='ltr'><strong><em>rio</em></strong></span> <span class='ocrx_word' id='word_1_487' title='bbox 1205 4768 1326 4831; x_wconf 80' lang='lat' dir='ltr'><strong><em>additus</em></strong></span> <span class='ocrx_word' id='word_1_488' title='bbox 1340 4769 1452 4831; x_wconf 75' lang='lat' dir='ltr'><strong><em>hebent</em></strong></span> <span class='ocrx_word' id='word_1_489' title='bbox 1470 4768 1633 4833; x_wconf 75' lang='lat' dir='ltr'><strong><em>lectionem</em></strong></span> <span class='ocrx_word' id='word_1_490' title='bbox 1650 4791 1715 4846; x_wconf 74' lang='lat' dir='ltr'><strong><em>eom</em></strong></span> 
     </span>
     <span class='ocr_line' id='line_1_49' title="bbox 397 4857 1715 4937; baseline 0.006 -21"><span class='ocrx_word' id='word_1_491' title='bbox 397 4858 606 4919; x_wconf 76' lang='lat' dir='ltr'><strong><em>commiserunt</em></strong></span> <span class='ocrx_word' id='word_1_492' title='bbox 620 4868 673 4919; x_wconf 89' lang='lat' dir='ltr'><strong><em>sut</em></strong></span> <span class='ocrx_word' id='word_1_493' title='bbox 696 4859 880 4920; x_wconf 87' lang='lat' dir='ltr'><strong><em>eommittent</em></strong></span> <span class='ocrx_word' id='word_1_494' title='bbox 903 4857 998 4931; x_wconf 77' lang='lat' dir='ltr'><strong><em>electi,</em></strong></span> <span class='ocrx_word' id='word_1_495' title='bbox 1024 4876 1090 4937; x_wconf 90' lang='lat' dir='ltr'><strong><em>pro·</em></strong></span> <span class='ocrx_word' id='word_1_496' title='bbox 1147 4867 1248 4917; x_wconf 86' lang='lat' dir='ltr'><strong><em>temen</em></strong></span> <span class='ocrx_word' id='word_1_497' title='bbox 1263 4857 1491 4919; x_wconf 85' lang='lat' dir='ltr'><strong><em>commentsrius</em></strong></span> <span class='ocrx_word' id='word_1_498' title='bbox 1514 4859 1617 4936; x_wconf 90' lang='lat' dir='ltr'><strong><em>potins</em></strong></span> <span class='ocrx_word' id='word_1_499' title='bbox 1640 4869 1715 4924; x_wconf 78' lang='lat' dir='ltr'><strong><em>sous</em></strong></span> 
     </span>
     <span class='ocr_line' id='line_1_50' title="bbox 396 4941 1715 5027; baseline 0.004 -26"><span class='ocrx_word' id='word_1_500' title='bbox 396 4942 461 5024; x_wconf 87' lang='lat' dir='ltr'><strong><em>prio</em></strong></span> <span class='ocrx_word' id='word_1_501' title='bbox 481 4941 592 5007; x_wconf 68' lang='lat' dir='ltr'><strong><em>iseum</em></strong></span> <span class='ocrx_word' id='word_1_502' title='bbox 615 4953 647 5006; x_wconf 90' lang='lat' dir='ltr'><strong><em>et</em></strong></span> <span class='ocrx_word' id='word_1_503' title='bbox 670 4952 823 5027; x_wconf 72' lang='lat' dir='ltr'><strong><em>pereusm</em></strong></span> <span class='ocrx_word' id='word_1_504' title='bbox 850 4963 916 5006; x_wconf 89' lang='lat' dir='ltr'><strong><em>esse</em></strong></span> <span class='ocrx_word' id='word_1_505' title='bbox 938 4946 969 5008; x_wconf 92' lang='lat' dir='ltr'><strong><em>in</em></strong></span> <span class='ocrx_word' id='word_1_506' title='bbox 995 4964 1092 5006; x_wconf 89' lang='lat' dir='ltr'><strong><em>ornoe.</em></strong></span> <span class='ocrx_word' id='word_1_507' title='bbox 1148 4945 1246 5018; x_wconf 82' lang='lat' dir='ltr'><strong><em>illem,</em></strong></span> <span class='ocrx_word' id='word_1_508' title='bbox 1262 4964 1340 5025; x_wconf 84' lang='lat' dir='ltr'><strong><em>quse</em></strong></span> <span class='ocrx_word' id='word_1_509' title='bbox 1354 4943 1444 5006; x_wconf 80' lang='lat' dir='ltr'><strong><em>hebet</em></strong></span> <span class='ocrx_word' id='word_1_510' title='bbox 1458 4953 1600 5025; x_wconf 75' lang='lat' dir='ltr'><strong><em>quartum</em></strong></span> <span class='ocrx_word' id='word_1_511' title='bbox 1615 4963 1715 5012; x_wconf 73' lang='lat' dir='ltr'><strong><em>ensem</em></strong></span> 
     </span>
     <span class='ocr_line' id='line_1_51' title="bbox 398 5029 1715 5126; baseline 0.002 -34"><span class='ocrx_word' id='word_1_512' title='bbox 398 5030 497 5113; x_wconf 75' lang='lat' dir='ltr'><strong><em>Quem</em></strong></span> <span class='ocrx_word' id='word_1_513' title='bbox 518 5032 612 5096; x_wconf 87' lang='lat' dir='ltr'><strong><em>mults</em></strong></span> <span class='ocrx_word' id='word_1_514' title='bbox 634 5034 712 5118; x_wconf 83' lang='lat' dir='ltr'><strong><em>enim</em></strong></span> <span class='ocrx_word' id='word_1_515' title='bbox 734 5032 858 5096; x_wconf 75' lang='lat' dir='ltr'><strong><em>remisso</em></strong></span> <span class='ocrx_word' id='word_1_516' title='bbox 879 5030 1001 5096; x_wconf 81' lang='lat' dir='ltr'><strong><em>fuerunt</em></strong></span> <span class='ocrx_word' id='word_1_517' title='bbox 1023 5040 1094 5094; x_wconf 88' lang='lat' dir='ltr'><strong><em>snte</em></strong></span> <span class='ocrx_word' id='word_1_518' title='bbox 1188 5031 1237 5093; x_wconf 87' lang='lat' dir='ltr'><strong><em>Ab</em></strong></span> <span class='ocrx_word' id='word_1_519' title='bbox 1252 5030 1308 5093; x_wconf 89' lang='lat' dir='ltr'><strong><em>boo</em></strong></span> <span class='ocrx_word' id='word_1_520' title='bbox 1323 5030 1388 5093; x_wconf 88' lang='lat' dir='ltr'><strong><em>looo</em></strong></span> <span class='ocrx_word' id='word_1_521' title='bbox 1411 5031 1516 5094; x_wconf 78' lang='lat' dir='ltr'><strong><em>tertius</em></strong></span> <span class='ocrx_word' id='word_1_522' title='bbox 1538 5031 1645 5118; x_wconf 80' lang='lat' dir='ltr'><strong><em>insipit</em></strong></span> <span class='ocrx_word' id='word_1_523' title='bbox 1663 5029 1715 5126; x_wconf 55' lang='grc' dir='ltr'><strong><em>Ν</em></strong></span> 
     </span>
    </p>
   </div>
   <div class='ocr_carea' id='block_1_3' title="bbox 0 0 2229 5825">
    <p class='ocr_par' dir='ltr' id='par_1_3' title="bbox 0 0 2229 5825">
     <span class='ocr_line' id='line_1_52' title="bbox 0 0 2229 5825; baseline 0 0"><span class='ocrx_word' id='word_1_524' title='bbox 0 0 2229 5825; x_wconf 95' lang='lat' dir='ltr'><strong><em> </em></strong></span> 
     </span>
    </p>
   </div>
  </div>
 </body>
</html>
