<?xml version="1.0" encoding="UTF-8"?>
<!DOCTYPE html PUBLIC "-//W3C//DTD XHTML 1.0 Transitional//EN"
    "http://www.w3.org/TR/xhtml1/DTD/xhtml1-transitional.dtd">
<html xmlns="http://www.w3.org/1999/xhtml" xml:lang="en" lang="en">
 <head>
  <title>
</title>
<meta http-equiv="Content-Type" content="text/html;charset=utf-8" />
  <meta name='ocr-system' content='tesseract 3.04.00' />
  <meta name='ocr-capabilities' content='ocr_page ocr_carea ocr_par ocr_line ocrx_word'/>
</head>
<body>
  <div class='ocr_page' id='page_1' title='image "./guilielmiestiii01estigoog_0797.png"; bbox 0 0 4442 5825; ppageno 0'>
   <div class='ocr_carea' id='block_1_1' title="bbox 739 587 1459 647">
    <p class='ocr_par' dir='ltr' id='par_1_1' title="bbox 739 587 1459 647">
     <span class='ocr_line' id='line_1_1' title="bbox 739 587 1459 647; baseline -0.003 -2"><span class='ocrx_word' id='word_1_1' title='bbox 739 589 772 645; x_wconf 79' lang='lat' dir='ltr'><strong>nt</strong></span> <span class='ocrx_word' id='word_1_2' title='bbox 787 589 999 645; x_wconf 71' lang='lat' dir='ltr'><strong>statumen.</strong></span> <span class='ocrx_word' id='word_1_3' title='bbox 1016 588 1104 647; x_wconf 66' lang='grc' dir='ltr'><strong>ΜΠ</strong></span> <span class='ocrx_word' id='word_1_4' title='bbox 1119 587 1253 646; x_wconf 65' lang='lat' dir='ltr'><strong>taam.</strong></span> <span class='ocrx_word' id='word_1_5' title='bbox 1271 587 1357 643; x_wconf 79' lang='lat' dir='ltr'><strong>tttts.</strong></span> <span class='ocrx_word' id='word_1_6' title='bbox 1369 588 1459 644; x_wconf 70' lang='grc'><strong>8.-8.</strong></span> 
     </span>
    </p>
   </div>
   <div class='ocr_carea' id='block_1_2' title="bbox 312 767 1075 4211">
    <p class='ocr_par' dir='ltr' id='par_1_2' title="bbox 373 767 1075 1346">
     <span class='ocr_line' id='line_1_2' title="bbox 376 767 1073 848; baseline -0.001 -20"><span class='ocrx_word' id='word_1_7' title='bbox 376 775 516 828; x_wconf 83' lang='lat' dir='ltr'><strong>nstnrao.</strong></span> <span class='ocrx_word' id='word_1_8' title='bbox 539 767 657 828; x_wconf 81' lang='lat' dir='ltr'><strong>Iudicat</strong></span> <span class='ocrx_word' id='word_1_9' title='bbox 681 768 787 848; x_wconf 87' lang='lat' dir='ltr'><strong>potins,</strong></span> <span class='ocrx_word' id='word_1_10' title='bbox 810 786 900 847; x_wconf 86' lang='lat' dir='ltr'><strong>qnam</strong></span> <span class='ocrx_word' id='word_1_11' title='bbox 923 769 1073 848; x_wconf 75' lang='lat' dir='ltr'><strong>exprimat</strong></span> 
     </span>
     <span class='ocr_line' id='line_1_3' title="bbox 377 854 1074 934; baseline -0.003 -19"><span class='ocrx_word' id='word_1_12' title='bbox 377 854 458 915; x_wconf 89' lang='lat' dir='ltr'><strong>hane</strong></span> <span class='ocrx_word' id='word_1_13' title='bbox 485 857 705 932; x_wconf 70' lang='lat' dir='ltr'>expositionem</span> <span class='ocrx_word' id='word_1_14' title='bbox 734 856 863 915; x_wconf 86' lang='lat' dir='ltr'><strong>Liraous</strong></span> <span class='ocrx_word' id='word_1_15' title='bbox 889 857 990 934; x_wconf 89' lang='lat' dir='ltr'><strong>priore</strong></span> <span class='ocrx_word' id='word_1_16' title='bbox 1015 873 1074 914; x_wconf 81' lang='lat' dir='ltr'><strong>aaa</strong></span> 
     </span>
     <span class='ocr_line' id='line_1_4' title="bbox 375 942 1075 1020; baseline 0 -21"><span class='ocrx_word' id='word_1_17' title='bbox 375 942 634 1020; x_wconf 64' lang='lat' dir='ltr'><strong>interpretatione.</strong></span> <span class='ocrx_word' id='word_1_18' title='bbox 659 943 784 1001; x_wconf 87' lang='lat' dir='ltr'><strong>Praeter</strong></span> <span class='ocrx_word' id='word_1_19' title='bbox 796 942 873 1001; x_wconf 88' lang='lat' dir='ltr'><strong>hano</strong></span> <span class='ocrx_word' id='word_1_20' title='bbox 888 956 987 1002; x_wconf 89' lang='lat' dir='ltr'><strong>autom</strong></span> <span class='ocrx_word' id='word_1_21' title='bbox 1004 951 1075 1000; x_wconf 88' lang='lat' dir='ltr'><strong>sunt</strong></span> 
     </span>
     <span class='ocr_line' id='line_1_5' title="bbox 375 1026 1072 1108; baseline 0 -22"><span class='ocrx_word' id='word_1_22' title='bbox 375 1026 456 1086; x_wconf 87' lang='lat' dir='ltr'><strong>duae</strong></span> <span class='ocrx_word' id='word_1_23' title='bbox 487 1039 540 1086; x_wconf 90' lang='lat' dir='ltr'><strong>ant</strong></span> <span class='ocrx_word' id='word_1_24' title='bbox 573 1039 634 1087; x_wconf 89' lang='lat' dir='ltr'><strong>tres</strong></span> <span class='ocrx_word' id='word_1_25' title='bbox 671 1027 765 1101; x_wconf 85' lang='lat' dir='ltr'><strong>alias,</strong></span> <span class='ocrx_word' id='word_1_26' title='bbox 802 1029 900 1087; x_wconf 88' lang='lat' dir='ltr'><strong>minus</strong></span> <span class='ocrx_word' id='word_1_27' title='bbox 934 1027 1072 1108; x_wconf 86' lang='lat' dir='ltr'><strong>probabi·</strong></span> 
     </span>
     <span class='ocr_line' id='line_1_6' title="bbox 374 1113 1072 1193; baseline 0.001 -22"><span class='ocrx_word' id='word_1_28' title='bbox 374 1113 427 1185; x_wconf 87' lang='lat' dir='ltr'><strong>les,</strong></span> <span class='ocrx_word' id='word_1_29' title='bbox 451 1132 525 1193; x_wconf 87' lang='lat' dir='ltr'><strong>quas</strong></span> <span class='ocrx_word' id='word_1_30' title='bbox 548 1115 726 1188; x_wconf 79' lang='lat' dir='ltr'><strong>omittimns3</strong></span> <span class='ocrx_word' id='word_1_31' title='bbox 750 1135 809 1173; x_wconf 87' lang='lat' dir='ltr'><strong>nna</strong></span> <span class='ocrx_word' id='word_1_32' title='bbox 830 1113 910 1193; x_wconf 85' lang='lat' dir='ltr'><strong>apud</strong></span> <span class='ocrx_word' id='word_1_33' title='bbox 926 1114 1072 1175; x_wconf 87' lang='lat' dir='ltr'><strong>Oecume·</strong></span> 
     </span>
     <span class='ocr_line' id='line_1_7' title="bbox 373 1199 1072 1282; baseline -0.001 -22"><span class='ocrx_word' id='word_1_34' title='bbox 373 1203 472 1270; x_wconf 88' lang='lat' dir='ltr'><strong>nium,</strong></span> <span class='ocrx_word' id='word_1_35' title='bbox 498 1201 633 1282; x_wconf 85' lang='lat' dir='ltr'><strong>reliquae</strong></span> <span class='ocrx_word' id='word_1_36' title='bbox 659 1199 739 1281; x_wconf 86' lang='lat' dir='ltr'><strong>apurl</strong></span> <span class='ocrx_word' id='word_1_37' title='bbox 761 1203 905 1261; x_wconf 85' lang='lat' dir='ltr'><strong>Lirsnum</strong></span> <span class='ocrx_word' id='word_1_38' title='bbox 932 1212 963 1261; x_wconf 89' lang='lat' dir='ltr'><strong>st</strong></span> <span class='ocrx_word' id='word_1_39' title='bbox 988 1200 1072 1260; x_wconf 80' lang='lat' dir='ltr'><strong>&#39;Pho-</strong></span> 
     </span>
     <span class='ocr_line' id='line_1_8' title="bbox 373 1295 527 1346; baseline -0.006 0"><span class='ocrx_word' id='word_1_40' title='bbox 373 1295 527 1346; x_wconf 63' lang='lat' dir='ltr'><strong>maehum.</strong></span> 
     </span>
    </p>

    <p class='ocr_par' dir='ltr' id='par_1_3' title="bbox 360 1373 1070 3603">
     <span class='ocr_line' id='line_1_9' title="bbox 417 1373 1070 1450; baseline 0 -16"><span class='ocrx_word' id='word_1_41' title='bbox 417 1376 447 1434; x_wconf 79' lang='grc'><strong>4.</strong></span> <span class='ocrx_word' id='word_1_42' title='bbox 473 1373 606 1434; x_wconf 82' lang='lat' dir='ltr'><strong>Gaoisus</strong></span> <span class='ocrx_word' id='word_1_43' title='bbox 627 1393 696 1434; x_wconf 88' lang='lat' dir='ltr'><strong>snm</strong></span> <span class='ocrx_word' id='word_1_44' title='bbox 720 1373 824 1449; x_wconf 83' lang='lat' dir='ltr'><strong>valde,</strong></span> <span class='ocrx_word' id='word_1_45' title='bbox 847 1375 1000 1450; x_wconf 84' lang='lat' dir='ltr'><strong>qnoniam</strong></span> <span class='ocrx_word' id='word_1_46' title='bbox 1016 1376 1070 1434; x_wconf 91' lang='lat' dir='ltr'><strong>in·</strong></span> 
     </span>
     <span class='ocr_line' id='line_1_10' title="bbox 372 1460 1067 1537; baseline 0.001 -18"><span class='ocrx_word' id='word_1_47' title='bbox 372 1463 448 1520; x_wconf 86' lang='lat' dir='ltr'><strong>veni</strong></span> <span class='ocrx_word' id='word_1_48' title='bbox 459 1460 497 1518; x_wconf 78' lang='lat' dir='ltr'><strong>ule</strong></span> <span class='ocrx_word' id='word_1_49' title='bbox 507 1461 583 1537; x_wconf 74' lang='lat' dir='ltr'><strong>{iliis</strong></span> <span class='ocrx_word' id='word_1_50' title='bbox 594 1464 656 1519; x_wconf 88' lang='lat' dir='ltr'><strong>tuis</strong></span> <span class='ocrx_word' id='word_1_51' title='bbox 668 1460 867 1520; x_wconf 75' lang='lat' dir='ltr'><strong>ambulantes</strong></span> <span class='ocrx_word' id='word_1_52' title='bbox 875 1465 911 1521; x_wconf 88' lang='lat' dir='ltr'><strong>in</strong></span> <span class='ocrx_word' id='word_1_53' title='bbox 923 1464 1067 1535; x_wconf 86' lang='lat' dir='ltr'><strong>veritate,</strong></span> 
     </span>
     <span class='ocr_line' id='line_1_11' title="bbox 371 1548 1067 1622; baseline 0.003 -16"><span class='ocrx_word' id='word_1_54' title='bbox 371 1550 452 1606; x_wconf 72' lang='lat' dir='ltr'><strong>nont</strong></span> <span class='ocrx_word' id='word_1_55' title='bbox 486 1548 676 1608; x_wconf 83' lang='lat' dir='ltr'><strong>mundatum</strong></span> <span class='ocrx_word' id='word_1_56' title='bbox 708 1551 884 1622; x_wconf 82' lang='lat' dir='ltr'><strong>accepimus</strong></span> <span class='ocrx_word' id='word_1_57' title='bbox 913 1566 935 1606; x_wconf 87' lang='lat' dir='ltr'><strong>a</strong></span> <span class='ocrx_word' id='word_1_58' title='bbox 960 1549 1067 1608; x_wconf 86' lang='lat' dir='ltr'><strong>Patre.</strong></span> 
     </span>
     <span class='ocr_line' id='line_1_12' title="bbox 372 1632 1067 1712; baseline 0.003 -20"><span class='ocrx_word' id='word_1_59' title='bbox 372 1632 559 1712; x_wconf 79' lang='lat' dir='ltr'><strong>Aggreditnr</strong></span> <span class='ocrx_word' id='word_1_60' title='bbox 581 1633 745 1712; x_wconf 75' lang='lat' dir='ltr'><strong>Apostolus</strong></span> <span class='ocrx_word' id='word_1_61' title='bbox 773 1634 884 1693; x_wconf 89' lang='lat' dir='ltr'><strong>hortari</strong></span> <span class='ocrx_word' id='word_1_62' title='bbox 910 1633 1067 1694; x_wconf 79' lang='lat' dir='ltr'><strong>mulierem</strong></span> 
     </span>
     <span class='ocr_line' id='line_1_13' title="bbox 372 1720 1066 1800; baseline 0.001 -21"><span class='ocrx_word' id='word_1_63' title='bbox 372 1722 462 1779; x_wconf 86' lang='lat' dir='ltr'><strong>istam</strong></span> <span class='ocrx_word' id='word_1_64' title='bbox 485 1720 615 1780; x_wconf 87' lang='lat' dir='ltr'><strong>nobilem</strong></span> <span class='ocrx_word' id='word_1_65' title='bbox 631 1720 832 1781; x_wconf 83' lang='lat' dir='ltr'><strong>Christianam</strong></span> <span class='ocrx_word' id='word_1_66' title='bbox 856 1729 886 1780; x_wconf 89' lang='lat' dir='ltr'><strong>et</strong></span> <span class='ocrx_word' id='word_1_67' title='bbox 900 1720 976 1779; x_wconf 88' lang='lat' dir='ltr'><strong>tilios</strong></span> <span class='ocrx_word' id='word_1_68' title='bbox 992 1723 1066 1800; x_wconf 89' lang='lat' dir='ltr'><strong>ojus,</strong></span> 
     </span>
     <span class='ocr_line' id='line_1_14' title="bbox 371 1806 1064 1886; baseline 0.006 -22"><span class='ocrx_word' id='word_1_69' title='bbox 371 1815 407 1865; x_wconf 90' lang='lat' dir='ltr'><strong>ut</strong></span> <span class='ocrx_word' id='word_1_70' title='bbox 423 1807 453 1865; x_wconf 89' lang='lat' dir='ltr'><strong>in</strong></span> <span class='ocrx_word' id='word_1_71' title='bbox 469 1817 551 1867; x_wconf 88' lang='lat' dir='ltr'><strong>recta</strong></span> <span class='ocrx_word' id='word_1_72' title='bbox 567 1806 605 1867; x_wconf 89' lang='lat' dir='ltr'><strong>de</strong></span> <span class='ocrx_word' id='word_1_73' title='bbox 617 1808 734 1867; x_wconf 83' lang='lat' dir='ltr'><strong>Christo</strong></span> <span class='ocrx_word' id='word_1_74' title='bbox 747 1806 805 1867; x_wconf 87' lang='lat' dir='ltr'><strong>tide</strong></span> <span class='ocrx_word' id='word_1_75' title='bbox 816 1817 986 1867; x_wconf 73' lang='lat' dir='ltr'><strong>constanter</strong></span> <span class='ocrx_word' id='word_1_76' title='bbox 998 1828 1064 1886; x_wconf 84' lang='lat' dir='ltr'><strong>per-</strong></span> 
     </span>
     <span class='ocr_line' id='line_1_15' title="bbox 370 1893 1066 1973; baseline 0.003 -22"><span class='ocrx_word' id='word_1_77' title='bbox 370 1903 527 1966; x_wconf 79' lang='lat' dir='ltr'><strong>maneant,</strong></span> <span class='ocrx_word' id='word_1_78' title='bbox 552 1906 647 1973; x_wconf 87' lang='lat' dir='ltr'><strong>atque</strong></span> <span class='ocrx_word' id='word_1_79' title='bbox 673 1900 703 1953; x_wconf 89' lang='lat' dir='ltr'><strong>in</strong></span> <span class='ocrx_word' id='word_1_80' title='bbox 727 1912 800 1953; x_wconf 80' lang='lat' dir='ltr'><strong>sera</strong></span> <span class='ocrx_word' id='word_1_81' title='bbox 822 1913 894 1971; x_wconf 80' lang='lat' dir='ltr'><strong>erga</strong></span> <span class='ocrx_word' id='word_1_82' title='bbox 915 1893 1015 1953; x_wconf 88' lang='lat' dir='ltr'><strong>Deum</strong></span> <span class='ocrx_word' id='word_1_83' title='bbox 1034 1905 1066 1954; x_wconf 87' lang='lat' dir='ltr'><strong>et</strong></span> 
     </span>
     <span class='ocr_line' id='line_1_16' title="bbox 370 1980 1065 2056; baseline 0.004 -19"><span class='ocrx_word' id='word_1_84' title='bbox 370 1980 523 2056; x_wconf 89' lang='lat' dir='ltr'><strong>proximos</strong></span> <span class='ocrx_word' id='word_1_85' title='bbox 536 1982 670 2041; x_wconf 87' lang='lat' dir='ltr'><strong>caritate.</strong></span> <span class='ocrx_word' id='word_1_86' title='bbox 694 1981 864 2039; x_wconf 82' lang='lat' dir='ltr'><strong>Praemittit</strong></span> <span class='ocrx_word' id='word_1_87' title='bbox 879 1991 980 2040; x_wconf 85' lang='lat' dir='ltr'><strong>sutoro</strong></span> <span class='ocrx_word' id='word_1_88' title='bbox 997 1980 1065 2040; x_wconf 89' lang='lat' dir='ltr'><strong>huie</strong></span> 
     </span>
     <span class='ocr_line' id='line_1_17' title="bbox 369 2066 1063 2146; baseline 0 -20"><span class='ocrx_word' id='word_1_89' title='bbox 369 2067 574 2127; x_wconf 79' lang='lat' dir='ltr'><strong>exhortationi</strong></span> <span class='ocrx_word' id='word_1_90' title='bbox 589 2067 707 2127; x_wconf 87' lang='lat' dir='ltr'><strong>laudem</strong></span> <span class='ocrx_word' id='word_1_91' title='bbox 721 2086 831 2139; x_wconf 81' lang='lat' dir='ltr'><strong>sorum,</strong></span> <span class='ocrx_word' id='word_1_92' title='bbox 847 2076 877 2125; x_wconf 92' lang='lat' dir='ltr'><strong>ut</strong></span> <span class='ocrx_word' id='word_1_93' title='bbox 894 2068 947 2146; x_wconf 87' lang='lat' dir='ltr'><strong>qui</strong></span> <span class='ocrx_word' id='word_1_94' title='bbox 962 2066 1063 2127; x_wconf 85' lang='lat' dir='ltr'><strong>hacta·</strong></span> 
     </span>
     <span class='ocr_line' id='line_1_18' title="bbox 367 2153 1063 2233; baseline -0.001 -20"><span class='ocrx_word' id='word_1_95' title='bbox 367 2172 426 2213; x_wconf 89' lang='lat' dir='ltr'><strong>nns</strong></span> <span class='ocrx_word' id='word_1_96' title='bbox 446 2155 477 2213; x_wconf 91' lang='lat' dir='ltr'><strong>in</strong></span> <span class='ocrx_word' id='word_1_97' title='bbox 500 2154 558 2214; x_wconf 84' lang='lat' dir='ltr'><strong>tide</strong></span> <span class='ocrx_word' id='word_1_98' title='bbox 574 2162 604 2214; x_wconf 88' lang='lat' dir='ltr'><strong>ot</strong></span> <span class='ocrx_word' id='word_1_99' title='bbox 619 2153 787 2213; x_wconf 83' lang='lat' dir='ltr'><strong>Christiana</strong></span> <span class='ocrx_word' id='word_1_100' title='bbox 809 2154 934 2213; x_wconf 84' lang='lat' dir='ltr'><strong>caritate</strong></span> <span class='ocrx_word' id='word_1_101' title='bbox 960 2155 1063 2233; x_wconf 87' lang='lat' dir='ltr'><strong>persti-</strong></span> 
     </span>
     <span class='ocr_line' id='line_1_19' title="bbox 366 2239 1063 2320; baseline 0.004 -22"><span class='ocrx_word' id='word_1_102' title='bbox 366 2239 484 2300; x_wconf 77' lang='lat' dir='ltr'><strong>tineent.</strong></span> <span class='ocrx_word' id='word_1_103' title='bbox 508 2240 619 2300; x_wconf 84' lang='lat' dir='ltr'><strong>Verum</strong></span> <span class='ocrx_word' id='word_1_104' title='bbox 643 2241 718 2300; x_wconf 89' lang='lat' dir='ltr'><strong>hano</strong></span> <span class='ocrx_word' id='word_1_105' title='bbox 742 2242 837 2320; x_wconf 88' lang='lat' dir='ltr'><strong>ipsam</strong></span> <span class='ocrx_word' id='word_1_106' title='bbox 860 2239 980 2299; x_wconf 86' lang='lat' dir='ltr'><strong>landem</strong></span> <span class='ocrx_word' id='word_1_107' title='bbox 1003 2261 1063 2301; x_wconf 91' lang='lat' dir='ltr'><strong>non</strong></span> 
     </span>
     <span class='ocr_line' id='line_1_20' title="bbox 365 2325 1063 2404; baseline 0.003 -20"><span class='ocrx_word' id='word_1_108' title='bbox 365 2325 552 2386; x_wconf 85' lang='lat' dir='ltr'><strong>laudationis</strong></span> <span class='ocrx_word' id='word_1_109' title='bbox 575 2327 678 2398; x_wconf 83' lang='lat' dir='ltr'><strong>forma,</strong></span> <span class='ocrx_word' id='word_1_110' title='bbox 702 2326 755 2387; x_wconf 86' lang='lat' dir='ltr'><strong>aad</strong></span> <span class='ocrx_word' id='word_1_111' title='bbox 779 2346 851 2386; x_wconf 86' lang='lat' dir='ltr'><strong>snae</strong></span> <span class='ocrx_word' id='word_1_112' title='bbox 874 2327 1063 2404; x_wconf 78' lang='lat' dir='ltr'><strong>congratula-</strong></span> 
     </span>
     <span class='ocr_line' id='line_1_21' title="bbox 365 2414 1061 2491; baseline 0.003 -20"><span class='ocrx_word' id='word_1_113' title='bbox 365 2414 465 2482; x_wconf 89' lang='lat' dir='ltr'><strong>tionis,</strong></span> <span class='ocrx_word' id='word_1_114' title='bbox 487 2423 517 2471; x_wconf 90' lang='lat' dir='ltr'><strong>et</strong></span> <span class='ocrx_word' id='word_1_115' title='bbox 539 2415 647 2474; x_wconf 84' lang='lat' dir='ltr'><strong>tacitae</strong></span> <span class='ocrx_word' id='word_1_116' title='bbox 668 2414 707 2474; x_wconf 84' lang='lat' dir='ltr'><strong>orl</strong></span> <span class='ocrx_word' id='word_1_117' title='bbox 723 2415 820 2472; x_wconf 87' lang='lat' dir='ltr'><strong>Deum</strong></span> <span class='ocrx_word' id='word_1_118' title='bbox 836 2414 998 2491; x_wconf 79' lang='lat' dir='ltr'><strong>gratiarnm</strong></span> <span class='ocrx_word' id='word_1_119' title='bbox 1013 2433 1061 2473; x_wconf 91' lang='lat' dir='ltr'><strong>ac·</strong></span> 
     </span>
     <span class='ocr_line' id='line_1_22' title="bbox 365 2499 1062 2579; baseline 0.003 -21"><span class='ocrx_word' id='word_1_120' title='bbox 365 2500 458 2559; x_wconf 88' lang='lat' dir='ltr'><strong>tionis</strong></span> <span class='ocrx_word' id='word_1_121' title='bbox 481 2502 581 2577; x_wconf 88' lang='lat' dir='ltr'><strong>specio</strong></span> <span class='ocrx_word' id='word_1_122' title='bbox 605 2502 752 2579; x_wconf 85' lang='lat' dir='ltr'><strong>proponit.</strong></span> <span class='ocrx_word' id='word_1_123' title='bbox 783 2499 824 2559; x_wconf 86' lang='lat' dir='ltr'><strong>ld·</strong></span> <span class='ocrx_word' id='word_1_124' title='bbox 844 2499 925 2578; x_wconf 81' lang='lat' dir='ltr'><strong>quod</strong></span> <span class='ocrx_word' id='word_1_125' title='bbox 949 2503 1006 2579; x_wconf 85' lang='lat' dir='ltr'><strong>piis</strong></span> <span class='ocrx_word' id='word_1_126' title='bbox 1030 2508 1062 2560; x_wconf 88' lang='lat' dir='ltr'><strong>et</strong></span> 
     </span>
     <span class='ocr_line' id='line_1_23' title="bbox 365 2585 1060 2666; baseline 0 -20"><span class='ocrx_word' id='word_1_127' title='bbox 365 2585 563 2666; x_wconf 84' lang='lat' dir='ltr'><strong>prudentihns</strong></span> <span class='ocrx_word' id='word_1_128' title='bbox 592 2587 762 2646; x_wconf 79' lang='lat' dir='ltr'><strong>iaciendum</strong></span> <span class='ocrx_word' id='word_1_129' title='bbox 793 2596 853 2659; x_wconf 79' lang='lat' dir='ltr'><strong>rat,</strong></span> <span class='ocrx_word' id='word_1_130' title='bbox 883 2585 954 2647; x_wconf 82' lang='lat' dir='ltr'><strong>dnm</strong></span> <span class='ocrx_word' id='word_1_131' title='bbox 984 2587 1060 2647; x_wconf 84' lang='lat' dir='ltr'><strong>alios</strong></span> 
     </span>
     <span class='ocr_line' id='line_1_24' title="bbox 363 2671 1062 2753; baseline 0.003 -22"><span class='ocrx_word' id='word_1_132' title='bbox 363 2671 501 2746; x_wconf 86' lang='lat' dir='ltr'><strong>landant,</strong></span> <span class='ocrx_word' id='word_1_133' title='bbox 523 2681 558 2732; x_wconf 87' lang='lat' dir='ltr'><strong>nt</strong></span> <span class='ocrx_word' id='word_1_134' title='bbox 572 2692 671 2752; x_wconf 73' lang='lat' dir='ltr'><strong>noune</strong></span> <span class='ocrx_word' id='word_1_135' title='bbox 693 2673 887 2732; x_wconf 84' lang='lat' dir='ltr'><strong>tentationem</strong></span> <span class='ocrx_word' id='word_1_136' title='bbox 903 2674 1062 2753; x_wconf 88' lang='lat' dir='ltr'><strong>superbiae</strong></span> 
     </span>
     <span class='ocr_line' id='line_1_25' title="bbox 367 2757 1059 2839; baseline 0 -21"><span class='ocrx_word' id='word_1_137' title='bbox 367 2760 405 2818; x_wconf 86' lang='lat' dir='ltr'><strong>iis</strong></span> <span class='ocrx_word' id='word_1_138' title='bbox 421 2769 530 2833; x_wconf 78' lang='lat' dir='ltr'><strong>omont,</strong></span> <span class='ocrx_word' id='word_1_139' title='bbox 546 2779 646 2839; x_wconf 85' lang='lat' dir='ltr'><strong>neque</strong></span> <span class='ocrx_word' id='word_1_140' title='bbox 662 2757 762 2818; x_wconf 79' lang='lat' dir='ltr'><strong>divina</strong></span> <span class='ocrx_word' id='word_1_141' title='bbox 777 2757 920 2821; x_wconf 88' lang='lat' dir='ltr'><strong>beneficia</strong></span> <span class='ocrx_word' id='word_1_142' title='bbox 937 2760 1059 2819; x_wconf 90' lang='lat' dir='ltr'><strong>homiui·</strong></span> 
     </span>
     <span class='ocr_line' id='line_1_26' title="bbox 363 2845 1062 2926; baseline 0.001 -21"><span class='ocrx_word' id='word_1_143' title='bbox 363 2845 437 2918; x_wconf 88' lang='lat' dir='ltr'><strong>bns,</strong></span> <span class='ocrx_word' id='word_1_144' title='bbox 463 2846 531 2905; x_wconf 85' lang='lat' dir='ltr'><strong>Duo</strong></span> <span class='ocrx_word' id='word_1_145' title='bbox 557 2847 734 2926; x_wconf 79' lang='lat' dir='ltr'><strong>praeterito,</strong></span> <span class='ocrx_word' id='word_1_146' title='bbox 761 2845 943 2907; x_wconf 82' lang='lat' dir='ltr'><strong>adscribunt.</strong></span> <span class='ocrx_word' id='word_1_147' title='bbox 979 2847 1062 2908; x_wconf 82' lang='lat' dir='ltr'><strong>Dicit</strong></span> 
     </span>
     <span class='ocr_line' id='line_1_27' title="bbox 362 2934 1060 3015; baseline 0.003 -22"><span class='ocrx_word' id='word_1_148' title='bbox 362 2953 452 3012; x_wconf 81' lang='lat' dir='ltr'><strong>ergo:</strong></span> <span class='ocrx_word' id='word_1_149' title='bbox 477 2934 610 2995; x_wconf 77' lang='lat' dir='ltr'><strong>Gavisrn</strong></span> <span class='ocrx_word' id='word_1_150' title='bbox 624 2954 693 2995; x_wconf 85' lang='lat' dir='ltr'><strong>sum</strong></span> <span class='ocrx_word' id='word_1_151' title='bbox 710 2935 812 3008; x_wconf 77' lang='lat' dir='ltr'><strong>valde,</strong></span> <span class='ocrx_word' id='word_1_152' title='bbox 830 2936 934 3013; x_wconf 90' lang='lat' dir='ltr'><strong>utiquo</strong></span> <span class='ocrx_word' id='word_1_153' title='bbox 949 2934 1060 3015; x_wconf 78' lang='lat' dir='ltr'><strong>gaudio</strong></span> 
     </span>
     <span class='ocr_line' id='line_1_28' title="bbox 362 3020 1061 3100; baseline 0.006 -21"><span class='ocrx_word' id='word_1_154' title='bbox 362 3020 503 3099; x_wconf 86' lang='lat' dir='ltr'><strong>spiritali,</strong></span> <span class='ocrx_word' id='word_1_155' title='bbox 523 3020 643 3099; x_wconf 78' lang='lat' dir='ltr'><strong>gaudio,</strong></span> <span class='ocrx_word' id='word_1_156' title='bbox 668 3020 745 3100; x_wconf 87' lang='lat' dir='ltr'><strong>qnorl</strong></span> <span class='ocrx_word' id='word_1_157' title='bbox 762 3023 799 3080; x_wconf 85' lang='lat' dir='ltr'><strong>sit</strong></span> <span class='ocrx_word' id='word_1_158' title='bbox 816 3021 845 3080; x_wconf 91' lang='lat' dir='ltr'><strong>in</strong></span> <span class='ocrx_word' id='word_1_159' title='bbox 862 3021 1002 3094; x_wconf 86' lang='lat' dir='ltr'><strong>Domino,</strong></span> <span class='ocrx_word' id='word_1_160' title='bbox 1027 3032 1061 3083; x_wconf 86' lang='lat' dir='ltr'><strong>nt</strong></span> 
     </span>
     <span class='ocr_line' id='line_1_29' title="bbox 363 3107 1059 3188; baseline 0.003 -21"><span class='ocrx_word' id='word_1_161' title='bbox 363 3108 503 3187; x_wconf 76' lang='lat' dir='ltr'><strong>Apostoli</strong></span> <span class='ocrx_word' id='word_1_162' title='bbox 528 3108 624 3167; x_wconf 87' lang='lat' dir='ltr'><strong>solent</strong></span> <span class='ocrx_word' id='word_1_163' title='bbox 647 3107 738 3187; x_wconf 89' lang='lat' dir='ltr'><strong>loqui,</strong></span> <span class='ocrx_word' id='word_1_164' title='bbox 762 3107 792 3168; x_wconf 83' lang='lat' dir='ltr'><strong>id</strong></span> <span class='ocrx_word' id='word_1_165' title='bbox 814 3119 867 3181; x_wconf 87' lang='lat' dir='ltr'><strong>est,</strong></span> <span class='ocrx_word' id='word_1_166' title='bbox 889 3110 999 3188; x_wconf 80' lang='lat' dir='ltr'><strong>gaudio</strong></span> <span class='ocrx_word' id='word_1_167' title='bbox 1022 3108 1059 3169; x_wconf 87' lang='lat' dir='ltr'><strong>de</strong></span> 
     </span>
     <span class='ocr_line' id='line_1_30' title="bbox 361 3194 1059 3274; baseline -0.001 -18"><span class='ocrx_word' id='word_1_168' title='bbox 361 3194 516 3256; x_wconf 81' lang='lat' dir='ltr'><strong>benefieiis</strong></span> <span class='ocrx_word' id='word_1_169' title='bbox 532 3196 660 3269; x_wconf 84' lang='lat' dir='ltr'><strong>Domini,</strong></span> <span class='ocrx_word' id='word_1_170' title='bbox 683 3215 747 3254; x_wconf 88' lang='lat' dir='ltr'><strong>cnm</strong></span> <span class='ocrx_word' id='word_1_171' title='bbox 772 3197 871 3255; x_wconf 88' lang='lat' dir='ltr'><strong>animo</strong></span> <span class='ocrx_word' id='word_1_172' title='bbox 887 3199 1000 3274; x_wconf 79' lang='lat' dir='ltr'><strong>gratias</strong></span> <span class='ocrx_word' id='word_1_173' title='bbox 1015 3197 1059 3257; x_wconf 88' lang='lat' dir='ltr'><strong>illi</strong></span> 
     </span>
     <span class='ocr_line' id='line_1_31' title="bbox 363 3280 1059 3362; baseline 0.001 -20"><span class='ocrx_word' id='word_1_174' title='bbox 363 3302 420 3362; x_wconf 85' lang='lat' dir='ltr'><strong>pro</strong></span> <span class='ocrx_word' id='word_1_175' title='bbox 447 3285 494 3341; x_wconf 90' lang='lat' dir='ltr'><strong>eis</strong></span> <span class='ocrx_word' id='word_1_176' title='bbox 522 3282 641 3360; x_wconf 82' lang='lat' dir='ltr'><strong>agundi.</strong></span> <span class='ocrx_word' id='word_1_177' title='bbox 675 3283 715 3342; x_wconf 84' lang='lat' dir='ltr'><strong>Et</strong></span> <span class='ocrx_word' id='word_1_178' title='bbox 743 3282 817 3341; x_wconf 81' lang='lat' dir='ltr'><strong>haoo</strong></span> <span class='ocrx_word' id='word_1_179' title='bbox 842 3280 942 3360; x_wconf 80' lang='lat' dir='ltr'><strong>gaudii</strong></span> <span class='ocrx_word' id='word_1_180' title='bbox 970 3286 1059 3344; x_wconf 88' lang='lat' dir='ltr'><strong>istius</strong></span> 
     </span>
     <span class='ocr_line' id='line_1_32' title="bbox 362 3368 1058 3449; baseline 0 -21"><span class='ocrx_word' id='word_1_181' title='bbox 362 3370 491 3429; x_wconf 85' lang='lat' dir='ltr'><strong>materis</strong></span> <span class='ocrx_word' id='word_1_182' title='bbox 506 3368 607 3428; x_wconf 85' lang='lat' dir='ltr'><strong>verbis</strong></span> <span class='ocrx_word' id='word_1_183' title='bbox 623 3370 766 3448; x_wconf 81' lang='lat' dir='ltr'><strong>proximis</strong></span> <span class='ocrx_word' id='word_1_184' title='bbox 782 3371 955 3449; x_wconf 86' lang='lat' dir='ltr'><strong>exponitur:</strong></span> <span class='ocrx_word' id='word_1_185' title='bbox 971 3373 1058 3449; x_wconf 82' lang='lat' dir='ltr'><strong>(lasa-</strong></span> 
     </span>
     <span class='ocr_line' id='line_1_33' title="bbox 360 3456 1059 3533; baseline 0 -17"><span class='ocrx_word' id='word_1_186' title='bbox 360 3457 474 3529; x_wconf 87' lang='lat' dir='ltr'><strong>niam,</strong></span> <span class='ocrx_word' id='word_1_187' title='bbox 504 3474 558 3515; x_wconf 87' lang='lat' dir='ltr'><strong>ssu</strong></span> <span class='ocrx_word' id='word_1_188' title='bbox 584 3456 669 3531; x_wconf 80' lang='lat' dir='ltr'><strong>quod</strong></span> <span class='ocrx_word' id='word_1_189' title='bbox 695 3458 805 3515; x_wconf 85' lang='lat' dir='ltr'><strong>inveni</strong></span> <span class='ocrx_word' id='word_1_190' title='bbox 831 3456 869 3517; x_wconf 86' lang='lat' dir='ltr'><strong>de</strong></span> <span class='ocrx_word' id='word_1_191' title='bbox 893 3457 970 3533; x_wconf 78' lang='lat' dir='ltr'><strong>titiis</strong></span> <span class='ocrx_word' id='word_1_192' title='bbox 995 3460 1059 3518; x_wconf 84' lang='lat' dir='ltr'><strong>tuis</strong></span> 
     </span>
     <span class='ocr_line' id='line_1_34' title="bbox 360 3542 770 3603; baseline 0.002 -1"><span class='ocrx_word' id='word_1_193' title='bbox 360 3542 564 3603; x_wconf 77' lang='lat' dir='ltr'><strong>ambutantes</strong></span> <span class='ocrx_word' id='word_1_194' title='bbox 578 3546 614 3602; x_wconf 85' lang='lat' dir='ltr'><strong>in</strong></span> <span class='ocrx_word' id='word_1_195' title='bbox 631 3546 770 3603; x_wconf 82' lang='lat' dir='ltr'><strong>veritate.</strong></span> 
     </span>
    </p>

    <p class='ocr_par' dir='ltr' id='par_1_4' title="bbox 312 3626 1056 4211">
     <span class='ocr_line' id='line_1_35' title="bbox 406 3626 1056 3709; baseline 0.002 -21"><span class='ocrx_word' id='word_1_196' title='bbox 406 3627 498 3709; x_wconf 75' lang='lat' dir='ltr'><strong>Quod</strong></span> <span class='ocrx_word' id='word_1_197' title='bbox 513 3630 571 3688; x_wconf 87' lang='lat' dir='ltr'><strong>ait:</strong></span> <span class='ocrx_word' id='word_1_198' title='bbox 594 3629 632 3687; x_wconf 83' lang='lat' dir='ltr'><strong>de</strong></span> <span class='ocrx_word' id='word_1_199' title='bbox 647 3628 722 3704; x_wconf 76' lang='lat' dir='ltr'><strong>titiis</strong></span> <span class='ocrx_word' id='word_1_200' title='bbox 737 3631 810 3703; x_wconf 82' lang='lat' dir='ltr'><strong>tuis,</strong></span> <span class='ocrx_word' id='word_1_201' title='bbox 826 3628 960 3689; x_wconf 86' lang='lat' dir='ltr'><strong>indicare</strong></span> <span class='ocrx_word' id='word_1_202' title='bbox 975 3626 1056 3689; x_wconf 87' lang='lat' dir='ltr'><strong>virle·</strong></span> 
     </span>
     <span class='ocr_line' id='line_1_36' title="bbox 359 3715 1053 3792; baseline 0 -17"><span class='ocrx_word' id='word_1_203' title='bbox 359 3726 419 3788; x_wconf 91' lang='lat' dir='ltr'><strong>tnr,</strong></span> <span class='ocrx_word' id='word_1_204' title='bbox 435 3736 496 3777; x_wconf 91' lang='lat' dir='ltr'><strong>non</strong></span> <span class='ocrx_word' id='word_1_205' title='bbox 511 3736 613 3776; x_wconf 87' lang='lat' dir='ltr'><strong>ornnes</strong></span> <span class='ocrx_word' id='word_1_206' title='bbox 628 3718 694 3792; x_wconf 86' lang='lat' dir='ltr'><strong>ojus</strong></span> <span class='ocrx_word' id='word_1_207' title='bbox 709 3716 786 3775; x_wconf 88' lang='lat' dir='ltr'><strong>lilios</strong></span> <span class='ocrx_word' id='word_1_208' title='bbox 801 3715 895 3775; x_wconf 83' lang='lat' dir='ltr'><strong>tuisse</strong></span> <span class='ocrx_word' id='word_1_209' title='bbox 910 3716 1053 3776; x_wconf 85' lang='lat' dir='ltr'><strong>Christia-</strong></span> 
     </span>
     <span class='ocr_line' id='line_1_37' title="bbox 359 3800 1055 3881; baseline -0.001 -19"><span class='ocrx_word' id='word_1_210' title='bbox 359 3822 433 3879; x_wconf 82' lang='lat' dir='ltr'><strong>noa3</strong></span> <span class='ocrx_word' id='word_1_211' title='bbox 457 3811 489 3863; x_wconf 87' lang='lat' dir='ltr'><strong>et</strong></span> <span class='ocrx_word' id='word_1_212' title='bbox 514 3802 708 3862; x_wconf 87' lang='lat' dir='ltr'><strong>nihilominus</strong></span> <span class='ocrx_word' id='word_1_213' title='bbox 731 3802 896 3881; x_wconf 75' lang='lat' dir='ltr'><strong>Apostolus</strong></span> <span class='ocrx_word' id='word_1_214' title='bbox 922 3800 960 3861; x_wconf 90' lang='lat' dir='ltr'><strong>do</strong></span> <span class='ocrx_word' id='word_1_215' title='bbox 983 3821 1055 3879; x_wconf 86' lang='lat' dir='ltr'><strong>pan·</strong></span> 
     </span>
     <span class='ocr_line' id='line_1_38' title="bbox 312 3888 1053 3951; baseline -0.004 0"><span class='ocrx_word' id='word_1_216' title='bbox 312 3897 314 3902; x_wconf 83' lang='lat'>&#39;</span> <span class='ocrx_word' id='word_1_217' title='bbox 359 3909 461 3951; x_wconf 81' lang='lat' dir='ltr'><strong>eornm</strong></span> <span class='ocrx_word' id='word_1_218' title='bbox 478 3889 596 3949; x_wconf 88' lang='lat' dir='ltr'><strong>illorum</strong></span> <span class='ocrx_word' id='word_1_219' title='bbox 621 3890 815 3949; x_wconf 77' lang='lat' dir='ltr'><strong>conversione</strong></span> <span class='ocrx_word' id='word_1_220' title='bbox 835 3888 892 3949; x_wconf 87' lang='lat' dir='ltr'><strong>sibi</strong></span> <span class='ocrx_word' id='word_1_221' title='bbox 906 3896 936 3948; x_wconf 89' lang='lat' dir='ltr'><strong>et</strong></span> <span class='ocrx_word' id='word_1_222' title='bbox 950 3888 1053 3950; x_wconf 87' lang='lat' dir='ltr'><strong>Domi·</strong></span> 
     </span>
     <span class='ocr_line' id='line_1_39' title="bbox 357 3976 1055 4055; baseline -0.001 -18"><span class='ocrx_word' id='word_1_223' title='bbox 357 3995 419 4038; x_wconf 85' lang='lat' dir='ltr'><strong>nse</strong></span> <span class='ocrx_word' id='word_1_224' title='bbox 434 3976 477 4035; x_wconf 91' lang='lat' dir='ltr'><strong>illi</strong></span> <span class='ocrx_word' id='word_1_225' title='bbox 497 3977 672 4055; x_wconf 84' lang='lat' dir='ltr'><strong>gratulatur,</strong></span> <span class='ocrx_word' id='word_1_226' title='bbox 695 3976 824 4053; x_wconf 81' lang='lat' dir='ltr'><strong>Dsoqne</strong></span> <span class='ocrx_word' id='word_1_227' title='bbox 847 3977 910 4054; x_wconf 82' lang='lat' dir='ltr'><strong>agit</strong></span> <span class='ocrx_word' id='word_1_228' title='bbox 933 3976 1055 4055; x_wconf 82' lang='lat' dir='ltr'><strong>gratias,</strong></span> 
     </span>
     <span class='ocr_line' id='line_1_40' title="bbox 358 4060 1054 4142; baseline -0.004 -19"><span class='ocrx_word' id='word_1_229' title='bbox 358 4062 472 4123; x_wconf 82' lang='lat' dir='ltr'><strong>docens</strong></span> <span class='ocrx_word' id='word_1_230' title='bbox 489 4082 544 4122; x_wconf 87' lang='lat' dir='ltr'><strong>suo</strong></span> <span class='ocrx_word' id='word_1_231' title='bbox 561 4061 709 4142; x_wconf 79' lang='lat' dir='ltr'><strong>exemplo,</strong></span> <span class='ocrx_word' id='word_1_232' title='bbox 732 4063 819 4122; x_wconf 89' lang='lat' dir='ltr'><strong>nobis</strong></span> <span class='ocrx_word' id='word_1_233' title='bbox 837 4060 914 4122; x_wconf 81' lang='lat' dir='ltr'><strong>idem</strong></span> <span class='ocrx_word' id='word_1_234' title='bbox 932 4081 997 4123; x_wconf 88' lang='lat' dir='ltr'><strong>esse</strong></span> <span class='ocrx_word' id='word_1_235' title='bbox 1012 4060 1054 4121; x_wconf 84' lang='lat' dir='ltr'><strong>ta·</strong></span> 
     </span>
     <span class='ocr_line' id='line_1_41' title="bbox 357 4147 1055 4211; baseline -0.003 -2"><span class='ocrx_word' id='word_1_236' title='bbox 357 4147 505 4209; x_wconf 84' lang='lat' dir='ltr'><strong>ciendum.</strong></span> <span class='ocrx_word' id='word_1_237' title='bbox 530 4149 737 4211; x_wconf 82' lang='lat' dir='ltr'><strong>Ambulantes</strong></span> <span class='ocrx_word' id='word_1_238' title='bbox 751 4153 788 4209; x_wconf 89' lang='lat' dir='ltr'><strong>in</strong></span> <span class='ocrx_word' id='word_1_239' title='bbox 805 4152 947 4210; x_wconf 85' lang='lat' dir='ltr'><strong>ueritate.</strong></span> <span class='ocrx_word' id='word_1_240' title='bbox 963 4148 995 4207; x_wconf 89' lang='lat' dir='ltr'><strong>Is</strong></span> <span class='ocrx_word' id='word_1_241' title='bbox 1011 4150 1055 4209; x_wconf 90' lang='lat' dir='ltr'><strong>sic</strong></span> 
     </span>
    </p>
   </div>
   <div class='ocr_carea' id='block_1_3' title="bbox 1749 595 1823 678">
    <p class='ocr_par' dir='ltr' id='par_1_5' title="bbox 1749 595 1823 678">
     <span class='ocr_line' id='line_1_42' title="bbox 1749 595 1823 678; baseline 0.027 -13"><span class='ocrx_word' id='word_1_242' title='bbox 1749 595 1823 678; x_wconf 73' lang='grc'><strong>787</strong></span> 
     </span>
    </p>
   </div>
   <div class='ocr_carea' id='block_1_4' title="bbox 1107 764 1855 4212">
    <p class='ocr_par' dir='ltr' id='par_1_6' title="bbox 1125 764 1824 1260">
     <span class='ocr_line' id='line_1_43' title="bbox 1128 764 1823 846; baseline -0.001 -18"><span class='ocrx_word' id='word_1_243' title='bbox 1128 775 1159 828; x_wconf 84' lang='lat' dir='ltr'><strong>st</strong></span> <span class='ocrx_word' id='word_1_244' title='bbox 1173 774 1300 846; x_wconf 84' lang='lat' dir='ltr'><strong>utraque</strong></span> <span class='ocrx_word' id='word_1_245' title='bbox 1319 764 1396 827; x_wconf 83' lang='lat' dir='ltr'><strong>haec</strong></span> <span class='ocrx_word' id='word_1_246' title='bbox 1420 765 1574 828; x_wconf 82' lang='lat' dir='ltr'><strong>sinceritas</strong></span> <span class='ocrx_word' id='word_1_247' title='bbox 1597 783 1650 827; x_wconf 88' lang='lat' dir='ltr'><strong>san</strong></span> <span class='ocrx_word' id='word_1_248' title='bbox 1665 764 1823 846; x_wconf 78' lang='lat' dir='ltr'><strong>integritas</strong></span> 
     </span>
     <span class='ocr_line' id='line_1_44' title="bbox 1127 852 1823 934; baseline -0.003 -20"><span class='ocrx_word' id='word_1_249' title='bbox 1127 855 1238 934; x_wconf 87' lang='lat' dir='ltr'><strong>passim</strong></span> <span class='ocrx_word' id='word_1_250' title='bbox 1263 856 1294 912; x_wconf 89' lang='lat' dir='ltr'><strong>in</strong></span> <span class='ocrx_word' id='word_1_251' title='bbox 1319 852 1475 931; x_wconf 84' lang='lat' dir='ltr'><strong>Scriptura</strong></span> <span class='ocrx_word' id='word_1_252' title='bbox 1498 854 1613 913; x_wconf 88' lang='lat' dir='ltr'><strong>ueritas</strong></span> <span class='ocrx_word' id='word_1_253' title='bbox 1637 854 1823 930; x_wconf 54' lang='lat' dir='ltr'><strong>nominatum</strong></span> 
     </span>
     <span class='ocr_line' id='line_1_45' title="bbox 1126 937 1824 1012; baseline 0.001 -12"><span class='ocrx_word' id='word_1_254' title='bbox 1126 943 1223 1000; x_wconf 87' lang='lat' dir='ltr'><strong>utoni</strong></span> <span class='ocrx_word' id='word_1_255' title='bbox 1238 939 1313 999; x_wconf 79' lang='lat' dir='ltr'><strong>nihil</strong></span> <span class='ocrx_word' id='word_1_256' title='bbox 1328 937 1409 1010; x_wconf 82' lang='lat' dir='ltr'><strong>taisi,</strong></span> <span class='ocrx_word' id='word_1_257' title='bbox 1425 939 1495 1012; x_wconf 87' lang='lat' dir='ltr'><strong>rioti,</strong></span> <span class='ocrx_word' id='word_1_258' title='bbox 1515 940 1657 1009; x_wconf 84' lang='lat' dir='ltr'><strong>simulati,</strong></span> <span class='ocrx_word' id='word_1_259' title='bbox 1673 937 1766 998; x_wconf 79' lang='lat' dir='ltr'><strong>inosti</strong></span> <span class='ocrx_word' id='word_1_260' title='bbox 1783 941 1824 1001; x_wconf 87' lang='lat' dir='ltr'><strong>sit</strong></span> 
     </span>
     <span class='ocr_line' id='line_1_46' title="bbox 1126 1025 1821 1106; baseline 0.004 -22"><span class='ocrx_word' id='word_1_261' title='bbox 1126 1025 1293 1087; x_wconf 79' lang='lat' dir='ltr'><strong>admittam.</strong></span> <span class='ocrx_word' id='word_1_262' title='bbox 1316 1025 1471 1105; x_wconf 82' lang='lat' dir='ltr'><strong>Significat</strong></span> <span class='ocrx_word' id='word_1_263' title='bbox 1486 1045 1566 1106; x_wconf 80' lang='lat' dir='ltr'><strong>ergo,</strong></span> <span class='ocrx_word' id='word_1_264' title='bbox 1589 1026 1666 1086; x_wconf 84' lang='lat' dir='ltr'><strong>filios</strong></span> <span class='ocrx_word' id='word_1_265' title='bbox 1681 1026 1747 1104; x_wconf 82' lang='lat' dir='ltr'><strong>ejus</strong></span> <span class='ocrx_word' id='word_1_266' title='bbox 1762 1045 1821 1088; x_wconf 86' lang='lat' dir='ltr'><strong>non</strong></span> 
     </span>
     <span class='ocr_line' id='line_1_47' title="bbox 1126 1111 1822 1186; baseline 0.004 -15"><span class='ocrx_word' id='word_1_267' title='bbox 1126 1114 1221 1172; x_wconf 87' lang='lat' dir='ltr'><strong>solnm</strong></span> <span class='ocrx_word' id='word_1_268' title='bbox 1238 1113 1336 1172; x_wconf 84' lang='lat' dir='ltr'><strong>tuisse</strong></span> <span class='ocrx_word' id='word_1_269' title='bbox 1348 1115 1540 1186; x_wconf 74' lang='lat' dir='ltr'><strong>Christianos,</strong></span> <span class='ocrx_word' id='word_1_270' title='bbox 1556 1112 1608 1172; x_wconf 79' lang='lat' dir='ltr'><strong>eorl</strong></span> <span class='ocrx_word' id='word_1_271' title='bbox 1624 1113 1711 1173; x_wconf 85' lang='lat' dir='ltr'><strong>etiarn</strong></span> <span class='ocrx_word' id='word_1_272' title='bbox 1727 1111 1822 1174; x_wconf 87' lang='lat' dir='ltr'><strong>honos</strong></span> 
     </span>
     <span class='ocr_line' id='line_1_48' title="bbox 1125 1199 1321 1260; baseline -0.01 0"><span class='ocrx_word' id='word_1_273' title='bbox 1125 1199 1321 1260; x_wconf 76' lang='lat' dir='ltr'><strong>Christianos.</strong></span> 
     </span>
    </p>

    <p class='ocr_par' dir='ltr' id='par_1_7' title="bbox 1112 1285 1855 3097">
     <span class='ocr_line' id='line_1_49' title="bbox 1167 1285 1820 1361; baseline -0.002 -14"><span class='ocrx_word' id='word_1_274' title='bbox 1167 1287 1254 1347; x_wconf 83' lang='lat' dir='ltr'><strong>Siout</strong></span> <span class='ocrx_word' id='word_1_275' title='bbox 1268 1286 1459 1346; x_wconf 81' lang='lat' dir='ltr'><strong>nrandatnm</strong></span> <span class='ocrx_word' id='word_1_276' title='bbox 1483 1288 1662 1361; x_wconf 79' lang='lat' dir='ltr'><strong>accepimns</strong></span> <span class='ocrx_word' id='word_1_277' title='bbox 1676 1304 1698 1344; x_wconf 90' lang='lat' dir='ltr'><strong>a</strong></span> <span class='ocrx_word' id='word_1_278' title='bbox 1712 1285 1820 1346; x_wconf 83' lang='lat' dir='ltr'><strong>Patre.</strong></span> 
     </span>
     <span class='ocr_line' id='line_1_50' title="bbox 1123 1370 1819 1450; baseline 0.001 -21"><span class='ocrx_word' id='word_1_279' title='bbox 1123 1370 1287 1433; x_wconf 75' lang='lat' dir='ltr'><strong>Ambulare</strong></span> <span class='ocrx_word' id='word_1_280' title='bbox 1302 1392 1355 1433; x_wconf 85' lang='lat' dir='ltr'><strong>seu</strong></span> <span class='ocrx_word' id='word_1_281' title='bbox 1371 1393 1493 1433; x_wconf 86' lang='lat' dir='ltr'><strong>manure</strong></span> <span class='ocrx_word' id='word_1_282' title='bbox 1506 1373 1536 1434; x_wconf 92' lang='lat' dir='ltr'><strong>in</strong></span> <span class='ocrx_word' id='word_1_283' title='bbox 1553 1373 1689 1440; x_wconf 79' lang='lat' dir='ltr'><strong>ror-itate,</strong></span> <span class='ocrx_word' id='word_1_284' title='bbox 1705 1371 1743 1431; x_wconf 87' lang='lat' dir='ltr'><strong>de</strong></span> <span class='ocrx_word' id='word_1_285' title='bbox 1758 1390 1819 1450; x_wconf 85' lang='lat' dir='ltr'><strong>qna</strong></span> 
     </span>
     <span class='ocr_line' id='line_1_51' title="bbox 1123 1457 1818 1532; baseline -0.001 -14"><span class='ocrx_word' id='word_1_286' title='bbox 1123 1478 1202 1518; x_wconf 87' lang='lat' dir='ltr'><strong>nunc</strong></span> <span class='ocrx_word' id='word_1_287' title='bbox 1225 1458 1337 1519; x_wconf 85' lang='lat' dir='ltr'><strong>dictum</strong></span> <span class='ocrx_word' id='word_1_288' title='bbox 1362 1471 1426 1532; x_wconf 78' lang='lat' dir='ltr'><strong>est,</strong></span> <span class='ocrx_word' id='word_1_289' title='bbox 1448 1460 1534 1518; x_wconf 91' lang='lat' dir='ltr'><strong>nobis</strong></span> <span class='ocrx_word' id='word_1_290' title='bbox 1556 1457 1711 1518; x_wconf 82' lang='lat' dir='ltr'><strong>mandavit</strong></span> <span class='ocrx_word' id='word_1_291' title='bbox 1735 1459 1818 1518; x_wconf 78' lang='lat' dir='ltr'><strong>nous</strong></span> 
     </span>
     <span class='ocr_line' id='line_1_52' title="bbox 1122 1544 1819 1626; baseline 0.003 -23"><span class='ocrx_word' id='word_1_292' title='bbox 1122 1544 1222 1621; x_wconf 81' lang='lat' dir='ltr'><strong>Pater,</strong></span> <span class='ocrx_word' id='word_1_293' title='bbox 1237 1557 1301 1605; x_wconf 90' lang='lat' dir='ltr'><strong>turn</strong></span> <span class='ocrx_word' id='word_1_294' title='bbox 1317 1549 1479 1626; x_wconf 77' lang='lat' dir='ltr'><strong>perlegam</strong></span> <span class='ocrx_word' id='word_1_295' title='bbox 1495 1545 1659 1606; x_wconf 82' lang='lat' dir='ltr'><strong>naturalem</strong></span> <span class='ocrx_word' id='word_1_296' title='bbox 1686 1556 1747 1604; x_wconf 90' lang='lat' dir='ltr'><strong>tum</strong></span> <span class='ocrx_word' id='word_1_297' title='bbox 1765 1563 1819 1623; x_wconf 88' lang='lat' dir='ltr'><strong>per</strong></span> 
     </span>
     <span class='ocr_line' id='line_1_53' title="bbox 1122 1631 1817 1712; baseline 0.003 -23"><span class='ocrx_word' id='word_1_298' title='bbox 1122 1631 1205 1710; x_wconf 81' lang='lat' dir='ltr'><strong>logos</strong></span> <span class='ocrx_word' id='word_1_299' title='bbox 1234 1652 1304 1692; x_wconf 84' lang='lat' dir='ltr'><strong>suas</strong></span> <span class='ocrx_word' id='word_1_300' title='bbox 1335 1636 1500 1712; x_wconf 74' lang='lat' dir='ltr'><strong>positivus,</strong></span> <span class='ocrx_word' id='word_1_301' title='bbox 1529 1651 1605 1710; x_wconf 81' lang='lat' dir='ltr'><strong>qrrss</strong></span> <span class='ocrx_word' id='word_1_302' title='bbox 1635 1652 1689 1712; x_wconf 89' lang='lat' dir='ltr'><strong>por</strong></span> <span class='ocrx_word' id='word_1_303' title='bbox 1719 1631 1817 1708; x_wconf 87' lang='lat' dir='ltr'><strong>ipsum</strong></span> 
     </span>
     <span class='ocr_line' id='line_1_54' title="bbox 1121 1718 1816 1800; baseline 0.001 -23"><span class='ocrx_word' id='word_1_304' title='bbox 1121 1719 1271 1778; x_wconf 84' lang='lat' dir='ltr'><strong>Christum</strong></span> <span class='ocrx_word' id='word_1_305' title='bbox 1304 1720 1390 1782; x_wconf 89' lang='lat' dir='ltr'><strong>nobis</strong></span> <span class='ocrx_word' id='word_1_306' title='bbox 1426 1718 1630 1800; x_wconf 81' lang='lat' dir='ltr'><strong>promulgarit</strong></span> <span class='ocrx_word' id='word_1_307' title='bbox 1666 1718 1816 1778; x_wconf 87' lang='lat' dir='ltr'><strong>hominem</strong></span> 
     </span>
     <span class='ocr_line' id='line_1_55' title="bbox 1119 1802 1814 1885; baseline -0.003 -23"><span class='ocrx_word' id='word_1_308' title='bbox 1119 1802 1242 1866; x_wconf 83' lang='lat' dir='ltr'><strong>iactum.</strong></span> <span class='ocrx_word' id='word_1_309' title='bbox 1265 1807 1330 1866; x_wconf 80' lang='lat' dir='ltr'><strong>Euo</strong></span> <span class='ocrx_word' id='word_1_310' title='bbox 1354 1806 1437 1885; x_wconf 74' lang='lat' dir='ltr'><strong>loges</strong></span> <span class='ocrx_word' id='word_1_311' title='bbox 1459 1816 1529 1865; x_wconf 85' lang='lat' dir='ltr'><strong>surrt</strong></span> <span class='ocrx_word' id='word_1_312' title='bbox 1552 1819 1715 1883; x_wconf 83' lang='lat' dir='ltr'><strong>praecepta</strong></span> <span class='ocrx_word' id='word_1_313' title='bbox 1735 1803 1814 1877; x_wconf 85' lang='lat' dir='ltr'><strong>lirini,</strong></span> 
     </span>
     <span class='ocr_line' id='line_1_56' title="bbox 1119 1893 1815 1971; baseline 0 -20"><span class='ocrx_word' id='word_1_314' title='bbox 1119 1901 1283 1971; x_wconf 83' lang='lat' dir='ltr'><strong>praecepta</strong></span> <span class='ocrx_word' id='word_1_315' title='bbox 1306 1895 1438 1953; x_wconf 79' lang='lat' dir='ltr'><strong>caritatis</strong></span> <span class='ocrx_word' id='word_1_316' title='bbox 1461 1894 1653 1970; x_wconf 79' lang='lat' dir='ltr'><strong>omniumque</strong></span> <span class='ocrx_word' id='word_1_317' title='bbox 1670 1893 1815 1951; x_wconf 84' lang='lat' dir='ltr'><strong>virtutum</strong></span> 
     </span>
     <span class='ocr_line' id='line_1_57' title="bbox 1118 1976 1815 2057; baseline 0.001 -21"><span class='ocrx_word' id='word_1_318' title='bbox 1118 1980 1208 2039; x_wconf 87' lang='lat' dir='ltr'><strong>saluti</strong></span> <span class='ocrx_word' id='word_1_319' title='bbox 1224 1982 1467 2041; x_wconf 80' lang='lat' dir='ltr'><strong>necessariarum.</strong></span> <span class='ocrx_word' id='word_1_320' title='bbox 1488 1982 1556 2056; x_wconf 71' lang='lat' dir='ltr'><strong>Quo</strong></span> <span class='ocrx_word' id='word_1_321' title='bbox 1573 1979 1721 2057; x_wconf 84' lang='lat' dir='ltr'><strong>pertinent</strong></span> <span class='ocrx_word' id='word_1_322' title='bbox 1737 1976 1815 2037; x_wconf 85' lang='lat' dir='ltr'><strong>lruec</strong></span> 
     </span>
     <span class='ocr_line' id='line_1_58' title="bbox 1118 2064 1814 2146; baseline -0.003 -22"><span class='ocrx_word' id='word_1_323' title='bbox 1118 2075 1149 2124; x_wconf 88' lang='lat' dir='ltr'><strong>et</strong></span> <span class='ocrx_word' id='word_1_324' title='bbox 1163 2067 1271 2126; x_wconf 88' lang='lat' dir='ltr'><strong>similia</strong></span> <span class='ocrx_word' id='word_1_325' title='bbox 1285 2066 1506 2146; x_wconf 77' lang='lat' dir='ltr'><strong>Soriptnrarum</strong></span> <span class='ocrx_word' id='word_1_326' title='bbox 1523 2066 1603 2126; x_wconf 88' lang='lat' dir='ltr'><strong>loca:</strong></span> <span class='ocrx_word' id='word_1_327' title='bbox 1627 2064 1762 2127; x_wconf 75' lang='lat' dir='ltr'><strong>Creditis</strong></span> <span class='ocrx_word' id='word_1_328' title='bbox 1778 2066 1814 2122; x_wconf 86' lang='lat' dir='ltr'><strong>in</strong></span> 
     </span>
     <span class='ocr_line' id='line_1_59' title="bbox 1118 2151 1814 2232; baseline -0.003 -21"><span class='ocrx_word' id='word_1_329' title='bbox 1118 2153 1220 2212; x_wconf 83' lang='lat' dir='ltr'><strong>Deum</strong></span> <span class='ocrx_word' id='word_1_330' title='bbox 1229 2178 1241 2232; x_wconf 90' lang='lat'><strong>,·</strong></span> <span class='ocrx_word' id='word_1_331' title='bbox 1265 2161 1294 2213; x_wconf 88' lang='lat' dir='ltr'><strong>et</strong></span> <span class='ocrx_word' id='word_1_332' title='bbox 1309 2157 1344 2213; x_wconf 89' lang='lat' dir='ltr'><strong>in</strong></span> <span class='ocrx_word' id='word_1_333' title='bbox 1360 2173 1409 2212; x_wconf 88' lang='lat' dir='ltr'><strong>me</strong></span> <span class='ocrx_word' id='word_1_334' title='bbox 1424 2153 1551 2223; x_wconf 77' lang='lat' dir='ltr'><strong>credite,</strong></span> <span class='ocrx_word' id='word_1_335' title='bbox 1568 2151 1660 2212; x_wconf 83' lang='lat' dir='ltr'><strong>Josn.</strong></span> <span class='ocrx_word' id='word_1_336' title='bbox 1678 2152 1727 2210; x_wconf 84' lang='lat'><strong>14.</strong></span> <span class='ocrx_word' id='word_1_337' title='bbox 1750 2151 1814 2229; x_wconf 80' lang='lat' dir='ltr'><strong>Qui</strong></span> 
     </span>
     <span class='ocr_line' id='line_1_60' title="bbox 1116 2240 1812 2313; baseline -0.003 -15"><span class='ocrx_word' id='word_1_338' title='bbox 1116 2257 1184 2300; x_wconf 83' lang='lat' dir='ltr'><strong>nors</strong></span> <span class='ocrx_word' id='word_1_339' title='bbox 1198 2240 1297 2300; x_wconf 83' lang='lat' dir='ltr'><strong>eredit</strong></span> <span class='ocrx_word' id='word_1_340' title='bbox 1312 2244 1348 2299; x_wconf 90' lang='lat' dir='ltr'><strong>in</strong></span> <span class='ocrx_word' id='word_1_341' title='bbox 1363 2241 1483 2302; x_wconf 81' lang='lat' dir='ltr'><strong>Filium</strong></span> <span class='ocrx_word' id='word_1_342' title='bbox 1501 2242 1572 2312; x_wconf 81' lang='lat' dir='ltr'><strong>Dei,</strong></span> <span class='ocrx_word' id='word_1_343' title='bbox 1592 2243 1663 2313; x_wconf 68' lang='lat' dir='ltr'><strong>,iam</strong></span> <span class='ocrx_word' id='word_1_344' title='bbox 1680 2240 1812 2312; x_wconf 76' lang='lat' dir='ltr'><strong>justica-</strong></span> 
     </span>
     <span class='ocr_line' id='line_1_61' title="bbox 1116 2327 1810 2402; baseline 0.001 -19"><span class='ocrx_word' id='word_1_345' title='bbox 1116 2333 1166 2386; x_wconf 86' lang='lat' dir='ltr'><strong>tus</strong></span> <span class='ocrx_word' id='word_1_346' title='bbox 1192 2335 1252 2399; x_wconf 87' lang='lat' dir='ltr'><strong>est,</strong></span> <span class='ocrx_word' id='word_1_347' title='bbox 1276 2331 1353 2402; x_wconf 85' lang='lat' dir='ltr'><strong>qnia</strong></span> <span class='ocrx_word' id='word_1_348' title='bbox 1375 2345 1443 2385; x_wconf 87' lang='lat' dir='ltr'><strong>nan</strong></span> <span class='ocrx_word' id='word_1_349' title='bbox 1465 2327 1599 2387; x_wconf 82' lang='lat' dir='ltr'><strong>credidit</strong></span> <span class='ocrx_word' id='word_1_350' title='bbox 1621 2329 1657 2384; x_wconf 84' lang='lat' dir='ltr'><strong>in</strong></span> <span class='ocrx_word' id='word_1_351' title='bbox 1680 2327 1810 2384; x_wconf 87' lang='lat' dir='ltr'><strong>nornine</strong></span> 
     </span>
     <span class='ocr_line' id='line_1_62' title="bbox 1122 2410 1810 2490; baseline -0.006 -18"><span class='ocrx_word' id='word_1_352' title='bbox 1122 2413 1282 2490; x_wconf 77' lang='lat' dir='ltr'><strong>Unipeniti</strong></span> <span class='ocrx_word' id='word_1_353' title='bbox 1297 2415 1377 2475; x_wconf 80' lang='lat' dir='ltr'><strong>Filii</strong></span> <span class='ocrx_word' id='word_1_354' title='bbox 1392 2414 1464 2486; x_wconf 88' lang='lat' dir='ltr'><strong>Dei,</strong></span> <span class='ocrx_word' id='word_1_355' title='bbox 1480 2412 1568 2475; x_wconf 78' lang='lat' dir='ltr'><strong>loen.</strong></span> <span class='ocrx_word' id='word_1_356' title='bbox 1585 2412 1614 2470; x_wconf 85' lang='grc'><strong>3.</strong></span> <span class='ocrx_word' id='word_1_357' title='bbox 1637 2411 1731 2470; x_wconf 87' lang='lat' dir='ltr'><strong>Item:</strong></span> <span class='ocrx_word' id='word_1_358' title='bbox 1748 2410 1810 2471; x_wconf 90' lang='lat' dir='ltr'><strong>Di·</strong></span> 
     </span>
     <span class='ocr_line' id='line_1_63' title="bbox 1114 2500 1855 2575; baseline 0.001 -19"><span class='ocrx_word' id='word_1_359' title='bbox 1114 2500 1189 2575; x_wconf 73' lang='lat' dir='ltr'><strong>tipes</strong></span> <span class='ocrx_word' id='word_1_360' title='bbox 1214 2503 1392 2562; x_wconf 87' lang='lat' dir='ltr'><strong>Dominum</strong></span> <span class='ocrx_word' id='word_1_361' title='bbox 1420 2501 1523 2560; x_wconf 85' lang='lat' dir='ltr'><strong>Deum</strong></span> <span class='ocrx_word' id='word_1_362' title='bbox 1555 2506 1644 2557; x_wconf 87' lang='lat' dir='ltr'><strong>tunm</strong></span> <span class='ocrx_word' id='word_1_363' title='bbox 1676 2515 1714 2556; x_wconf 80' lang='lat' dir='ltr'><strong>ea</strong></span> <span class='ocrx_word' id='word_1_364' title='bbox 1743 2503 1809 2557; x_wconf 84' lang='lat' dir='ltr'><strong>toto</strong></span> <span class='ocrx_word' id='word_1_365' title='bbox 1851 2535 1855 2541; x_wconf 91' lang='lat'><em>-</em></span> 
     </span>
     <span class='ocr_line' id='line_1_64' title="bbox 1114 2585 1808 2662; baseline -0.001 -19"><span class='ocrx_word' id='word_1_366' title='bbox 1114 2589 1208 2648; x_wconf 80' lang='lat' dir='ltr'><strong>corde</strong></span> <span class='ocrx_word' id='word_1_367' title='bbox 1223 2596 1278 2648; x_wconf 89' lang='lat' dir='ltr'><strong>tna</strong></span> <span class='ocrx_word' id='word_1_368' title='bbox 1293 2596 1360 2659; x_wconf 78' lang='lat' dir='ltr'><strong>eta,</strong></span> <span class='ocrx_word' id='word_1_369' title='bbox 1379 2594 1408 2646; x_wconf 87' lang='lat' dir='ltr'><strong>et</strong></span> <span class='ocrx_word' id='word_1_370' title='bbox 1422 2588 1604 2662; x_wconf 79' lang='lat' dir='ltr'><strong>proximum</strong></span> <span class='ocrx_word' id='word_1_371' title='bbox 1621 2591 1711 2644; x_wconf 79' lang='lat' dir='ltr'><strong>turim</strong></span> <span class='ocrx_word' id='word_1_372' title='bbox 1728 2585 1808 2643; x_wconf 84' lang='lat' dir='ltr'><strong>siout</strong></span> 
     </span>
     <span class='ocr_line' id='line_1_65' title="bbox 1113 2672 1808 2752; baseline -0.004 -20"><span class='ocrx_word' id='word_1_373' title='bbox 1113 2675 1397 2752; x_wconf 82' lang='lat' dir='ltr'><strong>teipsum,ll1utth.</strong></span> <span class='ocrx_word' id='word_1_374' title='bbox 1415 2677 1475 2744; x_wconf 69' lang='lat'><strong>22„</strong></span> <span class='ocrx_word' id='word_1_375' title='bbox 1496 2672 1687 2750; x_wconf 86' lang='lat' dir='ltr'><strong>desumptum</strong></span> <span class='ocrx_word' id='word_1_376' title='bbox 1704 2689 1742 2731; x_wconf 83' lang='lat' dir='ltr'><strong>ox</strong></span> <span class='ocrx_word' id='word_1_377' title='bbox 1760 2689 1808 2730; x_wconf 86' lang='lat' dir='ltr'><strong>ve·</strong></span> 
     </span>
     <span class='ocr_line' id='line_1_66' title="bbox 1112 2761 1807 2841; baseline -0.007 -21"><span class='ocrx_word' id='word_1_378' title='bbox 1112 2770 1177 2822; x_wconf 85' lang='lat' dir='ltr'><strong>tere</strong></span> <span class='ocrx_word' id='word_1_379' title='bbox 1189 2762 1353 2841; x_wconf 83' lang='lat' dir='ltr'><strong>Scriptura.</strong></span> <span class='ocrx_word' id='word_1_380' title='bbox 1370 2762 1501 2834; x_wconf 84' lang='lat' dir='ltr'><strong>Dilipite</strong></span> <span class='ocrx_word' id='word_1_381' title='bbox 1513 2761 1657 2817; x_wconf 86' lang='lat' dir='ltr'><strong>inimicas</strong></span> <span class='ocrx_word' id='word_1_382' title='bbox 1671 2766 1787 2818; x_wconf 74' lang='lat' dir='ltr'><strong>cestros</strong></span> <span class='ocrx_word' id='word_1_383' title='bbox 1794 2778 1807 2833; x_wconf 92' lang='lat'><strong>,·</strong></span> 
     </span>
     <span class='ocr_line' id='line_1_67' title="bbox 1113 2842 1810 2927; baseline -0.006 -19"><span class='ocrx_word' id='word_1_384' title='bbox 1113 2849 1287 2927; x_wconf 74' lang='lat' dir='ltr'><strong>benefacite</strong></span> <span class='ocrx_word' id='word_1_385' title='bbox 1301 2850 1358 2923; x_wconf 87' lang='lat' dir='ltr'><strong>his,</strong></span> <span class='ocrx_word' id='word_1_386' title='bbox 1383 2849 1437 2924; x_wconf 82' lang='lat' dir='ltr'><strong>qui</strong></span> <span class='ocrx_word' id='word_1_387' title='bbox 1459 2845 1597 2905; x_wconf 76' lang='lat' dir='ltr'><strong>aeternat</strong></span> <span class='ocrx_word' id='word_1_388' title='bbox 1613 2863 1678 2920; x_wconf 83' lang='lat' dir='ltr'><strong>vos,</strong></span> <span class='ocrx_word' id='word_1_389' title='bbox 1701 2842 1810 2906; x_wconf 82' lang='lat' dir='ltr'><strong>hiarth.</strong></span> 
     </span>
     <span class='ocr_line' id='line_1_68' title="bbox 1113 2934 1808 3011; baseline -0.006 -11"><span class='ocrx_word' id='word_1_390' title='bbox 1113 2940 1142 3000; x_wconf 82' lang='lat'><strong>5.</strong></span> <span class='ocrx_word' id='word_1_391' title='bbox 1165 2938 1202 2997; x_wconf 91' lang='lat' dir='ltr'><strong>In</strong></span> <span class='ocrx_word' id='word_1_392' title='bbox 1224 2955 1351 2995; x_wconf 77' lang='lat' dir='ltr'><strong>summas</strong></span> <span class='ocrx_word' id='word_1_393' title='bbox 1374 2936 1479 3011; x_wconf 82' lang='lat' dir='ltr'><strong>Siquis</strong></span> <span class='ocrx_word' id='word_1_394' title='bbox 1502 2934 1607 3008; x_wconf 65' lang='lat' dir='ltr'><strong>dilicit</strong></span> <span class='ocrx_word' id='word_1_395' title='bbox 1630 2952 1689 3008; x_wconf 85' lang='lat' dir='ltr'><strong>me,</strong></span> <span class='ocrx_word' id='word_1_396' title='bbox 1712 2953 1808 2997; x_wconf 86' lang='lat' dir='ltr'><strong>man·</strong></span> 
     </span>
     <span class='ocr_line' id='line_1_69' title="bbox 1112 3020 1616 3097; baseline -0.004 -13"><span class='ocrx_word' id='word_1_397' title='bbox 1112 3025 1192 3084; x_wconf 81' lang='lat' dir='ltr'><strong>datu</strong></span> <span class='ocrx_word' id='word_1_398' title='bbox 1207 3043 1277 3084; x_wconf 88' lang='lat' dir='ltr'><strong>mea</strong></span> <span class='ocrx_word' id='word_1_399' title='bbox 1292 3023 1441 3097; x_wconf 79' lang='lat' dir='ltr'><strong>serualur,</strong></span> <span class='ocrx_word' id='word_1_400' title='bbox 1457 3020 1548 3081; x_wconf 84' lang='lat' dir='ltr'><strong>Josn.</strong></span> <span class='ocrx_word' id='word_1_401' title='bbox 1569 3027 1616 3084; x_wconf 74' lang='lat'><strong>14.</strong></span> 
     </span>
    </p>

    <p class='ocr_par' dir='ltr' id='par_1_8' title="bbox 1107 3107 1807 4039">
     <span class='ocr_line' id='line_1_70' title="bbox 1156 3107 1806 3189; baseline -0.002 -19"><span class='ocrx_word' id='word_1_402' title='bbox 1156 3107 1295 3170; x_wconf 83' lang='lat' dir='ltr'><strong>Ostendit</strong></span> <span class='ocrx_word' id='word_1_403' title='bbox 1318 3110 1365 3169; x_wconf 90' lang='lat' dir='ltr'><strong>hio</strong></span> <span class='ocrx_word' id='word_1_404' title='bbox 1379 3127 1495 3179; x_wconf 79' lang='lat' dir='ltr'><strong>versus,</strong></span> <span class='ocrx_word' id='word_1_405' title='bbox 1519 3120 1630 3189; x_wconf 86' lang='lat' dir='ltr'><strong>quanto</strong></span> <span class='ocrx_word' id='word_1_406' title='bbox 1656 3108 1806 3188; x_wconf 74' lang='lat' dir='ltr'><strong>spirituali</strong></span> 
     </span>
     <span class='ocr_line' id='line_1_71' title="bbox 1111 3195 1805 3276; baseline 0 -19"><span class='ocrx_word' id='word_1_407' title='bbox 1111 3196 1223 3276; x_wconf 84' lang='lat' dir='ltr'><strong>gaudio</strong></span> <span class='ocrx_word' id='word_1_408' title='bbox 1248 3216 1351 3257; x_wconf 84' lang='lat' dir='ltr'><strong>ornnes</strong></span> <span class='ocrx_word' id='word_1_409' title='bbox 1373 3198 1436 3256; x_wconf 81' lang='lat' dir='ltr'><strong>sori</strong></span> <span class='ocrx_word' id='word_1_410' title='bbox 1453 3195 1626 3269; x_wconf 78' lang='lat' dir='ltr'><strong>Christiani,</strong></span> <span class='ocrx_word' id='word_1_411' title='bbox 1650 3197 1679 3255; x_wconf 89' lang='lat' dir='ltr'><strong>in</strong></span> <span class='ocrx_word' id='word_1_412' title='bbox 1704 3196 1805 3274; x_wconf 86' lang='lat' dir='ltr'><strong>primis</strong></span> 
     </span>
     <span class='ocr_line' id='line_1_72' title="bbox 1111 3279 1807 3363; baseline -0.003 -20"><span class='ocrx_word' id='word_1_413' title='bbox 1111 3287 1141 3355; x_wconf 91' lang='lat' dir='ltr'><strong>ii,</strong></span> <span class='ocrx_word' id='word_1_414' title='bbox 1163 3285 1215 3363; x_wconf 89' lang='lat' dir='ltr'><strong>qui</strong></span> <span class='ocrx_word' id='word_1_415' title='bbox 1233 3291 1385 3363; x_wconf 83' lang='lat' dir='ltr'><strong>praesunt,</strong></span> <span class='ocrx_word' id='word_1_416' title='bbox 1407 3283 1560 3343; x_wconf 86' lang='lat' dir='ltr'><strong>oxsnltont</strong></span> <span class='ocrx_word' id='word_1_417' title='bbox 1582 3281 1621 3342; x_wconf 86' lang='lat' dir='ltr'><strong>do</strong></span> <span class='ocrx_word' id='word_1_418' title='bbox 1643 3294 1725 3342; x_wconf 80' lang='lat' dir='ltr'><strong>rocta</strong></span> <span class='ocrx_word' id='word_1_419' title='bbox 1741 3279 1807 3356; x_wconf 83' lang='lat' dir='ltr'><strong>fide,</strong></span> 
     </span>
     <span class='ocr_line' id='line_1_73' title="bbox 1111 3366 1803 3440; baseline -0.006 -9"><span class='ocrx_word' id='word_1_420' title='bbox 1111 3370 1148 3431; x_wconf 87' lang='lat' dir='ltr'><strong>de</strong></span> <span class='ocrx_word' id='word_1_421' title='bbox 1164 3370 1242 3430; x_wconf 86' lang='lat' dir='ltr'><strong>hona</strong></span> <span class='ocrx_word' id='word_1_422' title='bbox 1258 3372 1324 3430; x_wconf 84' lang='lat' dir='ltr'><strong>vita</strong></span> <span class='ocrx_word' id='word_1_423' title='bbox 1346 3389 1468 3430; x_wconf 86' lang='lat' dir='ltr'><strong>anorum</strong></span> <span class='ocrx_word' id='word_1_424' title='bbox 1485 3371 1514 3428; x_wconf 91' lang='lat' dir='ltr'><strong>in</strong></span> <span class='ocrx_word' id='word_1_425' title='bbox 1530 3366 1650 3430; x_wconf 80' lang='lat' dir='ltr'><strong>Christo</strong></span> <span class='ocrx_word' id='word_1_426' title='bbox 1666 3369 1803 3440; x_wconf 84' lang='lat' dir='ltr'><strong>tiliorum,</strong></span> 
     </span>
     <span class='ocr_line' id='line_1_74' title="bbox 1110 3456 1806 3535; baseline 0.001 -20"><span class='ocrx_word' id='word_1_427' title='bbox 1110 3477 1147 3516; x_wconf 86' lang='lat' dir='ltr'><strong>aa</strong></span> <span class='ocrx_word' id='word_1_428' title='bbox 1170 3458 1290 3517; x_wconf 91' lang='lat' dir='ltr'><strong>omnino</strong></span> <span class='ocrx_word' id='word_1_429' title='bbox 1316 3476 1437 3518; x_wconf 86' lang='lat' dir='ltr'><strong>snorum</strong></span> <span class='ocrx_word' id='word_1_430' title='bbox 1461 3456 1679 3535; x_wconf 88' lang='lat' dir='ltr'><strong>proximorum,</strong></span> <span class='ocrx_word' id='word_1_431' title='bbox 1706 3456 1806 3533; x_wconf 73' lang='lat' dir='ltr'><strong>iisqne</strong></span> 
     </span>
     <span class='ocr_line' id='line_1_75' title="bbox 1110 3540 1802 3622; baseline 0.003 -23"><span class='ocrx_word' id='word_1_432' title='bbox 1110 3544 1175 3622; x_wconf 82' lang='lat' dir='ltr'><strong>rjns</strong></span> <span class='ocrx_word' id='word_1_433' title='bbox 1200 3544 1376 3605; x_wconf 84' lang='lat' dir='ltr'><strong>constantia.</strong></span> <span class='ocrx_word' id='word_1_434' title='bbox 1413 3543 1495 3603; x_wconf 88' lang='lat' dir='ltr'><strong>Hine</strong></span> <span class='ocrx_word' id='word_1_435' title='bbox 1520 3543 1660 3602; x_wconf 88' lang='lat' dir='ltr'><strong>nimirum</strong></span> <span class='ocrx_word' id='word_1_436' title='bbox 1688 3540 1802 3601; x_wconf 82' lang='lat' dir='ltr'><strong>Patrius</strong></span> 
     </span>
     <span class='ocr_line' id='line_1_76' title="bbox 1109 3628 1803 3708; baseline 0 -19"><span class='ocrx_word' id='word_1_437' title='bbox 1109 3629 1276 3708; x_wconf 81' lang='lat' dir='ltr'><strong>Apostolus</strong></span> <span class='ocrx_word' id='word_1_438' title='bbox 1291 3629 1411 3690; x_wconf 86' lang='lat' dir='ltr'><strong>dicebat</strong></span> <span class='ocrx_word' id='word_1_439' title='bbox 1429 3631 1444 3688; x_wconf 92' lang='lat'>1</span> <span class='ocrx_word' id='word_1_440' title='bbox 1463 3630 1570 3689; x_wconf 86' lang='lat' dir='ltr'><strong>Thess.</strong></span> <span class='ocrx_word' id='word_1_441' title='bbox 1589 3635 1632 3688; x_wconf 76' lang='lat' dir='ltr'><strong>L:</strong></span> <span class='ocrx_word' id='word_1_442' title='bbox 1657 3628 1719 3688; x_wconf 87' lang='lat' dir='ltr'><strong>Vos</strong></span> <span class='ocrx_word' id='word_1_443' title='bbox 1732 3630 1803 3689; x_wconf 84' lang='lat' dir='ltr'><strong>estis</strong></span> 
     </span>
     <span class='ocr_line' id='line_1_77' title="bbox 1107 3713 1803 3791; baseline 0 -18"><span class='ocrx_word' id='word_1_444' title='bbox 1107 3718 1212 3791; x_wconf 76' lang='lat' dir='ltr'><strong>pluria</strong></span> <span class='ocrx_word' id='word_1_445' title='bbox 1234 3724 1345 3777; x_wconf 82' lang='lat' dir='ltr'><strong>nostra</strong></span> <span class='ocrx_word' id='word_1_446' title='bbox 1367 3724 1397 3778; x_wconf 88' lang='lat' dir='ltr'><strong>et</strong></span> <span class='ocrx_word' id='word_1_447' title='bbox 1417 3717 1583 3791; x_wconf 71' lang='lat' dir='ltr'><strong>nandium,</strong></span> <span class='ocrx_word' id='word_1_448' title='bbox 1611 3724 1642 3775; x_wconf 91' lang='lat' dir='ltr'><strong>ot</strong></span> <span class='ocrx_word' id='word_1_449' title='bbox 1663 3713 1742 3775; x_wconf 92' lang='lat' dir='ltr'><strong>Phil.</strong></span> <span class='ocrx_word' id='word_1_450' title='bbox 1758 3715 1803 3775; x_wconf 71' lang='lat' dir='ltr'><strong>A:</strong></span> 
     </span>
     <span class='ocr_line' id='line_1_78' title="bbox 1108 3802 1801 3877; baseline -0.009 -12"><span class='ocrx_word' id='word_1_451' title='bbox 1108 3805 1240 3865; x_wconf 78' lang='lat' dir='ltr'><strong>Fratres</strong></span> <span class='ocrx_word' id='word_1_452' title='bbox 1255 3805 1316 3863; x_wconf 89' lang='lat' dir='ltr'><strong>mei</strong></span> <span class='ocrx_word' id='word_1_453' title='bbox 1326 3806 1481 3863; x_wconf 83' lang='lat' dir='ltr'><strong>carissimi</strong></span> <span class='ocrx_word' id='word_1_454' title='bbox 1492 3813 1521 3861; x_wconf 78' lang='lat' dir='ltr'><strong>et</strong></span> <span class='ocrx_word' id='word_1_455' title='bbox 1532 3802 1801 3877; x_wconf 79' lang='lat' dir='ltr'><strong>desideratissimi,</strong></span> 
     </span>
     <span class='ocr_line' id='line_1_79' title="bbox 1107 3891 1803 3968; baseline 0.001 -19"><span class='ocrx_word' id='word_1_456' title='bbox 1107 3892 1262 3968; x_wconf 71' lang='lat' dir='ltr'><strong>pausiam</strong></span> <span class='ocrx_word' id='word_1_457' title='bbox 1278 3908 1382 3951; x_wconf 80' lang='lat' dir='ltr'><strong>meum</strong></span> <span class='ocrx_word' id='word_1_458' title='bbox 1396 3898 1425 3951; x_wconf 90' lang='lat' dir='ltr'><strong>et</strong></span> <span class='ocrx_word' id='word_1_459' title='bbox 1437 3909 1557 3952; x_wconf 79' lang='lat' dir='ltr'><strong>oororm</strong></span> <span class='ocrx_word' id='word_1_460' title='bbox 1569 3908 1650 3964; x_wconf 88' lang='lat' dir='ltr'><strong>mea,</strong></span> <span class='ocrx_word' id='word_1_461' title='bbox 1666 3891 1803 3950; x_wconf 73' lang='lat' dir='ltr'><strong>sinitote</strong></span> 
     </span>
     <span class='ocr_line' id='line_1_80' title="bbox 1107 3979 1311 4039; baseline 0 -1"><span class='ocrx_word' id='word_1_462' title='bbox 1107 3982 1144 4039; x_wconf 88' lang='lat' dir='ltr'><strong>in</strong></span> <span class='ocrx_word' id='word_1_463' title='bbox 1160 3979 1311 4038; x_wconf 86' lang='lat' dir='ltr'><strong>Domino.</strong></span> 
     </span>
    </p>

    <p class='ocr_par' dir='ltr' id='par_1_9' title="bbox 1107 4062 1803 4212">
     <span class='ocr_line' id='line_1_81' title="bbox 1152 4062 1803 4140; baseline 0 -17"><span class='ocrx_word' id='word_1_464' title='bbox 1152 4065 1181 4125; x_wconf 82' lang='lat'><strong>5.</strong></span> <span class='ocrx_word' id='word_1_465' title='bbox 1197 4065 1241 4125; x_wconf 86' lang='lat' dir='ltr'><strong>Et</strong></span> <span class='ocrx_word' id='word_1_466' title='bbox 1255 4082 1344 4125; x_wconf 85' lang='lat' dir='ltr'><strong>nune</strong></span> <span class='ocrx_word' id='word_1_467' title='bbox 1357 4081 1435 4140; x_wconf 75' lang='lat' dir='ltr'><strong>rapa</strong></span> <span class='ocrx_word' id='word_1_468' title='bbox 1451 4071 1492 4139; x_wconf 84' lang='lat' dir='ltr'><strong>ts,</strong></span> <span class='ocrx_word' id='word_1_469' title='bbox 1510 4065 1652 4126; x_wconf 85' lang='lat' dir='ltr'><strong>Domina</strong></span> <span class='ocrx_word' id='word_1_470' title='bbox 1667 4067 1722 4123; x_wconf 86' lang='lat' dir='ltr'><strong>etc.</strong></span> <span class='ocrx_word' id='word_1_471' title='bbox 1745 4062 1803 4124; x_wconf 87' lang='lat' dir='ltr'><strong>His</strong></span> 
     </span>
     <span class='ocr_line' id='line_1_82' title="bbox 1107 4149 1802 4212; baseline 0.001 -1"><span class='ocrx_word' id='word_1_472' title='bbox 1107 4152 1208 4211; x_wconf 84' lang='lat' dir='ltr'><strong>verbis</strong></span> <span class='ocrx_word' id='word_1_473' title='bbox 1230 4159 1276 4210; x_wconf 88' lang='lat' dir='ltr'><strong>est</strong></span> <span class='ocrx_word' id='word_1_474' title='bbox 1297 4151 1464 4211; x_wconf 79' lang='lat' dir='ltr'><strong>cohortatio</strong></span> <span class='ocrx_word' id='word_1_475' title='bbox 1486 4150 1524 4212; x_wconf 84' lang='lat' dir='ltr'><strong>sd</strong></span> <span class='ocrx_word' id='word_1_476' title='bbox 1541 4149 1740 4211; x_wconf 78' lang='lat' dir='ltr'><strong>Christianam</strong></span> <span class='ocrx_word' id='word_1_477' title='bbox 1755 4168 1802 4212; x_wconf 82' lang='lat' dir='ltr'><strong>oa·</strong></span> 
     </span>
    </p>
   </div>
   <div class='ocr_carea' id='block_1_5' title="bbox 312 4234 1805 5015">
    <p class='ocr_par' dir='ltr' id='par_1_10' title="bbox 312 4234 1802 4492">
     <span class='ocr_line' id='line_1_83' title="bbox 355 4234 1802 4314; baseline 0 -18"><span class='ocrx_word' id='word_1_478' title='bbox 355 4235 521 4310; x_wconf 76' lang='lat' dir='ltr'><strong>amitttat,</strong></span> <span class='ocrx_word' id='word_1_479' title='bbox 545 4237 651 4314; x_wconf 81' lang='lat' dir='ltr'><strong>quiin</strong></span> <span class='ocrx_word' id='word_1_480' title='bbox 673 4238 723 4296; x_wconf 81' lang='lat' dir='ltr'><strong>ris</strong></span> <span class='ocrx_word' id='word_1_481' title='bbox 745 4247 829 4296; x_wconf 89' lang='lat' dir='ltr'><strong>recta</strong></span> <span class='ocrx_word' id='word_1_482' title='bbox 850 4234 1054 4314; x_wconf 77' lang='lat' dir='ltr'><strong>progreditnr3</strong></span> <span class='ocrx_word' id='word_1_483' title='bbox 1108 4240 1227 4297; x_wconf 84' lang='lat' dir='ltr'><strong>ritatem</strong></span> <span class='ocrx_word' id='word_1_484' title='bbox 1254 4236 1487 4298; x_wconf 83' lang='lat' dir='ltr'><strong>continuandam</strong></span> <span class='ocrx_word' id='word_1_485' title='bbox 1512 4240 1589 4298; x_wconf 87' lang='lat' dir='ltr'><strong>inter</strong></span> <span class='ocrx_word' id='word_1_486' title='bbox 1612 4234 1716 4298; x_wconf 76' lang='lat' dir='ltr'><strong>hriolos</strong></span> <span class='ocrx_word' id='word_1_487' title='bbox 1740 4254 1802 4296; x_wconf 86' lang='lat' dir='ltr'><strong>mu·</strong></span> 
     </span>
     <span class='ocr_line' id='line_1_84' title="bbox 356 4320 1801 4404; baseline 0.003 -24"><span class='ocrx_word' id='word_1_488' title='bbox 356 4323 442 4402; x_wconf 86' lang='lat' dir='ltr'><strong>qnod</strong></span> <span class='ocrx_word' id='word_1_489' title='bbox 459 4322 492 4381; x_wconf 90' lang='lat' dir='ltr'><strong>fit</strong></span> <span class='ocrx_word' id='word_1_490' title='bbox 507 4344 525 4380; x_wconf 90' lang='lat' dir='ltr'><strong>a</strong></span> <span class='ocrx_word' id='word_1_491' title='bbox 541 4321 714 4383; x_wconf 85' lang='lat' dir='ltr'><strong>mortalibus</strong></span> <span class='ocrx_word' id='word_1_492' title='bbox 730 4343 784 4403; x_wconf 91' lang='lat' dir='ltr'><strong>per</strong></span> <span class='ocrx_word' id='word_1_493' title='bbox 803 4320 967 4402; x_wconf 76' lang='lat' dir='ltr'><strong>profertum</strong></span> <span class='ocrx_word' id='word_1_494' title='bbox 984 4321 1054 4383; x_wconf 80' lang='lat' dir='ltr'><strong>fidei</strong></span> <span class='ocrx_word' id='word_1_495' title='bbox 1107 4336 1167 4393; x_wconf 84' lang='lat' dir='ltr'><strong>tuo,</strong></span> <span class='ocrx_word' id='word_1_496' title='bbox 1183 4344 1275 4404; x_wconf 85' lang='lat' dir='ltr'><strong>quum</strong></span> <span class='ocrx_word' id='word_1_497' title='bbox 1290 4324 1424 4404; x_wconf 80' lang='lat' dir='ltr'><strong>nudique</strong></span> <span class='ocrx_word' id='word_1_498' title='bbox 1437 4335 1480 4385; x_wconf 88' lang='lat' dir='ltr'><strong>tot</strong></span> <span class='ocrx_word' id='word_1_499' title='bbox 1492 4326 1680 4403; x_wconf 79' lang='lat' dir='ltr'><strong>insurgerent</strong></span> <span class='ocrx_word' id='word_1_500' title='bbox 1695 4321 1801 4385; x_wconf 84' lang='lat' dir='ltr'><strong>adver·</strong></span> 
     </span>
     <span class='ocr_line' id='line_1_85' title="bbox 312 4405 1691 4492; baseline 0.001 -22"><span class='ocrx_word' id='word_1_501' title='bbox 312 4405 315 4436; x_wconf 75' lang='lat'>²</span> <span class='ocrx_word' id='word_1_502' title='bbox 356 4418 389 4470; x_wconf 86' lang='lat' dir='ltr'><strong>et</strong></span> <span class='ocrx_word' id='word_1_503' title='bbox 404 4410 546 4469; x_wconf 82' lang='lat' dir='ltr'><strong>caritntis.</strong></span> <span class='ocrx_word' id='word_1_504' title='bbox 569 4411 693 4472; x_wconf 83' lang='lat' dir='ltr'><strong>Manent</strong></span> <span class='ocrx_word' id='word_1_505' title='bbox 707 4410 766 4470; x_wconf 85' lang='lat' dir='ltr'><strong>hoo</strong></span> <span class='ocrx_word' id='word_1_506' title='bbox 780 4409 942 4488; x_wconf 84' lang='lat' dir='ltr'><strong>Didymus,</strong></span> <span class='ocrx_word' id='word_1_507' title='bbox 958 4406 1053 4469; x_wconf 88' lang='lat' dir='ltr'><strong>Ooou·</strong></span> <span class='ocrx_word' id='word_1_508' title='bbox 1108 4412 1179 4472; x_wconf 83' lang='lat' dir='ltr'><strong>sarii</strong></span> <span class='ocrx_word' id='word_1_509' title='bbox 1195 4421 1225 4471; x_wconf 86' lang='lat' dir='ltr'><strong>et</strong></span> <span class='ocrx_word' id='word_1_510' title='bbox 1241 4422 1448 4492; x_wconf 80' lang='lat' dir='ltr'><strong>persecutores</strong></span> <span class='ocrx_word' id='word_1_511' title='bbox 1463 4412 1691 4475; x_wconf 86' lang='lat' dir='ltr'><strong>Christianismi.</strong></span> 
     </span>
    </p>

    <p class='ocr_par' dir='ltr' id='par_1_11' title="bbox 312 4496 1805 4923">
     <span class='ocr_line' id='line_1_86' title="bbox 313 4496 1801 4578; baseline 0.001 -21"><span class='ocrx_word' id='word_1_512' title='bbox 313 4558 316 4570; x_wconf 39' lang='grc' dir='ltr'>Ι</span> <span class='ocrx_word' id='word_1_513' title='bbox 354 4497 477 4557; x_wconf 83' lang='lat' dir='ltr'><strong>marsius</strong></span> <span class='ocrx_word' id='word_1_514' title='bbox 493 4503 522 4556; x_wconf 83' lang='lat' dir='ltr'><strong>et</strong></span> <span class='ocrx_word' id='word_1_515' title='bbox 536 4496 599 4557; x_wconf 90' lang='lat' dir='ltr'><strong>alii.</strong></span> <span class='ocrx_word' id='word_1_516' title='bbox 1150 4500 1249 4574; x_wconf 73' lang='lat' dir='ltr'><strong>Rapo.</strong></span> <span class='ocrx_word' id='word_1_517' title='bbox 1272 4498 1322 4559; x_wconf 84' lang='lat' dir='ltr'><strong>Sic</strong></span> <span class='ocrx_word' id='word_1_518' title='bbox 1346 4497 1486 4577; x_wconf 83' lang='lat' dir='ltr'><strong>loquitur,</strong></span> <span class='ocrx_word' id='word_1_519' title='bbox 1509 4509 1544 4559; x_wconf 88' lang='lat' dir='ltr'><strong>nt</strong></span> <span class='ocrx_word' id='word_1_520' title='bbox 1565 4497 1712 4560; x_wconf 82' lang='lat' dir='ltr'><strong>efficacius</strong></span> <span class='ocrx_word' id='word_1_521' title='bbox 1734 4516 1801 4578; x_wconf 86' lang='lat' dir='ltr'><strong>per·</strong></span> 
     </span>
     <span class='ocr_line' id='line_1_87' title="bbox 314 4581 1805 4665; baseline 0.003 -21"><span class='ocrx_word' id='word_1_522' title='bbox 314 4585 317 4614; x_wconf 78' lang='lat'><em>³</em></span> <span class='ocrx_word' id='word_1_523' title='bbox 401 4583 444 4644; x_wconf 85' lang='lat' dir='ltr'><strong>In</strong></span> <span class='ocrx_word' id='word_1_524' title='bbox 469 4586 609 4644; x_wconf 82' lang='lat' dir='ltr'><strong>ueritate.</strong></span> <span class='ocrx_word' id='word_1_525' title='bbox 646 4586 769 4644; x_wconf 84' lang='lat' dir='ltr'><strong>Veritas</strong></span> <span class='ocrx_word' id='word_1_526' title='bbox 790 4583 839 4644; x_wconf 87' lang='lat' dir='ltr'><strong>hic</strong></span> <span class='ocrx_word' id='word_1_527' title='bbox 860 4591 942 4645; x_wconf 88' lang='lat' dir='ltr'><strong>recte</strong></span> <span class='ocrx_word' id='word_1_528' title='bbox 965 4581 1053 4642; x_wconf 88' lang='lat' dir='ltr'><strong>intel·</strong></span> <span class='ocrx_word' id='word_1_529' title='bbox 1106 4593 1235 4657; x_wconf 83' lang='lat' dir='ltr'><strong>moveat,</strong></span> <span class='ocrx_word' id='word_1_530' title='bbox 1258 4584 1326 4645; x_wconf 81' lang='lat' dir='ltr'><strong>dum</strong></span> <span class='ocrx_word' id='word_1_531' title='bbox 1343 4587 1369 4646; x_wconf 85' lang='lat' dir='ltr'><strong>is</strong></span> <span class='ocrx_word' id='word_1_532' title='bbox 1385 4597 1479 4665; x_wconf 80' lang='lat' dir='ltr'><strong>roget,</strong></span> <span class='ocrx_word' id='word_1_533' title='bbox 1502 4587 1589 4664; x_wconf 83' lang='lat' dir='ltr'><strong>cnjus</strong></span> <span class='ocrx_word' id='word_1_534' title='bbox 1612 4585 1805 4648; x_wconf 83' lang='lat' dir='ltr'><strong>aratlrortari</strong></span> 
     </span>
     <span class='ocr_line' id='line_1_88' title="bbox 312 4669 1802 4751; baseline -0.003 -20"><span class='ocrx_word' id='word_1_535' title='bbox 312 4689 318 4706; x_wconf 93' lang='lat'><em>·</em></span> <span class='ocrx_word' id='word_1_536' title='bbox 354 4670 462 4750; x_wconf 76' lang='lat' dir='ltr'><strong>ligitur</strong></span> <span class='ocrx_word' id='word_1_537' title='bbox 478 4670 670 4749; x_wconf 76' lang='lat' dir='ltr'><strong>generaliter,</strong></span> <span class='ocrx_word' id='word_1_538' title='bbox 685 4684 719 4731; x_wconf 91' lang='lat' dir='ltr'><strong>nt</strong></span> <span class='ocrx_word' id='word_1_539' title='bbox 730 4669 964 4749; x_wconf 83' lang='lat' dir='ltr'><strong>comprehendat</strong></span> <span class='ocrx_word' id='word_1_540' title='bbox 976 4670 1053 4728; x_wconf 82' lang='lat' dir='ltr'><strong>veri·</strong></span> <span class='ocrx_word' id='word_1_541' title='bbox 1106 4682 1137 4733; x_wconf 89' lang='lat' dir='ltr'><strong>et</strong></span> <span class='ocrx_word' id='word_1_542' title='bbox 1156 4692 1285 4733; x_wconf 71' lang='lat' dir='ltr'><strong>inuuere.</strong></span> <span class='ocrx_word' id='word_1_543' title='bbox 1319 4673 1420 4734; x_wconf 75' lang='lat' dir='ltr'><strong>Simile</strong></span> <span class='ocrx_word' id='word_1_544' title='bbox 1442 4673 1515 4733; x_wconf 67' lang='lat' dir='ltr'><strong>fucit</strong></span> <span class='ocrx_word' id='word_1_545' title='bbox 1537 4671 1652 4733; x_wconf 70' lang='lat' dir='ltr'><strong>Paulus</strong></span> <span class='ocrx_word' id='word_1_546' title='bbox 1674 4672 1802 4751; x_wconf 78' lang='lat' dir='ltr'><strong>Aposto-</strong></span> 
     </span>
     <span class='ocr_line' id='line_1_89' title="bbox 354 4758 1804 4836; baseline 0.003 -19"><span class='ocrx_word' id='word_1_547' title='bbox 354 4765 451 4817; x_wconf 85' lang='lat' dir='ltr'><strong>tatem</strong></span> <span class='ocrx_word' id='word_1_548' title='bbox 474 4759 555 4816; x_wconf 86' lang='lat' dir='ltr'><strong>vitoe</strong></span> <span class='ocrx_word' id='word_1_549' title='bbox 577 4778 612 4817; x_wconf 89' lang='lat' dir='ltr'><strong>ac</strong></span> <span class='ocrx_word' id='word_1_550' title='bbox 631 4778 743 4817; x_wconf 78' lang='lat' dir='ltr'><strong>mortun</strong></span> <span class='ocrx_word' id='word_1_551' title='bbox 759 4779 818 4817; x_wconf 92' lang='lat' dir='ltr'><strong>non</strong></span> <span class='ocrx_word' id='word_1_552' title='bbox 834 4759 940 4829; x_wconf 88' lang='lat' dir='ltr'><strong>minus,</strong></span> <span class='ocrx_word' id='word_1_553' title='bbox 963 4775 1051 4836; x_wconf 86' lang='lat' dir='ltr'><strong>quam</strong></span> <span class='ocrx_word' id='word_1_554' title='bbox 1105 4759 1154 4819; x_wconf 90' lang='lat' dir='ltr'><strong>lus</strong></span> <span class='ocrx_word' id='word_1_555' title='bbox 1171 4763 1189 4820; x_wconf 79' lang='lat'><strong>2</strong></span> <span class='ocrx_word' id='word_1_556' title='bbox 1206 4758 1274 4821; x_wconf 86' lang='lat' dir='ltr'><strong>Cor.</strong></span> <span class='ocrx_word' id='word_1_557' title='bbox 1291 4759 1319 4819; x_wconf 80' lang='lat'><strong>5.</strong></span> <span class='ocrx_word' id='word_1_558' title='bbox 1336 4761 1393 4835; x_wconf 76' lang='lat' dir='ltr'><strong>tin,</strong></span> <span class='ocrx_word' id='word_1_559' title='bbox 1415 4759 1454 4820; x_wconf 86' lang='lat' dir='ltr'><strong>ad</strong></span> <span class='ocrx_word' id='word_1_560' title='bbox 1478 4760 1604 4821; x_wconf 83' lang='lat' dir='ltr'><strong>Philam.</strong></span> <span class='ocrx_word' id='word_1_561' title='bbox 1628 4778 1705 4820; x_wconf 78' lang='lat' dir='ltr'><strong>scre.</strong></span> <span class='ocrx_word' id='word_1_562' title='bbox 1727 4762 1756 4821; x_wconf 83' lang='grc'><strong>9.</strong></span> <span class='ocrx_word' id='word_1_563' title='bbox 1772 4767 1804 4821; x_wconf 83' lang='lat' dir='ltr'><strong>et</strong></span> 
     </span>
     <span class='ocr_line' id='line_1_90' title="bbox 312 4841 1186 4923; baseline 0.002 -17"><span class='ocrx_word' id='word_1_564' title='bbox 312 4847 322 4878; x_wconf 81' lang='grc'><strong>“·</strong></span> <span class='ocrx_word' id='word_1_565' title='bbox 355 4844 515 4906; x_wconf 82' lang='lat' dir='ltr'><strong>veritatem</strong></span> <span class='ocrx_word' id='word_1_566' title='bbox 534 4841 615 4905; x_wconf 81' lang='lat' dir='ltr'><strong>fidoi.</strong></span> <span class='ocrx_word' id='word_1_567' title='bbox 639 4845 843 4923; x_wconf 86' lang='lat' dir='ltr'><strong>Utrorumqne</strong></span> <span class='ocrx_word' id='word_1_568' title='bbox 865 4844 943 4904; x_wconf 81' lang='lat' dir='ltr'><strong>errint</strong></span> <span class='ocrx_word' id='word_1_569' title='bbox 969 4846 1052 4904; x_wconf 84' lang='lat' dir='ltr'><strong>oeri-</strong></span> <span class='ocrx_word' id='word_1_570' title='bbox 1105 4846 1186 4908; x_wconf 84' lang='lat' dir='ltr'><strong>alibi.</strong></span> 
     </span>
    </p>

    <p class='ocr_par' dir='ltr' id='par_1_12' title="bbox 312 4925 1801 5015">
     <span class='ocr_line' id='line_1_91' title="bbox 312 4925 1801 5015; baseline 0.001 -24"><span class='ocrx_word' id='word_1_571' title='bbox 312 4925 325 4960; x_wconf 72' lang='lat'><strong>²²</strong></span> <span class='ocrx_word' id='word_1_572' title='bbox 354 4938 439 5004; x_wconf 86' lang='lat' dir='ltr'><strong>tate,</strong></span> <span class='ocrx_word' id='word_1_573' title='bbox 466 4929 497 4990; x_wconf 90' lang='lat' dir='ltr'><strong>id</strong></span> <span class='ocrx_word' id='word_1_574' title='bbox 524 4938 584 5004; x_wconf 90' lang='lat' dir='ltr'><strong>est,</strong></span> <span class='ocrx_word' id='word_1_575' title='bbox 610 4932 784 4992; x_wconf 86' lang='lat' dir='ltr'><strong>sinceritate</strong></span> <span class='ocrx_word' id='word_1_576' title='bbox 810 4951 846 4991; x_wconf 88' lang='lat' dir='ltr'><strong>ac</strong></span> <span class='ocrx_word' id='word_1_577' title='bbox 870 4931 1052 5009; x_wconf 80' lang='lat' dir='ltr'><strong>integritate,</strong></span> <span class='ocrx_word' id='word_1_578' title='bbox 1150 4935 1301 4995; x_wconf 85' lang='lat' dir='ltr'><strong>Domina.</strong></span> <span class='ocrx_word' id='word_1_579' title='bbox 1324 4931 1372 4993; x_wconf 89' lang='lat' dir='ltr'><strong>Arl</strong></span> <span class='ocrx_word' id='word_1_580' title='bbox 1396 4932 1478 4993; x_wconf 90' lang='lat' dir='ltr'><strong>illam</strong></span> <span class='ocrx_word' id='word_1_581' title='bbox 1497 4931 1621 5015; x_wconf 80' lang='lat' dir='ltr'><strong>quirlom</strong></span> <span class='ocrx_word' id='word_1_582' title='bbox 1636 4932 1688 4993; x_wconf 90' lang='lat' dir='ltr'><strong>hic</strong></span> <span class='ocrx_word' id='word_1_583' title='bbox 1702 4950 1801 4993; x_wconf 89' lang='lat' dir='ltr'><strong>sermo</strong></span> 
     </span>
    </p>
   </div>
   <div class='ocr_carea' id='block_1_6' title="bbox 312 5010 1802 5191">
    <p class='ocr_par' dir='ltr' id='par_1_13' title="bbox 312 5010 1802 5191">
     <span class='ocr_line' id='line_1_92' title="bbox 312 5010 1802 5114; baseline 0.004 -35"><span class='ocrx_word' id='word_1_584' title='bbox 312 5010 325 5114; x_wconf 32' lang='grc' dir='ltr'><strong><em>ζ</em></strong></span> <span class='ocrx_word' id='word_1_585' title='bbox 354 5036 434 5100; x_wconf 84' lang='lat' dir='ltr'><strong>opos</strong></span> <span class='ocrx_word' id='word_1_586' title='bbox 449 5028 504 5094; x_wconf 88' lang='lat' dir='ltr'><strong>est,</strong></span> <span class='ocrx_word' id='word_1_587' title='bbox 527 5026 561 5076; x_wconf 90' lang='lat' dir='ltr'><strong>nt</strong></span> <span class='ocrx_word' id='word_1_588' title='bbox 575 5019 643 5099; x_wconf 87' lang='lat' dir='ltr'><strong>quis</strong></span> <span class='ocrx_word' id='word_1_589' title='bbox 664 5018 704 5079; x_wconf 84' lang='lat' dir='ltr'><strong>sd</strong></span> <span class='ocrx_word' id='word_1_590' title='bbox 726 5018 858 5081; x_wconf 79' lang='lat' dir='ltr'><strong>salntem</strong></span> <span class='ocrx_word' id='word_1_591' title='bbox 880 5018 1051 5101; x_wconf 57' lang='lat' dir='ltr'><strong>perveniam</strong></span> <span class='ocrx_word' id='word_1_592' title='bbox 1104 5021 1242 5105; x_wconf 73' lang='lat' dir='ltr'><strong>dirigitur</strong></span> <span class='ocrx_word' id='word_1_593' title='bbox 1264 5039 1421 5103; x_wconf 80' lang='lat' dir='ltr'><strong>expresso3</strong></span> <span class='ocrx_word' id='word_1_594' title='bbox 1444 5020 1496 5081; x_wconf 86' lang='lat' dir='ltr'><strong>sod</strong></span> <span class='ocrx_word' id='word_1_595' title='bbox 1521 5019 1612 5081; x_wconf 86' lang='lat' dir='ltr'><strong>simul</strong></span> <span class='ocrx_word' id='word_1_596' title='bbox 1633 5013 1735 5083; x_wconf 79' lang='lat' dir='ltr'><strong>omnes</strong></span> <span class='ocrx_word' id='word_1_597' title='bbox 1757 5019 1802 5085; x_wconf 88' lang='lat' dir='ltr'><strong>illi</strong></span> 
     </span>
     <span class='ocr_line' id='line_1_93' title="bbox 1525 5119 1597 5191; baseline 0 0"><span class='ocrx_word' id='word_1_598' title='bbox 1525 5119 1597 5191; x_wconf 64' lang='grc' dir='ltr'><strong>ὅθ’</strong></span> 
     </span>
    </p>
   </div>
   <div class='ocr_carea' id='block_1_7' title="bbox 0 0 2226 5825">
    <p class='ocr_par' dir='ltr' id='par_1_14' title="bbox 0 0 2226 5825">
     <span class='ocr_line' id='line_1_94' title="bbox 0 0 2226 5825; baseline 0 11"><span class='ocrx_word' id='word_1_599' title='bbox 0 0 2226 5825; x_wconf 95' lang='lat' dir='ltr'><strong> </strong></span> 
     </span>
    </p>
   </div>
  </div>
 </body>
</html>
