4442 5825
493 1595 578 1697 ιιι
632 1591 1725 1697 ss1ss0slsolsuos1css

871 1806 1349 1943 Plhllhlltl.

434 2239 522 2340 Pon
543 2273 722 2355 explsum
741 2274 880 2356 Aponon
901 2273 990 2334 saun
1013 2275 1086 2354 sps·
1139 2274 1239 2334 varin
1267 2276 1413 2354 farones
1450 2276 1527 2336 sm
1554 2273 1666 2337 Jacobs
1692 2274 1755 2354 sps

391 2359 484 2421 stolss
501 2363 655 2441 sequitur,
678 2370 711 2421 nt
726 2361 765 2421 sd
780 2363 912 2441 reliquas
928 2362 1086 2441 Apostolo·
1140 2359 1295 2422 duodecim
1319 2362 1429 2435 tribus,
1455 2382 1534 2442 quse
1560 2371 1647 2423 ersnt
1670 2360 1755 2422 indis

390 2466 455 2507 rum
470 2447 632 2529 Epistolss,
648 2466 724 2530 quse
743 2456 857 2528 septem
873 2465 996 2508 numero
1011 2457 1086 2518 suut,
1140 2449 1239 2519 sione,
1263 2449 1431 2530 compellat.
1456 2449 1543 2510 Prior
1558 2449 1643 2510 Petri
1657 2448 1755 2508 mittite

391 2536 586 2616 exponendas
601 2534 787 2596 secedamus.
811 2535 870 2595 Est
883 2543 982 2594 sutem
997 2534 1036 2595 de
1050 2536 1087 2594 iis
1140 2535 1252 2595 clectos
1273 2535 1407 2595 sdvenss
1432 2536 1628 2615 dispersionis
1649 2535 1746 2605 Ponti,

390 2619 552 2683 multorum
573 2640 632 2682 usu
653 2631 826 2700 receptum,
852 2631 886 2681 ut
906 2620 1087 2683 canonicas
1140 2622 1250 2693 lstiae,
1265 2620 1494 2702 Gsppsdocine,
1510 2623 1603 2683 Asiae
1619 2630 1650 2682 et
1664 2620 1755 2701 Bithys

391 2706 544 2785 dicutur,
569 2712 636 2771 sise
651 2709 733 2788 quod
757 2727 871 2789 seque,
894 2717 927 2769 ut
942 2708 1086 2768 Psulinse
1140 2707 1280 2769 Securuls
1304 2710 1344 2768 od
1374 2708 1479 2768 fideles
1506 2711 1538 2769 in
1568 2710 1749 2779 universnm,

390 2794 564 2873 Epistolse,
586 2795 625 2856 sd
641 2794 794 2857 Oanouem
809 2797 981 2876 pertineant
995 2795 1085 2855 libro·
1140 2804 1221 2855 certe
1236 2793 1275 2853 sd
1291 2794 1426 2868 eosdem,
1452 2797 1504 2877 qui
1519 2797 1709 2855 nominantur
1728 2796 1754 2853 in

390 2899 456 2942 rum
471 2881 646 2962 Scripturas
662 2901 784 2959 sscrse;
810 2885 875 2942 sive
897 2878 992 2961 (quse
1011 2884 1086 2942 rstio
1139 2902 1196 2943 ms.
1233 2880 1323 2961 Quod
1344 2900 1471 2962 arguere
1491 2881 1614 2943 videtur
1635 2881 1755 2944 illudes

390 2970 487 3049 mugio
502 2979 549 3030 est
572 2964 706 3050 proprie)
729 2972 802 3050 quis
822 2988 968 3042 canones,
995 2968 1024 3030 id
1041 2986 1088 3028 est
1140 2971 1184 3029 3.:
1211 2972 1307 3030 Hanc
1322 2988 1387 3031 ecoe
1402 2969 1504 3044 vobis,
1529 2972 1702 3045 carissimi,
1722 2986 1755 3029 ss

389 3057 510 3135 regnlss
524 3076 561 3116 sc
575 3065 735 3137 pssccepts
756 3057 911 3116 continent
932 3057 1085 3115 iustitusn-
1140 3056 1214 3116 dam
1238 3058 1338 3117 scribo
1360 3056 1548 3133 spissatum.
1587 3056 1690 3118 Prims
1710 3056 1755 3119 δα

391 3141 447 3203 dee
464 3146 548 3204 vitoe
564 3141 761 3204 Christianae.
796 3142 856 3203 Sed
872 3143 969 3202 veteri
984 3143 1085 3202 inscri-
1139 3141 1220 3222 spud
1236 3161 1291 3203 nos
1305 3141 1419 3204 unllam
1434 3142 1525 3202 bsbet
1539 3145 1755 3224 inscriptions!

388 3231 509 3309 ptiono,
536 3249 603 3290 cum
629 3231 661 3290 in
687 3229 803 3289 Latinis
829 3227 996 3302 codicibus,
1024 3238 1086 3288 tum
1139 3238 1209 3308 pote
1230 3229 1396 3309 generalis,
1419 3231 1559 3309 quumvis
1584 3230 1657 3291 olim
1679 3249 1755 3291 vocs

388 3318 516 3377 maxime
531 3317 562 3376 in
578 3316 718 3389 Grsecis,
735 3316 915 3377 Catholicae
931 3329 1085 3388 vocantur,
1139 3316 1276 3396 Epistola
1297 3316 1336 3376 nd
1358 3315 1486 3376 Parthos
1516 3317 1637 3398 scripta.
1682 3317 1743 3377 Neo

390 3422 450 3464 non
465 3401 655 3477 Onnonicse;
679 3420 779 3481 eoque
802 3401 950 3462 vocabulo
973 3404 1085 3480 passim
1139 3423 1199 3463 non
1214 3411 1279 3462 erst
1294 3402 1456 3463 cstbolics
1480 3403 1624 3484 Numqui
1638 3403 1755 3466 sumtis

391 3508 444 3549 css
458 3489 615 3570 sppellsnt
629 3491 747 3569 antiqui
769 3489 947 3567 scriptores,
970 3496 1005 3547 ut
1019 3487 1084 3548 Ori·
1140 3487 1240 3561 dedit,
1257 3488 1434 3549 Parthorum
1449 3490 1570 3550 nomine
1585 3489 1755 3572 comprehm

389 3593 484 3654 genes
499 3576 582 3655 apud
597 3576 761 3636 Eusebium
781 3575 832 3635 lib.
849 3577 878 3636 6.
894 3575 962 3633 bist
979 3574 1085 3636 eccles.
1140 3574 1236 3635 voluit
1264 3583 1400 3637 coeteros
1430 3575 1600 3637 Orientslss
1626 3577 1751 3658 populos

390 3681 455 3743 esp.
474 3666 523 3724 19.
539 3673 569 3723 et
583 3662 750 3741 Dionysius
765 3660 988 3722 Alexandrinus
1004 3659 1085 3740 spud
1141 3661 1250 3741 quibus
1269 3661 1399 3741 dispersi
1421 3671 1506 3723 erent
1527 3661 1648 3740 fideles,
1676 3674 1709 3725 ut
1721 3661 1755 3723 ll·

390 3748 519 3809 eundem
534 3749 585 3809 lib.
604 3752 630 3808 7.
648 3767 716 3826 esp.
732 3749 792 3821 20,
808 3768 843 3807 sc
855 3750 922 3827 ipse
935 3746 1086 3807 Eusebius
1140 3747 1305 3820 Elsnritss,
1342 3749 1458 3809 incolus
1494 3750 1745 3829 Mesopotamiis,

389 3832 442 3895 lib.
458 3837 488 3895 2.
503 3855 568 3915 esp.
586 3837 635 3896 22.
666 3834 745 3894 Item
759 3834 892 3915 cyrillus
908 3834 1086 3913 Hierosoly·
1140 3833 1263 3894 Parthis
1278 3834 1518 3915 subjunguntur,
1533 3837 1601 3898 Act
1617 3839 1647 3897 2.
1681 3838 1755 3898 Est}

389 3923 519 3982 mitsnus
549 3921 663 3981 catech.
696 3924 745 3982 17.
775 3921 1027 3994 illuminatorum,
1057 3927 1088 3980 et
1140 3920 1290 4000 generalis
1312 3921 1351 3980 nd
1374 3921 1476 3981 fideles
1502 3923 1656 4002 inscriptio
1683 3924 1755 4004 Epis

390 4007 595 4088 Hieronymus
625 4006 664 4067 de
694 4009 829 4087 scriptor.
860 4007 1026 4067 ecclesiast.
1056 4008 1087 4066 in
1140 4008 1170 4067 S.
1186 4007 1305 4080 Judse,
1321 4009 1400 4067 sicut
1414 4007 1569 4070 secundae
1585 4010 1680 4083 Petri,
1695 4025 1755 4071 cun

391 4093 498 4167 Petro,
513 4094 630 4156 Jacobo
645 4102 676 4153 et
691 4092 790 4166 duds,
811 4114 867 4154 ncc
882 4114 943 4154 non
957 4092 1086 4173 sophro·
1140 4095 1302 4153 maximum
1319 4093 1410 4156 habet
1420 4098 1590 4174 argumenti
1602 4097 1754 4158 consensis

390 4181 475 4253 nius,
490 4179 627 4241 Graecus
641 4180 821 4259 Hieronymi
837 4182 991 4260 interpres.
1183 4180 1317 4240 Tantum
1333 4181 1491 4261 scrupulus
1505 4191 1599 4243 restss
1610 4181 1649 4244 de
1660 4178 1755 4243 seossi

434 4268 485 4329 Sic
497 4277 599 4328 sutem
614 4277 775 4338 vocantur,
806 4287 866 4327 non
892 4287 910 4326 s
933 4264 1088 4326 Cstbolics
1140 4267 1226 4326 tertis
1242 4268 1380 4345 Epistola
1401 4267 1547 4342 Josnnis,
1574 4288 1655 4350 quse
1677 4265 1755 4330 sdsi

390 4353 540 4425 doctrius,
566 4373 656 4435 quarn
677 4354 799 4414 trsdnnt
822 4348 914 4433 (quse
933 4355 1010 4414 sntio
1026 4370 1084 4412 om·
1141 4352 1220 4412 lsres
1236 4351 1371 4414 borsines
1388 4357 1499 4415 missso
1513 4354 1643 4417 suerum
1667 4351 1755 4419 ests

389 4441 477 4503 nibus
507 4440 671 4521 Scriptnris
698 4442 791 4499 sscris
820 4448 866 4498 est
898 4434 1087 4516 communis),
1141 4438 1226 4510 dum,
1253 4439 1307 4500 hes
1334 4443 1455 4520 proprie
1480 4461 1542 4502 non
1569 4461 1638 4504 esse
1660 4437 1755 4506 catis

390 4545 495 4587 serum
509 4528 657 4607 quianon
671 4524 710 4585 sd
730 4544 820 4586 nnsm
835 4526 967 4606 sliqusm
982 4528 1084 4587 civito·
1140 4545 1197 4585 neo
1226 4527 1257 4585 in
1286 4528 1397 4586 nostris
1427 4525 1579 4589 codicibus
1609 4530 1653 4588 its
1683 4523 1755 4610 spps'

390 4620 451 4674 tem
467 4615 596 4694 scriptse
612 4621 695 4682 sunt,
718 4623 750 4671 nt
765 4612 853 4671 Psuli
868 4613 1032 4692 Epistulae,
1047 4611 1087 4672 sd
1140 4610 1228 4671 Unde
1243 4632 1300 4673 neo
1315 4614 1465 4691 gravatim
1479 4614 1689 4688 concedimus,
1703 4611 1755 4695 qsi

389 4699 556 4772 Romanos,
571 4697 758 4771 Corinthios,
779 4698 926 4777 Ephesios
941 4710 1014 4771 sto,
1036 4707 1087 4761 ent
1140 4706 1253 4758 tsntum
1278 4718 1345 4758 esso
1370 4699 1542 4760 Catholicss
1564 4700 1755 4780 Epistulas·

390 4783 430 4844 sd
455 4804 546 4845 unum
569 4784 735 4858 hominem,
760 4793 795 4844 ut
813 4803 895 4864 quse
917 4786 958 4847 sd
980 4787 1085 4846 Timo·
1139 4786 1243 4844 nuisss
1259 4795 1374 4858 nmen,
1400 4795 1433 4844 ut
1448 4796 1478 4847 et
1496 4785 1568 4848 illse
1591 4786 1672 4849 duse
1693 4788 1755 4850 sict

390 4870 508 4943 theum,
538 4872 662 4941 Titum,
688 4871 907 4948 Philemonem
937 4871 991 4932 scd
1016 4872 1086 4951 quis
1138 4882 1259 4942 rentur,
1286 4871 1419 4950 eoquod
1442 4874 1475 4934 in
1495 4893 1588 4934 unum
1615 4874 1751 4936 volum

391 4959 559 5035 generstim
573 4959 700 5037 scriptse
715 4958 755 5018 ad
768 4957 875 5019 tideles
889 4957 1087 5039 dispersosin
1139 4956 1221 5033 sliis,
1252 4976 1332 5037 quse
1359 4961 1481 5039 proprie
1510 4960 1588 5021 tsles
1622 4968 1707 5037 mt,
1734 4973 1755 5020 Ι
