4442 5825
397 584 470 651 720
876 552 881 563 '
937 574 1217 629 commrmmsm
1237 575 1303 630 cir.
1319 575 1356 629 tn

396 764 483 813 estur
497 753 659 828 relicimur
674 770 711 812 oc
727 754 840 812 timens
854 753 977 825 Deum,
1000 754 1090 825 errius
1141 750 1247 828 {lectio
1263 760 1292 812 ιι
1306 753 1496 830 redemptio,
1516 758 1531 814 l
1547 752 1620 816 Cor.
1636 759 1674 829 1,
1691 753 1753 815 sels
1765 775 1827 815 nen

397 844 557 901 erutiones
583 847 612 899 ιι
638 838 851 912 eleemosynae
880 839 1090 900 ascenderunt
1142 840 1181 899 tis
1197 841 1376 901 rectitudine
1389 840 1493 920 justus
1508 851 1573 914 est,
1598 862 1661 902 uon
1676 844 1764 903 etism
1777 861 1829 921 pec

395 931 430 987 in
453 929 638 986 memoriam
662 929 698 985 in
712 933 880 1002 conspectu
897 927 975 1002 Dei,
997 924 1088 984 idem·
1143 935 1277 986 ustorum
1302 928 1495 1002 remissione,
1521 947 1608 1008 quse
1634 929 1722 990 nulls
1741 927 1831 988 heber

395 1033 456 1094 que
471 1033 489 1072 e
505 1012 681 1073 domesticis
697 1015 768 1084 suis,
784 1011 823 1073 nd
839 1012 965 1071 Petrum
980 1012 1089 1084 missis,
1143 1015 1257 1092 potuit,
1281 1015 1361 1074 sicut
1383 1025 1415 1076 st
1436 1015 1539 1095 sngeli
1564 1017 1667 1076 uncti
1686 1036 1722 1076 ιο
1737 1025 1831 1076 uuis!

398 1119 455 1162 uon
471 1098 973 1180 utiqueielso,jrrstueuctimerts
986 1100 1088 1160 Deum
1143 1100 1230 1160 modo
1242 1102 1319 1179 justi
1342 1113 1420 1162 suut
1458 1102 1580 1163 Verum
1596 1101 1831 1183 quisucshcni

396 1186 577 1266 appellatus.
615 1186 833 1261 Veruntamen,
860 1188 909 1266 qui
936 1186 1006 1246 tells
1034 1192 1088 1255 est,
1143 1207 1197 1247 uss
1213 1189 1242 1247 in
1258 1189 1391 1266 peccetis
1405 1191 1471 1250 usti
1487 1209 1613 1262 sumus,
1639 1198 1672 1249 ιι
1692 1194 1730 1251 ιιι
1743 1189 1833 1249 melfis

396 1273 533 1334 absolute
545 1275 648 1352 justus
664 1272 724 1333 dici
740 1293 799 1333 nou
816 1281 927 1352 potest,
952 1292 987 1332 eo
1009 1270 1089 1351 quod
1143 1274 1334 1352 offendimus
1349 1295 1466 1351 ornnes,
1488 1275 1512 1338 J
1514 1278 1607 1338 sccb.
1622 1276 1666 1350 3.,
1682 1287 1716 1338 ut
1730 1295 1832 1356 semper

394 1361 452 1442 ipsi
473 1360 552 1419 desit
574 1359 612 1419 ud
625 1361 763 1438 justitiae
778 1358 1028 1440 complementum
1044 1380 1085 1418 rc
1143 1359 1230 1421 nobie
1257 1382 1377 1423 necesse
1403 1366 1443 1422 sit
1467 1360 1574 1424 dicere
1600 1364 1688 1423 Deo:
1720 1365 1832 1424 Dimitte

396 1449 496 1506 missio
522 1455 713 1526 peccatorum
738 1447 991 1527 praecedentium,
1015 1465 1087 1525 quc·
1142 1449 1354 1510 noceremus
1369 1457 1498 1511 nemra.-
1525 1451 1644 1511 idcirco
1662 1471 1725 1512 non
1739 1452 1768 1511 in
1780 1450 1832 1510 suls

396 1552 461 1594 rum
485 1535 604 1593 tutione
627 1533 728 1594 sdlruc
750 1534 808 1593 Dei
831 1534 967 1593 iuimicus
982 1541 1036 1605 est,
1059 1541 1090 1592 ct
1143 1533 1319 1596 rectitudine
1334 1539 1450 1610 mentis,
1466 1539 1663 1597 ctvirtutuur
1676 1539 1832 1618 cpersticuc

395 1622 459 1680 irae
481 1621 545 1699 ejus
569 1620 725 1681 ebnoxios.
763 1621 831 1680 Nou
850 1630 894 1679 eet
910 1627 1011 1680 sutem
1037 1619 1088 1679 ub·
1143 1623 1279 1681 consistit
1300 1632 1404 1684 nostre
1423 1625 1554 1702 justitie,
1577 1623 1635 1684 sed
1652 1625 1832 1685 etisminrs

395 1707 493 1767 solute
509 1715 541 1766 ct
555 1707 727 1787 simpliciter
738 1706 840 1784 justus
855 1728 891 1767 sc
905 1716 1013 1780 rectus,
1038 1708 1088 1765 cui
1142 1708 1283 1768 missione
1307 1719 1507 1790 pecceturum,
1531 1721 1577 1784 ut,
1601 1712 1640 1771 iis
1665 1710 1832 1782 condenti,

394 1794 481 1854 Deus
497 1804 543 1854 est
555 1794 648 1853 iratus
661 1795 713 1866 sic,
727 1808 761 1853 nt
773 1812 856 1854 reum
869 1793 966 1854 adhuc
977 1792 1088 1872 gehen·
1138 1795 1204 1874 jem
1227 1815 1297 1856 vere
1316 1797 1394 1874 justi
1415 1799 1509 1858 simus
1531 1795 1608 1873 (etsi
1632 1796 1735 1879 gradu
1758 1797 1832 1877 lunge

395 1900 452 1942 nse
466 1890 575 1942 teuent.
1143 1879 1295 1956 interiori),
1318 1886 1397 1947 ιιιιιι
1420 1892 1449 1944 ιι
1471 1886 1534 1945 Ille
1553 1889 1667 1959 justise
1690 1893 1742 1946 ιιι.
1769 1883 1832 1944 iles

438 1968 509 2028 Alis
530 1968 687 2046 responsio
711 1976 770 2040 eet,
794 1968 821 2027 si
836 1967 988 2040 dicemus,
1011 1969 1086 2047 ejus·
1142 1967 1317 2043 similitudo,
1333 1991 1391 2030 nun
1408 1971 1583 2051 aequslites
1598 1972 1794 2051 significetur.
1870 1985 1871 2002 ³

395 2054 475 2116 modi
492 2055 640 2114 bominem
651 2055 769 2132 justum
791 2073 873 2127 esse,
896 2053 951 2114 sed
970 2055 1090 2134 justitie
1186 2057 1215 2116 8.
1239 2059 1300 2136 Qui
1314 2059 1586 2136 fucitpeccotum,
1603 2060 1833 2123 ademerat

396 2142 518 2214 sctueli,
546 2161 625 2220 quse
650 2141 795 2213 consistit,
822 2152 855 2200 ut
879 2150 949 2200 ente
975 2140 1088 2202 dictum
1142 2143 1326 2205 Antithesim
1348 2147 1454 2205 statuit
1471 2148 1552 2206 inter
1569 2146 1728 2208 Christum
1742 2156 1772 2208 ιι
1783 2146 1831 2206 dis·

395 2238 450 2303 est,
466 2231 498 2288 in
512 2228 597 2288 bouis
612 2227 768 2308 operibus,
785 2229 933 2307 equibus,
948 2228 1006 2288 lrsc
1019 2249 1088 2289 con·
1141 2230 1253 2305 bolum,
1268 2239 1300 2290 ιι
1316 2233 1394 2292 inter
1409 2252 1469 2305 eos,
1486 2235 1541 2312 qui
1554 2235 1715 2313 justitiam
1725 2233 1831 2302 trent

396 2316 588 2388 sideratione,
604 2316 692 2375 etism
708 2314 871 2376 formaliter
887 2317 985 2392 justus
1001 2327 1055 2376 eet.
1143 2328 1173 2377 et
1198 2319 1251 2398 qui
1276 2327 1449 2398 peccatum,
1484 2340 1568 2398 quse
1606 2322 1768 2382 antithesis
1797 2320 1831 2379 sit
1870 2312 1871 2331 ³

437 2405 552 2465 Rursus
579 2401 640 2463 elie
666 2404 835 2482 responsio,
862 2404 943 2483 quod
971 2403 1090 2462 dicetur
1142 2405 1326 2484 explicetur:
1343 2403 1481 2466 Christus
1493 2407 1675 2470 hominibus
1688 2416 1831 2468 rumores
1870 2432 1871 2465 2

391 2493 493 2572 justus
509 2511 527 2550 e
539 2492 656 2570 justitie
671 2491 812 2550 inchoate
827 2497 857 2548 et
872 2490 976 2569 ulique
992 2509 1090 2570 usque
1142 2493 1326 2553 exercendae
1333 2493 1482 2570 justitiae
1498 2492 1647 2556 diabolus
1660 2505 1830 2574 suctorpee
1870 2516 1871 2567 ς

393 2589 545 2660 provecte.
580 2578 655 2637 Num
672 2579 789 2638 initium
802 2577 1027 2656 justificationis
1044 2584 1090 2637 est
1142 2581 1218 2654 csti3
1240 2590 1275 2638 ut
1297 2579 1423 2658 preinde
1439 2580 1491 2641 eiii
1506 2580 1668 2642 Christum
1685 2584 1831 2663 principe·

396 2665 489 2726 elide
505 2674 536 2725 et
550 2664 702 2744 proposito
717 2684 816 2724 nosse
832 2665 930 2740 vitee3
952 2683 1088 2744 progres-
1142 2665 1290 2740 habeant,
1313 2667 1366 2726 clii
1387 2666 1548 2726 ffirbetnm.
1587 2670 1689 2730 Porro
1712 2667 1831 2730 Ohristnt

394 2773 444 2815 sus
468 2755 499 2812 in
521 2752 662 2811 exercitio
686 2752 828 2811 bonorum
849 2769 988 2831 operum,
1011 2770 1088 2811 com·
1137 2752 1276 2830 justitiae
1291 2752 1376 2813 uobis
1391 2762 1494 2814 suctos
1509 2762 1568 2827 est,
1584 2764 1651 2817 tum
1668 2754 1830 2838 quinne

395 2840 577 2921 plumentum
592 2840 622 2897 in
638 2841 831 2918 susceptione
846 2840 964 2917 gratiss
978 2836 1087 2918 gratifi-
1142 2838 1234 2900 Putre
1251 2841 1399 2920 justitium
1420 2840 1508 2901 nobis
1530 2861 1590 2903 sus
1612 2846 1761 2925 passione
1779 2860 1830 2924 pto

395 2928 498 2987 centis.
529 2925 659 2986 Multum
683 2936 779 2986 autem
799 2925 926 3005 profecit
940 2933 1089 3005 peccetur,
1142 2928 1261 3002 meruit,
1277 2936 1340 2988 tum
1358 2930 1429 3007 quis
1440 2930 1585 3008 justitiae
1599 2933 1694 2992 nobis
1710 2928 1829 3010 exempl·

395 3013 516 3095 qnando
537 3012 576 3072 ed
598 3013 762 3073 secuudum
779 3016 810 3073 iu
825 3013 882 3072 hoc
897 3032 1008 3092 genere
1024 3032 1088 3092 gre·
1142 3014 1232 3075 simul
1245 3024 1274 3075 ct
1286 3026 1447 3095 prseecpte
1459 3016 1603 3094 tradidit,
1620 3017 1828 3079 disbolusssro

395 3101 465 3162 dum
488 3102 642 3180 pervenit,
669 3101 786 3160 etiemsi
803 3120 821 3159 ιι
837 3102 941 3173 ιιιιίο,
968 3099 1005 3160 ob
1019 3119 1087 3159 ceu·
1141 3103 1258 3181 peccati
1272 3112 1378 3162 auctor
1393 3111 1440 3162 est
1454 3101 1642 3177 hominibus,
1659 3108 1829 3185 quoniamst

393 3208 467 3261 sem,
483 3186 644 3247 differetur.
1142 3191 1254 3268 primus
1269 3189 1416 3268 peccavit,
1434 3197 1464 3248 et
1475 3189 1593 3269 primus
1609 3190 1727 3253 homini
1741 3211 1827 3272 pecus·

437 3273 499 3335 Sed
512 3282 543 3335 et
554 3274 610 3333 boc
626 3272 684 3333 dici
700 3282 808 3353 potest,
823 3272 847 3333 J
849 3276 955 3334 <sennis
971 3280 1087 3334 senten·
1142 3286 1206 3335 tum
1229 3278 1378 3354 suggessit
1400 3295 1437 3335 uc
1452 3279 1622 3355 persuasit,
1648 3287 1682 3338 et
1696 3276 1830 3340 edomuit

393 3365 464 3422 tism
481 3363 525 3420 sic
540 3360 785 3441 intelligendum:
812 3357 928 3433 Omnis,
949 3360 1000 3440 qui
1014 3357 1088 3418 fucit
1142 3370 1331 3441 peccatorum
1354 3381 1465 3440 genere
1488 3364 1617 3424 miseros
1643 3364 1777 3427 hemines
1796 3364 1828 3423 ir-

389 3448 553 3529 justitiem,
576 3469 594 3508 s
617 3455 742 3526 peccato
767 3446 858 3522 liber,
879 3448 981 3526 justus
997 3455 1043 3505 est
1059 3456 1089 3505 et
1142 3450 1234 3508 citare
1264 3459 1292 3507 et
1321 3447 1474 3527 impellere
1505 3468 1678 3529 numqusm
1716 3452 1827 3514 desistit.

394 3556 432 3596 ex
446 3536 512 3595 Deo
528 3545 626 3595 nutus.
648 3534 788 3595 Nondum
803 3544 850 3594 eet
864 3542 963 3594 sutem
980 3531 1088 3591 libers
1141 3535 1238 3613 Igitur
1261 3553 1298 3597 ce
1323 3535 1450 3596 diabolo
1472 3544 1514 3597 ιιι
1537 3543 1667 3613 οιιιιιιι,
1690 3543 1746 3617 qui
1763 3540 1829 3616 fuss

393 3631 526 3702 peccato,
554 3625 605 3703 qni
631 3630 717 3681 reatu
743 3623 810 3701 ejus
835 3620 935 3680 sdhuc
961 3625 1086 3678 tenetur.
1137 3630 1314 3699 peccatum,
1338 3632 1492 3701 tamquam
1513 3641 1553 3683 ex
1577 3644 1625 3697 ec,
1651 3628 1709 3705 qui
1731 3623 1829 3707 pesess'

394 3708 529 3768 Hesselii
544 3709 699 3789 responsio
716 3717 769 3781 cet,
791 3708 942 3769 Jeunnem
958 3706 1088 3767 scribere
1141 3712 1181 3770 sit
1203 3717 1307 3771 auctor
1329 3720 1359 3769 ct
1375 3729 1492 3789 parens.
1529 3709 1626 3771 Unde
1642 3705 1828 3774 Dumiumsd

393 3793 531 3855 fidelibus
543 3795 863 3875 jumperbsptismum
874 3795 996 3866 reustis,
1012 3811 1088 3873 quos
1140 3794 1279 3858 Judesos
1298 3795 1389 3858 Josn.
1414 3799 1459 3857 e:
1496 3798 1570 3873 Vos,
1597 3800 1714 3880 iuquit,
1738 3799 1829 3878 [coifi

393 3880 521 3942 affirmet
542 3902 609 3943 esee
621 3884 720 3962 justos
736 3891 764 3942 et
779 3882 855 3942 filios
869 3883 942 3952 Dei,
966 3882 1088 3940 sirecte
1141 3901 1240 3960 opero
1259 3885 1365 3960 petris
1388 3886 1492 3958 uestri,
1520 3887 1700 3948 etiterum:
1734 3887 1828 3948 Voss:

393 3969 515 4042 vivant,
532 3972 578 4029 sin
590 3972 696 4043 minus,
712 3969 946 4048 regenerationis
959 3969 1087 4046 gretiam
1139 3977 1234 4048 putre
1256 3970 1384 4031 diabolo
1406 3973 1486 4045 cetis,
1511 3978 1542 4030 ιι
1565 3973 1730 4035 decideris
1744 3974 1827 4050 m

392 4074 452 4114 non
474 4054 600 4129 hebere,
624 4058 739 4117 etiamsi
759 4056 946 4137 perceperint
960 4055 1026 4132 ejus
1041 4073 1087 4113 ss·
1140 4059 1237 4117 outre·
1262 4058 1359 4118 uultis
1383 4057 1544 4134 perlicere.
1585 4058 1763 4138 Quocircs,
1787 4059 1826 4139 qi

393 4149 585 4201 crementum.
1140 4152 1294 4222 pestutum
1317 4144 1439 4215 iaciunt,
1462 4163 1501 4204 ex
1522 4143 1654 4207 disbolc
1679 4157 1765 4220 sunt,
1781 4164 1826 4205 ιιι

437 4230 526 4289 Sicut
549 4236 577 4288 ιι
598 4230 658 4287 ille
679 4233 783 4303 justet
810 4236 861 4288 est.
899 4227 948 4288 Its
973 4227 1086 4288 <lictum
1139 4230 1234 4291 solum
1249 4232 1417 4291 imitatione
1433 4225 1514 4307 (num
1527 4232 1826 4312 prucorum&

391 4314 450 4375 init
464 4317 494 4375 in
509 4315 569 4375 tine
584 4316 688 4394 cepitis
703 4314 926 4395 prsecedentie:
946 4316 980 4377 st
991 4318 1085 4390 scitis,
1140 4318 1196 4377 teri
1211 4317 1289 4378 velle
1305 4315 1458 4379 diabolum
1473 4318 1506 4378 in
1521 4338 1570 4389 eo,
1593 4321 1680 4399 quod
1697 4313 1826 4401 poscenti

393 4404 546 4480 quonium
564 4405 668 4476 justus
683 4410 726 4463 ιιι
741 4409 796 4462 ιιι.
825 4402 997 4481 Utrumque
1013 4423 1086 4462 vero
1140 4402 1195 4465 sed
1210 4414 1357 4484 quatenus
1376 4411 1519 4484 peccent,
1548 4414 1580 4466 et
1609 4426 1649 4467 ιο
1677 4410 1759 4488 ipse,
1781 4419 1825 4487 q!

393 4488 432 4549 de
457 4487 578 4549 Christo
604 4488 672 4562 dici,
698 4491 940 4550 circumstantiae
969 4487 1085 4550 docent
1139 4500 1275 4571 peccent,
1291 4490 1537 4572 suggestionibus
1555 4491 1642 4554 illius
1659 4504 1691 4554 et
1704 4494 1825 4554 ιιιιιιιὶι

391 4576 478 4636 Ηιιι
499 4595 570 4654 pers
593 4574 697 4634 addite
718 4576 887 4648 confirmet,
910 4574 990 4654 quud
1006 4576 1084 4637 dixi·
1138 4576 1228 4638 nibus
1256 4577 1478 4638 consentiendo.
1516 4577 1556 4637 Id
1583 4581 1670 4641 emm
1696 4580 1825 4660 riguus

390 4680 465 4733 mus,
481 4680 520 4721 ex
536 4662 673 4723 hocloco
689 4661 800 4723 destrui
814 4664 965 4741 justitium
980 4662 1081 4723 heere·
1138 4665 1230 4737 rstic,
1257 4664 1347 4725 dictis
1361 4664 1484 4724 Domini
1503 4666 1607 4727 verbis
1623 4666 1773 4728 indicetur
1792 4662 1824 4726 fl

392 4751 518 4809 tinorum
541 4750 766 4829 imputetivam,
788 4769 880 4828 quem
903 4751 1086 4809 constituunt
1138 4752 1296 4812 desiderio
1309 4756 1414 4828 patris
1428 4753 1525 4812 cetri
1541 4754 1643 4815 uultis
1657 4753 1808 4831 perfluet·

390 4835 421 4893 in
438 4833 503 4895 sole
518 4844 709 4914 peccatorum
730 4838 914 4897 remissione.
945 4834 1085 4896 Christus
1181 4838 1295 4920 Siquis
1312 4838 1443 4919 objiciet,
1465 4838 1694 4902 multcsmults
1709 4838 1822 4902 ceni·

390 4921 477 4996 enim,
493 4924 545 5002 qui
560 4922 775 5002 perfectissime
786 4924 887 5002 justus
899 4932 954 4996 est,
971 4923 1084 5003 quique
1136 4934 1202 4985 tere
1222 4935 1349 5005 peccate
1370 4946 1430 4985 non
1451 4944 1489 4986 ex
1505 4930 1709 5009 suggestions
1723 4928 1822 4990 dm·

387 5007 493 5085 suctus
508 5015 551 5068 cst
567 5009 656 5071 uobis
667 5029 688 5069 c
699 5012 768 5071 Dee
779 5013 905 5083 justitio
922 5017 951 5069 et
965 5012 1083 5070 ιιιιιιι-
1137 5031 1217 5086 num,
1238 5012 1302 5087 sed,
1325 5021 1357 5073 ut
1380 5013 1415 5073 Β.
1432 5012 1568 5074 Jscobus
1591 5015 1726 5096 loquitur
1743 5011 1821 5095 csp'fl
