4442 5825
411 606 460 682 lg
1030 592 1240 652 tummim

408 780 599 859 recepissent,
622 776 724 857 alege
743 783 843 837 tamen
866 772 977 836 abduci
997 792 1031 835 se
1046 793 1107 836 non
1159 774 1300 835 nuntians
1314 772 1487 855 pericnlum,
1512 791 1550 834 ne
1565 772 1686 852 penitus
1708 771 1751 850 ah

408 874 591 948 paterentur,
613 861 668 925 sed
687 883 753 924 earn
769 881 836 924 eum
856 858 1022 942 Evangelio
1035 864 1104 922 mia·
1160 870 1215 934 tur,
1231 862 1327 921 sinon
1342 859 1476 921 studiose
1490 861 1623 919 nitantur
1638 857 1751 938 adprol

410 959 530 1028 cerent3
553 971 572 1011 a
587 948 705 1012 Christo
724 948 846 1029 quidem
861 946 1000 1026 mempla
1015 948 1107 1009 rirtn·
1158 946 1239 1007 fidei.
1265 947 1340 1008 Post
1363 946 1439 1008 haee
1453 946 1492 1008 ad
1508 948 1675 1007 institutum
1696 943 1747 1004 red

408 1046 471 1100 tum
496 1046 632 1118 petentes
653 1056 689 1097 ae
711 1036 849 1117 praemia
870 1053 944 1095 auae
967 1034 1108 1113 justitiae
1160 1042 1271 1113 oetque
1286 1032 1439 1094 Christum
1452 1031 1650 1113 jurejurando
1663 1034 1751 1092 consti

410 1132 629 1204 exspectantes,
642 1125 737 1202 ipsam
753 1141 825 1194 vero
835 1121 987 1201 justitiam
998 1120 1061 1201 legi
1071 1140 1108 1180 ac
1159 1141 1179 1180 a
1208 1122 1274 1181 Deo
1308 1122 1494 1181 sacerdotem
1523 1119 1685 1180 secundnm
1722 1139 1751 1178 or

410 1211 595 1284 ceremoniis,
618 1210 825 1271 remissionem
848 1217 947 1269 antem
971 1216 1106 1287 peccato·
1160 1205 1373 1267 Melchisedec.
1411 1207 1502 1268 Unde
1528 1227 1593 1286 cap.
1622 1209 1649 1265 7.
1677 1207 1750 1285 dign

410 1316 478 1359 rum
507 1297 660 1359 sacrificiis
689 1296 869 1376 expiatoriis
902 1292 1010 1355 eadem
1040 1294 1108 1374 lege
1160 1294 1397 1374 ejusapeisons
1407 1292 1608 1354 Melchisedec
1619 1294 1751 1372 pulcrec

409 1384 612 1466 praescriptis,
634 1383 842 1444 attribuentes.
867 1381 905 1444 In
927 1401 987 1460 quo
1008 1401 1108 1443 errore
1161 1383 1289 1461 ejusque
1310 1380 1512 1441 sacerdotium
1532 1381 1681 1439 Aaronico
1704 1399 1751 1460 prr

410 1468 601 1544 destruendo,
617 1489 678 1531 non
692 1469 742 1531 hio
755 1477 879 1543 tantum,
894 1487 999 1528 rerum
1015 1470 1106 1528 etiam
1161 1470 1219 1528 tius
1244 1487 1310 1527 esse
1331 1467 1524 1528 demonstrat.
1549 1463 1664 1526 Octavo
1684 1486 1750 1546 cap.

409 1555 483 1619 alibi
498 1575 598 1637 saepe,
617 1555 672 1617 sed
687 1556 818 1616 maxime
831 1555 979 1636 Epistulis
994 1553 1033 1615 ad
1045 1555 1107 1615 Ro·
1161 1573 1228 1615 nem
1250 1556 1349 1634 aperit
1374 1555 1568 1615 institutionis
1590 1562 1726 1613 veterum
1748 1578 1751 1610 i

408 1663 515 1705 manos
531 1654 562 1704 et
577 1642 703 1705 Galatas
718 1651 893 1722 occupetur,
916 1642 1025 1723 quibus
1041 1660 1107 1722 pro·
1162 1642 1282 1714 ciorum,
1306 1641 1422 1701 seilicet
1442 1650 1476 1700 ut
1491 1649 1592 1701 essent
1613 1640 1751 1716 adumbra

410 1728 483 1792 inde
506 1750 573 1792 uum
596 1729 654 1791 han
668 1730 810 1812 Epistola
830 1749 942 1809 magna
958 1738 1006 1790 ost
1021 1748 1107 1808 ergu-
1162 1727 1310 1809 quaedam
1325 1727 1492 1788 futurorum
1503 1747 1539 1787 ae
1555 1727 1677 1787 coelesti
1693 1746 1751 1807 pro'

409 1819 503 1878 manti
519 1816 656 1879 affinitas.
1162 1813 1357 1888 deservirent,
1380 1833 1458 1897 qnae
1479 1814 1604 1895 proinde
1626 1834 1694 1875 curn
1716 1833 1751 1873 un

453 1902 569 1964 Harum
595 1905 673 1964 enim
696 1904 786 1965 trium
807 1902 1009 1984 Epistularum
1031 1920 1108 1962 unus
1162 1909 1342 1963 testamento
1365 1903 1475 1977 veteri,
1502 1922 1581 1963 novo
1603 1904 1669 1981 jam
1692 1919 1747 1979 per

411 1989 563 2073 generalis
577 2008 688 2070 scopus
705 1997 759 2064 est,
779 1990 888 2051 docere
903 2008 1005 2050 veram
1017 1990 1107 2069 justi·
1162 2001 1241 2051 stum
1258 1988 1436 2062 introducto,
1458 1989 1567 2049 cedere
1581 1989 1720 2049 debeant

410 2079 482 2138 tiam
497 2096 558 2138 non
573 2077 703 2158 exlege,
719 2075 775 2137 sed
790 2075 940 2138 aChristu
956 2074 1108 2157 pertidum
1162 2078 1265 2156 quitur
1287 2075 1414 2136 eandem
1435 2095 1497 2136 rem
1521 2095 1588 2155 cap.
1606 2081 1634 2138 9.
1651 2083 1681 2134 et
1699 2075 1747 2133 10.

412 2183 481 2225 csse
503 2161 671 2245 petendam.
695 2163 855 2224 Caeterum
878 2163 910 2224 id
933 2163 1040 2223 docent
1062 2180 1107 2222 ae·
1162 2175 1241 2225 stum
1263 2162 1423 2224 ostendens
1445 2181 1550 2224 rernm
1574 2183 1640 2223 esse
1663 2180 1751 2222 sacen

412 2248 540 2314 cundum
565 2249 702 2311 diversas
718 2260 819 2329 partes
834 2250 919 2330 legis.
942 2249 1019 2311 Nam
1036 2249 1107 2328 llpi-
1163 2254 1216 2332 qui
1238 2271 1298 2312 nno
1321 2252 1418 2311 crucis
1440 2251 1587 2310 sacrificio
1609 2249 1702 2309 semel
1726 2269 1751 2307 or

411 2337 488 2401 stola
502 2336 540 2398 sd
555 2336 708 2398 Romanos
730 2335 850 2417 exlege
873 2337 987 2411 morali,
1009 2335 1110 2396 idest
1163 2347 1288 2418 peccata
1311 2337 1457 2417 expiarit,
1482 2335 1564 2417 qnod
1586 2345 1691 2398 vetera
1713 2356 1751 2396 sa·

412 2422 567 2504 decalogo,
578 2424 737 2504 justificari
751 2424 900 2484 hominem
915 2432 1021 2502 neget;
1037 2424 1108 2503 Epi·
1162 2444 1253 2506 saepe
1275 2426 1404 2504 repetita
1420 2424 1520 2485 iacere
1538 2444 1598 2484 non
1613 2432 1751 2503 poterant

412 2511 489 2574 stola
503 2510 543 2571 ad
558 2509 684 2572 Galatas
695 2510 885 2588 justificandi
900 2512 963 2570 vim
975 2517 1111 2570 removet
1162 2512 1201 2573 ab
1216 2530 1252 2572 ee
1267 2512 1335 2571 loeo
1351 2512 1455 2591 capitis
1470 2509 1595 2571 decimi:
1619 2512 1750 2569 Habent

412 2599 632 2660 aceremoniis.
659 2596 746 2661 Haec
768 2616 841 2657 vern
865 2595 1001 2676 Epistola
1021 2614 1108 2674 pecn-
1163 2618 1223 2676 quc
1236 2599 1356 2677 fratres
1378 2598 1531 2675 fiduciam
1547 2608 1609 2669 ete,
1632 2598 1738 2658 transit

385 2676 388 2683 ’
412 2683 530 2747 liariter
551 2682 581 2744 id
605 2685 701 2765 ipsum
724 2680 763 2743 cle
785 2682 940 2743 sacrificiis
966 2684 1110 2762 antiquae
1162 2704 1217 2745 nus
1244 2684 1495 2754 exhortatorium,
1522 2704 1560 2744 ac
1582 2686 1709 2763 primum
1736 2705 1751 2743 s

411 2769 500 2852 legis,
512 2789 591 2850 quae
599 2770 836 2830 ceremoniarum
848 2789 918 2850 pars
928 2778 1015 2831 erant
1026 2787 1108 2848 pree·
1163 2790 1299 2833 severam
1320 2770 1561 2843 admonitionem,
1584 2791 1622 2830 ne
1639 2772 1726 2830 tolero
1744 2791 1751 2827 r

412 2856 510 2939 ulpnu,
525 2854 717 2917 demonstret
741 2855 790 2916 Ad
809 2853 841 2917 id
856 2876 926 2918 vero
942 2854 1108 2918 docendum
1162 2866 1225 2919 tnm
1237 2857 1409 2938 pontificem
1421 2878 1476 2938 per
1487 2857 1694 2918 infidelitatem
1705 2856 1751 2936 ab}

413 2963 488 3025 opus
511 2953 577 3004 erat
590 2943 749 3023 ¹ihpoatolo,
773 2941 930 3004 deelarare
951 2946 1011 3003 clm
1027 2941 1110 3003 illins
1162 2954 1249 3007 utne
1264 2944 1397 3007 divinam
1412 2945 1572 3005 adversum
1587 2964 1620 3004 se
1636 2964 1748 3024 provee

412 3029 558 3104 sacrificii,
586 3030 634 3090 cui
656 3039 769 3102 vetera,
792 3038 937 3111 tauquam
960 3030 999 3118 ad
1018 3031 1107 3109 justi·
1147 3034 1282 3118 plonem.
1306 3032 1378 3093 lior
1401 3041 1499 3091 tamen
1522 3051 1575 3092 eos
1591 3034 1620 3091 in
1637 3051 1751 3110 spemn

412 3117 484 3177 tiam
508 3124 540 3175 et
560 3126 751 3195 peccatorum
767 3118 972 3177 remissionem
996 3118 1108 3196 inepta,
1163 3122 1238 3180 oium
1254 3138 1355 3179 rursus
1367 3120 1455 3197 erigit
1470 3120 1751 3178 commemoratione

413 3201 520 3263 cedere
536 3201 697 3263 deberent:
721 3202 796 3281 ejus,
812 3206 946 3282 inquam,
962 3204 1109 3277 sacrificii,
1162 3226 1225 3266 rnm
1240 3225 1373 3281 operum,
1396 3224 1473 3284 quae
1495 3225 1548 3283 per
1563 3205 1622 3264 Dei
1638 3205 1751 3283 gratian

413 3287 494 3371 quod
509 3287 646 3350 Christus
670 3287 778 3351 obtulit
794 3291 825 3349 in
841 3309 937 3350 cruce.
969 3290 1060 3371 erod
1075 3299 1109 3350 ut
1163 3300 1239 3353 rant.
1268 3289 1468 3351 Undecimum
1495 3299 1586 3370 caput
1605 3299 1697 3349 toturn
1721 3310 1751 3347 vc

413 3374 516 3448 iaciat,
528 3375 623 3436 multa
634 3378 801 3457 praemittit
812 3374 851 3436 de
862 3396 999 3455 persona,
1010 3376 1108 3457 digni·
1164 3380 1194 3440 in
1208 3376 1300 3438 lande
1314 3386 1345 3438 et
1359 3376 1619 3438 commendatione
1636 3375 1712 3449 fidei,
1728 3396 1751 3455 p·

412 3470 474 3523 tate
491 3471 521 3522 et
537 3461 631 3523 officio
648 3463 763 3525 Christi
777 3461 952 3524 sacerdotis.
1162 3466 1202 3525 tis
1224 3464 1368 3543 exemplis
1386 3464 1563 3525 Sanctorum
1585 3465 1714 3535 Petrum,
1739 3482 1751 3541 ς

456 3548 500 3612 Ut
513 3547 604 3627 igitur
619 3568 764 3609 summam
779 3566 890 3621 eorum,
913 3551 1037 3629 quaein
1052 3548 1110 3609 hac
1162 3550 1252 3612 tidem
1267 3550 1336 3612 Deo
1358 3548 1521 3630 placentes,
1545 3569 1656 3628 magna
1671 3557 1702 3608 et
1715 3551 1751 3609 m?

412 3634 553 3715 Epistola
582 3633 753 3708 traduntur,
784 3644 979 3696 annotemnsc
1014 3637 1109 3715 primo
1164 3645 1290 3718 egerunt
1310 3635 1360 3696 rel
1382 3639 1464 3718 passi
1485 3644 1564 3696 sunt.
1593 3637 1671 3696 Eam
1695 3634 1751 3695 doe

414 3722 512 3800 sapite
527 3728 558 3780 et
574 3718 689 3780 duobus
709 3740 771 3802 seq.
794 3718 909 3780 Christi
931 3720 1109 3802 dignitatem
1164 3743 1229 3803 cap.
1252 3726 1300 3784 12.
1316 3722 1532 3784 'accommodat
1557 3724 1709 3795 instituto,
1735 3743 1751 3781 n

412 3808 529 3880 assent,
551 3804 662 3867 docens
685 3825 753 3868 eum
769 3826 836 3867 esse
853 3806 948 3868 tilium
964 3807 1033 3881 Dei,
1056 3829 1108 3868 en·
1163 3810 1327 3884 Hebraeos,
1348 3818 1383 3869 nt
1398 3809 1459 3870 ride
1473 3810 1578 3869 muniti
1595 3811 1625 3869 in
1640 3808 1748 3868 adsere

412 3892 491 3974 galis
505 3899 536 3954 et
550 3892 637 3953 Mose
659 3894 810 3974 majorem.
837 3893 919 3954 Hinc
942 3895 1046 3975 arripit
1060 3914 1108 3955 oc·
1164 3895 1751 3977 stantespermanesnt,simnlutilitatem

413 3981 566 4041 minuam
588 3981 720 4059 graviter
743 3978 924 4040 admonendi
943 3980 1108 4055 Hebraeos,
1165 3982 1240 4044 dens
1254 3982 1443 4063 flagellorum
1464 4002 1500 4042 ec
1516 3981 1694 4062 disciplinae
1708 4001 1751 4063 pa·

412 4075 445 4127 nt
468 4067 500 4127 in
520 4064 581 4126 fide
596 4065 708 4128 Christi
731 4066 825 4128 semel
846 4076 987 4147 suscepta
1008 4086 1108 4149 perae·
1163 4068 1295 4130 Assidue
1317 4079 1397 4130 certe
1420 4089 1474 4149 per
1488 4077 1581 4129 totam
1598 4069 1751 4147 Epistulae

412 4160 534 4226 versut,
561 4171 660 4232 eaque
685 4156 716 4214 in
742 4173 773 4213 ra
803 4154 975 4214 immoratur
1000 4154 1108 4233 majori
1164 4156 1259 4217 stolus
1274 4157 1431 4235 inspergit,
1447 4155 1653 4235 quaefacient
1668 4155 1751 4214 exhot

411 4247 499 4321 parte
516 4244 543 4302 3.
557 4247 587 4300 et
606 4243 636 4302 4.
652 4241 770 4319 capitis
794 4241 917 4301 Transit
939 4239 1048 4303 deinde
1070 4239 1109 4302 ad
1163 4242 1291 4305 ludaeis
1311 4241 1490 4305 Christianis
1514 4242 1553 4303 ad
1574 4240 1751 4320 permanead

412 4323 626 4408 explicandum
643 4324 756 4387 Christi
779 4326 986 4401 sacerdotium,
1010 4327 1108 4389 docet·
1165 4327 1280 4390 Christi
1294 4328 1362 4400 fida,
1377 4328 1453 4390 adeo
1469 4337 1502 4388 ut
1516 4348 1570 4409 per
1584 4325 1678 4387 totam
1694 4328 1752 4407 Epi

412 4431 473 4495 qua
489 4432 554 4474 eum
575 4422 606 4473 ot
621 4433 639 4473 a
653 4413 722 4476 Deo
740 4414 831 4474 Patre
846 4413 1024 4476 Pontificem
1040 4436 1108 4476 con·
1163 4416 1220 4477 hoc
1235 4416 1280 4477 illi
1295 4417 1427 4477 studium
1438 4417 1485 4487 sit,
1501 4434 1552 4475 eos
1564 4416 1595 4473 in
1606 4413 1665 4475 fide
1682 4414 1751 4474 coni

411 4502 563 4573 stitutum,
590 4509 622 4562 et
646 4519 717 4561 vere
744 4520 780 4562 ea
806 4504 1003 4580 praestitisse,
1029 4520 1110 4582 qnae
1163 4503 1328 4582 Reliquum
1340 4502 1493 4582 Epistulae
1509 4510 1626 4563 constet
1641 4501 1701 4579 piis
1717 4521 1751 4561 er

411 4594 481 4647 sunt
501 4586 674 4649 occidatis.
697 4587 735 4648 Id
757 4589 820 4666 agit
842 4589 1028 4665 potissimum
1044 4609 1108 4668 cap.
1164 4590 1299 4651 tionibus
1315 4596 1346 4649 et
1361 4590 1531 4669 praeceptis
1548 4590 1628 4649 vitae
1646 4588 1751 4648 Christi

389 4675 441 4753 ,5.
466 4673 528 4735 Snb
550 4674 638 4735 duem
661 4673 798 4753 ejusdem
820 4672 990 4754 digreditur
1011 4672 1049 4736 ad
1066 4676 1109 4736 in·
1207 4676 1302 4737 Porro
1319 4675 1400 4756 quod
1415 4675 1455 4735 nd
1471 4676 1568 4736 locum
1586 4675 1704 4744 attinet,
1719 4695 1751 4736 er

410 4757 591 4839 crepandum
614 4780 674 4835 eos,
697 4759 776 4841 qnod
801 4762 830 4820 in
854 4762 959 4841 primis
974 4760 1045 4823 fidei
1059 4781 1107 4823 rn-
1163 4763 1303 4843 scriptam
1319 4781 1386 4824 esse
1401 4764 1467 4842 ipse
1482 4761 1617 4843 loquitur
1631 4761 1751 4839 Epistol

410 4843 551 4908 dimentis
574 4844 675 4908 adhue
696 4847 856 4908 haererent
878 4859 912 4910 nt
935 4848 1028 4928 pueri,
1053 4868 1110 4910 nec
1163 4850 1272 4911 lateat
1297 4867 1368 4924 vos,
1399 4850 1511 4931 inquit,
1541 4867 1579 4910 ac
1605 4848 1706 4908 italio
1730 4849 1751 4927 ff

409 4931 449 4994 ad
471 4933 648 5015 perfectiora
667 4932 890 4995 contenderent
915 4933 1007 5015 Quod
1021 4953 1108 5015 argu·
1163 4935 1396 5015 Chrysostomna
1427 4945 1458 4996 et
1485 4935 1539 4996 alii
1564 4935 1718 5015 plerique,
1743 4934 1751 4996 l

408 5028 541 5082 mentum
563 5021 664 5082 acrius
684 5020 878 5101 prosequitur
899 5041 963 5102 cap.
990 5021 1034 5097 6.,
1057 5020 1107 5083 de·
1163 5022 1302 5103 scriptam
1324 5023 1505 5084 existimant.
1535 5019 1678 5083 Nonnulli
1705 5018 1751 5082 adr
