4442 5825
1576 617 1641 673 m
1674 617 2009 674 smmum
2041 618 2216 675 sum
2253 617 2458 674 sums.
2528 618 2697 673 ms.
2736 620 2787 673 9.

749 802 960 855 tamen
985 800 1305 857 mereretur
1326 793 1644 858 humanam
1664 819 1680 874 ς
1709 803 1777 856 ut
1797 802 1937 857 sunt
1957 796 2149 857 multa

751 881 878 941 alia
909 880 985 941 ab
1031 880 1368 943 hominibus
1414 884 1652 963 scripta,
1700 902 1858 963 quae
1888 886 1996 943 etsi
2029 904 2148 945 non

751 969 879 1028 sint
932 970 1304 1029 auctoritatis
1356 967 1613 1044 divinae,
1665 990 1785 1030 non
1835 977 2036 1030 tamen
2081 979 2150 1030 ut

750 1054 1109 1135 apocrypha
1138 1057 1500 1134 rejiciuntur.

842 1141 1064 1201 Iterum
1097 1144 1423 1222 quaeritur,
1467 1161 1767 1222 quaenam
1816 1151 1923 1202 aut
1953 1143 2147 1224 qualis

751 1225 943 1288 fuerit
980 1227 1132 1288 haec
1174 1228 1487 1288 altercatio
1533 1247 1637 1290 seu
1685 1227 2010 1308 disputatio
2040 1230 2147 1290 Mi-

753 1312 986 1375 chaelis
1034 1334 1167 1375 cum
1215 1314 1453 1376 diabolo
1485 1334 1666 1396 super
1696 1315 1852 1375 Mosi
1883 1335 2146 1397 corpore.

751 1400 1114 1480 Respondeo
1136 1447 1150 1474 ,
1196 1400 1599 1481 colligendum
1644 1399 1704 1461 id
1752 1421 1885 1463 esse
1934 1422 2010 1462 ex
2057 1404 2148 1474 iis,

755 1505 916 1568 quae
946 1485 1021 1547 de
1050 1495 1237 1547 morte
1269 1497 1330 1549 et
1355 1488 1667 1568 sepultura
1695 1488 1850 1550 Mosi
1882 1487 2146 1549 scribun-

752 1581 857 1632 tur
882 1573 1063 1633 Deut.
1097 1574 1203 1634 ult.
1237 1575 1358 1635 Ubi
1383 1593 1519 1634 cum
1544 1573 1796 1635 dixisset
1819 1575 2149 1654 Scriptura,

752 1669 1056 1720 mortuum
1111 1679 1241 1720 esse
1293 1661 1539 1734 Mosen,
1599 1680 1835 1723 servum
1888 1662 2148 1734 Domini,

744 1746 1015 1822 jubente
1061 1748 1363 1821 Domina,
1407 1748 1747 1826 subjunxit:
1801 1750 1887 1808 Et
1923 1750 2148 1825 sepeli-

757 1837 855 1894 vit
881 1851 1020 1893 eum
1054 1831 1292 1913 (utique
1308 1830 1629 1911 Dominus)
1655 1837 1728 1894 in
1750 1834 1918 1895 valle
1940 1843 2150 1896 terrae

753 1920 951 1982 Moab
998 1928 1226 1981 eontra
1255 1922 1549 1998 Phoyor3
1598 1928 1657 1981 et
1685 1939 1822 1982 non
1855 1924 2152 1998 coynovit

754 2008 946 2068 homo
976 2008 1377 2084 sepulchrum
1409 2011 1542 2081 ejus
1570 2010 1863 2085 usquein
1893 2009 2149 2071 hodier-

755 2110 919 2154 nam
952 2094 1135 2155 diem.
1184 2093 1365 2174 Quod
1398 2096 1552 2154 enim
1585 2094 1803 2156 dicitur
1834 2097 2150 2157 Dominus

755 2181 974 2242 Mosen
1006 2181 1371 2259 sepelivisse,
1401 2180 1623 2242 factum
1654 2182 1924 2262 intellige
1956 2180 2149 2264 (quod

757 2286 1046 2349 praesens
1071 2267 1235 2328 locus
1258 2264 1505 2344 indicat)
1536 2269 1860 2329 ministerio
1884 2269 2147 2330 Michae-

756 2356 837 2415 lis
869 2353 1252 2433 Archangeli,
1293 2355 1394 2435 qui
1426 2353 1636 2416 ductor
1659 2362 1785 2415 erat
1808 2356 2020 2436 populi
2045 2376 2151 2436 per

758 2442 1091 2513 desertum,
1140 2448 1202 2501 et
1246 2439 1616 2502 introductor
1663 2443 1725 2502 in
1764 2450 1985 2504 terram
2016 2461 2150 2523 pro-

755 2529 1021 2600 missam,
1065 2528 1288 2608 quique
1320 2528 1512 2601 toties,
1558 2527 1804 2589 Domini
1832 2548 2149 2609 personam

757 2622 1238 2693 repraesentans,
1286 2635 1417 2675 cum
1450 2615 1623 2675 Mose
1653 2614 1988 2676 collocutus
2021 2615 2150 2676 fue·
2199 2620 2200 2654 ³

754 2709 855 2761 rat
905 2702 1076 2778 facie
1121 2701 1208 2759 ad
1250 2702 1524 2778 facicm,
1581 2705 1740 2762 sicut
1781 2702 1935 2763 solet
1977 2704 2154 2779 loqui

765 2789 955 2847 homo
979 2789 1067 2846 ad
1088 2789 1360 2848 amicum
1387 2805 1594 2863 suum,
1628 2797 1697 2847 ut
1720 2788 1940 2849 dicitur
1955 2787 2151 2849 Exod.

762 2874 903 2951 33.;
948 2882 1017 2934 ut
1047 2872 1298 2955 proinde
1327 2875 1581 2935 officium
1616 2875 1958 2956 sepulturae
1979 2876 2153 2949 Mosi,

761 2970 1075 3041 tamquam
1119 2962 1309 3022 amico
1343 2982 1468 3035 suo,
1514 2962 1704 3022 videri
1754 2964 1944 3042 possit
1988 2962 2150 3024 exhi·

759 3049 985 3109 buisse.
1019 3047 1121 3108 Sic
1152 3056 1355 3109 autem
1387 3049 1681 3128 sepelivit,
1713 3058 1781 3108 ut
1809 3050 2150 3111 hominibus

757 3136 1127 3214 incognitum
1149 3143 1418 3196 maneret
1444 3139 1574 3214 ejus
1602 3133 1995 3214 sepulchrum.
2034 3134 2149 3196 Ou-

750 3222 859 3302 jus
890 3223 1034 3281 facti
1063 3224 1349 3282 rationem
1397 3222 1553 3283 hanc
1582 3221 1839 3282 reddunt
1868 3224 2149 3301 interpre-

758 3317 874 3381 tes,
923 3327 1179 3387 eamque
1209 3327 1341 3369 meo
1374 3308 1607 3387 judicio
1637 3310 2031 3382 verissimam,
2077 3327 2155 3369 ne

758 3395 1027 3476 populus
1066 3395 1455 3469 Israeliticus,
1506 3397 1612 3475 qui
1643 3395 1719 3455 ad
1753 3394 2153 3456 idololatriam
2213 3469 2215 3479 Ι

758 3482 947 3543 valde
974 3500 1309 3560 propensus
1341 3490 1482 3554 erat,
1516 3483 1748 3561 corpori
1771 3482 1974 3556 Mosis,
2005 3482 2154 3541 tanti

757 3568 1110 3659 prophetae,
1162 3578 1284 3627 tam
1331 3567 1477 3628 clari
1521 3569 1712 3648 signis
1759 3576 1820 3628 et
1849 3567 2153 3648 prodigiis,

761 3663 821 3716 et
874 3674 987 3735 per
1032 3672 1212 3733 quem
1255 3662 1424 3715 tanta
1472 3655 1767 3715 beneficia
1813 3662 2153 3734 acceperat,

760 3740 1007 3803 divinos
1039 3740 1296 3800 honores
1336 3740 1717 3820 impenderet.
1764 3741 1898 3801 Hoc
1931 3743 2156 3821 quippe

760 3826 993 3889 diaboli
1025 3827 1293 3888 studium
1336 3835 1478 3899 erat,
1525 3829 1921 3909 obstrepentis
1957 3827 2153 3888 occul·

766 3914 986 3974 tationi
1031 3912 1353 3993 sepulchri,
1402 3922 1465 3974 et
1500 3933 1576 3974 ex
1618 3913 1874 3974 adverso
1914 3922 2153 3974 conten·

762 3998 968 4062 dentis
1013 3996 1215 4080 (quasi
1262 4002 1364 4081 qui
1413 4021 1519 4079 pro
1550 4000 1775 4060 honore
1805 4000 1961 4060 Mosi
1992 4000 2152 4060 solli·

762 4090 923 4148 citus
955 4082 1152 4162 esset),
1186 4089 1340 4147 tanti
1365 4088 1482 4146 viri
1511 4085 1889 4166 sepulchrum
1922 4086 2157 4147 celebre

760 4171 926 4254 apud
958 4172 1228 4233 homines
1259 4194 1330 4233 ac
1360 4172 1706 4234 venerabile
1749 4192 1884 4234 esse
1915 4172 2155 4233 debere.

758 4260 903 4321 Hac
946 4260 1129 4339 igitur
1172 4256 1250 4321 de
1277 4280 1344 4320 re
1388 4260 1542 4320 inter
1570 4258 2016 4339 Archangelum
2045 4258 2154 4318 Mi-

759 4346 1032 4409 chaelem
1080 4354 1140 4405 et
1170 4346 1475 4407 diabolum
1525 4346 1840 4406 altercatio
1885 4345 2016 4405 fuit.
2066 4345 2157 4405 Ex

763 4453 910 4515 qua,
941 4431 1121 4492 simul
1152 4441 1212 4494 et
1248 4453 1327 4493 ex
1356 4442 1610 4514 utroquo
1641 4433 1792 4506 loco,
1840 4439 1959 4493 tam
1992 4432 2157 4492 Deu-

761 4520 1114 4593 teronomii,
1169 4539 1346 4599 quam
1390 4519 1572 4598 hujus
1618 4519 1924 4599 Apostoli,
1976 4519 2157 4599 plane

761 4608 1058 4669 evertitur
1088 4607 1292 4687 opinio
1339 4604 1708 4686 quorundam
1744 4614 2019 4666 veterum
2049 4606 2154 4665 mi-

759 4713 879 4756 uus
911 4691 1297 4766 eruditorum,
1330 4694 1450 4774 qui,
1483 4690 1833 4773 apocrypha
1860 4693 2157 4771 quaedam

761 4782 977 4854 secuti,
1032 4786 1343 4859 negarunt,
1395 4780 1606 4840 Mosen
1660 4797 1790 4839 esse
1842 4786 2154 4838 mortuum.

765 4868 939 4946 Quos
972 4874 1033 4926 et
1063 4867 1435 4946 August-inus
1484 4886 1561 4926 ex
1591 4866 1908 4945 Scriptura
1936 4862 2159 4924 refellit

760 4953 870 5015 lib.
902 4955 1003 5014 26.
1038 4961 1246 5012 contra
1274 4953 1589 5027 Faustum,
1622 4972 1750 5033 cap.
1784 4955 1858 5026 3.,
1884 4959 1944 5012 et
1973 4970 2157 5031 super

759 5040 805 5103 J
808 5059 944 5101 ean.
976 5047 1149 5100 tract.
1177 5038 1411 5100 ultimo.

3496 596 3650 692 δεῖθ’·

2338 797 2526 858 Porro
2570 795 2943 857 Michae‘lem
2987 792 3319 875 Apostolus
3349 793 3645 855 Archan-

2252 884 2463 960 9elum
2495 891 2686 956 vocat,
2718 880 2779 942 id
2803 889 2909 955 est,
2942 884 3227 942 omnium
3253 880 3646 957 Anyelorum

2251 973 2653 1048 principem3
2707 989 2826 1029 non
2872 977 3086 1042 autem,
3134 975 3203 1027 ut
3231 966 3504 1028 nonnulli
3536 986 3643 1045 pu·

2255 1066 2417 1130 tant,
2477 1076 2661 1117 unum
2721 1076 2796 1117 ex
2852 1054 3057 1116 ordine
3109 1053 3647 1135 Archangelorum.

2255 1145 2407 1204 Nam
2433 1142 2786 1204 Michaelem
2808 1144 2967 1203 inter
2991 1160 3194 1201 omnes
3219 1140 3487 1221 Angelos
3512 1158 3646 1199 esse

2254 1248 2613 1312 supremum,
2662 1231 2815 1289 satis
2843 1227 3053 1308 liquet,
3093 1236 3217 1288 tum
3249 1247 3327 1289 ex
3356 1229 3447 1302 iis,
3494 1245 3648 1306 quae

2256 1316 2333 1377 de
2364 1334 2434 1377 eo
2468 1314 2809 1377 scribuntur
2832 1314 3024 1394 Apoc.
3055 1316 3172 1386 12„
3203 1321 3329 1374 tum
3354 1334 3433 1376 ex
3457 1312 3648 1373 officio

2257 1403 2715 1475 Ecclesiastico,
2774 1404 2838 1462 in
2907 1421 3027 1482 quo
3087 1403 3312 1482 primas
3372 1399 3649 1461 coelestis

2255 1490 2577 1562 exercitus,
2625 1496 2810 1568 atque
2854 1488 3162 1568 angelicae
3206 1487 3455 1548 militiae
3490 1487 3649 1568 prin-

2256 1595 2395 1657 ceps
2426 1574 2784 1656 appellatur.
2829 1575 2914 1636 Et
2958 1594 3071 1636 nos
3112 1593 3244 1635 eam
3289 1575 3649 1636 sententiam

2256 1660 2523 1742 pluribus
2553 1661 2919 1741 argumentis
2951 1660 3465 1742 comprobavimus
3498 1662 3560 1721 in
3585 1660 3650 1719 2.

2255 1757 2404 1810 sent.
2439 1749 2576 1809 dist.
2612 1751 2708 1808 10.
2756 1747 2918 1808 Vide
2948 1749 3145 1822 etiam,
3195 1766 3350 1828 quae
3382 1747 3648 1809 diximus

2256 1834 2331 1896 ad
2355 1832 2504 1896 illud
2534 1839 2564 1895 1
2594 1834 2813 1895 Thess.
2838 1837 2928 1895 4.:
2959 1836 3044 1896 In
3068 1852 3217 1895 voce
3241 1833 3648 1910 Archanyeli.

2341 1967 2490 2026 Non
2519 1971 2610 2025 est
2638 1983 2830 2025 ausus
2851 1965 3167 2039 judicium
3197 1966 3446 2042 inferre
3477 1963 3648 2024 blas-

2248 2052 2559 2128 phemiae.
2604 2050 3019 2113 conferendus
3063 2059 3158 2113 est
3188 2051 3291 2112 hic
3318 2052 3483 2112 locus
3514 2070 3649 2110 cum

2208 2191 2209 2194 ,
2257 2157 2348 2210 eo,
2394 2140 2499 2218 qui
2542 2146 2636 2198 est
2673 2137 2833 2218 apud
2866 2138 3112 2198 Petrum
3158 2139 3196 2197 2
3228 2139 3426 2218 Epist.
3460 2142 3516 2199 2.
3565 2139 3652 2197 ita

2258 2225 2648 2286 scribentem:
2707 2225 2825 2286 Ubi
2855 2225 3108 2300 Anyeli,
3154 2225 3542 2301 fortitudine
3572 2241 3650 2284 ac

2258 2314 2491 2373 virtute
2535 2330 2675 2373 cum
2705 2314 2835 2372 sint
2870 2317 3162 2386 majores,
3211 2330 3349 2373 non
3371 2317 3652 2388 portant

2258 2399 2597 2459 adversum
2626 2417 2686 2459 se
2709 2399 3088 2460 exsecrabile
3109 2398 3445 2474 judicium.
3493 2396 3651 2458 Inde

2258 2487 2416 2546 enim
2461 2484 2835 2565 intelligitur,
2882 2484 3095 2545 eadem
3144 2504 3282 2546 esse
3329 2485 3481 2545 haec
3510 2484 3650 2558 duo,

2252 2579 2518 2649 portare
2537 2573 2855 2646 judicium
2883 2573 3279 2646 exsecrabile,
3313 2582 3376 2632 et
3404 2572 3652 2648 inferre

2249 2659 2565 2733 judicium
2626 2659 3088 2735 blasphemiae,
3158 2660 3290 2719 sive
3343 2657 3648 2737 judicium

2259 2744 2673 2826 blasphemum
2703 2765 2772 2805 ac
2802 2744 3182 2818 maledicum,
3214 2745 3275 2806 id
3307 2753 3418 2817 est,
3449 2754 3517 2805 ut
3544 2744 3650 2804 illo

2258 2830 2390 2891 loco
2430 2833 2846 2909 exposuimus,
2893 2834 3223 2905 exsecrari,
3266 2831 3651 2893 maledictum

2260 2920 2614 2999 impingere,
2641 2919 2828 2981 verba
2841 2919 3134 2980 maledica
3146 2920 3437 2999 ingerere.
3473 2918 3648 2998 Quae

2258 3005 2599 3067 maledictio
2640 3006 2954 3080 judicium
2997 3014 3282 3080 vocatur,
3335 3008 3499 3085 quia,
3546 3006 3652 3086 qui

2258 3091 2562 3153 maledicit
2589 3092 2780 3165 alteri,
2825 3092 2940 3153 hoc
2985 3093 3118 3171 ipso
3157 3089 3394 3171 judicat
3425 3111 3562 3153 eum
3592 3099 3654 3152 et

2259 3179 2641 3255 condemnat;
2687 3180 2820 3239 sive
2879 3181 3202 3240 convitium
3253 3177 3453 3251 dicat,
3514 3181 3650 3239 sive

2257 3265 2400 3325 mali
2431 3265 2663 3345 aliquid
2697 3267 3072 3344 imprecetur.

2345 3393 2527 3475 Quod
2556 3395 2675 3454 ait:
2726 3396 2870 3455 Non
2915 3402 3004 3456 est
3033 3412 3245 3469 ausus,
3293 3412 3506 3455 sensus
3536 3402 3646 3469 est,

2257 3480 2611 3542 Michaelem
2654 3479 3100 3562 Archangelum
3149 3483 3211 3541 in
3257 3480 3365 3541 illa
3411 3488 3651 3542 conten-

2260 3568 2421 3627 tione
2445 3586 2578 3626 cum
2603 3566 2843 3628 diabolo
2862 3568 3226 3629 abstinuisse
3252 3587 3290 3627 a
3310 3566 3650 3629 maledictis

2213 3668 2215 3676 ⁴
2260 3653 2316 3713 ei
2336 3652 2681 3726 inferendis,
2706 3653 2767 3714 id
2787 3664 2893 3728 est,
2911 3654 3179 3716 noluisse
3193 3656 3248 3715 ei
3263 3654 3651 3729 maledicere,

2259 3758 2389 3799 cum
2416 3741 2476 3801 id
2494 3742 2630 3819 jure
2650 3750 2875 3821 posset.
2904 3742 2993 3803 Ac
3014 3743 3068 3801 si
3094 3740 3258 3801 dicat
3284 3741 3611 3822 Apostolus
3637 3762 3652 3801 z

2258 3826 2378 3886 Illa
2400 3826 2661 3900 traditio,
2694 3829 2825 3889 sive
2859 3830 3096 3910 scripta,
3125 3829 3256 3888 sive
3280 3848 3402 3889 non
3424 3829 3654 3909 scripta

2260 3911 2336 3972 ad
2355 3932 2536 3992 quam
2554 3915 2831 3993 respicio,
2850 3911 3214 3976 noninducit
3225 3914 3574 3976 Michaelem
3590 3915 3655 3977 in

2259 3999 2366 4059 illa
2388 4000 2780 4061 altercatione
2813 4000 3265 4062 maledicentem
3290 4000 3550 4062 diabolo.
3581 4000 3650 4062 Si

2262 4104 2533 4166 quaeras,
2576 4106 2680 4146 cur
2708 4085 2770 4147 id
2818 4086 3016 4148 facere
3057 4087 3333 4161 noluerit,
3383 4107 3517 4149 cum
3545 4088 3651 4149 ho·

2260 4174 2450 4233 mines
2481 4173 2817 4234 exorcistae
2863 4173 3106 4234 diabolo
3137 4173 3498 4236 maledicere
3529 4196 3651 4237 non

2260 4266 2606 4332 vereantur,
2659 4262 3086 4341 respondemus
3104 4303 3119 4333 ,
3173 4258 3307 4321 ideo
3366 4263 3655 4338 noluisse,

2263 4365 2397 4405 cum
2431 4353 2647 4424 posset,
2691 4356 2757 4407 ut
2800 4347 2987 4420 nobis,
3032 4345 3111 4407 ad
3150 4366 3402 4426 quorum
3434 4348 3652 4410 doctri·

2260 4452 2398 4493 nam
2430 4432 2580 4491 talia
2611 4434 2831 4513 scripta
2861 4433 2961 4495 vel
2992 4432 3214 4495 tradita
3244 4444 3400 4509 sunt,
3449 4455 3650 4497 exem·

2261 4519 2422 4601 plum
2462 4517 2709 4579 daretur
2748 4520 3096 4597 modestiae,
3143 4540 3221 4581 ne
3251 4520 3459 4583 faciles
3489 4541 3651 4585 esse-

2207 4599 2211 4690 {i
2259 4624 2392 4665 mus
2451 4603 2526 4663 ad
2587 4605 3070 4667 maledicendum
3132 4608 3435 4688 cuiquam.
3512 4607 3655 4689 Qua

2259 4693 2494 4752 ratione
2537 4694 2719 4753 etiam
2761 4694 2823 4755 in
2852 4691 3245 4775 Apocalypsi,
3296 4714 3426 4775 cap.
3460 4696 3558 4757 19.
3592 4702 3657 4757 et

2262 4777 2383 4850 22„
2431 4776 2701 4860 Angelus
2747 4800 2866 4841 non
2913 4800 2980 4842 se
3022 4781 3316 4860 permittit
3346 4801 3382 4841 a
3412 4781 3655 4844 Joanne

2260 4863 2517 4937 adorari,
2566 4864 2628 4925 id
2660 4875 2765 4940 est,
2811 4865 3124 4947 procubitu
3168 4869 3436 4948 corporis
3467 4867 3653 4930 hono·

2259 4953 2394 5024 rari,
2441 4971 2556 5033 quo
2585 4959 2784 5013 tamen
2813 4953 3038 5014 honore
3078 4951 3296 5033 dignus
3328 4962 3493 5032 erat3
3539 4958 3651 5019 sci·

2258 5038 2403 5099 lieet
2431 5045 2498 5098 ut
2518 5058 2627 5099 nos
2648 5037 2937 5115 homines,
2967 5039 3187 5121 quibus
3209 5039 3494 5103 honorari
3515 5062 3652 5124 per-

3099 5135 3243 5207 42‘
