4442 5825
396 594 468 673 ιιι
783 646 786 651 ,
914 588 1372 649 ιιιιιιιιιιιιιιιιιιι.ιιι.
1410 634 1412 639 .

392 773 456 840 ιρις
490 762 543 825 eod
557 784 614 827 usn
630 784 667 827 eo
682 784 787 838 senen
807 764 888 847 quod
903 786 970 827 oum
985 785 1088 846 penos·
1141 775 1202 838 ret,
1229 766 1355 826 vitulum
1371 764 1496 844 quidem
1510 784 1566 846 pro
1583 782 1636 838 se,
1657 763 1821 825 Ιιὶιιιιιιιι

393 851 507 919 toribus
538 851 608 913 olim
639 861 847 924 conversetur,
878 873 957 913 nunu
986 872 1089 913 eorum
1142 861 1203 915 tem
1225 873 1278 932 pro
1299 852 1428 932 populo,
1450 852 1563 931 legitur
1578 852 1677 913 luerit
1701 854 1730 914 9
1745 859 1774 911 st
1787 850 1824 911 it

394 937 604 1001 eonsuetudini
629 940 801 1001 subtractus
828 941 875 999 sit
913 937 1004 1018 Quod
1031 940 1089 998 etsi
1143 938 1233 1018 Quod
1249 950 1442 1019 praeceptum
1453 937 1535 1006 nihil,
1545 937 1754 1000 sthristum
1761 936 1824 999 Por

393 1044 511 1098 verum,
534 1034 709 1087 nontamen
724 1026 763 1085 ub
778 1024 924 1103 Apostolo
941 1026 1088 1105 signifiea-
1142 1027 1264 1099 tifioem,
1294 1029 1325 1088 in
1354 1045 1414 1104 quo
1440 1024 1557 1087 nullum
1582 1018 1648 1086 tuit
1669 1032 1817 1104 peneum

391 1119 456 1173 tum
473 1121 527 1175 ost.
560 1112 621 1173 Sed
635 1120 833 1189 sepreqatnm
849 1112 928 1175 dixit
941 1132 962 1172 o
977 1129 1089 1182 peonn-
1141 1115 1221 1174 siout
1231 1114 1296 1190 jem
1312 1113 1495 1174 declaratum
1508 1121 1564 1174 est.
1587 1109 1824 1191 Rursusdeque

392 1199 531 1273 untur,
558 1197 615 1260 hoo
635 1208 695 1271 set,
719 1198 757 1259 ab
779 1219 881 1260 eorum
904 1200 1038 1260 moribus
1059 1207 1091 1259 et
1142 1198 1461 1261 tidisuisssoerdotum
1469 1199 1678 1263 Levitieorum
1690 1198 1824 1261 nond

393 1287 456 1348 vite
470 1286 644 1367 longissime
666 1286 842 1358 distantem,
869 1306 906 1346 so
925 1285 1088 1347 nihildum
1142 1297 1335 1366 praeceptum
1360 1295 1461 1347 exstet
1489 1287 1578 1347 Num.
1607 1285 1660 1346 28.
1699 1282 1759 1347 sed
1785 1302 1824 1347 us

392 1372 455 1435 illis
469 1372 630 1433 lubentem
646 1392 810 1434 commuue
833 1374 910 1434 Nom
923 1371 1087 1434 nertenlio·
1143 1372 1220 1433 illud
1242 1373 1281 1434 sd
1303 1372 1457 1433 Christum
1477 1371 1667 1434 moedotem
1686 1372 1824 1449 pertinen

392 1460 446 1539 qui
466 1459 586 1538 ineptus
604 1459 699 1531 foret,
730 1462 783 1538 qui
805 1479 839 1522 se
865 1461 1088 1538 propitiatorem
1138 1461 1203 1539 jam
1220 1460 1322 1521 donet:

390 1567 448 1627 pro
459 1548 688 1625 peountorrbus
679 1555 888 1625 interponeret
912 1544 1025 1607 Probat
1039 1545 1088 1606 hio
1184 1549 1254 1609 Hos
1269 1550 1352 1609 enim
1366 1547 1444 1624 serit
1457 1547 1568 1621 semel,
1595 1564 1627 1607 se
1641 1548 1751 1645 ipsunt
1765 1506 1824 1623 οΙι

391 1634 487 1707 loeus,
501 1632 618 1694 nullum
632 1652 740 1712 purum
751 1633 897 1693 homiuem
913 1632 1008 1693 fuisse
1024 1631 1087 1692 ido·
1140 1636 1250 1695 rende.
1283 1633 1436 1713 Ambigua
1451 1632 1601 1694 distinotio
1617 1652 1680 1694 nou
1696 1631 1824 1695 miuus'n

391 1740 496 1792 neum,
521 1720 609 1798 enjus
632 1719 783 1781 oblatione
804 1739 902 1799 genus
927 1719 1088 1780 humanum
1141 1719 1275 1791 Grseoo,
1304 1741 1394 1800 quom
1416 1721 1449 1781 iu
1471 1721 1599 1781 Lotiuo.
1627 1720 1711 1798 fecit
1731 1716 1823 1794 nond,

392 1807 460 1869 Deo
483 1805 742 1881 reconcilieretur3
769 1806 870 1868 nullus
893 1808 972 1867 euim
994 1825 1087 1886 purus
1140 1828 1194 1867 un:
1220 1808 1315 1868 sernel
1329 1826 1359 1867 ιι
1374 1809 1478 1883 ipsum
1495 1806 1670 1884 efferendo.
1709 1804 1824 1867 Priuru

391 1900 560 1972 rpeoonto.
584 1891 777 1972 Quemquam
791 1893 954 1973 Apostolus
973 1892 1003 1952 id
1021 1912 1085 1970 pro·
1140 1894 1298 1974 elegerunt
1326 1894 1470 1954 Erasmus
1495 1902 1525 1954 et
1549 1893 1746 1964 Heuteuius.
1772 1890 1824 1955 du

389 1981 455 2059 prio
477 1980 557 2058 ugit,
578 1988 612 2039 ut
632 1979 669 2041 sb
690 1980 781 2059 hujus
795 1981 924 2041 muueris
940 1980 1087 2058 dignitate
1142 1983 1184 2041 its
1198 1989 1368 2042 verterunt:
1385 1983 1454 2043 Hos
1466 1982 1551 2041 enim
1560 1981 1639 2056 feeit
1649 1979 1758 2053 semel,
1771 1996 1824 2041 ιιι

389 2066 542 2131 Levitioos
567 2064 739 2129 secerdotes
765 2066 919 2138 excludet,
947 2068 992 2127 uti
1017 2087 1086 2128 mox
1139 2071 1347 2144 semetipsum
1360 2068 1482 2129 obtulit
1505 2065 1624 2127 Eodem
1632 2064 1824 2128 estdistiustl

390 2152 515 2234 patebit
553 2153 665 2216 Verum
683 2155 719 2213 iio
735 2154 881 2227 exclusis,
909 2155 1001 2215 etism
1016 2153 1086 2214 reli·
1140 2155 1211 2234 Syri
1240 2155 1417 2234 interpretis.
1459 2153 1613 2215 Sio·euirn
1634 2153 1747 2215 hebet:
1773 2152 1824 2215 Ηι

390 2242 443 2322 qui
459 2239 594 2303 homines
610 2239 820 2303 exeluduntur.
1140 2244 1224 2303 enim
1235 2242 1311 2319 feeit
1325 2261 1392 2303 nno
1407 2249 1550 2317 tempore
1561 2241 1593 2301 iu
1604 2241 1718 2320 seipso
1734 2238 1824 2301 othe

431 2329 476 2391 Is't
498 2329 647 2389 ornemur
668 2330 761 2389 ooelis
781 2330 898 2406 sactus.
936 2328 1004 2388 Eoo
1025 2334 1086 2387 est:
1140 2327 1301 2389 coeterum
1314 2328 1419 2389 Patres
1431 2326 1607 2389 Tridentini
1616 2345 1695 2391 ιιιι.
1709 2328 1761 2391 22..
1775 2344 1824 2407 sep

390 2413 452 2495 Qui
480 2417 652 2493 penetravit
677 2434 779 2476 omues
802 2415 902 2477 eoeloe
924 2433 1021 2494 usque
1048 2412 1087 2473 sd
1143 2420 1168 2477 l.
1186 2417 1378 2493 posteriorem
1395 2414 1487 2476 mrlle
1500 2412 1658 2486 videntur,
1677 2410 1824 2496 quun,tl

390 2521 552 2576 summum3
574 2503 627 2582 qui
642 2501 807 2564 seeundum
822 2509 959 2564 usturam
975 2520 1086 2561 ossum·
1140 2503 1217 2563 huno
1233 2502 1371 2582 Apostoli
1385 2502 1484 2562 looum
1500 2501 1716 2581 respicientes,
1731 2499 1824 2561 diunt

388 2596 473 2668 ptum
487 2607 658 2666 supremum
682 2592 712 2650 in
734 2588 822 2650 rebus
845 2588 960 2649 obtinet
980 2588 1087 2648 looum.
1141 2587 1293 2650 Christum
1318 2588 1480 2650 Dominum
1510 2587 1605 2649 semel
1626 2604 1662 2649 se
1689 2584 1824 2667 ipsuni

389 2672 440 2738 Ex
467 2676 660 2756 consequenti
683 2676 750 2737 vult
770 2676 913 2753 intelligi,
937 2673 1087 2734 Christum
1140 2695 1194 2736 ιιι
1208 2676 1303 2738 muris
1319 2675 1386 2737 Deo
1402 2674 1490 2737 Petri
1503 2673 1659 2735 obtulisse.
1697 2671 1824 2739 flinllll·

391 2764 555 2823 eeoeomni
569 2771 721 2834 creature,
737 2764 825 2823 etism
840 2761 984 2840 angeline,
1000 2780 1086 2838 supe·
1140 2761 1219 2823 infre
1248 2762 1357 2823 dicitur
1385 2781 1451 2838 esp.
1483 2766 1528 2825 9.ι
1557 2762 1610 2823 Sis
1640 2768 1673 2823 st
1702 2761 1824 2827 OM-

390 2849 506 2907 riorem.
530 2847 634 2922 Unde,
650 2868 716 2909 oum
732 2850 826 2923 diost,
845 2848 934 2909 telem
951 2855 1088 2928 oportere
1140 2851 1235 2913 semel
1247 2867 1308 2927 pro
1322 2851 1459 2926 peccatis
1474 2856 1621 2911 mertum
1636 2856 1692 2911 est.
1727 2847 1824 2914 Vm

390 2934 476 2996 nobis
493 2955 561 2996 esse
576 2936 767 3007 Pontificem,
795 2937 882 2997 simul
898 2936 1007 3006 innuit,
1031 2955 1087 2996 uec
1140 2946 1241 2999 tumen
1269 2939 1384 2998 utrovis
1414 2935 1502 2997 modo
1532 2935 1727 3008 distinxerit,
1762 2933 1824 3006 ih

391 3042 444 3103 per
459 3023 582 3102 angelos
594 3025 727 3102 potuisse
741 3043 836 3103 genus
847 3022 1007 3083 humanum
1020 3042 1085 3102 pro·
1141 3044 1246 3086 seusus
1270 3026 1392 3086 taudem
1418 3022 1552 3084 resultet.
1590 3024 1765 3086 Pronomeu
1783 3020 1824 3084 let

390 3110 490 3189 pitisri
506 3110 580 3170 Deo.
604 3107 666 3170 Our
681 3130 720 3172 ex
735 3111 792 3171 heo
804 3119 891 3191 purte
904 3131 964 3171 nou
980 3127 1086 3184 serius·
1141 3133 1201 3174 non
1221 3120 1314 3173 totum
1337 3110 1445 3183 refert,
1471 3109 1554 3190 qnod
1575 3113 1762 3190 praeessem
1784 3102 1824 3174 sd

390 3203 439 3258 tur
453 3195 493 3266 id,
509 3195 592 3276 qued
607 3196 728 3276 quidem
740 3207 810 3258 sunt
821 3198 985 3277 imaginati,
1002 3196 1086 3257 Ohri·
1141 3198 1219 3260 illud
1232 3198 1346 3259 solum:
1363 3198 1478 3277 offerre
1487 3215 1550 3274 pro
1563 3200 1706 3274 ponentis
1718 3191 1824 3274 popa

392 3292 471 3344 stum
486 3284 638 3345 elevatum
654 3305 826 3366 essesuprs
841 3305 977 3346 convexo
993 3282 1087 3346 coelo·
1142 3286 1220 3346 Nem
1244 3285 1393 3362 quomodo
1415 3303 1476 3361 pro
1498 3286 1579 3360 suis,
1609 3304 1691 3363 quse
1712 3303 1772 3346 nou
1787 3281 1824 3348 h

390 3390 471 3442 rum,
501 3370 669 3432 diximus
662 3393 692 3432 m
722 3373 920 3453 explicatione
946 3371 1087 3432 similium
1141 3373 1229 3434 buit?
1255 3373 1367 3451 Itaque
1391 3370 1450 3433 duo
1473 3380 1557 3444 sunt,
1582 3367 1824 3453 qusespoont·

389 3458 523 3520 lotorum
546 3459 624 3539 Elph.
642 3463 670 3523 3
691 3470 721 3520 et
741 3460 831 3538 hujus
854 3460 952 3535 Epist
976 3480 1040 3538 oup
1058 3461 1087 3518 4
1141 3471 1228 3540 urget
1242 3460 1325 3520 inho
1310 3481 1345 3521 ιιι
1367 3458 1538 3521 discrimine
1553 3456 1667 3520 (lhristi
1690 3467 1722 3519 et
1742 3473 1824 3522 αισι

390 3546 454 3608 Neo
471 3544 561 3625 louge
583 3547 714 3625 petendo
737 3547 890 3626 probatio,
916 3566 982 3608 oum
997 3546 1087 3626 poulo
1142 3549 1243 3610 dotum
1260 3548 1479 3607 leviticorum:
1506 3546 1652 3625 primum,
1680 3543 1763 3624 quod
1781 3561 1824 3610 ΙΙ

390 3632 545 3696 iuterim
536 3653 568 3694 ιιι
584 3655 650 3712 osp.
672 3635 809 3712 sequenti
828 3634 978 3713 legumus,
1003 3631 1087 3694 Chri·
1141 3657 1196 3716 pro
1212 3636 1289 3704 suis,
1309 3637 1365 3697 sed
1380 3643 1496 3695 tentum
1519 3653 1575 3712 pro
1590 3631 1700 3714 populi
1714 3629 1824 3713 posu&

391 3729 469 3780 stum
485 3722 683 3782 consedisse
671 3741 707 3782 su
722 3722 852 3783 dextera
867 3722 947 3782 sedis
962 3722 1088 3796 moqnt-
1142 3724 1248 3784 offeret
1278 3721 1428 3796 Christus,
1458 3719 1602 3793 alterum,
1631 3719 1718 3801 qnod
1743 3715 1824 3786 md

392 3805 514 3870 matois
536 3811 572 3869 in
594 3807 705 3884 coelis5
730 3827 789 3869 nou
813 3816 899 3869 extre
922 3816 975 3867 ιιιι
997 3826 1089 3888 supro
1141 3830 1202 3872 nou
1213 3809 1359 3889 quotidie.
1376 3809 1515 3869 Tertium
1527 3806 1692 3870 discrimen
1702 3807 1824 3874 inurit:

392 3893 499 3955 eoeloo.
1142 3917 1236 3976 quum
1251 3896 1341 3969 dicit,
1363 3895 1432 3957 illos
1448 3895 1556 3956 offerre
1570 3894 1703 3968 hostiss,
1726 3891 1824 3956 tellis!

436 3981 486 4042 ιι.
511 3983 574 4058 Orsi
588 4000 656 4042 non
674 3982 766 4043 habet
780 3985 992 4043 necessitatem
1008 4000 1088 4056 quo·
1142 3982 1305 4062 pecudum,
1323 3981 1474 4043 Christum
1490 3981 1595 4042 offerre
1609 4001 1644 4042 se
1660 3983 1770 4061 ipsum.

391 4066 486 4141 tidie,
505 4069 772 4143 quemadmodum
790 4070 971 4132 sacerdotes.
996 4066 1088 4129 Grue-
1185 4070 1244 4130 Hio
1270 4069 1351 4129 litem
1379 4067 1538 4129 Catholiois
1564 4079 1689 4130 movent
1716 4065 1824 4130 reond

392 4173 443 4215 oe:
459 4144 623 4231 ἀρχιερεῖς
630 4199 640 4229 ,
658 4157 834 4232 Pontifices,
855 4159 970 4218 summi
984 4173 1089 4216 souer-
1143 4156 1220 4217 Nom
1236 4158 1262 4217 si
1277 4154 1416 4218 Christus
1438 4154 1532 4217 semel
1554 4165 1674 4216 tontum
1698 4175 1752 4236 pro
1774 4171 1824 4232 pst

392 4240 486 4304 dotes.
535 4242 682 4321 Intelligit
716 4244 879 4305 Pontifices
916 4242 1089 4317 Aerouioos,
1142 4244 1215 4304 ostie
1231 4245 1341 4305 uostris
1356 4252 1451 4303 semet
1473 4245 1570 4322 ipsum
1593 4241 1721 4315 obtulit,
1747 4255 1824 4322 neq!

391 4336 537 4476 thpptpx
559 4331 788 4476 “Piffpmtlwl
803 4351 863 4391 nou
879 4329 975 4474 solurp
993 4329 1089 4473 dpoet,
1142 4331 1415 4478 igitqrdinqpqppt,
1439 4329 1551 4391 obtulit
1564 4330 1596 4390 in
1604 4349 1725 4481 griffi,
1735 4342 1824 4481 m

458 4436 465 4474 ι
518 4436 584 4476 mi
637 4435 704 4478 esse
729 4436 887 4489 ursorem,
917 4435 949 4475 se
996 4435 1089 4476 essm
1166 4438 1317 4478 uerreo
1429 4435 1587 4477 ιιιιιιιιιιι
1715 4435 1733 4478 o
1800 4447 1802 4454 ·

392 4502 518 4566 offitium
532 4500 694 4563 oblationis
706 4438 897 4582 plsoltorise,
910 4502 992 4584 quod
1004 4500 1087 4562 Olmi-
1142 4437 1254 4565 illium
1265 4437 1426 4565 seorifioiol
1441 4503 1580 4565 Breviter
1590 4500 1824 4583 respondeus·

392 4597 456 4650 stus
468 4590 540 4667 egit,
555 4608 677 4668 prorsus
688 4590 727 4652 eb
740 4589 798 4650 illis
810 4592 860 4669 ogi
871 4611 931 4651 uon
942 4590 1087 4669 potuisse.
1143 4611 1260 4652 monem
1274 4590 1325 4651 hie
1347 4610 1415 4652 esse
1437 4588 1477 4651 de
1498 4589 1667 4662 oblstione,
1695 4599 1824 4670 quur

435 4676 531 4738 Prius
542 4694 606 4752 pro
617 4678 681 4737 suis
696 4676 816 4739 deone
830 4679 947 4738 hostius
962 4677 1087 4755 offerre,
1142 4697 1174 4737 so
1188 4679 1228 4738 sit
1244 4677 1351 4738 effiusx
1366 4675 1407 4738 nd
1421 4675 1555 4739 tollendo
1574 4684 1719 4755 pensem
1745 4675 1824 4756 ιαμ

392 4762 592 4840 deindepro
616 4764 741 4840 populi.
778 4765 845 4826 Pro
870 4764 1087 4839 mirocletis,
1142 4763 1224 4825 modi
1247 4765 1524 4826 solsesterueutt
1546 4762 1658 4826 Christi
1679 4759 1824 4826 oblttie'r

393 4846 523 4914 (lisere.
539 4866 603 4927 pru
615 4853 758 4927 propriis
770 4853 916 4955 perrupto
939 4850 1088 4954 Proeoep·
1143 4871 1240 4911 oruoe.
1283 4850 1367 4912 Siout
1395 4859 1497 4912 sutem
1526 4859 1719 4913 ιιιιιιιιιιιιι
1747 4864 1824 4912 nors

392 4942 454 5000 tum
477 4932 572 5000 tuisse
592 4936 750 5012 Pontiflui,
777 4946 811 4999 ut
830 4939 914 5040 prius
936 4957 992 5018 pro
1017 4938 1089 5011 suis,
1142 4936 1595 5017 legiesdhooruutiustituts,
1617 4934 1824 5017 utperssrlr

393 5017 503 5110 niuis
515 5042 571 5106 pro
591 5025 699 5107 pupuli
722 5025 855 5108 pseustin
875 5023 989 5092 hoen
1004 4982 1090 5088 oues]
1141 5032 1191 5090 tue
1204 5023 1345 5090 uniunt
1358 5025 1453 5088 emon
1467 5021 1509 5088 td
1529 5042 1585 5122 uos
1600 5021 1778 5133 ιιιιιιιιιιι.
1800 5022 1824 5086 ἰ
