4442 5825
424 592 497 659 730
938 585 1220 642 manseranosm
1239 588 1359 641 carno

421 759 460 821 ad
474 761 589 821 victum
605 767 635 822 et
656 762 739 822 vitae
761 763 926 841 praesentis
946 781 1032 823 osum
1048 783 1114 842 per·
1168 762 1297 825 facultas
1319 760 1488 840 tribuendi3
1511 762 1611 824 altera
1636 765 1797 827 neceuitas
1808 767 1855 826 lra-

341 909 344 914 ,
422 849 524 919 tinent,
541 854 574 906 ut
588 855 660 908 sunt
671 847 821 922 alimenta,
837 858 945 923 uestes,
960 851 1114 928 pecuniae,
1168 852 1231 911 tris.
1256 850 1344 933 Quae
1358 858 1472 930 quanto
1487 850 1589 929 major
1605 860 1667 925 est,
1681 857 1764 913 tanto
1778 854 1858 930 raaia

421 935 633 1014 possessiones.
672 933 762 1014 Quod
797 944 890 995 totum
920 937 1115 996 substantioe
1169 938 1290 998 exsistit
1303 934 1342 997 ad
1357 935 1551 997 tribuendum
1568 936 1730 1016 obligatio.
1745 937 1859 1000 Prono

421 1040 474 1081 seu
500 1019 679 1080 facultatum
707 1022 824 1082 nomine
847 1022 1114 1104 comprehenditur.
1168 1025 1330 1084 necessitas
1346 1022 1446 1084 fratris
1470 1034 1613 1085 extrem
1637 1043 1744 1087 omnes
1758 1024 1859 1105 obligat

428 1110 554 1168 Viscera
569 1107 717 1168 claudere
732 1127 753 1167 o
766 1111 883 1185 fratrc,
900 1117 945 1169 est
960 1111 1112 1169 commise-
1169 1111 1323 1181 babentes,
1347 1109 1429 1189 quod
1444 1109 1518 1170 dare
1535 1112 1668 1187 possint,
1693 1113 1783 1173 etiam
1796 1131 1856 1192 pau·

421 1196 543 1254 rationis
568 1195 707 1255 effectum
723 1203 753 1255 et
769 1195 905 1255 effectum
923 1196 950 1255 ei
965 1195 1047 1255 nolle
1063 1216 1112 1256 eu·
1168 1215 1264 1277 peres.
1288 1196 1460 1256 Necessitas
1485 1206 1590 1258 autem
1614 1197 1701 1258 illius
1721 1211 1858 1260 muas

421 1281 531 1341 bibere.
549 1281 628 1341 Nam
641 1285 760 1342 obtare
772 1302 825 1361 pro
838 1284 947 1343 affectu
962 1282 1112 1354 interiore,
1168 1285 1303 1363 proxima
1326 1283 1442 1362 obligat
1463 1283 1559 1343 etiam
1581 1302 1656 1357 eos,
1683 1288 1739 1366 qui
1760 1295 1858 1347 tantun

421 1369 598 1447 praesertim
613 1371 723 1428 amoris
737 1377 766 1427 ct
777 1367 1010 1442 misericordiae,
1022 1377 1113 1429 meta·
1167 1368 1361 1430 mediocriter
1375 1370 1496 1430 haberit
1512 1369 1611 1431 Arcta
1629 1374 1729 1452 ipsius
1743 1373 1856 1434 necui

421 1455 516 1532 phora
543 1461 588 1513 est
610 1455 639 1513 in
662 1454 822 1532 scripturis
849 1457 1004 1534 utriusque
1024 1463 1115 1515 testa·
1169 1467 1216 1518 tas
1243 1477 1295 1518 eos
1321 1455 1456 1534 obligat,
1487 1457 1603 1537 quibua
1627 1459 1710 1521 bene
1751 1478 1856 1539 prospe

422 1543 514 1601 menti
533 1540 683 1622 frequens.
705 1543 813 1622 ‘Itaque
835 1560 940 1603 sensus
966 1551 1028 1602 eat:
1052 1540 1115 1623 Qui
1169 1552 1248 1603 ctum
1264 1551 1316 1617 est,
1340 1545 1456 1603 etiamsi
1479 1543 1673 1621 superfluum
1697 1545 1856 1626 quoadste

420 1627 511 1688 babet
538 1626 699 1688 facultates
727 1628 908 1700 mundanas,
939 1648 978 1688 ex
1004 1629 1116 1709 quibus
1169 1639 1231 1690 tum
1247 1651 1306 1691 non
1327 1629 1467 1690 babeant
1491 1629 1641 1710 Vulgaris
1666 1651 1722 1693 seu
1745 1651 1854 1694 comme

421 1716 510 1774 otiam
521 1716 647 1775 aliorum
656 1714 837 1793 indigentiae
845 1725 939 1796 queat
947 1716 1114 1788 subvenire,
1168 1719 1226 1789 nis,
1249 1726 1281 1777 ut
1296 1726 1415 1789 vocant,
1436 1719 1606 1778 necessitas
1631 1717 1754 1800 obligat
1773 1738 1855 1780 omna

421 1808 453 1860 et
482 1803 566 1862 novit
595 1802 716 1862 fratrem
747 1821 831 1863 suum
862 1821 915 1864 seu
946 1804 1114 1882 proximum
1169 1805 1353 1881 superfluum
1387 1802 1551 1878 habentes,
1582 1825 1733 1885 quorum,
1759 1816 1853 1886 quanto

421 1897 570 1967 egentem,
594 1907 650 1950 nec
666 1898 764 1947 tamen
787 1907 874 1968 opem
890 1888 1112 1949 misericordiae
1167 1891 1299 1968 majores
1321 1897 1390 1950 sunt
1413 1888 1559 1963 divitiae,
1586 1900 1678 1953 tanto
1700 1893 1853 1972 majoriae

420 1975 448 2034 ei
463 1974 630 2056 impendat,
659 1975 792 2055 inopiam
821 1976 886 2054 ejus
909 1974 1112 2050 sublevand03
1168 1986 1253 2056 parte
1270 1986 1315 2037 est
1330 1977 1484 2054 obligatio.

422 2061 570 2140 quomodo
583 2062 650 2122 fleri
661 2069 769 2141 potest,
786 2070 818 2120 ut
831 2063 939 2123 caritas
950 2063 1020 2135 Dei,
1036 2082 1112 2122 com·
1209 2062 1279 2124 Jam
1297 2062 1377 2142 quod
1393 2064 1499 2142 quaeri
1514 2063 1604 2136 solet,
1630 2065 1756 2145 quando
1770 2064 1851 2145 ncgle

420 2149 519 2208 munis
546 2150 676 2209 omnium
704 2149 853 2228 parentis,
880 2158 1112 2228 propterquam
1167 2160 1234 2210 ctus
1258 2151 1468 2228 eleemosynae
1489 2151 1530 2209 sit
1550 2163 1717 2229 peceatum
1738 2152 1851 2222 mortula

421 2236 512 2295 frater
532 2233 705 2316 diligendus
720 2243 774 2308 est,
797 2237 826 2295 in
841 2237 940 2297 animo
958 2237 1024 2314 ejus
1040 2236 1112 2296 resi·
1166 2258 1226 2298 non
1243 2246 1343 2317 potest
1365 2237 1395 2296 in
1411 2237 1588 2316 particulari
1611 2260 1670 2319 per
1685 2239 1803 2319 singula
1816 2237 1851 2299 de

422 2319 490 2382 deat
509 2343 545 2382 ac
564 2322 750 2383 domicilium
766 2321 898 2382 habeat?
921 2343 958 2384 ac
980 2324 1006 2382 si
1030 2322 1114 2382 dicat
1166 2324 1257 2400 finiri3
1282 2323 1334 2383 sed
1359 2321 1390 2382 id
1405 2322 1595 2404 relinquitur,
1622 2335 1658 2385 ut
1672 2326 1753 2388 bene
1767 2325 1852 2386 scrib't

422 2409 592 2487 Apostolus,
615 2407 646 2468 id
661 2409 725 2469 ficri
746 2427 807 2469 non
829 2429 924 2488 peace.
948 2407 1114 2469 Descendit
1166 2409 1331 2482 Heraclius,
1354 2410 1505 2489 spirituali
1527 2410 1850 2490 prudentiaedatn‘r
1888 2446 1889 2479 3

422 2504 523 2557 antem
541 2497 579 2558 ab
595 2514 685 2576 opere
706 2497 838 2556 caritatis
854 2495 1111 2568 excellentissimo,
1166 2496 1308 2558 nandum.
1331 2494 1412 2555 Illud
1437 2504 1563 2572 constat,
1586 2499 1734 2577 Apostoli
1757 2508 1849 2560 aaut&

421 2582 459 2643 de
475 2603 534 2663 quo
551 2583 623 2643 dicit
638 2582 785 2643 Dominus
804 2583 894 2644 Joon.
914 2585 979 2643 lb:
1007 2584 1112 2656 Majo-
1165 2585 1237 2644 tiam
1260 2586 1425 2664 praeeipue
1448 2582 1561 2644 divites
1582 2582 1849 2665 cumtringare,id

420 2688 487 2731 rem
513 2673 571 2731 boo
596 2670 797 2730 dilectionem
822 2690 914 2732 nemo
941 2671 1050 2744 babet,
1076 2677 1113 2730 et
1165 2679 1226 2741 est,
1249 2671 1430 2749 superfluum
1452 2668 1607 2732 babentes.
1641 2673 1798 2734 Frivoluur
1818 2677 1849 2734 td

421 2760 563 2819 animem
587 2775 678 2818 auom
699 2765 805 2832 portat
825 2761 896 2834 quir
918 2776 979 2833 pro
1001 2759 1113 2817 amicis
1166 2767 1266 2818 autem
1281 2778 1317 2817 au
1327 2757 1534 2837 sophisticum,
1551 2756 1848 2838 quoduamnonnulli

420 2847 494 2919 saria,
518 2843 610 2905 idest
633 2843 782 2918 fratribus,
803 2843 843 2904 ad
866 2863 939 2926 opus
955 2845 1050 2905 multo
1068 2846 1110 2904 in·
1165 2846 1398 2925 interpretantur
1414 2845 1452 2905 de
1466 2852 1605 2907 extrem
1626 2845 1757 2908 frenum
1771 2865 1847 2908 mes·

420 2932 528 3005 ferius,
555 2930 635 3011 quod
660 2937 718 3002 eet,
744 2931 781 2992 de
807 2933 893 2993 bonis
915 2932 1114 2993 exterioribus
1166 2933 1269 3008 nitate3
1293 2933 1379 3010 quasi
1403 2932 1541 2993 Joannas
1564 2934 1705 2995 iustrw
1726 2935 1782 2996 boe
1800 2934 1847 2995 loto

420 3018 534 3100 aliquid
551 3018 693 3099 indigenti
717 3017 802 3079 fratri
817 3020 981 3100 impertire3
1003 3031 1038 3078 ut
1057 3017 1112 3078 sal·
1165 3018 1273 3080 fideles
1288 3028 1406 3079 tantum
1429 3017 1467 3079 de
1482 3038 1518 3079 eo
1535 3039 1624 3093 cun,
1650 3023 1706 3101 qui
1720 3021 1848 3083 rutam·

421 3114 481 3168 tem
492 3106 605 3166 babeat
614 3106 768 3166 caritatem
782 3106 958 3177 inchoatam,
974 3109 1026 3187 qui
1039 3126 1111 3167 non·
1166 3107 1303 3182 eveniat3
1319 3115 1351 3166 et
1361 3125 1423 3166 non
1433 3106 1537 3185 potius
1548 3117 1628 3185 agat
1638 3106 1677 3169 de
1690 3111 1847 3169 amiate

421 3193 490 3254 dnm
506 3192 597 3254 babet
612 3192 782 3272 perfectam.
808 3194 864 3254 Cui
882 3193 954 3253 dlcit
968 3194 1108 3273 Augusti·
1165 3193 1218 3253 illa
1232 3192 1368 3266 fratrum,
1391 3211 1471 3272 quae
1487 3190 1638 3271 frequens
1656 3204 1707 3256 eat
1723 3217 1760 3257 ac
1772 3211 1846 3277 pant

419 3299 493 3342 nus:
518 3282 552 3342 st
574 3280 718 3342 noudum
743 3299 773 3340 ea
795 3281 928 3341 idoncos
949 3284 1034 3342 mori
1046 3298 1110 3356 pro
1166 3279 1351 3360 quotidiana.
1369 3281 1462 3359 Lege,
1474 3280 1607 3358 quaeda
1619 3280 1681 3341 boc
1693 3290 1847 3363 arguments

418 3370 534 3447 fratrc,
553 3372 624 3443 jum
651 3367 783 3428 idoneor
806 3375 868 3429 ceto
889 3368 968 3427 dora
990 3368 1028 3427 de
1051 3369 1113 3427 tuit
1166 3366 1321 3445 disputant
1337 3366 1489 3445 Theologi
1506 3369 1538 3426 in
1553 3371 1583 3428 4.
1603 3367 1742 3431 distinet.
1760 3373 1847 3440 lm

417 3455 626 3533 facoltatibus
646 3456 754 3531 fratri.
779 3454 867 3527 Nam,
889 3463 923 3514 ut
937 3456 980 3515 ait
995 3453 1111 3531 Grego·
1166 3474 1246 3532 quae
1262 3454 1292 3514 S.
1309 3453 1445 3513 Thomas
1468 3454 1598 3533 ejusque
1619 3465 1847 3518 commeatu·

419 3544 484 3601 rius
507 3542 585 3603 hom.
600 3546 648 3603 14.
668 3561 759 3622 super
775 3533 951 3619 Evangelia,
975 3545 1030 3620 qui
1045 3559 1112 3601 raon
1165 3542 1197 3601 in
1220 3545 1247 3602 2.
1272 3560 1330 3600 sec.
1354 3549 1471 3620 quaest.
1495 3544 1546 3602 32.
1567 3542 1657 3602 artic
1682 3544 1712 3602 5.
1736 3555 1767 3604 et
1787 3545 1847 3604 ba

421 3631 478 3689 dot
512 3648 574 3706 pro
612 3629 722 3691 ovibus
765 3629 972 3689 substantiam
1009 3646 1111 3704 mom,
1168 3627 1249 3688 alibi.

420 3717 551 3793 ‹puoodo
577 3735 640 3793 pro
666 3718 713 3776 bia
739 3716 873 3778 daturae
900 3724 944 3776 ert
968 3719 1112 3777 unimam
1212 3717 1260 3776 18.
1276 3712 1388 3775 lilioli
1403 3715 1475 3787 md,
1491 3730 1560 3774 oon
1571 3714 1846 3791 damnamus,

420 3805 534 3864 utum?
1165 3820 1268 3877 neque
1282 3800 1406 3875 linquo,
1422 3800 1475 3861 aad
1487 3819 1583 3876 opere
1600 3810 1633 3862 et
1650 3807 1792 3865 eattae.
1802 3802 1844 3864 Rs·

463 3889 606 3951 Nominat
627 3890 791 3970 Apostolus
812 3891 966 3951 canutam
986 3889 1111 3968 Dei-po·
1167 3887 1297 3948 hortatio
1319 3887 1492 3948 aecmsuia
1516 3896 1644 3968 propter
1667 3909 1733 3965 eoa,
1756 3881 1846 3973 qnid

420 3979 495 4051 tina,
518 3997 607 4057 quam
631 3981 777 4055 proximi,
801 3978 930 4056 nequis
953 3975 1112 4047 existimet,
1166 3974 1325 4035 lectionem
1348 3971 1515 4035 fraternam
1537 3975 1637 4036 verbe
1662 3976 1846 4045 obtendam

420 4063 505 4124 salva
529 4064 654 4125 caritate
669 4074 699 4124 ct
714 4064 846 4125 amicitia
867 4063 934 4136 Dei,
956 4061 1111 4142 negligere
1167 4081 1256 4140 opere
1271 4081 1333 4121 non
1343 4062 1647 4141 praestant3·qualas
1659 4059 1845 4125 introdua’tl

421 4170 455 4211 se
481 4164 568 4230 pesse
591 4154 743 4211 carimtem
765 4170 799 4211 ac
821 4150 1054 4211 beneficentiam
1082 4150 1113 4208 in
1167 4148 1300 4211 Jacobus
1318 4148 1349 4207 in
1364 4145 1505 4227 Epistola
1520 4166 1578 4207 sua
1593 4168 1664 4229 cap.
1679 4151 1845 4213 mdiu:

419 4239 536 4299 fratres
570 4237 652 4298 Hinc
678 4240 720 4298 ait
741 4238 842 4317 capite
865 4238 1021 4316 sequenti:
1051 4237 1113 4314 Qui
1167 4237 1215 4296 lte
1230 4238 1266 4296 in
1278 4252 1369 4311 poca,
1385 4235 1653 4313 colafombaiat
1667 4233 1845 4300 ntem&

419 4342 488 4387 neo
503 4323 609 4401 dilipr't
629 4327 884 4403 frotrem‘teem,
908 4341 1000 4401 quem
1018 4324 1112 4397 uidet,
1167 4322 1237 4382 Non
1252 4320 1348 4383 solum
1364 4319 1478 4401 (inquit
1490 4318 1645 4398 Joaauas)
1661 4325 1758 4387 verbo
1769 4323 1844 4386 ath

420 4414 536 4486 Deum,
560 4430 650 4489 quem
671 4431 738 4473 oon
759 4412 855 4486 videt,
879 4410 1038 4488 quomodo
1051 4428 1114 4485 po-
1167 4429 1228 4489 gna
1258 4408 1418 4486 diligamus
1445 4408 1566 4483 fratrem
1598 4419 1633 4469 ut
1658 4405 1845 4491 facimtffl

420 4499 642 4575 taatdtltpere?
663 4501 707 4561 Et
717 4500 784 4572 bec,
802 4500 905 4578 inquit,
922 4497 1114 4558 mandatum
1166 4494 1277 4556 blande
1291 4506 1324 4556 et
1337 4497 1476 4575 speciose
1489 4493 1668 4576 lequuntur,
1692 4493 1843 4561 intet'ini
1887 4548 1889 4576 ,

421 4587 570 4647 babemus
584 4588 700 4661 oDao,
716 4594 770 4660 Μ,
795 4588 850 4662 qut
870 4585 975 4661 astuto
1000 4586 1112 4658 Deum,
1168 4582 1212 4645 bil
1228 4581 1344 4654 dantes,
1368 4581 1609 4661 undcjuventur
1623 4587 1731 4663 egam,
1752 4579 1843 4647 aad}

421 4673 579 4748 dilipot'tt
592 4674 729 4749 mtrem
744 4688 847 4733 mem.
1168 4670 1328 4731 lectionem
1356 4689 1447 4750 opere
1467 4678 1497 4731 et
1520 4669 1633 4731 effectu
1658 4679 1842 4738 noum*

464 4759 560 4820 Porro
575 4760 713 4820 'abunda
735 4759 830 4819 estin
852 4757 951 4817 verbis
974 4756 1112 4837 Apostoli
1168 4758 1265 4837 Igitur
1281 4753 1409 4836 diligere
1435 4756 1531 4817 verbo
1546 4765 1578 4816 et
1593 4756 1711 4838 lingua,
1731 4751 1843 4822 ΗΒ

422 4845 537 4925 duplex
561 4847 639 4906 ratio
662 4846 813 4907 adducens
840 4843 1053 4922 obligationem
1074 4841 1114 4903 ad
1168 4844 1322 4923 accipitur,
1346 4862 1454 4904 revera
1474 4863 1535 4904 non
1551 4853 1602 4903 est
1616 4844 1747 4923 diligen
1759 4854 1847 4924 ἀμ·
1883 4863 1885 4870 ·

421 4930 610 4993 tribuendam
655 4933 876 5011 eleemosynam
917 4930 1111 5011 pauperibus.
1167 4931 1239 4991 inde
1253 4930 1321 4990 Deo
1345 4950 1407 4992 non
1432 4929 1542 5010 placet
1565 4930 1628 4993 Est
1650 4941 1753 4994 auten
1771 4939 1841 4996 fl.

421 5017 510 5079 Prior
531 5028 577 5080 cst
598 5020 776 5081 mbstontio
795 5019 919 5094 mendi,
942 5036 982 5079 ex
1004 5015 1113 5099 quatit
1167 5017 1218 5077 bic
1233 5014 1272 5078 ad
1296 5035 1355 5091 eos,
1378 5016 1489 5097 quibus
1512 5027 1559 5078 cst
1580 5016 1715 5081 facultas
1737 5013 1838 5102 opat!
1881 5031 1884 5044 '

390 5169 439 5204 h
