4442 5825
441 610 516 679 194
1042 597 1276 654 committitis

437 778 496 840 bns
510 777 608 839 modis
622 797 683 838 non
696 776 821 854 violari,
843 778 907 838 ficri
922 785 1024 838 tamen
1039 795 1135 857 posse,
1187 776 1297 838 variat
1319 774 1437 835 stmttta
1447 774 1506 848 bis,
1520 773 1573 835 vel
1583 774 1693 855 potius
1705 772 1810 836 endem
1824 782 1884 836 sust

439 875 474 927 ut
489 866 617 927 violetur
631 865 707 944 legis
723 865 869 925 naturalis
883 874 1078 945 praeceptum
1096 865 1135 923 de
1187 864 1218 924 iu
1234 862 1294 924 line
1308 861 1467 942 Epistulas
1489 861 1609 922 tertiae.
1642 860 1715 921 Non
1737 869 1783 921 est
1799 854 1884 921 sutem

437 952 563 1014 vitando
579 952 712 1030 periculo
728 950 919 1020 seductionis,
940 961 970 1011 et
986 950 1024 1011 de
1039 952 1135 1009 vitan·
1189 949 1432 1022 existimandum,
1454 947 1508 1008 illa
1521 948 1642 1022 multa,
1666 966 1748 1027 quse
1769 949 1884 1027 Aposto-

439 1040 478 1101 do
501 1037 644 1099 scandalo
665 1037 855 1097 infirmorum.
882 1037 1000 1114 Itaque,
1022 1039 1045 1096 si
1069 1038 1136 1096 siue
1188 1036 1236 1096 lus
1258 1038 1436 1115 inutraque
1457 1034 1599 1114 Epistola
1628 1054 1665 1094 se
1688 1033 1803 1094 bebere
1824 1037 1883 1094 seri·

438 1125 543 1186 horum
570 1136 800 1206 praeceptorum
831 1124 1009 1183 nrtnrslinm
1040 1123 1134 1183 riola·
1187 1122 1286 1184 bends
1309 1123 1401 1195 dixit,
1427 1121 1521 1182 luisse
1545 1123 1638 1200 parvi
1661 1122 1822 1193 momenti,
1843 1131 1884 1181 art

438 1214 529 1284 tione,
554 1212 629 1282 istc,
656 1229 736 1289 qnae
764 1212 934 1289 praeposita
959 1222 1043 1283 sunt,
1069 1209 1135 1269 fieri
1188 1212 1369 1290 pertinuisse
1392 1208 1494 1269 adres
1515 1208 1609 1286 btrjtrs
1631 1209 1772 1284 saeculi,
1795 1228 1883 1268 vernn

438 1307 600 1377 nequount,
618 1298 757 1357 facienda
771 1318 829 1356 non
846 1316 921 1356 esse.
946 1296 1134 1368 conteratur,
1189 1297 1368 1376 pertinuisse
1389 1295 1429 1356 ad
1444 1297 1612 1355 animarum
1637 1295 1780 1355 salutem.
1807 1296 1884 1356 'I'slis

438 1384 626 1466 quodlrabet
648 1384 678 1444 S.
695 1384 824 1444 Thomas
841 1385 869 1442 2.
891 1402 950 1443 sec.
967 1404 996 1462 q.
1015 1385 1064 1443 10.
1081 1390 1135 1441 nrt.
1189 1386 1269 1443 enim
1285 1384 1403 1444 demum
1420 1390 1508 1441 eraut
1528 1381 1625 1460 digna
1642 1382 1795 1460 Apostolo
1810 1380 1882 1443 Chri-

441 1474 489 1533 10.
517 1482 545 1531 et
571 1491 599 1551 q.
629 1474 678 1534 39.
705 1481 761 1529 art.
783 1471 812 1528 4.
840 1468 878 1528 sd
900 1472 928 1528 2.
966 1468 1136 1530 Videnntur
1188 1473 1246 1547 sti,
1269 1470 1352 1530 etde
1375 1468 1488 1530 talibus
1504 1487 1574 1528 cum
1599 1469 1652 1528 bic
1667 1469 1762 1547 loqui,
1786 1470 1883 1548 signifi·

438 1560 547 1626 etiam,
578 1574 657 1636 qnae
688 1567 758 1616 sunt
785 1557 816 1615 in
839 1556 895 1616 hoc
922 1557 1135 1616 commentario
1189 1556 1531 1635 retillshnjnsrersus
1552 1555 1828 1615 finalisclsusuls:
1853 1559 1885 1618 li

438 1646 478 1705 ad
503 1644 556 1703 illa
578 1644 717 1723 Apostoli
737 1643 827 1703 Pauli
849 1641 916 1703 loca
936 1643 1071 1722 proxime
1093 1641 1135 1702 al·
1187 1644 1341 1720 pendium
1360 1651 1497 1704 oestrum
1513 1644 1554 1701 sit
1566 1643 1706 1717 plenum
1716 1666 1729 1718 ‚·
1753 1644 1882 1722 gaudium

437 1731 548 1811 legate.
1188 1732 1293 1810 utique
1308 1730 1473 1811 spirituale,
1485 1727 1568 1809 qnod
1582 1729 1658 1789 boni
1675 1729 1784 1789 fideles
1799 1729 1883 1788 solent

482 1819 513 1877 Si
530 1824 619 1896 roget
642 1817 800 1896 quispiam,
824 1835 863 1875 su
886 1816 917 1876 in
934 1822 1070 1877 extreme
1085 1813 1134 1873 vel
1188 1836 1305 1896 capere,
1322 1817 1441 1894 quando
1457 1814 1495 1875 de
1509 1813 1580 1874 fidei
1595 1815 1795 1894 dogmatibus
1810 1837 1881 1876 aecn-

436 1912 522 1964 arcta
536 1903 717 1964 necessitate
732 1902 817 1962 uobis
831 1922 891 1962 nou
902 1902 992 1962 liceat
1007 1902 1133 1962 haereti·
1188 1906 1293 1976 ratius,
1310 1925 1361 1981 pro
1377 1923 1430 1963 suo
1446 1910 1548 1980 captu,
1573 1903 1791 1974 instituuntur,
1812 1914 1839 1962 ct
1851 1901 1882 1962 sd

438 1991 550 2051 cumin
572 1989 692 2050 domum
716 1989 856 2067 recipere,
880 1987 1133 2049 velaliudmise·
1187 1990 1265 2050 bcne
1292 1989 1453 2050 virentium
1480 2007 1547 2048 eum
1573 1988 1640 2048 Dei
1668 1990 1773 2068 gratis
1797 1992 1879 2050 acrius

436 2075 584 2138 ricordiae
608 2095 682 2156 opus
701 2076 733 2135 in
756 2075 840 2134 illum
864 2094 1020 2149 exercere,
1044 2073 1135 2135 facile
1188 2077 1357 2149 incitantur,
1379 2075 1489 2156 singuli
1509 2077 1655 2153 apposite
1679 2077 1723 2137 sd
1747 2098 1829 2137 susm
1847 2078 1881 2136 iu·

440 2172 575 2242 apparet,
598 2161 673 2241 quid
693 2161 731 2221 sit
747 2160 1001 2241 respondendum,
1025 2180 1134 2240 nempe
1188 2162 1294 2224 dolens.

438 2247 519 2328 quod
543 2249 715 2309 haereticus
737 2267 795 2308 uon
815 2246 906 2308 desiit
928 2269 995 2310 esse
1017 2268 1056 2309 ex
1078 2268 1133 2308 nu·
1231 2248 1333 2330 Quare
1348 2267 1385 2308 ex
1400 2247 1548 2318 hocloco,
1573 2256 1702 2327 prester
1720 2249 1799 2308 elios
1815 2269 1879 2308 ron·

436 2354 518 2396 mero
542 2336 742 2413 proximorum
764 2345 948 2408 nostrorum,
973 2356 1049 2414 quos
1073 2356 1134 2395 om·
1189 2335 1290 2416 plnres
1313 2355 1348 2394 ac
1368 2343 1485 2415 praeter
1508 2335 1607 2413 ipsam
1635 2336 1679 2395 rei
1702 2336 1880 2405 evidentiam,

437 2441 491 2482 nes
501 2421 643 2500 jubemur
658 2421 792 2500 diligere,
813 2426 891 2481 sicut
906 2442 960 2483 nos
976 2425 1074 2504 ipsos;
1098 2440 1135 2481 ae
1189 2424 1376 2483 manifestum
1392 2432 1445 2491 est,
1460 2420 1627 2499 Apostolos
1642 2442 1706 2481 non
1724 2426 1825 2482 omnia
1838 2443 1876 2480 ro

437 2518 596 2589 propterea
619 2527 683 2569 esse
705 2511 731 2568 ei
755 2508 967 2587 praestandum
991 2526 1066 2586 opus
1083 2509 1135 2567 mi·
1187 2511 1283 2570 luisse
1306 2509 1417 2586 scripto
1433 2509 1632 2577 committere,
1657 2529 1742 2586 quae
1759 2509 1797 2569 ad
1813 2509 1875 2568 saln-

439 2594 632 2664 sericordiae,
655 2614 715 2674 quo
730 2594 822 2655 valde
838 2595 966 2673 indiget3
991 2594 1042 2655 sed
1059 2597 1133 2655 inte·
1187 2606 1246 2657 tem
1263 2595 1445 2675 pertinentia
1466 2593 1580 2655 vellent
1600 2603 1679 2654 note
1701 2614 1773 2656 esse
1797 2595 1874 2655 fideli·

436 2683 492 2743 rim
509 2680 677 2741 carendum
700 2680 738 2740 ab
762 2683 841 2741 omni
864 2693 995 2761 peceato,
1018 2682 1135 2762 peccati
1187 2685 1258 2759 bus,
1280 2680 1335 2744 sed
1351 2681 1446 2741 multa
1468 2700 1607 2741 sermons
1633 2681 1701 2741 solo
1719 2681 1874 2742 tradidisse

437 2769 546 2849 specie,
567 2769 681 2848 peccati
696 2767 838 2848 periculo.
869 2767 1016 2830 scribitur
1038 2768 1133 2848 philo·
1188 2768 1278 2829 (lsrte
1292 2778 1323 2829 et
1337 2787 1399 2839 nos,
1419 2787 1498 2845 quae
1513 2769 1641 2847 majoris
1657 2778 1731 2828 sunt
1746 2770 1874 2837 momenti

438 2855 558 2936 sophus,
581 2873 647 2915 cum
671 2854 950 2934 reprehenderetur,
977 2854 1057 2933 quod
1082 2853 1133 2916 ho·
1187 2864 1241 2917 aut
1256 2875 1336 2933 quae
1351 2855 1520 2928 secretiore,
1541 2875 1604 2916 uon
1627 2855 1766 2917 solemus
1783 2858 1873 2919 chartis

436 2943 508 3003 mini
525 2942 659 3021 improbo
683 2942 908 3022 eleemosynam
932 2941 1072 3013 dedisset,
1087 2962 1132 3001 re·
1187 2945 1388 3018 committere,
1399 2941 1451 3002 sed
1464 2961 1564 3002 coram
1578 2942 1719 3004 dicenda
1731 2963 1872 3005 rescrrsrc

436 3027 600 3109 spondisse,
616 3050 677 3089 non
690 3030 871 3107 improbitati
884 3048 918 3088 se
932 3028 1062 3100 dedisse,
1078 3028 1132 3089 sed
1186 3029 1269 3090 Illud
1286 3049 1373 3090 usmo
1388 3048 1499 3110 negare
1514 3038 1627 3109 potest,
1651 3030 1826 3109 Apostolos
1839 3052 1871 3091 os

435 3115 549 3177 bomini
565 3116 682 3175 misero.
708 3114 803 3188 Adde,
826 3115 906 3197 quod
924 3118 982 3176 ista
998 3116 1132 3175 hnmani·
1186 3116 1358 3178 arsionibus
1381 3115 1582 3195 exigentibus,
1606 3116 1767 3198 quaedam
1789 3119 1871 3178 sbscn·

436 3211 485 3263 tas
511 3202 734 3265 catholicorum
765 3212 866 3283 potest
891 3203 1041 3264 haeretico
1067 3220 1134 3261 esse
1186 3204 1268 3264 tibus
1283 3204 1447 3282 scripsisse,
1462 3222 1540 3282 quae
1555 3205 1707 3282 scripturi
1723 3227 1784 3265 non
1800 3215 1871 3273 erant
1919 3243 1920 3250 ι

437 3290 555 3350 occasio
571 3289 806 3368 resipiscentiae,
828 3290 896 3350 Deo
919 3290 976 3349 hac
992 3287 1132 3350 vissein·
1186 3293 1211 3350 si
1235 3290 1283 3350 rel
1307 3290 1435 3351 luissent
1456 3300 1652 3368 praesentes,
1681 3292 1736 3351 rol
1757 3313 1823 3353 mox
1839 3290 1870 3351 lu·

437 3385 495 3437 tem
513 3376 579 3454 ejus
594 3384 746 3453 operante.
1187 3388 1270 3437 turos
1286 3397 1354 3438 sese
1369 3385 1549 3453 sperassent,
1573 3378 1620 3437 nti
1644 3378 1697 3438 bic
1716 3379 1756 3439 de
1779 3402 1809 3439 ss
1824 3397 1870 3458 spe

482 3466 531 3523 ts.
555 3462 659 3523 Plura
674 3462 793 3522 bobeno
807 3462 895 3523 vobis
908 3462 1054 3535 scribere,
1071 3479 1133 3522 rto·
1186 3474 1233 3524 rat
1248 3464 1282 3523 13.
1299 3464 1440 3526 Josnnes.
1466 3460 1620 3541 Quocirca
1644 3465 1671 3523 si
1687 3466 1773 3542 apud
1789 3465 1870 3526 cortr-

436 3550 484 3611 tot
496 3551 710 3626 perchartom
725 3556 754 3609 et
768 3555 993 3609 atramentum
1017 3549 1131 3621 Plura,
1186 3550 1264 3611 thies
1290 3548 1434 3630 (exempli
1457 3545 1565 3624 carras)
1587 3553 1793 3628 quaestiones
1814 3552 1872 3611 nte

437 3635 553 3698 Graece
577 3643 637 3695 est:
661 3637 774 3710 multo,
802 3646 835 3695 ut
859 3644 888 3695 et
911 3656 965 3696 nos
987 3634 1133 3694 habemns
1186 3657 1245 3699 non
1261 3638 1386 3699 fuissent
1400 3643 1540 3709 exortae3
1563 3639 1658 3697 strtsi
1675 3636 1796 3699 Paulus
1810 3640 1871 3715 Apo

437 3724 467 3783 iu
488 3723 546 3783 tine
568 3722 727 3801 Epistolae
751 3723 871 3798 tertiam
896 3741 993 3801 quaro
1013 3739 1132 3800 comps·
1186 3723 1280 3785 stolus
1297 3725 1331 3785 iis
1346 3732 1416 3785 tuur
1432 3722 1543 3782 fnisset
1558 3742 1720 3803 praesens,
1736 3736 1790 3784 ant
1803 3722 1872 3807 paulo

435 3811 556 3877 rotivus,
577 3829 665 3890 quem
682 3815 738 3869 nos'
752 3809 905 3880 habemus,
930 3828 983 3887 pro
999 3809 1132 3887 positivo
1186 3820 1254 3890 post
1275 3831 1308 3871 se
1332 3813 1370 3870 iis
1390 3809 1562 3870 adfuturum
1586 3811 1814 3883 existimasset,
1833 3827 1871 3870 ιιι

435 3904 482 3956 est
496 3895 696 3974 accipiendus,
712 3904 745 3956 ut
760 3896 794 3955 fit
808 3897 992 3975 saepissime.
1186 3900 1312 3978 priorem
1339 3898 1421 3958 illum
1448 3894 1486 3955 sd
1507 3894 1684 3957 Corinthios
1714 3899 1870 3978 Epistolsrt

479 3984 578 4058 Spero
594 3985 680 4042 enim
702 3990 756 4044 etc.
781 3982 866 4042 Haec
887 4001 957 4062 pars
980 3982 1021 4041 ita
1044 3989 1132 4041 sonat
1186 3995 1247 4045 tam
1272 3986 1358 4047 veris
1381 3983 1514 4044 doctrina
1535 3981 1693 4051 refertam,
1717 4007 1780 4046 non
1802 3985 1870 4047 habe

436 4066 567 4128 Graece:
590 4068 651 4130 sert
665 4087 757 4144 spero
779 4071 889 4130 tranire
904 4069 948 4128 nd
964 4086 1028 4143 vos,
1054 4075 1083 4127 et
1098 4086 1133 4128 os
1185 4090 1293 4132 remus.
1316 4072 1356 4131 ttt
1378 4072 1420 4131 its
1442 4068 1481 4131 ds
1495 4067 1564 4129 aliis
1586 4070 1745 4133 similibus
1768 4090 1868 4134 censer

435 4154 480 4214 cd
502 4172 536 4214 os
555 4155 652 4231 loqui.
686 4156 724 4215 In
747 4153 799 4217 illo
823 4156 925 4235 priore
948 4172 991 4230 os,
1020 4146 1130 4232 στόμα,
1185 4155 1266 4218 dnm.
1337 4195 1340 4203 ι

434 4239 558 4320 qnidam
577 4241 762 4302 subaudiunt
781 4234 817 4300 τὸ
840 4235 938 4317 κατὰ,
967 4240 1046 4321 qnod
1070 4261 1131 4302 nou
1230 4248 1278 4307 ts.
1294 4245 1449 4306 salutm
1463 4250 1493 4303 tc
1507 4240 1567 4316 tilii
1580 4246 1709 4303 sororis
1723 4253 1800 4308 tuoe
1814 4244 1871 4308 ete·

434 4326 555 4387 videtur
580 4346 723 4404 uecesse3
757 4327 809 4388 sed
840 4348 894 4406 per
919 4347 934 4386 ιι
958 4327 1129 4388 necdocheu
1184 4338 1261 4392 ctus.
1284 4331 1371 4391 Haeo
1387 4340 1418 4390 et
1438 4328 1553 4390 similes
1572 4327 1792 4404 saltrtstiones,
1812 4347 1894 4414 qest.

434 4413 595 4475 locutionis
609 4423 771 4495 utrumque
785 4414 865 4474 istud
882 4348 992 4493 ιτξμα,
1017 4433 1060 4490 οι,
1077 4434 1129 4495 po·
1184 4420 1213 4477 in
1235 4417 1332 4478 literis
1346 4417 1530 4496 Apostolieis
1552 4415 1711 4493 leguntur,
1736 4441 1797 4481 non
1819 4425 1870 4478 sus

433 4508 492 4561 test
508 4519 561 4579 pro
580 4510 643 4560 toto
659 4500 778 4561 bomine
792 4502 906 4581 accipi,
929 4503 1015 4582 qrrasi
1031 4503 1129 4563 diest:
1184 4503 1331 4565 duntaxat
1352 4504 1471 4578 civiles,
1497 4501 1610 4583 quibus
1633 4505 1781 4566 nimirum
1803 4507 1871 4566 otia!

434 4586 539 4664 Spero,
562 4587 728 4665 meipsum
743 4585 783 4647 sd
798 4605 862 4662 ros,
885 4597 1073 4669 praesentem
1090 4586 1130 4649 sd
1183 4591 1302 4652 lithnici
1331 4591 1463 4671 eorporis
1492 4598 1523 4650 et
1552 4605 1653 4648 rerum
1695 4603 1869 4654 externam

434 4682 615 4752 praesentes,
631 4672 807 4734 locuturum.
1184 4696 1357 4757 prosperum
1388 4685 1498 4739 statum
1525 4684 1696 4756 precantur
1723 4680 1778 4739 elii
1803 4679 1870 4748 diist

483 4762 522 4821 Ut
535 4760 689 4835 paediam
707 4768 846 4821 vestrum
858 4762 992 4838 picotum
1008 4764 1056 4822 sit.
1079 4761 1131 4823 lta
1182 4765 1236 4827 ssd
1251 4774 1321 4826 snut
1342 4764 1538 4825 salutationes
1553 4758 1766 4835 Christianae,
1791 4764 1869 4833 idon

432 4844 546 4906 babent
575 4847 667 4906 etism
698 4845 807 4908 Graeci
838 4848 958 4909 codices
985 4848 1131 4920 nonnulli,
1182 4852 1219 4912 iis
1236 4852 1398 4914 Christiani
1413 4846 1662 4932 precanturaliis
1679 4849 1869 4912 salutameni

432 4949 508 5011 quos
522 4930 598 4992 vidit
613 4933 778 4994 liebertus:
798 4926 896 5012 ὑμῶνς
920 4934 972 4995 sed
988 4935 1129 5015 plerique
1182 4959 1257 5010 mse,
1276 4947 1468 5019 praesentem
1483 4936 1514 4997 in
1529 4935 1646 5015 primis,
1672 4957 1758 5015 quac
1773 4947 1817 5000 est
1829 4953 1869 5017 pt

430 5015 562 5080 habent:
594 5010 689 5099 ἡμῶν.
727 5020 839 5083 Verum
865 5021 898 5084 id
922 5040 1043 5084 sensum
1068 5040 1130 5084 uon
1181 5043 1283 5088 rerem
1297 5022 1386 5088 fidem
1405 5033 1437 5089 et
1451 5024 1619 5098 nantem
1642 5025 1701 5106 qui
1721 5035 1771 5089 ert
1791 5030 1869 5087 stat!
