4442 5825
390 564 467 635 ppo
892 554 1304 611 comummmsrrcrm.

389 738 452 798 siae
467 736 577 796 crimen
592 733 789 814 signifiostum
804 752 878 795 esse.
912 731 984 813 Qus
999 732 1037 794 de
1051 755 1085 794 re
1139 732 1202 795 tols
1217 754 1286 796 esse
1300 732 1438 795 rideturt
1454 730 1488 795 Si
1506 730 1559 813 qni
1573 714 1718 792 nostrum
1754 748 1771 764 ³

390 824 480 883 latium
495 843 529 881 eo
545 822 611 882 loeo
627 821 811 903 disputatum
827 830 881 881 est.
906 822 970 881 Neo
987 821 1087 881 obstet
1140 823 1215 882 teris
1237 823 1437 902 psooevsrint,
1461 819 1581 899 objecto
1603 815 1771 879 veritatir

390 911 491 981 nobis,
519 909 599 988 quod
624 909 673 969 hio
695 928 801 969 sensus
825 910 913 969 etism
940 907 1087 987 reperitur
1140 910 1197 981 tis,
1220 909 1267 982 hi,
1289 911 1434 989 quonism
1457 906 1571 968 Christi
1592 904 1771 966 hostien:

391 997 472 1077 apud
501 997 659 1073 sectarios3
690 995 765 1057 illud
794 995 883 1055 modo
913 1013 1086 1067 osveomns,
1140 995 1273 1056 oblatum
1288 1014 1343 1055 sus
1364 996 1520 1076 apostasia
1535 995 1655 1074 penitus
1669 1000 1710 1052 et
1750 1022 1771 1043 -

391 1083 473 1164 qood
502 1083 539 1143 ob
563 1083 624 1144 illis
647 1091 774 1164 utroque
797 1082 862 1143 loeo
885 1081 1022 1142 studiose
1042 1081 1085 1140 in·
1141 1084 1172 1142 in
1187 1102 1220 1143 se
1235 1082 1466 1154 frustraverunt,
1489 1100 1549 1141 nou
1566 1087 1620 1152 est,
1636 1077 1771 1161 quod.

391 1173 532 1242 ouloetur,
558 1169 654 1231 solnm
678 1171 867 1250 apostasiae,
891 1169 964 1243 sire,
987 1176 1023 1227 ut
1043 1168 1085 1228 lo·
1141 1178 1223 1229 oteut
1246 1169 1374 1230 hostium
1403 1167 1515 1229 Christi
1541 1186 1597 1248 pro
1620 1168 1684 1227 stis
1721 1186 1771 1251 fl

390 1268 532 1338 quuntur,
548 1257 726 1318 universalis
738 1258 776 1316 sb
788 1256 926 1317 sceleris
942 1253 1085 1315 defentio-
1140 1256 1313 1329 iterandum,
1337 1255 1436 1328 idest,
1458 1263 1493 1315 nt
1515 1256 1625 1315 iturum
1647 1272 1771 1317 erue

389 1347 436 1405 nis
458 1352 613 1425 peceatum
635 1364 703 1405 esse
725 1343 882 1422 ejusmodi,
904 1361 958 1422 per
972 1341 1087 1423 quode'
1140 1342 1238 1405 Filius
1260 1344 1327 1417 Dei,
1350 1343 1431 1423 qnod
1452 1343 1588 1423 gravitas
1610 1349 1645 1401 st
1660 1358 1771 1424 ma.

389 1431 499 1493 Christi
515 1433 613 1511 grstia
628 1433 697 1511 quis
713 1432 744 1491 iu
760 1437 854 1490 totum
869 1428 1005 1505 exoidst3
1020 1448 1085 1490 oue
1140 1429 1244 1511 lapsus
1260 1449 1374 1505 eorum,
1397 1432 1424 1490 si
1439 1425 1630 1509 repetendus
1645 1428 1691 1502 sit,
1737 1450 1771 1469 -

388 1529 452 1579 tere
478 1526 605 1599 peooets
629 1537 689 1578 non
716 1516 877 1596 impedire,
905 1517 1086 1597 quominus
1141 1527 1373 1598 tnrexposoere.
1395 1516 1466 1577 Non
1481 1518 1562 1577 euim
1574 1515 1721 1596 amplius
1740 1540 1771 1577 -,

388 1605 477 1666 homo
494 1604 631 1685 quotidie
643 1602 756 1665 Christi
771 1607 919 1684 sunguine
935 1604 1085 1683 irrigetur,
1141 1603 1292 1679 Christus,
1318 1606 1403 1666 Rom.
1433 1609 1461 1666 6.
1496 1603 1580 1682 Quin
1605 1604 1723 1682 potius

389 1713 425 1753 so
435 1693 532 1752 Deum
545 1693 718 1772 experiatur
729 1692 901 1772 propitium.
925 1691 994 1750 Hoo
1007 1693 1086 1752 enim
1141 1691 1373 1774 exspectandum
1386 1692 1443 1752 sibi
1460 1709 1527 1751 esso
1536 1687 1671 1750 terribile
1680 1690 1771 1769 Jua

388 1799 451 1841 uon
475 1785 521 1841 est
541 1778 725 1859 Apostolum
746 1797 915 1859 exponere,
942 1777 994 1838 ssd
1016 1797 1086 1838 suos
1183 1780 1252 1839 Non
1268 1778 1359 1839 dicit:
1383 1779 1416 1841 Si
1439 1780 1491 1859 qui
1507 1777 1567 1839 hoo
1587 1775 1676 1836 modo
1695 1792 1771 1858 pe

389 1885 507 1928 errores
530 1866 700 1927 obtrudere.
724 1864 793 1946 Qus
807 1877 908 1927 temen
923 1867 954 1924 iu
968 1884 1001 1925 re
1016 1862 1085 1925 Cel·
1141 1867 1214 1938 rint,
1242 1885 1280 1926 ue
1308 1866 1486 1946 desporentq
1513 1862 1567 1925 sed
1594 1863 1684 1925 corde
1710 1879 1771 1924 ω

389 1956 486 2027 vinus,
499 1953 572 2014 telis
585 1952 654 2013 ‹lum
667 1953 779 2029 soribit,
793 1955 933 2014 incautus
946 1953 1084 2032 seipsum
1139 1973 1241 2014 rursus
1261 1952 1409 2014 secedent
1423 1952 1462 2013 ed
1477 1952 1614 2013 thronum
1636 1953 1771 2030 grstia⁴

386 2040 520 2122 jugulet.
550 2040 582 2101 si
606 2042 684 2101 enim
707 2040 765 2101 heo
787 2040 967 2112 universali,
995 2058 1085 2119 quom
1141 2060 1208 2101 oum
1223 2059 1277 2121 spe
1292 2042 1402 2102 veniae
1424 2039 1622 2120 perhostism
1646 2027 1755 2097 semel

390 2136 509 2197 voosut,
533 2128 700 2189 defectione
721 2128 810 2188 homo
832 2135 912 2187 totus
932 2125 1054 2187 excidet
1067 2146 1086 2185 e
1140 2138 1201 2186 tem
1217 2127 1419 2207 reeipiendus.
1443 2128 1510 2188 Non
1522 2126 1587 2198 boe,
1602 2125 1724 2206 inquom,
1769 2138 1770 2145 ’

389 2216 487 2296 grstia
499 2212 620 2289 Christi,
637 2214 717 2295 quod
732 2216 919 2277 verissimum
936 2222 996 2274 est:
1013 2232 1085 2295 quo·
1140 2222 1202 2274 tum
1218 2222 1251 2274 ut
1273 2216 1388 2294 peooeti
1411 2213 1650 2294 magnitudinem
1673 2219 1698 2272 et
1707 2206 1771 2290 pe

389 2302 478 2364 modo
502 2303 612 2382 passim
631 2301 733 2376 donet,
755 2303 820 2363 lieri
839 2323 899 2362 non
922 2320 1026 2381 posse,
1052 2309 1086 2359 ut
1140 2301 1203 2362 lum
1226 2301 1424 2376 demonstret,
1447 2303 1534 2381 onJ'ns
1556 2302 1645 2361 venis
1665 2300 1708 2360 vir
1725 2294 1771 2376 Ρ

390 2391 487 2473 gratie
502 2390 596 2451 semel
611 2389 713 2452 habits
727 2388 909 2451 omittetur?
1142 2391 1318 2469 exspectari,
1339 2390 1425 2471 qussi
1448 2387 1541 2462 (licet,
1565 2383 1733 2467 inexpieblls

432 2478 542 2538 Restat
568 2476 799 2557 expliosndum,
826 2476 901 2556 quid
927 2476 985 2535 sibi
1011 2473 1087 2534 velit
1140 2479 1269 2552 orimsn3
1291 2486 1355 2538 tum
1377 2477 1451 2557 quis
1473 2484 1583 2536 terrere
1600 2467 1771 2534 voluitst}¹

390 2563 480 2626 illud:
507 2569 587 2627 Jom
602 2584 669 2626 non
689 2566 885 2641 relinqottur
897 2582 959 2640 pro
972 2580 1086 2638 peeca-
1140 2573 1174 2624 ut
1200 2564 1257 2624 sibi
1280 2566 1407 2645 elapsu
1430 2573 1590 2640 osvorent3
1615 2563 1721 2642 alioqui
1740 2562 1771 2616 e

389 2655 430 2713 tis
451 2652 562 2711 hostio.
589 2651 667 2712 Nem
690 2671 745 2732 per
766 2652 900 2712 hostium
924 2649 1086 2728 significari
1140 2671 1206 2713 oum
1222 2649 1326 2729 lapsis,
1350 2652 1373 2712 si
1397 2652 1475 2710 serio
1497 2650 1596 2711 losum
1620 2651 1720 2711 venire
1733 2648 1771 2728 q¹

389 2739 580 2818 bsptismum,
604 2736 796 2811 ostendimus,
818 2758 878 2798 non
902 2757 968 2798 esse
981 2735 1085 2797 renisi·
1140 2746 1215 2811 rent,
1229 2737 1320 2798 eliter
1332 2739 1499 2799 locuturus
1522 2738 1564 2798 Et
1577 2732 1771 2798 formarint*

390 2824 470 2885 mile„
486 2825 519 2884 Si
532 2824 626 2897 dioss,
638 2843 759 2885 sensnm
777 2843 857 2884 esse:
874 2825 943 2884 Non
959 2822 1086 2902 emplius
1141 2826 1180 2887 ed
1196 2824 1293 2906 legem
1309 2826 1485 2899 Moesicsm,
1501 2845 1579 2908 quse
1596 2845 1649 2906 pro
1665 2818 1770 2905 expiet!

390 2911 532 2984 futurum,
555 2919 588 2971 ut
603 2909 743 2973 Christus
767 2911 873 2972 offerat
895 2931 929 2972 se
950 2913 981 2971 in
996 2929 1086 2970 oruoe
1139 2914 1256 2994 peeoeti
1279 2933 1334 2994 per
1348 2914 1518 2993 superbiam
1540 2916 1606 2975 sive
1621 2908 1771 2974 consumet

391 3020 446 3080 pro
458 3000 589 3078 peccetis
599 2998 760 3073 hominum,
772 2997 1083 3079 respondebiturApo·
1141 3001 1298 3072 oommissi,
1313 3000 1426 3060 nullom
1439 3002 1616 3081 praeseribit
1628 3002 1768 3078 hostiumr

392 3085 479 3157 stolo,
501 3106 561 3145 non
584 3105 661 3166 opus
683 3106 750 3147 osse
770 3106 851 3146 nove
873 3086 983 3146 Christi
1005 3083 1086 3143 oble·
1140 3087 1319 3168 simpliciter
1337 3088 1518 3166 pronuntiat,
1540 3108 1618 3162 euru,
1643 3090 1696 3168 qui
1711 3089 1771 3170 sieq

390 3173 487 3244 tione,
522 3175 703 3253 quicumque
732 3172 852 3233 demum
882 3171 1086 3250 intelligantur
1141 3175 1269 3249 severit,
1294 3176 1459 3253 periturum
1481 3174 1520 3236 de
1543 3175 1657 3256 populo
1681 3195 1771 3252 suo,ss

374 3259 577 3320 ,voluntarie
612 3268 778 3336 peccantes
785 3282 797 3335 ,·
839 3257 1086 3340 quondoquidem
1140 3268 1242 3341 pterea
1254 3260 1335 3338 quod
1349 3257 1472 3321 verbum
1486 3261 1607 3322 Domini
1617 3270 1770 3343 contemp·

391 3366 452 3407 uns
468 3354 500 3405 et
517 3348 613 3425 prims
630 3346 739 3406 Christi
762 3345 876 3407 oblatio
893 3345 1022 3406 suffioiot
1037 3363 1085 3403 ex·
1141 3347 1232 3408 Num.
1250 3346 1299 3406 15.
1322 3347 1382 3407 Per
1397 3345 1454 3407 hoo
1470 3350 1547 3409 euim
1568 3350 1769 3430 significetum

321 3487 325 3492 .
390 3432 510 3513 piendis
529 3435 657 3493 omnium
679 3433 831 3493 hominum
854 3434 997 3511 peoestis,
1020 3449 1087 3510 peo·
1142 3432 1290 3512 ejusmodi
1313 3441 1502 3513 peeostorum
1525 3455 1622 3496 reram
1648 3455 1719 3499 esse
1739 3455 1771 3518 pt

392 3521 476 3593 ostis,
499 3528 773 3599 quantumcumque
796 3518 946 3599 gravibus.
976 3518 1086 3578 Existi·
1142 3521 1268 3580 tentiam
1285 3539 1320 3579 eo
1336 3519 1486 3580 difficilem
1501 3523 1632 3583 veniam.

390 3615 453 3667 mot
477 3608 606 3682 Ribers,
632 3607 759 3667 Peulum
782 3605 865 3686 loqui
888 3604 927 3665 ds
949 3606 1047 3666 hostis
1070 3622 1088 3660 a
1157 3668 1159 3673 ,
1184 3607 1278 3666 Porro
1291 3605 1688 3684 quodnihiloffioietetism
1699 3608 1770 3672 hiel

392 3692 513 3753 Christo
525 3692 655 3766 diverso,
671 3691 762 3773 idque
776 3693 834 3753 hoo
849 3711 955 3753 sensu:
972 3692 1004 3752 Si
1020 3690 1088 3769 quis
1142 3693 1414 3763 seorifioiollissss,
1430 3702 1534 3756 contro
1546 3695 1628 3776 quod
1642 3695 1771 3758 adducit

393 3777 504 3840 Christi
512 3781 649 3839 notitiem
662 3779 757 3841 semel
768 3787 924 3858 eooeptsm
937 3777 1087 3857 objecerit,
1142 3780 1179 3839 eb
1189 3779 1353 3851 haereticis,
1359 3778 1554 3860 feoilepotest
1562 3802 1600 3843 ex
1608 3783 1701 3844 distis
1707 3783 1771 3845 inte'

392 3873 539 3940 nonest,
567 3865 647 3945 qnod
673 3867 800 3927 sulutem
823 3873 941 3945 speret,
967 3866 1024 3925 nisi
1048 3862 1086 3921 sd
1142 3866 1220 3924 Nam
1236 3886 1292 3925 neo
1307 3865 1346 3927 de
1368 3867 1507 3928 omnihus
1531 3871 1668 3949 peooetis
1685 3873 1771 3951 sgitr

392 3950 545 4013 Christum
567 3960 752 4029 reverteturq
776 3972 837 4013 uon
852 3952 938 4014 enim
953 3951 1088 4011 inveniet
1143 3950 1247 4024 stolus,
1271 3953 1325 4013 sed
1340 3952 1378 4012 ‹le
1400 3963 1482 4015 certo
1505 3957 1640 4034 quodem
1663 3975 1771 4038 genere

392 4037 482 4099 sliam
498 4039 634 4113 hostiam,
650 4059 809 4121 perquem
825 4037 1085 4119 peeootssihire·
1144 4058 1203 4119 quo
1229 4039 1317 4100 dicit:
1355 4045 1435 4103 Jom
1460 4059 1528 4102 oon
1553 4044 1757 4121 relinquitur

392 4126 556 4197 mittentur,
573 4133 603 4185 et
617 4146 729 4206 poenos
745 4126 870 4206 effugiet
884 4133 1032 4186 aeternos.
1141 4130 1278 4202 peccatis
1298 4128 1420 4204 hostia3
1444 4147 1500 4188 nee
1523 4129 1698 4209 quemlihet
1716 4130 1770 4194 bos

435 4211 477 4271 At
492 4231 562 4271 vero
578 4212 715 4292 plerique
731 4231 833 4273 omnes
848 4214 981 4272 hostiam
999 4209 1087 4272 intel·
1143 4212 1273 4292 relinqui
1295 4221 1403 4292 neget,
1430 4212 1484 4274 sed
1508 4234 1631 4278 erucem
1655 4226 1771 4279 morter

394 4297 495 4378 ligunt
517 4297 606 4357 olium
627 4298 747 4379 quidem
771 4318 789 4359 s
810 4300 912 4379 priori,
933 4297 987 4358 sed
1008 4300 1087 4378 ejus·
1144 4299 1316 4374 seeundum,
1340 4302 1420 4360 siout
1434 4310 1541 4379 operte
1562 4312 1685 4366 veteres
1700 4306 1771 4366 intu

393 4381 460 4445 dem
488 4382 610 4444 Christi.
644 4384 672 4444 Α
699 4404 826 4466 quorum
852 4385 1001 4445 sententie
1026 4405 1086 4445 non
1142 4387 1197 4445 teti
1213 4396 1291 4446 sunt

391 4481 467 4552 puto
497 4469 708 4532 resedendum.
745 4471 848 4533 Habet
877 4474 954 4532 onim
985 4471 1088 4531 londo
1187 4475 1237 4531 27.
1271 4473 1435 4534 Terribilis
1463 4481 1570 4535 ouum
1601 4478 1762 4553 quodum

392 4568 524 4620 mentum
550 4558 581 4618 in
604 4557 758 4638 Apostolo,
785 4560 836 4639 qui
860 4579 926 4638 cop.
949 4562 976 4618 6.
1000 4557 1088 4618 dioit:
1143 4563 1295 4635 spectatio
1319 4562 1444 4635 judieii.
1490 4561 1678 4639 Terribilis,
1710 4564 1771 4628 Gru

389 4648 568 4724 prolapsos,
592 4645 686 4706 idest
709 4646 892 4706 voluntarie
913 4653 1087 4721 peccantes,
1144 4642 1272 4724 φοβερὰ,
1287 4646 1565 4725 formidolosisque
1579 4651 1771 4728 commas«

392 4752 521 4794 sermm
544 4733 727 4809 cmeifiyere
741 4732 863 4793 sibimet
877 4735 952 4810 ipris
968 4733 1088 4792 utitem
1142 4735 1288 4813 pertinet3
1318 4735 1436 4795 temetsi
1463 4732 1577 4795 locutio
1608 4739 1769 4802 transitivo

393 4821 464 4881 Det.
494 4820 537 4879 Et
557 4827 618 4880 tom
645 4820 702 4881 hoo
725 4840 807 4899 esp,
830 4839 919 4897 quem
944 4817 1089 4897 praeced,
1144 4840 1197 4899 pro
1214 4839 1258 4892 eo,
1274 4820 1354 4901 quod
1372 4822 1500 4882 diceret:
1517 4820 1579 4883 seo
1595 4825 1771 4907 relinquitur

394 4905 492 4967 mults
507 4905 641 4987 disputet
656 4906 694 4967 de
704 4908 798 4986 ipsius
811 4903 923 4966 Christi
939 4902 1090 4965 oblatione
1144 4908 1340 4985 spectandum
1363 4906 1497 4969 terribile
1514 4907 1677 4988 judicium.
1710 4909 1766 4974 Uli

392 5010 455 5054 uon
472 4992 617 5054 itersuds.
634 4993 726 5074 Quod
742 5011 814 5073 ergo
829 4991 902 5053 dicit
915 4992 1089 5073 Apostolus,
1144 4994 1225 5054 mins
1237 4995 1357 5069 judisti
1379 4993 1531 5056 demnstio
1551 5014 1607 5059 seu
1627 4999 1771 5080 punitor
