4442 5825
748 599 913 656 Ei‘lss'l'bffl
929 599 948 654 l·
965 599 1052 655 etin
1068 598 1163 653 Pttttt.
1198 598 1282 654 mis.
1300 601 1384 654 8.-6.
1706 608 1779 681 557

363 785 427 856 ite,
443 783 500 861 quei
511 782 619 861 {rotet
632 783 824 843 nominatae
832 823 844 856 ,
865 785 909 840 eet
921 779 1030 856 forni-
1082 778 1226 838 munitate
1240 777 1368 852 alienos,
1387 797 1423 840 ιι
1437 777 1523 839 velut
1537 784 1670 840 monstra
1683 800 1776 860 quae·

363 874 440 944 aer,
462 876 522 929 aee
543 884 679 944 ιιιιιιι,
705 874 763 929 out
784 866 879 928 idolis
893 867 1031 927 serviens
1082 864 1152 924 dem
1169 867 1245 924 inter
1261 865 1403 927 homines.
1427 866 1495 927 Hoe
1509 873 1563 937 est,
1579 865 1660 945 quod
1676 866 1779 928 addit:

363 974 388 1017 e.
425 954 507 1016 Nem
522 954 671 1037 quemodo
692 956 799 1033 freter
813 962 842 1014 et
855 954 950 1014 idolis
964 971 1030 1013 ser-
1084 947 1344 1028 βλαςφημοϋντες,
1361 952 1392 1013 id
1407 963 1454 1013 est
1472 952 1704 1029 matedtaentee,
1722 973 1778 1017 ee·

363 1046 439 1119 itm,
470 1043 529 1105 uisi
549 1062 586 1104 ιο
608 1041 710 1116 modo,
741 1060 801 1121 quo
824 1038 912 1101 dixi?
943 1039 1031 1119 Quae
1082 1046 1258 1116 eeeraatee5
1286 1039 1355 1099 lieet
1381 1039 1533 1100 etiamad
1556 1038 1780 1121 blasphemiam,

363 1129 492 1213 sponsio
507 1130 660 1211 eolligitur
670 1130 759 1190 etiam
772 1147 808 1188 ex
819 1126 1030 1207 sequentibus:
1083 1144 1145 1206 qna
1160 1127 1226 1186 Deo
1241 1145 1277 1185 ae
1292 1127 1429 1205 religioni
1441 1126 1677 1189 Christianorum
1688 1129 1779 1190 mele

372 1218 405 1279 4.
430 1218 473 1278 In
495 1236 558 1295 que
577 1218 785 1277 admirantur
805 1232 873 1276 noes
895 1231 1031 1274 coneur-
1084 1214 1235 1285 dicerent,
1250 1213 1373 1273 extendi
1386 1215 1490 1294 possit.
1513 1212 1601 1274 Haeo
1616 1234 1670 1295 per
1684 1234 1779 1295 quen·

363 1304 477 1367 sitibat
491 1304 580 1367 oobie
592 1309 628 1366 tn
644 1302 776 1365 eandem
789 1303 937 1363 luxuriae
954 1318 1030 1362 eost·
1084 1299 1152 1359 dam
1167 1301 1393 1380 occupationem
1408 1321 1428 1360 a
1442 1301 1534 1361 Petro
1555 1299 1704 1377 dicuntur,
1719 1321 1780 1382 qna

363 1394 506 1468 ιίοιιιιιι,
522 1392 781 1469 blasphemantes.
805 1389 1029 1462 Admirantur,
1083 1385 1238 1458 admonet,
1253 1406 1293 1447 ne
1306 1387 1483 1467 frangentur
1494 1388 1602 1462 animo,
1619 1386 1690 1449 dum
1706 1389 1779 1450 talin

363 1496 463 1541 raeee:
491 1471 672 1554 ξενίζονται,
698 1476 731 1537 id
753 1484 801 1537 est
815 1478 1030 1552 perseriano·
1082 1472 1224 1545 rudiunt,
1242 1473 1295 1533 sed
1311 1494 1378 1535 enm
1394 1475 1542 1554 patientis
1556 1493 1679 1536 eausam
1694 1494 1779 1537 suam

363 1584 400 1642 ι,
417 1574 454 1626 ut
470 1565 595 1647 quidum
610 1565 721 1627 babent
733 1562 869 1634 codices,
886 1561 1028 1642 quemod-
1083 1560 1150 1620 Dee
1158 1563 1241 1640 juste
1248 1560 1420 1640 judicaturo
1433 1563 1625 1623 committant.
1649 1561 1687 1623 Id
1699 1564 1779 1624 enim

363 1652 453 1714 ndum
487 1662 517 1713 et
547 1652 624 1713 inira
652 1652 745 1712 vertit
772 1648 897 1711 eandem
926 1668 1030 1710 voeem
1083 1648 1149 1709 vult
1162 1666 1232 1728 pers
1247 1667 1393 1728 sequens:

363 1748 437 1801 ater
469 1741 638 1821 interpres:
678 1739 784 1799 Nolite
817 1738 1029 1814 pereprinori.
1126 1736 1155 1795 5.
1178 1737 1240 1813 Qui
1254 1736 1389 1797 reddeat
1404 1738 1560 1798 rationem
1577 1737 1624 1810 ei,
1644 1739 1701 1813 qui
1712 1755 1776 1813 po·

363 1824 390 1889 tl
422 1829 477 1907 qui
508 1828 618 1887 vertit:
647 1826 872 1899 admirentur,
910 1842 1030 1884 sensnm
1081 1830 1172 1883 ratus
1187 1823 1387 1896 eetjtsdieore
1401 1825 1532 1884 viveret
1546 1829 1696 1884 mertuos.
1720 1826 1774 1899 Ei,

363 1912 479 1991 ididit3
503 1912 629 1975 Graseis
645 1914 723 1973 enim
739 1905 912 1978 ξενίζεσθαι
927 1909 1028 1971 dienn·
1083 1914 1139 1986 qui
1160 1917 1298 1986 perotus
1324 1918 1385 1986 eet,
1412 1909 1545 1972 Graece:
1572 1907 1619 1995 τῷ
1643 1904 1777 1988 ἑτοίμως

363 2020 393 2075 ι,
409 2001 469 2083 qui
485 2000 601 2063 obrem
618 1998 748 2080 aliquam
766 2018 884 2073 novum,
900 1998 1026 2058 inselen·
1081 1989 1195 2074 ἔχοντι,
1212 1995 1243 2056 id
1258 2007 1311 2071 est,
1326 1999 1379 2073 Ei,
1396 2000 1451 2075 qui
1461 2001 1498 2058 iet
1506 2005 1663 2074 proneptes
1673 1998 1775 2073 tabee,

363 2108 387 2150 ιι
420 2092 479 2148 aut
506 2088 698 2168 peregrinam
734 2105 802 2146 eum
832 2084 1029 2145 admiratione
1081 2086 1129 2143 eui
1144 2084 1398 2163 promptissimum
1413 2092 1467 2159 est,
1483 2086 1534 2165 qui
1554 2084 1716 2165 expeditus
1732 2094 1779 2146 est

363 2174 501 2237 rbantur.
534 2175 721 2255 Augustinus
748 2174 840 2254 Epist
864 2173 914 2233 99.
942 2171 1028 2251 legit:
1081 2171 1358 2244 adjudicandum
1379 2173 1469 2232 vinos
1493 2179 1522 2232 et
1545 2179 1696 2233 mortuos.
1731 2172 1779 2233 De

363 2268 523 2341 spuerent
556 2261 645 2321 Multi
671 2262 763 2321 etiam
786 2260 889 2320 Latini
911 2258 1029 2319 oodioes
1082 2257 1199 2318 Christo
1214 2257 1325 2318 dietum
1341 2258 1474 2332 videtur,
1502 2259 1553 2340 qni
1568 2261 1603 2319 ia
1617 2261 1675 2320 boe
1689 2277 1778 2321 mor·

363 2350 422 2431 &us
448 2348 623 2428 Epistolae,
653 2347 706 2408 sed
732 2367 771 2409 ex
796 2346 856 2407 alia
882 2348 1029 2419 versione,
1081 2353 1155 2406 tures
1177 2352 1220 2405 eet
1243 2354 1272 2405 et
1293 2349 1483 2421 resurrexit,
1513 2354 1550 2407 ut
1572 2355 1602 2406 et
1617 2349 1777 2423 vivorum,

363 2442 452 2518 punt:
481 2436 522 2497 In
547 2435 662 2512 quibus
685 2453 773 2496 auno
803 2435 1029 2510 obstupescunt.
1082 2440 1113 2494 et
1137 2440 1337 2494 nrortuomm
1367 2434 1566 2508 dominetur,
1596 2433 1682 2493 Rom.
1711 2438 1778 2510 14.;

363 2542 455 2585 :eam
472 2522 635 2584 lectionem
656 2531 775 2582 enarrat
790 2522 926 2582 Thomas
948 2522 1028 2599 Ang-
1083 2521 1196 2601 etqui,
1216 2521 1307 2599 juxte
1322 2519 1392 2579 fidei
1411 2530 1533 2582 nostrae
1548 2520 1776 2595 confessionem,

363 2628 416 2671 ιιι.
453 2611 551 2689 Syrus
575 2626 696 2689 quoque
716 2611 759 2668 sio
780 2607 885 2669 hebeti
907 2610 951 2671 Et
965 2625 1031 2668 ecee
1083 2607 1166 2668 sedet
1194 2607 1238 2666 ad
1267 2607 1429 2668 dexteram
1462 2610 1587 2684 Petris,
1626 2615 1778 2669 eentum

363 2714 417 2759 tete
433 2696 661 2770 adorirentur,
680 2696 745 2756 sive
759 2696 987 2773 obstupescunt.
1078 2695 1225 2771 judicare
1251 2698 1340 2755 vivos
1366 2702 1396 2755 et
1420 2703 1570 2756 mortuos.
1606 2695 1778 2756 Redditurt

365 2784 571 2846 Recentiores
585 2785 630 2844 sie
651 2784 900 2862 interpretantur:
928 2787 1031 2859 Atque
1082 2790 1180 2842 autem
1201 2781 1338 2842 dicuntur
1360 2782 1427 2842 Deo
1453 2802 1508 2843 seu
1532 2780 1654 2843 Christo
1674 2786 1778 2843 ratio-

372 2888 524 2947 stonum,
540 2871 698 2945 insolens,
713 2869 887 2932 eberardum
903 2870 968 2931 illie
981 2872 1031 2929 oi·
1083 2888 1155 2932 aem
1172 2888 1296 2950 operum
1316 2888 1436 2931 suorum
1459 2871 1549 2930 etiem
1570 2868 1644 2930 mali
1667 2880 1697 2930 et
1711 2870 1776 2932 infi-

363 2965 434 3022 ter.
479 2956 541 3019 Sed
565 2967 596 3018 et
619 2956 796 3037 vulgaribus
822 2957 934 3032 linguis
960 2976 1032 3029 rem,
1084 2957 1180 3029 deles,
1207 2958 1293 3038 quia,
1319 2957 1430 3031 velint,
1452 2958 1563 3031 nolint,
1587 2957 1648 3019 Dei
1658 2956 1778 3035 judicio

364 3065 406 3108 ae
421 3045 562 3106 novitate
583 3043 810 3106 admirationem
827 3046 952 3117 excitat,
979 3064 1029 3103 ex·
1083 3042 1207 3104 sistendi
1223 3053 1308 3116 suut,
1328 3053 1356 3103 et
1371 3055 1424 3123 pto
1440 3045 1553 3105 meritis
1569 3063 1694 3124 operum
1710 3065 1778 3106 suo-

363 3151 468 3196 meem
496 3139 526 3192 et
549 3132 737 3212 peregrinam
759 3150 868 3192 votare
890 3132 1029 3191 solemus.
1082 3149 1147 3190 rum
1174 3130 1342 3208 judienndi.
1382 3131 1561 3211 Metapbora
1589 3139 1709 3211 sumpta
1738 3132 1776 3194 ab

393 3235 480 3298 μυ,
511 3216 543 3277 id
571 3227 619 3279 est
644 3216 683 3277 de
709 3237 785 3297 quo,
815 3218 1030 3280 admirentur.
1083 3218 1134 3289 iis,
1162 3218 1212 3295 qui
1240 3217 1367 3277 dominis
1392 3220 1456 3278 suis
1480 3220 1624 3278 rationem
1650 3216 1777 3280 reddere

363 3315 455 3368 asetat
477 3313 579 3365 autem
599 3305 774 3385 sequentia:
800 3323 868 3367 aon
895 3323 1030 3367 coneur-
1084 3311 1233 3383 eoguntur
1265 3322 1337 3362 suae
1373 3303 1614 3384 dispensationis.
1658 3304 1709 3365 Sis
1737 3305 1777 3364 ed

363 3392 476 3456 astte·
498 3399 553 3452 ete.
590 3390 702 3453 Similis
724 3390 923 3453 Hebraismus
938 3391 1029 3453 Joeu.
1082 3392 1167 3451 Rom.
1183 3390 1308 3450 ibidem:
1330 3392 1548 3469 Unusquisque
1560 3398 1704 3452 nostrum
1712 3409 1776 3468 pro

362 3481 434 3542 :les
449 3479 510 3540 lroe
524 3479 670 3539 mirabile
685 3486 729 3539 eat
743 3486 814 3553 ete,
832 3479 863 3540 id
878 3487 925 3540 est
939 3477 977 3539 de
992 3498 1029 3537 ea
1081 3480 1285 3538 serationem
1307 3477 1417 3537 reddet
1431 3479 1509 3539 Deo.
1553 3480 1647 3539 Vives
1669 3486 1775 3539 autem

368 3565 459 3628 subit
478 3566 589 3626 mireri.
628 3566 688 3627 Pro
710 3567 842 3627 luxurie
866 3567 895 3626 in
912 3564 1028 3627 Graece
1082 3573 1111 3625 et
1125 3571 1267 3625 mortuos
1282 3583 1359 3643 quos
1374 3565 1456 3625 dieat
1468 3565 1640 3645 Scriptura,
1659 3567 1776 3644 quoties

363 3675 384 3716 u
414 3661 466 3714 est
498 3643 644 3730 ἀσέλγεια
650 3697 661 3729 ,
688 3651 768 3734 quod
795 3652 949 3731 'superius3
975 3653 1029 3713 aed
1080 3652 1178 3712 Deum
1195 3658 1324 3712 testatur
1337 3650 1540 3730 judicaturum
1551 3654 1639 3713 rivos
1655 3660 1685 3711 et
1700 3672 1775 3713 mer·

363 3733 470 3814 ιιτία,
510 3738 591 3819 quod
627 3740 748 3819 proprie
781 3739 946 3800 luxuriem
975 3758 1028 3798 seu
1080 3747 1164 3810 tuos,
1186 3740 1305 3798 variant
1317 3738 1439 3817 quidem
1455 3740 1637 3814 senteutiam
1652 3737 1707 3799 sed
1723 3739 1775 3799 ille

363 3843 458 3901 eum,
483 3825 513 3885 id
538 3836 584 3887 est
604 3825 826 3906 profusionem,
848 3845 926 3907 quse
941 3826 974 3884 fit
988 3824 1027 3885 ed
1080 3827 1211 3887 maxime
1226 3825 1406 3904 probabilis,
1436 3828 1524 3887 vivos
1538 3826 1679 3905 intelligi,
1699 3844 1774 3905 quos

363 3911 525 3994 luptatem,
542 3913 702 3991 significet.
724 3912 788 3974 Nec
803 3914 834 3973 in
846 3913 965 3974 Graeco
980 3918 1028 3971 est
1075 3912 1172 3991 judex
1188 3911 1351 3972 adveniens
1365 3913 1453 3972 vives
1471 3915 1612 3992 reperiet,
1632 3920 1776 3974 mortuos

363 4013 492 4078 αυαν,
523 4001 764 4077 consutionem
790 3998 842 4059 sed
866 3992 1025 4076 ἀνάχυσιν,
1078 4000 1447 4078 sutemquieumquejem
1460 3998 1775 4074 entemortuiiueriut,

363 4087 542 4161 Γιιιίοιιιι,
569 4105 624 4167 pro
645 4105 706 4167 qua
729 4086 782 4147 elii
803 4088 1025 4164 profusionem
1078 4095 1171 4146 morte
1181 4084 1327 4146 videlieet
1337 4088 1479 4166 eorporis.
1502 4086 1602 4166 Quam
1613 4087 1772 4166 expositio·

363 4172 552 4236 nutrierunt
1079 4193 1146 4233 nem
1162 4173 1288 4233 caeteris
1300 4191 1367 4233 esse
1389 4172 1630 4254 praeferendum,
1645 4172 1773 4234 ostendi·

363 4261 561 4342 Quamquam
576 4259 633 4320 boo
644 4279 763 4321 seneum
775 4279 834 4320 non
850 4262 955 4332 verint,
972 4261 1025 4339 qui
1077 4278 1144 4320 mus
1156 4257 1196 4319 sd
1207 4256 1314 4318 illudi
1330 4260 1410 4320 Tim.
1422 4262 1469 4319 4.:
1489 4261 1650 4336 Testitieor
1664 4277 1773 4322 eorem

363 4345 447 4408 idem
461 4345 635 4425 hujusmodi
650 4356 711 4406 est:
729 4346 874 4419 Gentiles,
897 4365 1023 4426 qnorum
1078 4348 1147 4407 Deo
1170 4353 1199 4406 et
1220 4350 1302 4409 Jeess
1325 4346 1465 4422 Christo,
1493 4350 1550 4424 qui
1570 4347 1775 4421 judicaturus

363 4427 475 4494 lentati
492 4440 523 4493 et
536 4432 648 4496 studiis
671 4432 836 4512 aliquando
855 4432 956 4494 fuistis
972 4434 1022 4494 ob·
1078 4441 1123 4495 eet
1137 4435 1226 4495 vivoe
1248 4440 1278 4492 et
1299 4442 1448 4494 mortuos.
1487 4434 1542 4495 Cui
1567 4435 1656 4494 etiam
1679 4434 1775 4514 probe

363 4520 433 4592 tuti,
464 4538 583 4596 none,.
600 4520 640 4581 ob
668 4520 747 4581 hano
777 4521 963 4598 repentinam
993 4522 1023 4581 in
1078 4528 1240 4593 oonsonat,
1256 4518 1339 4598 quod
1355 4523 1505 4601 nequitur:

363 4603 406 4668 bis
420 4606 505 4668 vitae
527 4609 738 4680 mutationem,
763 4606 978 4687 obstupescunt
993 4618 1022 4668 et
1121 4611 1150 4668 6.
1173 4609 1311 4685 Propter
1321 4608 1379 4667 lsoe
1391 4610 1475 4669 enim
1488 4616 1518 4669 et
1528 4609 1662 4667 monuit
1673 4625 1773 4668 evon-

379 4694 522 4756 novitete
535 4693 708 4766 turbantur,
726 4693 879 4767 videntes,
895 4713 949 4754 vos
962 4716 1022 4755 nen
1076 4695 1247 4770 pelizotum
1262 4701 1315 4754 est.
1338 4696 1475 4771 Propter
1489 4696 1563 4769 boe,
1580 4692 1698 4755 Graece
1712 4713 1773 4754 nou

363 4793 379 4842 ι
408 4797 482 4841 eum
509 4781 585 4861 ipsis
611 4781 701 4842 solito
727 4800 809 4840 more
835 4801 953 4843 currere
982 4784 1022 4843 ed
1076 4791 1138 4841 est:
1161 4774 1210 4838 διὰ
1234 4780 1341 4856 τοῦτο,
1364 4783 1431 4842 sed:
1455 4773 1501 4849 εἰς
1523 4781 1630 4855 τοῦτο,
1654 4782 1689 4842 in
1705 4780 1772 4856 ltoe,

363 4867 429 4930 ulae
444 4875 477 4928 et
491 4869 647 4949 symposia
661 4867 739 4928 luxu
754 4868 894 4944 eoniusa3
920 4888 975 4929 neo
990 4868 1020 4927 id
1076 4870 1142 4929 sive
1157 4868 1200 4928 ad
1215 4870 1272 4930 boe
1279 4912 1290 4943 ,
1314 4879 1348 4929 ut
1362 4868 1526 4930 causalitas
1541 4888 1578 4929 ea
1591 4886 1669 4928 voee
1683 4869 1772 4947 signi·

363 4973 383 5018 e
405 4954 528 5038 probris
551 4963 583 5016 et
603 4953 786 5027 maledietis,
809 4973 887 5035 quae
904 4955 1022 5033 jactant
1076 4954 1166 5017 lieate
1181 4975 1242 5016 non
1257 4955 1296 5016 ed
1313 4965 1428 5036 purtem
1447 4955 1679 5036 praeeedentem
1694 4954 1770 5015 reie-

363 5060 438 5116 ιιι,
453 5049 609 5123 tamquam
624 5040 759 5103 hemines
773 5044 952 5102 aeommuni
966 5041 1019 5103 lru·
1075 5049 1173 5118 ratur,
1201 5041 1257 5103 sed
1287 5041 1327 5103 ad
1363 5050 1557 5123 sequentem
1594 5042 1639 5102 nti
1667 5049 1773 5122 postea
