4442 5825
736 598 899 655 mount
923 600 962 654 tu
980 599 1146 654 munitos.
1181 599 1265 653 VERS.
1284 599 1404 652 iteu-
1706 601 1780 671 285

365 794 413 835 ara
431 781 462 836 et
484 774 581 837 amaa
599 795 654 856 pro
670 775 782 839 Obriati
805 778 924 839 nomine
938 785 1032 839 certa·
1086 786 1189 838 tumen
1211 778 1293 856 prior
1315 775 1485 837 intellectus
1508 774 1606 835 textui
1623 773 1718 854 magis
1733 782 1779 835 est

365 863 618 936 irremotinnistis,
633 862 888 927 fertiterierendo
900 864 1031 925 afflictio·
1085 862 1309 938 accommodum
1331 862 1464 944 loquitur
1486 860 1563 922 enim
1584 858 1622 921 de
1637 867 1779 922 anteacto

365 968 388 1009 rs
403 969 423 1009 a
436 950 682 1029 persecutoribus
698 950 810 1013 illatas.
1086 960 1227 1029 tempore.
1251 948 1410 1011 Caeterum
1432 948 1556 1009 lectioni
1578 955 1700 1008 nostrae
1715 946 1779 1008 vnl-

373 1034 427 1097 33.
450 1037 496 1097 Et
517 1039 554 1096 in
576 1036 677 1097 oltero
701 1040 829 1116 quidem
850 1038 1033 1115 opprobriis
1085 1046 1173 1115 gatae
1197 1036 1399 1116 patrocinatur
1421 1036 1565 1116 Syriaeue
1587 1043 1705 1107 textus,
1728 1035 1781 1116 qni

373 1122 640 1185 tribulationibus
654 1126 868 1201 spectaculum
882 1126 971 1203 facti.
987 1126 1031 1185 Et
1086 1124 1130 1183 sic
1145 1124 1253 1184 habet:
1276 1125 1319 1184 Et
1334 1124 1438 1185 doluit
1460 1122 1547 1185 vobis
1567 1129 1703 1200 propter
1718 1140 1779 1198 eos,

365 1210 506 1288 njunctio
520 1210 673 1291 superflua
684 1219 738 1285 est,
754 1231 811 1273 nec
824 1211 940 1273 Graece
956 1211 1030 1290 legi·
1085 1212 1141 1288 qui
1156 1218 1249 1272 crant
1265 1211 1373 1271 vincti.
1396 1210 1459 1271 Nec
1474 1228 1546 1269 sane
1561 1208 1659 1282 video,
1683 1227 1736 1268 cur
1752 1208 1781 1269 ei

365 1318 384 1357 r.
408 1298 453 1357 In
466 1297 570 1357 sltem
582 1298 721 1375 quidem,
738 1307 769 1359 et
780 1319 862 1358 rnox:
878 1301 914 1359 iu
931 1301 1030 1358 altero
1085 1296 1204 1357 Graeca
1220 1305 1451 1377 anteponantur.
1472 1295 1507 1357 Si
1528 1296 1607 1358 enim
1623 1294 1712 1357 Pauli
1727 1315 1779 1356 no-

365 1388 450 1460 rtem,
467 1381 602 1447 Graece:
618 1384 709 1444 τοῦτο
723 1377 790 1462 μὲν,
809 1385 899 1443 τοῦτο
915 1376 960 1461 δὲ,
977 1406 1029 1465 pro
1084 1402 1153 1445 men
1171 1384 1300 1445 ludaeis
1323 1387 1415 1445 etiam
1431 1382 1616 1457 Christianis,
1639 1383 1693 1463 qui
1714 1381 1778 1462 pln-

365 1469 752 1549 nLatiniuaaliizportim
762 1471 898 1549 quidem,
908 1474 1030 1548 purtim
1083 1472 1150 1530 rimi
1175 1471 1251 1552 legis
1279 1478 1365 1532 orant
1388 1470 1602 1542 aemulatores,
1627 1470 1697 1530 Act.
1718 1468 1780 1545 st,

365 1573 413 1617 ro.
437 1554 661 1634 spectaculum
680 1560 773 1636 sacti,
797 1558 926 1620 Graece:
953 1557 1030 1619 bea·
1082 1557 1159 1618 adeo
1175 1577 1280 1637 parum
1296 1558 1547 1637 emigrationem,
1568 1563 1604 1616 nt
1618 1563 1779 1637 propterea

365 1634 516 1722 ιζόμενοι,
532 1643 622 1706 idest
633 1644 742 1724 palam,
757 1646 887 1705 velutin
902 1645 1027 1718 theatro,
1083 1644 1221 1724 plerique
1244 1655 1355 1725 putent,
1379 1665 1446 1704 eum
1467 1644 1538 1704 huic
1552 1640 1710 1724 Epistulae
1725 1661 1777 1703 no·

379 1730 595 1811 spectaeulnm
609 1732 746 1811 expositi.
770 1732 840 1812 Qua
854 1732 1030 1813 metaphora
1082 1752 1150 1791 men
1177 1752 1262 1791 suum
1289 1732 1421 1792 noluisse
1447 1730 1633 1811 praefigere:
1667 1729 1777 1801 nescio,

365 1836 401 1877 ua
424 1824 477 1879 eet
498 1819 587 1879 etiarn
611 1821 625 1878 1
649 1817 717 1880 Cor.
740 1823 778 1893 4,
802 1817 920 1879 dicens:
950 1821 1029 1895 Spe·
1083 1839 1173 1897 qaam
1194 1821 1234 1879 eit
1254 1818 1434 1889 verisimile,
1461 1837 1513 1878 eos
1535 1816 1627 1878 Pauli
1649 1813 1779 1879 uinculis

365 1905 494 1967 totilum
518 1906 600 1983 facti
622 1924 730 1966 tumus
750 1906 890 1980 mundo,
914 1913 944 1965 et
966 1925 1029 1966 on·
1082 1905 1277 1966 condoluisse.
1314 1905 1405 1966 Certe
1435 1903 1501 1964 laus
1530 1903 1701 1985 generalior
1727 1910 1779 1975 est,

365 1993 413 2067 lis,
437 1992 672 2053 etbominibur.
696 1991 806 2054 &naus
827 2001 889 2053 eet:
917 1993 1029 2076 Partim
1083 1993 1191 2053 uinctis
1221 1993 1430 2065 condoluisse,
1464 2011 1554 2072 qaam
1584 1991 1635 2051 uni
1664 1992 1780 2067 vinct03

365 2078 493 2159 probris
508 2088 540 2139 et
548 2079 722 2140 afflictiones
735 2078 856 2161 publice
866 2081 956 2160 passi,
968 2100 1029 2140 non
1082 2080 1241 2159 magisque
1255 2079 1417 2160 respondet
1440 2086 1610 2159 praecepto,
1637 2078 1719 2157 qaod
1734 2079 1778 2137 in·

365 2184 391 2229 re
410 2166 505 2246 gravi
518 2166 689 2245 ignominia.
1081 2165 1128 2224 fra
1153 2165 1241 2226 datur
1263 2186 1327 2247 cap.
1354 2169 1417 2229 13.:
1443 2167 1632 2227 Mementote
1654 2168 1779 2226 vineto·

365 2252 412 2315 m
426 2252 534 2313 altero
554 2259 662 2315 autem
681 2254 757 2313 socii
770 2252 878 2312 taliter
893 2269 1027 2315 conver·
1081 2270 1164 2312 rum.
1195 2251 1288 2313 Porro
1305 2251 1476 2313 facillimum
1492 2249 1558 2322 fuit,
1581 2249 1700 2313 Graeca
1714 2271 1778 2311 ma-

365 2343 471 2403 atton
497 2339 605 2418 effodi
639 2338 708 2399 Hoc
734 2346 794 2412 est,
820 2340 930 2419 partiar
955 2339 1028 2399 lacti
1082 2337 1778 2410 tariuniusliterulaeablatione,utscriberetur

365 2427 571 2506 rtieipesaive
579 2434 730 2489 tonsorios
738 2422 868 2502 (Graece
876 2417 1026 2503 κοινωνοὶ)
1081 2421 1213 2504 δεσμοῖς
1223 2448 1277 2507 pro
1293 2420 1439 2503 δεσμίοις,
1464 2427 1510 2485 cai
1529 2424 1649 2485 lectioni
1664 2423 1773 2485 deinde

365 2532 445 2585 tum.
474 2513 529 2592 qui
556 2511 630 2575 talia
649 2514 731 2594 passi
750 2520 828 2573 sunt.
859 2512 1027 2592 Participes
1081 2512 1263 2574 addiderunt
1279 2533 1440 2594 pronomen
1455 2511 1523 2588 μοῦ,
1548 2531 1585 2573 eo
1600 2510 1681 2595 quod
1696 2512 1773 2571 Pau·

365 2596 427 2661 teon
443 2600 479 2660 iu
493 2618 539 2673 eo,
561 2598 644 2679 quod
665 2600 732 2660 aliia
753 2598 937 2678 patientibus
959 2620 1027 2661 eon·
1080 2600 1129 2660 lus
1145 2601 1217 2661 alibi
1239 2620 1332 2678 saepe
1356 2620 1475 2661 snorum
1497 2597 1682 2660 vinculorum
1697 2619 1777 2659 men·

365 2686 485 2759 lebant,
500 2694 606 2747 ettam
621 2685 721 2759 rebus,
737 2703 827 2766 quam
840 2686 939 2747 verbis
950 2686 1027 2747 sola·
1080 2691 1192 2748 tionem
1207 2685 1310 2749 faciat.

365 2795 400 2835 un
418 2771 610 2834 adserebant.
632 2772 722 2834 Unde
737 2773 887 2853 sequitur:
1124 2777 1167 2836 Et
1178 2777 1330 2851 sopinum
1343 2774 1500 2835 bonorum
1515 2780 1692 2835 vestrorum
1704 2791 1776 2833 eum

365 2862 420 2926 84.
451 2862 542 2923 Nom
569 2866 600 2922 et
613 2846 741 2923 uinctis
767 2863 922 2937 compassi
948 2863 1025 2922 estis.
1077 2863 1197 2939 poudio
1223 2864 1405 2940 suscepistis.
1441 2860 1577 2922 Pertinet
1602 2859 1678 2922 baec
1706 2876 1776 2940 pers

365 2947 646 3027 amatorumque
661 2947 836 3020 membrum,
852 2948 907 3010 sed
921 2946 1025 3009 ordine
1078 2950 1117 3011 ad
1133 2948 1367 3011 declarationem
1390 2949 1498 3028 prioris
1512 2948 1645 3009 membri.
1669 2950 1773 3028 Ropi-

365 3043 523 3098 mauu.
544 3033 692 3115 Numqui
710 3035 817 3096 vinctis
838 3036 1022 3115 compatian·
1078 3056 1156 3099 nam
1178 3058 1231 3097 seu
1256 3037 1450 3118 direptionem
1475 3035 1650 3109 bonorum,
1674 3033 1706 3095 id
1729 3044 1776 3096 est

365 3121 430 3196 aid
443 3131 501 3194 eat,
516 3141 556 3185 ex
571 3123 670 3184 animo
686 3119 854 3195 condolent,
877 3130 908 3182 et
922 3142 1024 3184 eorum
1077 3124 1264 3196 facultatum,
1274 3124 1403 3186 Graece:
1417 3114 1625 3199 ὑπαρχόντων,
1633 3120 1774 3201 intelligit

365 3210 503 3272 renones
515 3225 586 3270 suas
597 3216 713 3289 putant,
725 3209 832 3289 iisque,
844 3208 944 3289 quoad
957 3229 1023 3289 pos·
1078 3232 1159 3283 earn,
1187 3210 1372 3291 quaefacta
1397 3210 1492 3271 fuerat
1519 3210 1695 3270 auctoritate
1718 3229 1772 3288 pa·

365 3305 403 3374 st,
416 3296 613 3369 subveniunt
637 3298 737 3357 socios
753 3303 784 3356 et
799 3297 960 3377 participes
975 3316 1023 3357 eo·
1077 3299 1173 3374 blica3
1204 3301 1277 3378 quia
1303 3299 1440 3358 nimirum
1466 3296 1546 3357 bona
1572 3316 1675 3357 eorum
1701 3296 1772 3357 fisco

365 3405 388 3446 a
403 3404 441 3446 se
457 3381 601 3446 reddunt.
630 3385 759 3445 Vinctos
768 3391 871 3444 autom
884 3383 1024 3463 intelligit
1078 3384 1325 3446 vendicabantnr.
1374 3385 1452 3444 Eam
1483 3383 1590 3443 merito
1620 3385 1773 3459 rapinam

365 3493 375 3534 s
397 3472 526 3534 nomine
547 3468 670 3532 Christi.
693 3469 812 3531 Graeca
834 3470 1023 3532 eishabent:
1077 3485 1167 3533 vocet
1180 3480 1303 3554 propter
1312 3474 1375 3532 uim
1387 3472 1535 3551 injustam.
1558 3470 1644 3530 Dicit
1655 3480 1773 3531 autem:

365 3577 409 3620 ut
424 3566 456 3620 st
472 3558 609 3619 maculis
622 3560 699 3619 meis
713 3560 869 3633 composti
884 3560 963 3620 ostia.
984 3559 1026 3619 Et
1078 3579 1149 3621 cum
1172 3562 1291 3637 pouaelio
1314 3560 1499 3635 sucepistis,
1523 3556 1606 3637 quod
1628 3556 1666 3617 de
1683 3559 1773 3621 rebus

365 3644 444 3708 idem
474 3642 609 3706 Graecos
638 3652 883 3706 commentatores
913 3647 957 3707 ita
983 3644 1023 3706 le·
1077 3649 1172 3728 gratis
1187 3658 1218 3708 et
1236 3645 1382 3727 jucundis
1406 3646 1466 3706 dici
1485 3645 1570 3717 solet,
1595 3646 1676 3724 quia,
1700 3644 1774 3707 licet

365 3753 415 3806 ue,
431 3739 560 3794 comtat
584 3731 687 3810 Atque
699 3752 736 3793 ex
753 3751 788 3792 ea
800 3731 931 3794 lectione
943 3733 1023 3792 Lau·
1078 3736 1194 3796 animus
1220 3734 1398 3796 naturaliter
1420 3732 1554 3812 refugiet
1575 3752 1611 3791 ac
1639 3752 1774 3795 moerore

365 3821 440 3882 etius
466 3816 559 3880 Valla
584 3818 674 3881 sumit
696 3826 917 3898 argumentum,
944 3818 1025 3880 haud
1078 3822 1273 3882 contrahatur
1302 3831 1426 3902 propter
1452 3842 1504 3894 ea,
1531 3840 1611 3901 quae
1637 3821 1773 3881 exterius

365 3925 449 3976 mus
470 3907 608 3986 ineptum
630 3900 714 3982 (lieet
727 3907 869 3966 Erasmus
891 3915 1021 3968 contem·
1078 3908 1228 3969 bominem
1246 3910 1389 3988 affligunt,
1414 3909 1445 3968 in
1460 3908 1570 3988 quibus
1585 3916 1632 3966 est
1647 3906 1772 3970 inculta-

365 3991 403 4072 t),
430 3995 513 4056 bana
539 3992 705 4073 Epistulam
733 4012 800 4053 esse
822 3992 919 4053 Pauli.
954 3994 1024 4055 Non
1077 4006 1138 4057 taur
1154 3995 1289 4075 direptio,
1305 3994 1419 4056 atinde
1435 4012 1622 4075 consequens
1639 4003 1772 4074 egestas,

365 4082 402 4144 un
413 4081 566 4153 Clemens,
579 4080 627 4140 cui
638 4081 827 4161 potissimum
837 4080 927 4141 tribui
940 4082 1023 4155 solet,
1077 4084 1148 4164 quia
1163 4092 1261 4143 tamen
1276 4082 1381 4143 eadem
1398 4083 1568 4162 cogitantur
1584 4088 1617 4139 ut
1632 4083 1772 4143 uirtutum

365 4169 435 4247 {lter
455 4165 623 4245 aliqnando
640 4169 671 4228 in
685 4168 813 4228 vinculis
834 4167 927 4228 fuisse
942 4168 1023 4249 apud
1077 4171 1228 4241 exercitia,
1243 4178 1271 4229 et
1285 4171 1481 4230 maximorum
1498 4169 1696 4248 praemiorum
1712 4189 1771 4230 rne-

365 4253 474 4316 deeoe.
510 4253 584 4315 Sola
608 4263 708 4333 potest
732 4273 799 4315 esse
826 4257 963 4334 exceptio
992 4257 1023 4315 in
1076 4258 1142 4332 rita,
1166 4256 1268 4336 gaudii
1291 4258 1447 4317 materiam
1463 4254 1624 4337 praebent3
1650 4264 1682 4315 ut
1705 4278 1771 4335 pro·

365 4341 473 4414 meba,
495 4340 549 4420 qui
563 4348 663 4403 tamen
685 4341 754 4402 aliis
769 4343 953 4421 argumentis
969 4362 1021 4403 ex·
1076 4342 1148 4404 inde
1177 4343 1265 4403 luetis
1292 4344 1398 4404 animis
1428 4339 1622 4422 suscipienda
1651 4344 1711 4403 sint
1741 4352 1772 4404 et

365 4425 466 4502 nitar,
480 4428 526 4489 uti
540 4445 595 4486 sno
610 4426 677 4489 loco
693 4427 803 4489 dictum
820 4437 875 4489 eet.
1075 4429 1292 4508 amplectenda,
1305 4432 1397 4508 juxta
1413 4429 1453 4501 id,
1468 4429 1550 4508 quod
1567 4417 1639 4489 talia¹
1655 4430 1771 4509 patien-

365 4512 564 4594 Quamquam
587 4513 719 4575 dubitari
742 4523 850 4592 potest,
874 4535 914 4575 au
929 4515 1020 4578 illud:
1075 4517 1156 4577 tibus
1179 4517 1251 4577 dicit
1265 4517 1431 4577 Dominus:
1456 4516 1596 4579 Gaudete
1617 4522 1646 4575 et
1667 4516 1772 4576 exsul·

365 4602 460 4664 taulis
473 4602 562 4674 meis,
587 4602 627 4660 sit
640 4601 849 4681 accipiendum
866 4600 903 4663 de
918 4605 1020 4662 vinea·
1074 4612 1149 4681 tote,
1166 4606 1320 4682 quoniam
1335 4622 1449 4665 meroes
1464 4611 1568 4664 vestra
1584 4605 1711 4679 copiosa
1726 4611 1771 4664 eat

365 4733 369 4756 ‚
387 4706 474 4770 qnae
488 4685 654 4766 aliquando
677 4707 787 4766 passas
801 4690 902 4749 lueret
919 4691 949 4749 in
964 4688 988 4750 J
989 4709 1019 4749 u·
1073 4695 1109 4751 in
1125 4693 1227 4764 coelis,
1244 4691 1350 4751 Matth.
1367 4690 1394 4750 5.

365 4791 408 4848 ta,
430 4794 472 4835 an
494 4771 537 4834 de
558 4773 606 4845 iis,
630 4773 749 4856 quibus,
774 4773 843 4835 dnm
859 4776 934 4836 haec
949 4778 1019 4836 scri·
1115 4780 1276 4857 Respicere
1299 4776 1419 4837 videtur
1441 4774 1618 4858 quibusdam
1642 4776 1769 4856 Aposto-

365 4870 413 4934 ret,
429 4859 575 4939 alligatus
590 4860 757 4934 tenebatur,
780 4871 814 4922 ut
830 4862 954 4941 quidam
970 4883 1020 4924 vo·
1072 4865 1120 4925 lus
1143 4863 1181 4926 ad
1205 4867 1442 4943 persecutionem
1467 4861 1601 4922 fidelium
1618 4861 1771 4924 Hebraeo·
1870 4864 1873 4871 ‘

365 4955 396 5022 tt,
410 4945 641 5027 trinepotem
656 4946 781 5023 ostendi,
807 4948 889 5028 qnod
905 4949 1020 5011 Paulus
1073 4971 1136 5011 rum
1153 4951 1353 5031 Jeroaolyrnis
1368 4950 1576 5023 habitantium,
1595 4970 1674 5028 qnae
1688 4947 1769 5010 lecta

365 5054 398 5098 ue
411 5030 586 5118 Epistulam
607 5036 762 5132 scripserit
777 5036 943 5102 evinculis.
966 5037 1022 5118 At·¹
1072 5037 1132 5102 tuit
1154 5038 1209 5100 snb
1232 5037 1393 5122 Stephano,
1417 5036 1456 5099 de
1480 5053 1540 5120 qua
1555 5035 1631 5118 Aet..
1639 5037 1668 5096 8.
1685 5045 1717 5098 et
1732 5038 1770 5115 9.,
