4442 5825
394 604 476 699 aas,

391 775 423 833 in
444 772 545 834 verbis
566 773 712 835 nonnulla
733 775 774 834 sit
795 772 969 850 diversitas,
996 798 1085 859 quam

391 879 446 919 nos
474 861 690 920 annotabimus.
728 862 774 922 Ac
798 861 926 939 primum
957 884 1011 943 pro
1040 886 1085 937 eo,

393 947 476 1026 quod
501 946 550 1007 hie
572 945 735 1009 secundnm
756 948 855 1008 LXX.
878 948 1003 1027 legitur:
1031 954 1086 1028 qui

391 1041 544 1095 ocaeano
570 1043 630 1111 cst,
657 1037 778 1110 veniet,
805 1036 836 1095 in
856 1035 997 1097 Hebraeo
1024 1047 1085 1097 est:

391 1123 521 1182 venicus
548 1124 666 1196 veniet,
697 1123 759 1181 rel:
789 1122 945 1183 veniendo
972 1127 1085 1185 veniet.

391 1207 462 1287 Qua
484 1208 585 1288 phrasi
607 1218 723 1269 constat
743 1208 892 1270 Hebraeis
914 1211 1087 1289 significari,

392 1315 446 1373 pro
472 1296 515 1354 rei
539 1297 769 1368 circumstantia,
794 1296 844 1355 vel
870 1298 1085 1370 certitudinem,

390 1381 441 1441 vel
457 1381 671 1455 assiduitatem,
694 1382 744 1442 vol
761 1385 914 1461 impetum,
931 1384 981 1444 vel
996 1385 1085 1445 vehe-

390 1468 540 1543 mentiam,
555 1470 605 1529 vel
617 1470 690 1550 quid
703 1469 810 1530 simile.
833 1471 891 1528 Est
902 1472 982 1531 enim
998 1470 1084 1551 phra-

391 1556 433 1615 sis
448 1565 577 1636 cognata
592 1558 630 1629 ei,
652 1555 691 1617 de
713 1576 774 1635 qua
796 1556 887 1635 paulo
911 1566 980 1616 ante
994 1558 1086 1617 locuti

391 1660 503 1703 sumus.
526 1643 673 1723 Exempla
696 1645 809 1723 passim
826 1643 916 1703 obvie
934 1653 1010 1714 sunt,
1038 1652 1086 1703 ut:

397 1730 537 1789 Viaitaas
554 1730 680 1790 visitavi
698 1749 761 1803 oos,
777 1729 876 1789 Exod.
893 1730 940 1805 3.;
964 1733 1086 1808 Hespe·

390 1822 480 1879 atam
495 1819 673 1892 exspectavi
689 1818 876 1889 Dominum,
893 1815 1005 1877 Psalm.
1018 1819 1087 1895 39.;

393 1902 543 1965 duodeno
562 1904 706 1979 poddeho
729 1905 765 1963 a'n
781 1905 932 1976 Domino,
955 1904 1018 1966 Jes.
1037 1908 1085 1965 61.

391 1997 447 2049 etc
483 1989 566 2050 Usus
593 1999 639 2050 est
665 1999 693 2049 et
719 1991 869 2050 Lucienus
896 1988 1087 2051 Graccus'in

392 2074 461 2136 dial.
470 2084 622 2137 mortuom:
645 2076 760 2137 Videas
772 2078 916 2153 equidem
930 2080 1003 2138 etot.
1020 2079 1087 2139 Hoc

390 2182 464 2223 sane
479 2161 545 2222 loco
568 2164 648 2244 apud
666 2163 848 2242 Prophetam
864 2165 1011 2225 certitudo
1027 2168 1085 2245 sig-

390 2248 541 2321 nificatur,
555 2260 588 2311 nt
598 2270 702 2311 sensus
718 2252 773 2309 sit:
792 2247 919 2310 Omnino
935 2260 966 2311 ot
979 2252 1086 2332 procul

392 2335 483 2398 dnbio
499 2339 607 2399 reniet

433 2423 593 2485 Sciendum
620 2432 802 2497 astantem,
828 2425 859 2483 in
882 2421 1000 2485 Graeco
1027 2426 1088 2505 legi

391 2500 569 2589 ἐρχόμενος,
586 2514 634 2572 cni
647 2510 811 2591 Apostolus
828 2510 986 2571 articulum
1002 2532 1087 2591 praa·

391 2588 485 2657 lixitd
498 2589 675 2676 ἐρχόμενος.
699 2597 768 2677 Qua
781 2596 946 2676 periphrasi
959 2598 1088 2659 Messias

392 2683 544 2764 designari
555 2685 640 2759 solet,
656 2684 707 2745 ille
721 2685 868 2757 nimirum,
884 2686 935 2764 qui
946 2694 1087 2746 venturus

392 2770 631 2850 exspectabatur,
648 2779 681 2829 ot
696 2770 801 2831 Matth.
820 2775 885 2830 11.:
912 2773 962 2832 Tu
975 2792 1015 2847 cs,
1032 2775 1088 2849 qus·

393 2863 545 2919 oculum
568 2860 621 2921 ss?
644 2856 734 2920 Unde
756 2859 894 2938 quamvis
909 2858 947 2918 ad
963 2858 1088 2933 literam,

392 2954 561 3026 exponente
584 2947 770 3024 Hieronymo
794 2945 924 3023 aliisque
950 2948 1086 3008 doctissi-

392 3033 462 3105 mis,
489 3031 642 3112 Propheta
663 3033 805 3112 loquatur
825 3031 862 3092 de
886 3034 1005 3094 visione
1028 3034 1086 3093 sibi

391 3127 531 3193 ostensa,
558 3141 648 3199 qnam
679 3117 751 3179 dicit
777 3118 896 3180 omnino
920 3130 1086 3194 venturam,

391 3213 471 3267 recte
494 3215 593 3268 tamen
612 3206 774 3288 Apostolus
798 3226 837 3266 ex
860 3209 1019 3269 occasione
1033 3228 1085 3267 vo·

391 3292 493 3354 eahuli
522 3293 647 3368 Graeci,
676 3306 793 3376 partem
822 3294 900 3354 hanc
930 3295 1019 3356 refert
1048 3293 1087 3354 ad

391 3377 561 3460 Christum
573 3383 746 3463 praesertim
758 3402 824 3441 cum
837 3383 866 3441 in
879 3380 994 3443 Graeco
1007 3392 1085 3442 tran·

391 3469 468 3530 situs
493 3467 545 3528 liat
570 3490 589 3529 a
604 3468 779 3530 ·loemiuino
808 3468 847 3529 ad
877 3470 1086 3530 masculinum,

392 3555 481 3634 Qtrae
502 3576 551 3617 ree
574 3557 663 3617 etlam
686 3556 724 3618 eb
746 3557 934 3637 Hieronymo
955 3555 1013 3616 fnit
1035 3555 1085 3617 ob·

391 3651 522 3704 servata

433 3729 500 3790 Nec
522 3729 635 3792 idcireo
657 3739 761 3810 putes,
787 3728 967 3808 Apostolum
990 3748 1085 3790 reces-

390 3817 468 3878 sisse
479 3836 498 3876 a
510 3826 611 3878 mente
622 3815 805 3897 Prophetae.
828 3816 907 3877 Sunt
918 3818 996 3877 euim
1013 3816 1087 3876 haec

392 3904 521 3964 invicem
544 3924 696 3977 connexa,
719 3905 811 3978 visio,
839 3904 1012 3985 promissio,
1039 3923 1086 3963 res

389 3991 473 4064 visa,
499 4011 547 4053 res
574 3992 736 4073 promissa,
763 3989 901 4053 Christus
929 3993 1011 4072 ipsc;
1044 3991 1087 4051 sic

390 4075 484 4150 adeo,
510 4087 542 4139 nt
569 4080 677 4160 partim
705 4079 811 4139 eedem
836 4081 896 4140 sint
922 4075 1086 4138 secundum

390 4184 468 4238 rem,
494 4169 600 4245 partim
629 4164 714 4225 aliud
740 4186 778 4230 ex
804 4166 864 4226 alio
891 4165 1084 4243 intelligatur.

391 4250 492 4331 Quum
518 4272 588 4333 ergo
615 4252 689 4314 dicit
712 4252 864 4333 Propheta
891 4254 928 4314 de
953 4253 1085 4312 visione:

389 4339 547 4418 Exspecto
562 4361 644 4414 com,
660 4342 736 4418 qaia
751 4344 881 4402 veniens
895 4341 1011 4414 veniet,
1027 4341 1084 4398 nti·

391 4445 450 4505 que
465 4427 532 4488 vult
555 4427 685 4506 intelligi
708 4445 769 4487 rent
790 4429 886 4486 visam
908 4434 1001 4506 atque
1018 4447 1084 4505 pro-

389 4515 523 4588 missam,
545 4515 576 4576 id
592 4525 648 4588 est,
667 4510 819 4574 (lhristum
834 4533 901 4575 esse
916 4521 1085 4586 venturum,

390 4619 445 4679 per
459 4621 548 4680 quern
565 4611 597 4663 et
611 4607 732 4663 caetera
742 4599 822 4662 bone
837 4602 984 4680 promissa
999 4620 1083 4679 prae·

389 4686 499 4748 stands
514 4690 581 4750 sint
604 4688 642 4750 ld
654 4696 752 4748 autern
764 4695 975 4768 expresserunt
985 4687 1084 4748 LXX.

391 4769 527 4835 dieentes
552 4778 584 4837 in
609 4773 786 4837 masculino:
817 4775 975 4851 Exspecto
1002 4793 1084 4851 eum,

389 4861 467 4935 qais
484 4870 637 4925 venturas
651 4864 766 4923 veniet.

434 4943 522 5024 Quod
535 4952 689 5027 seqnitur:
702 4950 747 5011 Et
757 4966 826 5012 aaa
837 4948 991 5022 tardabit,
1005 4947 1086 5010 hune

389 5051 511 5096 sensnm
540 5035 648 5100 hahet:
679 5035 751 5098 Non
775 5035 893 5098 differet
922 5035 1086 5098 adventum

907 601 1191 657 consultantem
1208 603 1274 658 CAP.
1291 604 1323 656 X.

1139 799 1226 839 suurn
1242 778 1323 838 ultra
1345 786 1465 855 tempus
1488 776 1693 836 constitutum.
1720 774 1818 835 'Perdat

1139 868 1234 938 enim,
1258 886 1317 925 non
1341 864 1393 942 qai
1418 862 1477 921 cito
1500 883 1560 921 nou
1584 862 1680 936 venit,
1705 860 1758 921 scd
1779 864 1819 941 qui

1141 954 1337 1031 procrastinat
1360 950 1440 1009 ultra
1456 947 1634 1008 condictum.
1658 948 1708 1007 Ita
1724 948 1820 1009 dictum

1139 1049 1218 1098 eata
1239 1040 1274 1099 B.
1290 1039 1383 1097 Petro
1407 1038 1425 1094 2
1445 1035 1543 1116 Epist
1561 1039 1605 1097 3:
1633 1036 1709 1096 Non
1729 1035 1822 1094 tardat

1141 1127 1298 1185 Dominus
1311 1124 1553 1199 promissionem
1570 1140 1674 1196 mom,
1693 1129 1722 1183 et
1738 1121 1820 1181 Exod

1140 1215 1206 1273 22:
1224 1214 1369 1272 Decimus
1384 1216 1454 1269 tuus
1466 1216 1495 1269 et
1508 1210 1673 1284 primitias
1688 1227 1756 1268 noa
1767 1217 1822 1268 tor·

1140 1300 1229 1360 dahis
1255 1297 1402 1369 reddere,
1431 1293 1544 1369 idest,
1571 1293 1681 1355 reddes
1707 1314 1758 1356 eas
1780 1315 1822 1355 suo

1140 1395 1284 1466 tompore.
1309 1381 1401 1441 Aliud
1418 1382 1510 1460 igitur
1525 1391 1570 1442 est
1585 1383 1732 1458 tardare,
1756 1381 1823 1442 aliud

1141 1492 1263 1532 snorum
1293 1472 1419 1549 facere5
1458 1487 1527 1529 nam
1558 1470 1616 1527 etsi
1647 1490 1708 1529 non
1739 1468 1824 1529 tardet

1141 1559 1290 1630 Christus,
1307 1575 1418 1616 moram
1435 1555 1553 1615 interim
1568 1553 1650 1614 facit.
1679 1554 1747 1616 Hoc
1760 1558 1823 1615 enin

1141 1645 1294 1726 praecedit
1317 1641 1398 1724 apud
1421 1641 1549 1702 eundern
1573 1642 1773 1723 Prophetam:
1798 1642 1825 1703 Sl

1141 1752 1264 1794 moram
1277 1732 1399 1810 fecerit,
1417 1735 1560 1805 exspecto
1575 1748 1657 1789 cum.

1184 1820 1254 1881 Jam
1270 1817 1319 1877 hic
1335 1834 1483 1896 quaerere
1505 1836 1564 1875 non
1581 1825 1629 1875 est
1644 1834 1775 1889 necesse,
1795 1813 1824 1874 ds

1140 1926 1200 1987 quo
1217 1904 1330 1965 Christi
1352 1900 1486 1962 adventu
1507 1901 1650 1981 loquatur
1664 1902 1824 1982 Apostolus

1142 1994 1336 2071 Perspicuum
1364 1997 1409 2047 est
1435 1990 1524 2060 enlm,
1551 2010 1610 2048 non
1635 1988 1673 2048 ad
1701 1990 1823 2068 primum,

1141 2083 1192 2161 qni
1214 2081 1279 2158 jam
1304 2077 1508 2157 praeterierat,
1535 2074 1649 2135 esdad
1673 2075 1823 2138 secundun

1141 2167 1251 2228 Christi
1269 2164 1432 2224 adventum
1447 2160 1692 2242 exspectandum,
1710 2164 1824 2241 Aposto

1141 2254 1229 2314 licem
1251 2251 1487 2313 exhortationem
1510 2251 1671 2328 pertinere.
1704 2248 1772 2323 Sed,
1790 2251 1824 2309 in·

1142 2342 1243 2420 quies,
1269 2336 1421 2417 Propheta
1445 2335 1579 2414 loquitur
1605 2335 1644 2395 de
1666 2337 1760 2416 primo
1783 2332 1824 2395 ad·

1141 2436 1249 2502 ventu3
1281 2444 1349 2484 narn
1375 2423 1488 2484 hortari
1519 2420 1558 2485 ad
1585 2424 1824 2503 exspectationem

1141 2512 1280 2585 secundi,
1314 2529 1572 2588 supervacaneum
1604 2519 1685 2582 erat,
1717 2506 1823 2589 qnando

1141 2601 1255 2680 primus
1267 2595 1397 2657 nondum
1410 2594 1508 2657 luerat
1521 2594 1683 2657 exhibitus.
1705 2598 1823 2675 Respon

1141 2687 1255 2757 demus,
1277 2692 1439 2763 utcumque
1454 2703 1488 2743 se
1504 2682 1613 2743 habeat
1630 2683 1756 2744 literalis
1770 2702 1822 2741 sen

1141 2794 1191 2835 sus
1208 2769 1388 2850 Prophetae,
1411 2768 1448 2829 de
1472 2789 1531 2848 quo
1555 2770 1676 2830 consule
1693 2788 1822 2829 commen·

1141 2871 1260 2934 tutores,
1275 2858 1496 2937 Hieronymum
1508 2866 1540 2917 et
1555 2855 1639 2929 alios,
1654 2866 1737 2918 recte
1746 2857 1823 2937 juxte

1141 2949 1298 3029 mysticam
1316 2945 1542 3023 intelligentiam
1557 2943 1731 3025 Prophetae
1745 2943 1823 3004 verbs

1140 3035 1244 3097 referri
1267 3040 1298 3094 et
1320 3031 1359 3092 ad
1381 3033 1505 3110 primum
1529 3032 1695 3092 adventum
1716 3029 1823 3102 curtat,

1141 3132 1172 3183 ot
1187 3120 1227 3183 ad
1242 3119 1416 3180 secundum.
1439 3119 1516 3179 Nam
1540 3120 1620 3179 sicut
1644 3117 1697 3180 ille
1721 3139 1759 3180 ox
1773 3117 1822 3178 hdo

1140 3219 1206 3269 erat
1221 3204 1450 3286 exspectandus,
1473 3208 1518 3265 ita
1533 3215 1564 3267 et
1579 3206 1647 3267 iste.
1671 3207 1735 3267 Nec
1749 3202 1822 3286 qnid·

1141 3316 1230 3377 qnam
1257 3292 1412 3373 prohihet,
1439 3314 1499 3373 qno
1526 3294 1627 3353 minus
1653 3301 1778 3374 uterque
1799 3291 1823 3350 in

1140 3383 1244 3444 eadem
1261 3381 1351 3441 litera
1365 3378 1516 3439 fundetur.

1184 3474 1225 3531 At
1241 3477 1367 3548 quaeret
1378 3468 1496 3548 aliquis,
1513 3466 1662 3546 quomodo
1675 3486 1747 3528 vere
1757 3465 1824 3528 dicat

1141 3555 1321 3637 Apostolus:
1345 3555 1449 3615 adhuc
1471 3554 1630 3615 modicam
1646 3556 1823 3633 aliquanta·

1141 3646 1219 3717 lum,
1235 3661 1327 3723 quum
1344 3641 1381 3700 ab
1398 3642 1449 3701 illo
1461 3642 1526 3720 jam
1543 3652 1682 3721 tempore
1697 3641 1825 3704 fluxerint

1142 3733 1212 3791 anni
1228 3749 1323 3809 prope
1338 3728 1421 3788 mille
1436 3730 1580 3802 sexcenti,
1597 3749 1653 3790 uec
1668 3738 1770 3790 tamen
1783 3725 1824 3788 ad·

1141 3819 1200 3878 huc
1216 3825 1370 3898 appareat,
1389 3817 1472 3876 brevi
1489 3825 1649 3876 venturum
1665 3818 1826 3878 Dominum.

1141 3905 1210 3965 Hac
1245 3903 1421 3963 difficultate
1459 3904 1529 3963 moti
1565 3903 1689 3984 quidam
1722 3907 1826 3984 putent,

1140 3990 1319 4072 Apostolum
1335 3988 1417 4071 loqui
1433 4011 1494 4051 non
1506 3988 1543 4050 de
1553 3992 1690 4071 generali
1707 3991 1827 4052 adventa

1141 4079 1272 4146 Domini,
1295 4097 1356 4156 quo
1380 4078 1482 4137 veniet
1503 4078 1534 4136 in
1550 4077 1610 4138 fine
1626 4078 1760 4154 sesculi;
1784 4071 1828 4136 sad

1140 4165 1178 4226 de
1203 4164 1342 4245 speciali,
1370 4166 1423 4245 qui
1447 4173 1492 4223 est
1515 4165 1544 4225 in
1568 4174 1661 4225 morte
1685 4167 1827 4246 cujusque,

1140 4251 1257 4333 qnando
1273 4252 1367 4312 bonos
1383 4252 1483 4311 statim
1498 4272 1554 4312 sua
1565 4251 1718 4331 quaedam
1734 4251 1828 4332 seque

1141 4348 1188 4398 tur
1218 4340 1425 4400 remuneratio.
1464 4338 1563 4419 Quem
1594 4357 1717 4400 sensum
1748 4340 1827 4401 etiam

1140 4425 1231 4486 refert
1257 4426 1292 4485 B.
1320 4425 1463 4485 Thomas.
1499 4426 1613 4486 Verum
1640 4427 1667 4485 ai
1689 4425 1722 4487 id
1749 4422 1828 4486 vellet

1139 4511 1317 4593 Apostolus,
1342 4516 1442 4593 potius
1465 4511 1610 4573 dixisset:
1634 4513 1758 4574 Habea
1776 4529 1828 4590 pa·

1140 4603 1284 4661 tienta'om
1307 4599 1470 4678 usquead
1493 4607 1635 4661 mortem.
1662 4601 1758 4681 Atqui
1778 4615 1829 4660 uon

1138 4688 1182 4747 sic
1212 4688 1353 4767 loquitur.
1392 4685 1495 4766 Quare
1526 4689 1604 4747 sicut
1634 4685 1728 4760 illud,
1759 4679 1829 4768 quod

1139 4794 1228 4853 snpra
1253 4775 1329 4835 dixit
1350 4794 1379 4833 v.
1397 4773 1447 4835 25.
1463 4773 1569 4852 hujus:
1601 4776 1709 4835 Tanto
1728 4773 1828 4850 masa

1140 4870 1260 4939 quanto
1272 4863 1412 4922 videritis
1419 4864 1738 4939 appropinquantem
1749 4863 1831 4930 deu,

1139 4948 1333 5021 ostendimus,
1351 4970 1410 5010 non
1421 4947 1459 5008 do
1471 4948 1522 5011 die
1537 4948 1639 5009 mortis
1652 4949 1830 5030 singulorum

1138 5034 1365 5118 accipiendum,
1394 5033 1448 5096 sed
1478 5037 1516 5100 de
1541 5043 1679 5120 tempore
1709 5031 1857 5100 extrenl'
