4442 5825
395 585 470 656 cu
888 580 1312 638 cossuusuusurcrss

394 754 456 835 Qui
467 757 799 838 euimdstsimpliuitsr,
810 756 1047 833 datliberalitar,
1057 767 1087 821 et
1139 766 1250 821 tentem
1265 757 1440 837 audiverat3
1462 762 1574 837 Petito,
1590 767 1620 822 ct
1636 760 1759 823 dabitur
1771 778 1813 823 oo·

393 843 558 904 affluenter.
585 844 664 904 Nam
682 845 858 926 simpliciter
873 855 906 906 et
926 866 1000 927 pure
1015 845 1088 908 dare
1140 846 1193 906 bis.
1233 848 1343 908 Omnis
1369 850 1472 924 enim,
1505 849 1562 925 qui
1585 850 1684 925 petit,
1709 849 1815 925 occipit,

394 928 510 1005 dicitur,
533 932 585 1011 qui
606 933 638 993 in
660 930 759 993 dendo
781 953 841 994 nou
860 932 944 994 aliud
960 941 1087 1013 spectat,
1140 933 1248 993 Matth.
1266 937 1293 993 7.
1310 943 1341 993 et
1357 934 1429 994 Luc.
1448 939 1496 997 11.
1520 936 1651 1011 Omnia,
1667 952 1815 1013 quaeun-

393 1037 483 1095 quam
509 1018 609 1097 justus
637 1038 744 1079 causas
775 1018 883 1094 dandi,
918 1018 1086 1099 cujusmodi
1139 1039 1199 1097 que
1223 1023 1380 1096 petieritis
1405 1023 1441 1082 irs
1468 1023 1636 1096 oratione,
1666 1021 1815 1097 edentes

392 1105 570 1182 praesertim
594 1113 665 1165 sunt
685 1106 786 1186 inopia
808 1115 838 1166 et
859 1107 1011 1167 humilitas
1034 1126 1084 1186 pe·
1139 1109 1309 1183 accipietis,
1322 1106 1428 1168 Mettb.
1442 1112 1491 1169 21.
1503 1108 1641 1169 etlinrc.
1657 1113 1705 1171 11.
1727 1107 1816 1187 Quod·

392 1192 492 1252 tontis.
529 1189 567 1252 Id
589 1201 690 1252 eutem
712 1214 772 1254 non
795 1193 929 1268 fuciunt,
961 1195 1014 1273 qni
1037 1192 1086 1253 vel
1139 1212 1270 1270 cumque
1290 1196 1445 1271 petieritis
1467 1198 1503 1257 irs
1525 1198 1658 1257 romine
1673 1213 1750 1271 meo,
1772 1195 1817 1256 los

392 1278 659 1357 tergiversationes
680 1288 843 1357 quaerunt,
869 1301 930 1361 quo
953 1280 1003 1340 vel
1026 1301 1086 1341 non
1136 1282 1270 1359 focium,
1295 1281 1385 1342 Josn.
1403 1283 1452 1343 14.
1468 1291 1500 1343 et
1518 1283 1566 1343 16.
1590 1281 1654 1343 Sed
1676 1280 1815 1362 quissol's

393 1365 513 1438 donent,
534 1365 584 1428 ret
609 1368 743 1446 psrcius3
766 1367 817 1427 vel
840 1369 893 1447 qui
909 1387 949 1429 ex
963 1366 1085 1429 datione
1139 1366 1330 1427 credentibus
1343 1367 1418 1429 bsec
1429 1370 1586 1448 promissio
1597 1367 1683 1430 iacta
1695 1377 1748 1443 est,
1761 1368 1815 1429 ider

391 1451 576 1513 commodum
605 1453 726 1533 aliquod
760 1455 946 1534 reciprocum
977 1474 1083 1534 exspe·
1137 1453 1311 1534 subjungit:

391 1545 482 1598 ctsnt.
520 1539 568 1599 Ita
596 1540 709 1600 Paulus
740 1539 875 1620 loquitur
904 1541 990 1601 Rom.
1019 1545 1084 1602 12:
1182 1542 1209 1600 6.
1231 1541 1374 1602 Postulat
1388 1548 1494 1602 autem
1511 1544 1545 1602 ιἰι
1564 1541 1640 1618 tide,
1663 1542 1816 1603 sibilbor·

392 1627 453 1704 Qui
473 1626 596 1701 tribuit,
620 1629 655 1687 irs
678 1629 877 1704 simplicitate
884 1651 896 1704 ,·
920 1647 1010 1708 quam
1026 1629 1083 1689 vir·
1136 1631 1244 1688 ritune.
1268 1626 1384 1688 Graece
1401 1620 1642 1706 διακρινόμενος,
1659 1628 1749 1690 idest
1766 1627 1817 1689 dit·

390 1721 486 1772 tutem
511 1715 603 1774 etiam
629 1713 702 1773 alibi
729 1717 760 1774 iu
783 1714 981 1793 eleemosynis
1007 1735 1084 1776 com·
1137 1733 1284 1789 cernens,
1316 1715 1514 1790 diiudicare,
1543 1717 1615 1775 item
1643 1716 1816 1793 disceptent,

390 1800 522 1872 meudst,
548 1809 583 1860 ut
605 1805 621 1860 1
647 1800 713 1861 Cor.
737 1802 766 1861 8.
784 1811 814 1862 et
829 1806 857 1864 9.
879 1802 963 1861 Dicit
984 1811 1083 1863 autem
1135 1803 1304 1863 baesitatis.
1328 1803 1380 1862 Fit
1395 1804 1483 1876 enim,
1497 1810 1537 1876 ut,
1553 1803 1603 1863 cui
1619 1803 1749 1863 ntiones
1762 1801 1816 1863 bine

389 1887 426 1947 B.
441 1886 594 1947 Jacobus:
615 1887 754 1963 postulet
768 1909 789 1948 a
804 1892 883 1964 Deo,
900 1890 971 1969 quia
988 1891 1083 1950 ‹rmuis
1136 1888 1204 1949 inde
1220 1890 1378 1969 oppositae
1389 1898 1575 1962 succurrunt,
1590 1891 1721 1963 nesciat,
1736 1897 1815 1949 utrsx

390 1975 539 2054 sapientia
553 1994 572 2033 a
587 1972 716 2035 Domino
728 1975 795 2035 Deo
807 1985 859 2049 est,
875 1976 1082 2037 Ecclesiastici
1135 1976 1166 2036 iu
1188 1983 1306 2055 partem
1329 1974 1476 2054 judicium
1499 1996 1586 2037 suum
1607 1976 1762 2037 inflectere
1777 1974 1815 2037 de

393 2065 437 2121 1.:
453 2062 497 2121 Et
512 2080 604 2123 omne
620 2061 730 2123 dotum
747 2066 902 2139 optimum
918 2063 1081 2124 desursum
1136 2062 1223 2138 beat3
1239 2063 1342 2142 itaque
1359 2061 1509 2143 disceptat
1523 2060 1605 2141 apud
1621 2083 1665 2137 se,
1681 2071 1713 2122 et
1727 2062 1814 2123 bsersl

391 2155 445 2221 est,
468 2147 657 2209 descendeus
671 2169 692 2208 o
704 2157 799 2225 patre
814 2151 984 2224 luminum,
1007 2152 1083 2211 sicut
1136 2149 1253 2209 dubius.
1276 2150 1373 2209 Recte
1384 2150 1474 2228 igitur
1490 2151 1682 2229 interpretem
1698 2158 1815 2210 notus!

390 2234 469 2295 infra
485 2235 578 2297 docet.
602 2236 667 2296 Nec
682 2235 749 2296 ideo
764 2245 864 2298 tamen
880 2257 938 2298 uon
954 2239 1081 2297 suntin·
1137 2245 1257 2296 secutus
1273 2236 1418 2296 Erasmus
1434 2243 1465 2295 et
1480 2236 1540 2309 alii,
1556 2244 1728 2297 verterunt:
1747 2231 1814 2297 sill

389 2321 520 2383 vocandi
534 2325 630 2384 sancti
645 2344 700 2402 pro
713 2325 862 2403 sapientie
878 2323 1082 2404 adipiscenda,
1135 2325 1304 2384 turitano.
1320 2323 1370 2383 Sic
1383 2323 1459 2382 euim
1475 2331 1505 2382 et
1515 2323 1589 2384 alibi
1601 2321 1750 2385 Grseeum
1762 2340 1813 2383 rer·

390 2408 472 2489 quod
493 2410 596 2489 objicit
618 2410 799 2488 haereticus3
822 2432 882 2471 uon
904 2412 981 2471 cuim
1000 2413 1082 2473 iuvo-
1135 2410 1206 2470 bum
1229 2411 1383 2489 accipitur,
1406 2418 1440 2469 ut
1461 2412 1526 2471 Act
1551 2411 1617 2471 10.:
1653 2409 1739 2471 Vade
1758 2424 1815 2471 Μ

390 2505 503 2569 eantur,
526 2508 557 2557 ut
578 2517 727 2559 camase
749 2499 822 2578 ipsis
844 2497 925 2571 dent,
946 2497 1000 2559 sed
1016 2507 1084 2560 uta
1136 2499 1179 2557 eis
1204 2497 1286 2558 nibil
1316 2496 1485 2573 dubitem
1515 2504 1547 2557 et
1571 2496 1659 2557 Rom.
1684 2501 1729 2559 4:
1756 2497 1813 2558 Nos

388 2583 457 2644 Deo
478 2585 565 2645 nobis
586 2586 752 2662 impetrent.
787 2586 890 2657 Porro,
918 2584 999 2665 quod
1023 2587 1081 2648 ait:
1134 2585 1302 2644 haesitavit
1325 2582 1520 2661 diffidentia,
1544 2592 1576 2644 et
1597 2603 1664 2663 esp.
1683 2587 1747 2647 lt:
1767 2580 1814 2661 (ld

389 2671 545 2745 omnibus,
563 2671 697 2750 intellige
711 2673 944 2753 postulantibus,
967 2692 1022 2732 uec
1037 2674 1083 2734 his
1135 2679 1240 2731 autem
1256 2671 1416 2745 disceruit,
1432 2671 1463 2731 id
1480 2680 1525 2731 cet
1540 2670 1680 2745 haesitat,
1696 2673 1813 2731 sirum·

390 2778 514 2837 prorsus
538 2757 682 2833 omnibus,
705 2758 758 2819 sed
773 2760 820 2833 iis,
846 2760 899 2840 qui
914 2761 958 2819 sic
978 2768 1083 2840 petunt
1135 2759 1320 2833 duraverit,
1347 2756 1519 2818 domnolus
1543 2764 1595 2818 est
1634 2756 1685 2817 Ita
1710 2770 1813 2838 quoquo

392 2853 424 2904 et
442 2852 559 2905 tautum
582 2853 696 2925 petunt,
719 2845 866 2927 quomodo
889 2856 921 2907 et
936 2856 1082 2927 quantum
1135 2843 1216 2925 apud
1231 2844 1417 2905 Matthaeum
1433 2865 1498 2925 cap.
1514 2847 1565 2904 21.
1582 2840 1648 2925 (qui
1662 2844 1745 2905 locus
1757 2842 1813 2903 ert

390 2950 437 2992 res
459 2933 519 2993 ista
541 2934 673 3013 peteuda
694 2942 749 3007 cst,
770 2935 869 3014 iuquit
890 2934 1082 3014 Augustinus
1135 2932 1240 2993 similis
1254 2928 1322 3006 est),
1346 2932 1475 2993 Domino
1490 2931 1628 2992 dicente:
1656 2933 1693 2993 ss·
1714 2930 1813 2992 bobas·

389 3019 443 3080 lib.
458 3018 496 3079 de
510 3029 619 3080 nature
634 3029 665 3080 et
679 3022 783 3099 gratie,
799 3041 863 3102 csp.
877 3022 926 3082 17.
949 3020 987 3082 Id
1002 3022 1080 3102 Apo·
1135 3022 1205 3079 ritis
1226 3018 1320 3095 tidem
1345 3027 1374 3079 et
1395 3038 1463 3081 son
1485 3020 1739 3094 haesitaveritis,
1762 3031 1821 3092 sn,

390 3106 483 3168 stolus
498 3107 563 3185 ipse
579 3108 681 3168 stetim
697 3118 766 3188 post
779 3107 898 3182 iudicat,
918 3109 1036 3181 docens,
1052 3112 1083 3170 in
1135 3107 1238 3167 solum
1263 3106 1301 3166 dc
1326 3106 1464 3182 ficulnea
1488 3108 1632 3185 sedetis,
1658 3106 1713 3168 sed
1734 3102 1813 3182 etr

390 3192 452 3254 lide
465 3193 686 3274 postulandum.
1135 3196 1238 3254 musti
1252 3195 1324 3254 huic
1339 3194 1483 3255 disemis
1498 3201 1553 3254 cto.
1576 3192 1667 3273 Quae
1681 3201 1814 3274 porum

433 3282 477 3342 Et
496 3302 564 3345 sors
586 3286 793 3358 improperat.
827 3282 895 3342 Hor
918 3280 1011 3357 addit,
1035 3283 1083 3344 vel
1136 3281 1292 3352 sententis,
1315 3281 1392 3341 sicut
1405 3289 1436 3342 ct
1449 3280 1527 3342 aliae
1542 3279 1664 3355 similes,
1687 3278 1812 3360 qusebr

389 3367 428 3430 ad
452 3367 661 3450 exponendum
686 3368 762 3430 illud
781 3370 975 3445 simpliciter,
1002 3371 1083 3451 quie,
1136 3368 1244 3428 bentur
1272 3367 1345 3428 locis
1376 3388 1413 3429 ex
1442 3365 1611 3448 Evangelio
1642 3367 1735 3448 paulo
1761 3369 1813 3426 adt

390 3455 443 3535 qui
451 3456 591 3517 refricant
604 3455 824 3538 subinde,quid
837 3456 977 3518 dederint
988 3452 1083 3536 (quod
1137 3455 1242 3527 citetis,
1257 3453 1289 3514 id
1303 3456 1393 3515 etiam
1409 3455 1580 3528 ostendunt,
1601 3454 1695 3516 fidem
1708 3454 1755 3518 hio
1768 3469 1812 3514 uas

391 3552 435 3602 est
461 3546 552 3605 tacite
575 3540 779 3623 exprobrare),
798 3541 941 3605 videntur
959 3545 1082 3605 retribu·
1137 3542 1208 3622 poni
1223 3561 1277 3619 pro
1292 3540 1411 3615 fiducia,
1434 3539 1514 3622 quod
1528 3542 1594 3602 vult
1609 3540 1763 3616 Erasmus,
1783 3539 1838 3602 'hi

389 3630 498 3692 tionem
522 3649 683 3710 qurerere3
708 3630 758 3691 vol
785 3637 866 3691 certe
893 3632 962 3693 ideo
988 3630 1084 3704 addit,
1136 3636 1271 3690 vertens:
1293 3630 1436 3690 Postulat
1451 3647 1526 3691 vero
1540 3646 1614 3690 oum
1629 3613 1838 3707 Mucioffll

389 3737 427 3778 ue
453 3718 523 3798 quis
549 3718 648 3778 Deum
677 3719 798 3798 saepius
828 3716 911 3778 adire
936 3725 1082 3779 vereatur.
1137 3736 1189 3795 pro
1204 3713 1459 3788 fideChristiana,
1475 3695 1838 3794 quaasseutimumltl

389 3804 460 3865 Non
481 3807 561 3867 enim
584 3802 678 3864 dicet:
709 3805 780 3866 Jsm
795 3806 883 3865 toties
899 3804 985 3880 derli;
1009 3803 1083 3883 quid
1137 3803 1212 3878 Dei,
1236 3803 1485 3880 quemadmodum
1507 3810 1655 3882 utsupra
1676 3759 1838 3882 wolpinl

391 3889 488 3952 adbuc
507 3912 555 3953 me
577 3890 743 3952 obtundis?
764 3901 798 3952 ut
819 3891 917 3953 solent
939 3892 1084 3966 homiues,
1138 3890 1189 3951 ubi
1205 3887 1298 3949 dixit:
1312 3890 1535 3966 probationem
1550 3889 1627 3966 fidei
1639 3889 1815 3968 potienti!
1835 3901 1838 4000 p

391 3978 481 4038 etism
496 3979 549 4058 qui
563 3979 695 4040 maxime
718 3979 868 4041 liberales.
891 3978 961 4053 Sed,
985 3987 1019 4038 ut
1040 3987 1084 4038 eet
1138 3978 1286 4054 operum
1308 3977 1366 4037 imo
1384 3997 1438 4056 per
1452 3983 1546 4038 totam
1561 3976 1642 4039 hauc
1656 3973 1812 4059 spirutus
1836 4005 1838 4036 t

390 4062 457 4124 lons
478 4064 684 4139 inexhaustus,
703 4067 747 4127 ita
767 4066 806 4127 ad
829 4065 970 4140 dandum,
992 4066 1083 4127 modo
1138 4065 1217 4124 Nem
1240 4073 1273 4123 ut
1295 4064 1327 4124 iu
1348 4063 1448 4124 verbis
1463 4063 1594 4137 Domini,
1623 4065 1667 4126 ita
1683 4073 1715 4126 st
1728 4059 1812 4124 bieir
1835 4049 1838 4090 ⁹

390 4159 493 4233 petas,
520 4152 597 4212 sicut
623 4159 751 4232 oportet,
778 4153 1084 4233 paratissimus31mo
1137 4151 1284 4230 telligitur
1310 4149 1384 4210 fides
1409 4151 1546 4210 veriutis
1567 4169 1604 4212 ac
1629 4143 1813 4232 punisse*

391 4239 459 4319 ipse
472 4237 551 4299 ultro
574 4258 629 4299 nos
644 4237 684 4300 ad
698 4259 816 4321 semper
834 4240 994 4319 petendum
1010 4239 1083 4300 invi·
1138 4238 1267 4308 divinae,
1280 4256 1341 4316 qua
1358 4237 1448 4297 dixit:
1464 4238 1578 4312 Petite,
1597 4225 1818 4315 occurristi

391 4334 473 4399 taus,
499 4325 635 4407 adeoque
655 4326 687 4386 id
710 4327 913 4407 praecipiens,
940 4327 1012 4387 Luc.
1034 4328 1083 4388 18.
1138 4332 1185 4385 et:
1203 4325 1322 4398 Omnis,
1340 4325 1395 4401 qut
1402 4324 1484 4400 petit
1495 4319 1649 4402 occipit²)
1654 4346 1667 4402 ,·
1683 4334 1716 4386 nt
1728 4329 1821 4384 sm

390 4414 475 4474 Beue
496 4420 597 4474 monet
612 4411 786 4492 (lajetanus,
808 4413 886 4474 banc
907 4420 1024 4494 partem
1040 4413 1083 4473 in·
1138 4413 1193 4472 sit:
1221 4410 1313 4471 Petat
1328 4430 1347 4470 a
1362 4410 1436 4482 Deo,
1455 4409 1531 4472 nibil
1551 4410 1699 4473 dubitans
1717 4407 1820 4488 deofl

390 4498 586 4581 telligendtm
601 4520 678 4573 esse,
701 4510 845 4582 quantum
861 4520 901 4561 cx
916 4507 1002 4579 parte
1017 4499 1086 4570 Dei,
1137 4498 1342 4580 promissione,
1364 4495 1417 4558 sed
1431 4497 1517 4558 firma
1531 4495 1591 4558 fide
1607 4498 1652 4562 illi
1668 4497 1814 4568 inlusor*¹

391 4586 539 4668 quomodo
551 4587 779 4667 jsmexplicsta
794 4595 855 4662 est;
870 4606 938 4648 nam
952 4594 1085 4663 exparte
1181 4585 1293 4646 Verum
1330 4585 1404 4664 quis
1440 4585 1596 4664 promissio
1635 4583 1820 4648 condition.

391 4674 546 4734 hominurn
567 4676 752 4754 ingustorum
779 4692 871 4753 ssepe
894 4691 1019 4734 numero
1044 4672 1085 4745 fit,
1139 4672 1229 4733 babet
1243 4671 1329 4742 hauc.
1345 4670 1434 4732 modo
1449 4679 1548 4751 petas,
1564 4672 1644 4734 sicut
1657 4663 1812 4752 oportuit

392 4769 427 4820 ut
454 4762 634 4841 improperet
662 4760 747 4822 Deus
776 4759 924 4821 beneficia
958 4758 1086 4835 collata,
1139 4779 1201 4839 qua
1215 4777 1304 4820 nemo
1321 4766 1420 4818 certus
1437 4767 1502 4818 est:
1522 4757 1593 4820 iude
1609 4758 1654 4834 tit,
1669 4771 1701 4822 ut
1715 4765 1818 4818 esu

392 4845 475 4927 quod
490 4848 602 4908 multae
618 4848 791 4928 Scripturas
806 4854 960 4909 testantur.
1138 4844 1198 4906 lide
1228 4846 1433 4922 promissionis
1464 4843 1587 4908 divinae
1613 4847 1766 4918 consistet.
1788 4843 1816 4898 Ὤ

435 4935 479 4995 Et
493 4934 623 4997 dobitw
637 4937 674 4995 ci
698 4934 769 4995 Nou
787 4932 906 4995 dubitat
920 4931 1086 5014 Apostolus
1140 4975 1293 4988 --
1812 4959 1819 4988 ι

392 5019 553 5098 sffimare,
578 5020 661 5109 quod
681 5020 834 5087 Christum
854 5021 945 5085 toties
964 5022 1087 5105 promit·
1175 5031 1198 5102 ¹)
1215 5034 1304 5088 fletu.
1325 5035 1349 5089 7.
1383 5029 1409 5101 ²)
1425 5033 1487 5089 tue.
1507 5036 1548 5090 tt.
