4442 5825
403 602 478 677 452
937 595 1364 656 couumrruusncsru.

400 779 501 853 mini,
531 783 561 838 ct
590 774 743 839 exultabit
774 793 835 837 vos.
872 774 1099 850 Peccatoribus,
1152 776 1386 839 aemulationem
1402 783 1435 837 ct
1450 770 1657 855 amogsutiam
1672 779 1767 835 metm
1779 769 1823 833 ribi

400 865 578 946 praesertim
602 863 750 944 superbis,
775 863 845 925 Deo
867 865 1098 926 reconciliandis
1153 864 1361 935 detrahebant,
1382 863 1435 923 alii
1456 862 1585 923 aliorum
1607 880 1662 923 reu
1678 859 1826 931 doctrinm.

400 953 534 1014 maxime
560 952 732 1013 neeoessria
758 959 805 1010 est
830 950 992 1011 humilitas.
1025 950 1098 1012 Ideo
1152 972 1205 1012 seu
1217 954 1309 1013 vitam
1321 969 1481 1031 moresque
1492 958 1666 1030 carpentes.
1688 949 1827 1009 Eatautm

400 1058 504 1100 rursus
518 1038 576 1100 bae
591 1037 677 1102 uelut
698 1038 885 1119 superiorum
906 1038 1045 1099 clausula
1059 1037 1099 1099 ad
1152 1038 1269 1100 Graece
1283 1033 1487 1115 carulaleiu,
1506 1035 1538 1097 id
1553 1044 1603 1097 est
1617 1036 1761 1115 obloqui3
1781 1051 1828 1115 quc

399 1125 599 1187 bumilitatem
627 1145 679 1186 eos
706 1133 840 1201 revocat,
871 1123 964 1205 idque
994 1124 1099 1185 addita
1151 1125 1244 1187 verbo
1271 1145 1331 1187 nou
1357 1124 1454 1185 solum
1480 1123 1710 1185 obtrectationis
1733 1123 1830 1195 vitra,

399 1214 599 1295 promissione
611 1213 812 1274 exaltationis.
836 1210 933 1291 Quasi
944 1211 1040 1274 dicat:
1055 1212 1099 1274 Ut
1151 1232 1211 1296 quo
1236 1211 1319 1274 lama
1343 1211 1473 1274 laeditur
1493 1211 1633 1273 abseut'u
1655 1206 1830 1292 (qua-qun

400 1299 587 1373 concludam,
610 1299 686 1360 haec
708 1318 770 1360 uua
793 1299 869 1359 ratio
884 1308 932 1360 est
946 1300 1099 1360 amicitiae
1150 1299 1209 1361 boe
1230 1296 1408 1381 potissime),
1430 1318 1535 1360 verum
1556 1299 1650 1359 etiam
1672 1298 1830 1361 mutes·

399 1396 431 1448 et
445 1387 560 1467 gratiae
575 1388 635 1449 Dei
657 1385 890 1466 recuperandae,
914 1395 942 1446 et
960 1386 1097 1447 altitudi·
1150 1395 1182 1449 ct
1203 1388 1368 1450 mumulo
1391 1387 1556 1467 significari
1580 1386 1692 1447 solent
1721 1386 1829 1447 suae

398 1475 455 1548 nis,
470 1493 560 1555 quam
576 1476 731 1557 quaeritis,
752 1473 976 1553 adipiscendae,
1000 1475 1027 1534 si
1042 1493 1097 1534 vos
1150 1482 1248 1550 mm,
1280 1473 1411 1536 Graece:
1442 1464 1602 1551 ἀλλήλων,
1634 1470 1668 1533 id
1696 1480 1741 1533 est
1766 1470 1829 1531 ulter

398 1560 563 1623 humilietis
590 1564 621 1622 in
647 1569 813 1641 conspectu
834 1559 904 1620 Dei.
937 1561 1096 1622 Sententia
1150 1562 1263 1640 alteri5
1279 1563 1467 1624 etiamsinon
1478 1563 1516 1622 sit
1528 1558 1678 1621 detractio
1689 1560 1828 1641 reciproca

398 1646 503 1709 adem
519 1656 567 1711 est
581 1666 649 1709 cum
672 1648 733 1720 illa,
756 1665 846 1728 quam
861 1666 901 1707 eu
922 1667 974 1708 ore
988 1647 1095 1709 Salva·
1150 1648 1230 1709 Nam
1257 1649 1328 1709 mali
1354 1649 1442 1711 bouis
1472 1646 1655 1729 plerumque
1681 1644 1827 1717 dormant
1867 1648 1875 1665 ⁴

397 1736 472 1796 toris
487 1737 578 1797 toties
594 1735 745 1796 audierat:
769 1737 890 1809 Omnis,
915 1738 972 1811 qui
986 1754 1018 1797 re
1036 1736 1096 1796 ltu·
1150 1756 1210 1797 non
1226 1743 1340 1796 contra.

397 1823 514 1898 millet,
537 1823 740 1884 exaltabitur.
762 1822 826 1882 Nee
840 1820 989 1883 diversum
1005 1822 1096 1902 sigui·
1193 1824 1256 1902 Qui
1270 1823 1409 1883 detrabit
1429 1823 1541 1901 fratri,
1566 1828 1625 1883 out
1650 1823 1708 1901 pusi
1724 1818 1827 1897 ludici

399 1908 471 1969 licat
493 1910 532 1970 ab
555 1909 609 1970 illa
631 1911 803 1990 superiore:
830 1908 1014 1971 Humilibus
1039 1910 1096 1969 dot
1148 1911 1286 1988 fratrem
1298 1929 1400 1971 mum.
1416 1905 1826 1987 exsomnes-otentico·
1863 1928 1875 1963 ὲ

397 1998 547 2074 pretium
587 1996 714 2058 lixaltst
742 1997 821 2056 enim
847 1995 977 2057 humiles
1004 1999 1095 2069 Deus,
1149 1997 1407 2071 tucetjudicons
1415 1997 1555 2074 fratrem
1568 2015 1676 2073 ruram,
1692 1994 1824 2077 copulam
1873 2024 1874 2029 ¹

397 2082 571 2162 adjiciendo
594 2085 639 2144 eis
654 2083 802 2163 ampliora
823 2101 897 2143 suae
910 2084 1029 2162 gratiae
1045 2083 1094 2145 be·
1148 2084 1287 2144 nimirum
1313 2084 1541 2164 conjunctione,
1568 2104 1631 2165 qua
1657 2082 1823 2165 significum

397 2170 514 2245 uelicia,
530 2170 638 2251 quibus
650 2189 751 2231 veram
766 2180 989 2249 consequantur
1003 2169 1095 2231 subli·
1149 2169 1285 2245 eundem,
1308 2173 1360 2252 qui
1376 2170 1462 2232 tratri
1484 2191 1540 2233 suo
1560 2169 1706 2246 domabit,
1726 2170 1822 2232 tau·

396 2261 529 2319 mitatem
544 2267 576 2319 ct
589 2258 724 2337 gloriam.
1144 2257 1293 2338 judicare.

438 2343 519 2405 Illud
530 2369 538 2405 c
550 2346 770 2423 Incompectu
777 2346 921 2420 Domini,
935 2343 1096 2425 dupliciter
1192 2347 1340 2406 Detrahit
1355 2344 1428 2421 lapi,
1448 2352 1477 2406 ct
1487 2344 1618 2420 ,iudicat
1632 2346 1741 2424 lopun.
1761 2343 1821 2425 Q*

396 2431 526 2513 intelligi
541 2442 648 2513 potest.
671 2431 729 2493 Vel
744 2431 782 2491 ad
799 2430 1093 2511 significandambu·
1147 2432 1237 2493 modo
1259 2432 1296 2505 ia,
1319 2434 1371 2512 qui
1393 2431 1479 2493 tratri
1502 2431 1643 2507 detrabit,
1666 2430 1821 2510 husai*

395 2515 1094 2594 militatisueritatemacsinoeritatcm3namcd
1147 2520 1235 2590 dicet,
1258 2517 1349 2580 lscile
1365 2528 1411 2580 est
1426 2518 1607 2601 intelligere.
1631 2518 1821 2584 Judtntd

395 2627 499 2668 veram
514 2606 729 2668 sublimitatem
738 2603 1093 2686 nonnisiperveramhu·
1146 2605 1278 2679 fratrem,
1294 2608 1411 2687 privato
1428 2627 1482 2668 suo
1493 2606 1611 2688 judicio
1628 2608 1722 2669 talem
1735 2614 1820 2669 autb

394 2693 758 2774 militatempervanitnr3
777 2691 924 2775 quidquid
937 2700 1093 2752 autemco·
1146 2694 1205 2755 lem
1222 2711 1288 2753 eum
1304 2696 1503 2775 pronuntians
1525 2704 1621 2775 atque
1636 2694 1819 2763 condamm.

394 2800 459 2841 ram
468 2780 535 2840 Deo
543 2779 923 2854 taleestidveretelecat:
936 2779 1094 2858 velpotius
1146 2791 1180 2841 et
1201 2780 1258 2840 hoc
1272 2799 1359 2841 suum
1383 2779 1422 2842 de
1445 2801 1480 2842 eo
1495 2781 1648 2861 judicium
1672 2782 1740 2843 aliis
1758 2783 1818 2861 ἱῃ

394 2867 436 2928 ad
450 2865 687 2948 significandum,
703 2866 786 2949 quod
798 2865 995 2948 supradixit:
1011 2866 1093 2928 Sub-
1145 2886 1223 2928 rous.
1246 2866 1325 2950 lium
1343 2868 1504 2943 judicium
1525 2888 1581 2951 pro
1600 2867 1818 2932 contmmtra
1861 2933 1873 2944 ,

394 2954 456 3014 diti
471 2962 566 3016 estote
582 2957 659 3016 Deo.
681 2954 724 3015 Ut
736 2974 842 3016 seusus
854 2957 909 3014 sit:
925 2952 1093 3012 cumomni
1146 2957 1273 3016 sumitur
1287 2974 1370 3015 more
1386 2956 1572 3037 Scripturaa

393 3039 566 3101 bumilitate
586 3061 641 3102 vos
656 3043 723 3103 Deo
745 3042 918 3102 submittite.
942 3039 995 3100 Sic
1014 3039 1094 3099 enim
1188 3040 1248 3102 Sed
1265 3040 1415 3122 quomodo
1438 3042 1580 3104 detrabat
1593 3042 1665 3123 legi,
1688 3051 1718 3105 st
1727 3041 1817 3124 W

395 3137 426 3188 ct
451 3127 486 3188 B.
511 3128 618 3189 Petrus
644 3131 768 3208 exponit
795 3132 810 3188 1
835 3128 932 3207 Epist.
958 3127 996 3200 5,
1022 3125 1093 3186 dum
1146 3127 1262 3207 legem,
1289 3149 1349 3189 non
1376 3131 1449 3189 satis
1476 3139 1613 3211 apparet.
1654 3125 1816 3192 Venerat&

394 3213 521 3276 undem
536 3216 714 3275 seutentiam
730 3215 816 3275 effert
828 3215 875 3273 his
889 3212 1003 3274 verbis:
1020 3213 1092 3274 Hu-
1146 3213 1232 3276 Beda
1249 3212 1365 3275 duobus
1386 3214 1482 3277 modis
1496 3216 1528 3277 id
1543 3214 1701 3297 explicare
1715 3223 1815 3280 cuum

393 3301 570 3362 miliamirti
595 3302 652 3363 rusb
676 3304 804 3378 potenti
829 3319 931 3361 manu
957 3301 1029 3374 Dei,
1056 3307 1093 3361 ul
1147 3302 1234 3362 Unus
1249 3310 1303 3375 est,
1319 3321 1396 3376 eum,
1420 3304 1474 3382 qui
1489 3302 1622 3364 detrabit
1638 3302 1733 3378 fratri,
1748 3302 1815 3364 dut*

392 3406 448 3449 vos
471 3389 588 3449 exultet
609 3392 646 3450 in
661 3396 801 3466 tempore
819 3389 1020 3448 visitationis.
1043 3387 1092 3447 Ex
1147 3387 1218 3449 here
1241 3386 1321 3467 legi,
1347 3391 1432 3469 qussi
1458 3390 1523 3471 ipsa
1544 3410 1607 3451 non
1628 3400 1711 3452 recte
1731 3385 1814 3454 ised

392 3494 453 3555 quo
479 3477 568 3535 etiam
597 3474 662 3535 loco
689 3474 847 3546 discimus,
878 3473 1092 3534 exaltationem
1146 3493 1227 3554 quae
1250 3472 1464 3536 detectionem
1487 3478 1603 3550 vetuit,
1630 3474 1748 3540 dicem:
1765 3475 1812 3538 lin

392 3558 442 3622 bic
462 3563 647 3642 promissam,
667 3563 724 3621 etsi
747 3581 800 3641 per
822 3568 984 3640 augmenta
1006 3558 1092 3619 bene·
1147 3564 1208 3621 eris
1234 3563 1424 3622 criminator
1446 3570 1476 3623 ct
1498 3567 1685 3626 tumnultu
1705 3559 1811 3643 popdt

392 3647 528 3707 doiorum
554 3649 613 3709 Dei
640 3648 798 3709 inchoetur
823 3648 855 3708 ln
880 3647 938 3708 hoo
962 3646 1092 3718 saeculo,
1146 3647 1221 3708 Les.
1238 3649 1287 3708 19.
1310 3647 1417 3709 Simile
1433 3648 1507 3729 quid
1523 3651 1623 3712 innuit
1638 3647 1810 3714 osenna

392 3755 454 3794 uon
481 3744 582 3795 tamen
609 3734 837 3815 perficiendam,
863 3735 919 3793 nisi
943 3735 974 3791 in
996 3733 1093 3813 glorie
1147 3736 1241 3795 citans
1267 3734 1364 3814 legem
1391 3734 1506 3797 Christi
1532 3736 1644 3798 Mutela
1670 3738 1712 3798 'lm
1738 3733 1810 3801 1th
1873 3805 1874 3812 ἵ

393 3820 507 3881 saeculi
523 3822 625 3880 luturi.
1141 3821 1300 3896 judicare,
1316 3829 1353 3882 ut
1368 3841 1435 3883 non
1447 3823 1653 3901 judicemini,
1669 3821 1808 3887 errauit

440 3912 489 3967 11.
504 3909 610 3969 Nolite
623 3906 1003 3981 detrudcrcaltcrutrum,
1017 3907 1092 3984 fra·
1145 3907 1207 3968 lum
1231 3907 1450 3969 Pselm.100.:
1477 3911 1708 3974 Detrahentem
1727 3909 1808 3974 Μ

395 4000 467 4054 tres.
504 3994 591 4054 Multi
617 3995 736 4054 codices
763 3993 895 4055 addunt:
925 3997 995 4053 mei.
1032 3992 1092 4053 Sed
1143 3997 1294 4071 proximo
1317 4014 1390 4070 cuo,
1417 3997 1503 4058 bunc
1521 3999 1741 4077 persequetur.
1766 3991 1807 4056 litt

393 4079 534 4140 meliores
547 4079 671 4141 Graecis
687 4082 879 4142 consentanei
895 4101 953 4140 non
969 4080 1091 4140 hubent.
1146 4080 1333 4142 dissimiliter
1355 4083 1491 4164 Aquinas
1515 4087 1545 4145 2.
1570 4105 1632 4147 sec.
1656 4093 1762 4166 quaet
1779 4075 1807 4138 lb
1868 4151 1874 4162 ,

393 4164 597 4245 Praeceptum
626 4167 684 4228 boc
714 4167 868 4229 cavendae
899 4166 1091 4228 detractionis
1146 4176 1200 4227 art
1218 4173 1245 4228 2.
1270 4168 1307 4227 ud
1324 4168 1353 4228 3.
1376 4172 1419 4230 ita
1440 4171 1595 4233 scribens:
1618 4173 1691 4249 Ille,
1713 4172 1759 4252 qd
1774 4165 1807 4228 ἅ·

391 4253 598 4333 superioribus
627 4254 797 4334 subjungit,
838 4255 913 4334 quia
943 4253 1091 4314 detractio
1146 4255 1246 4314 trabit
1260 4256 1373 4333 fratri,
1396 4259 1433 4317 iu
1449 4265 1579 4320 tontum
1597 4249 1819 4322 otdsordctrr'

391 4338 517 4419 linguae
537 4341 642 4400 vitium
666 4349 713 4400 est
734 4340 822 4401 affine
845 4340 1091 4413 contentionibus,
1145 4343 1220 4402 here
1235 4342 1307 4418 lepi,
1330 4344 1543 4420 inquantum
1560 4350 1806 4424 meusim*

392 4427 429 4488 de
445 4425 557 4506 quibus
568 4427 633 4505 jam
647 4430 720 4507 egit,
736 4437 768 4488 et
783 4445 851 4486 cunr
866 4426 913 4485 luis
929 4446 967 4486 ex
983 4426 1089 4486 eadem
1145 4435 1270 4504 ceptum
1285 4430 1324 4489 de
1340 4430 1508 4493 dilectione
1521 4437 1678 4509 prouimt
1858 4449 1875 4466 ⁴

390 4512 492 4574 radice
514 4533 651 4594 surgens,
673 4533 782 4592 nempe
805 4511 907 4573 radice
929 4513 1091 4592 superbiae
1189 4514 1275 4575 Alter
1297 4518 1414 4594 modus,
1436 4537 1515 4590 eum,
1537 4521 1592 4597 qul
1614 4503 1817 4584 demittunt·
1864 4539 1874 4550 ·

392 4608 423 4660 et
438 4598 619 4662 ambitionis.
642 4600 722 4660 Nem
746 4599 814 4659 ideo
835 4598 987 4659 detractor
1002 4598 1089 4660 fratri
1144 4600 1222 4680 legis
1240 4601 1326 4680 jussa
1341 4602 1473 4678 facienti,
1497 4603 1659 4671 detrabere
1681 4599 1805 4688 taric?

391 4684 582 4767 obloquitur,
610 4698 641 4746 et
664 4687 773 4746 famam
801 4687 869 4763 ejus
895 4685 1038 4746 convellit
1060 4696 1090 4746 et
1145 4685 1246 4747 dicare
1261 4688 1366 4768 legem,
1386 4709 1468 4770 quac
1483 4692 1559 4753 talia
1569 4693 1660 4773 juras
1674 4693 1754 4758 totta
1774 4682 1806 4748 ff!

389 4773 530 4844 maculat,
552 4783 595 4847 ut,
619 4772 671 4833 illo
692 4771 837 4851 depresso
860 4779 891 4831 et
912 4781 1089 4852 contempto,
1145 4784 1177 4835 et
1192 4771 1369 4853 cajetanus,
1384 4777 1507 4851 docens,
1522 4780 1603 4844 banc
1617 4779 1750 4864 apostol
1765 4787 1806 4836 Π

390 4858 458 4939 ipse
476 4858 583 4920 melior
597 4880 632 4919 ac
647 4859 821 4920 honoratior
842 4857 999 4918 habeatur.
1023 4859 1089 4920 Nec
1144 4862 1266 4922 tentiam
1289 4862 1406 4924 directe
1429 4865 1582 4928 verificari
1606 4868 1648 4932 de
1661 4863 1807 4932 (ΙΨ

391 4943 589 5026 improbabile
610 4954 671 5018 est,
693 4942 871 5025 Apostolum
895 4944 945 5005 bio
967 4965 1088 5026 quoque
1143 4955 1175 5009 et
1193 4948 1328 5027 judicio,
1355 4970 1417 5030 quo
1439 4951 1553 5016 bouum
1577 4973 1671 5038 opus,
1691 4949 1761 5039 qud
1775 4943 1816 5008 Β-

391 5033 549 5112 speeistim
563 5030 603 5092 ad
617 5034 777 5112 mugirtros
792 5031 950 5112 respicere,
965 5034 1018 5112 qui
1033 5053 1089 5114 per
1142 5035 1265 5116 probat,
1292 5038 1480 5119 vituperatur
1502 5061 1540 5102 ac
1562 5041 1731 5108 dautur.
1755 5035 1817 5102 ΙΙ.
