4442 5825
304 563 312 573 ”
393 606 464 673 1³⁶
906 596 1138 652 comminius
1156 595 1188 649 ru
1205 597 1272 652 car.
1289 598 1339 653 vn.
1391 586 1394 591 ’

388 775 534 847 homines,
555 771 693 854 idemque
708 772 847 834 sacerdos
865 774 922 833 Dei
937 773 1083 833 altissimi.
1136 776 1352 853 supervixisse,
1377 773 1490 836 idcirco
1512 773 1607 835 lubae
1623 772 1750 836 eundem
1764 792 1820 835 en

389 862 448 922 list
461 869 564 921 autem
588 861 683 921 omnis
698 859 838 920 sacerdos
855 861 931 930 Deo,
951 861 1000 920 cui
1016 879 1083 940 sup·
1138 861 1370 923 Melchisedech.
1397 861 1487 941 Quod
1512 862 1591 923 euim
1614 860 1743 936 addunt,
1764 860 1821 922 Seu

390 948 483 1028 plicat
501 956 533 1007 et
549 947 728 1007 sacrificium
752 948 849 1020 offert,
873 947 1004 1007 inferior.
1026 948 1083 1006 lm·
1139 950 1366 1027 primogenitum
1392 948 1501 1022 luisse,
1523 967 1623 1028 euque
1644 949 1763 1009 nomine
1784 966 1821 1009 ss·

390 1036 473 1114 pium
492 1035 584 1114 igitur
606 1042 659 1106 est,
682 1032 904 1095 Melchisedech
927 1042 978 1093 ent
993 1034 1083 1114 Spiri-
1139 1035 1295 1107 cerdotem,
1311 1054 1367 1095 nec
1383 1044 1510 1107 constat,
1531 1054 1588 1096 nec
1603 1033 1765 1096 verisimile
1779 1042 1823 1109 est,

390 1132 455 1182 tum
470 1129 606 1182 sanetum
622 1119 730 1193 dicere,
745 1128 798 1180 aut
812 1119 925 1179 Filium
940 1120 1009 1181 Dei.
1025 1118 1085 1179 Sed
1140 1122 1347 1201 primogenitis
1376 1121 1578 1183 secerdotium
1607 1121 1677 1200 jure
1707 1119 1824 1181 debitum

390 1227 447 1270 nec
469 1207 600 1287 angelis,
622 1215 727 1287 utpote
752 1207 926 1268 substantiis
949 1209 1083 1286 incorpo·
1140 1207 1303 1287 aliquando
1334 1206 1446 1286 fuisse,
1477 1208 1617 1288 quamvis
1644 1216 1675 1268 et
1701 1207 1773 1281 hec,
1799 1214 1826 1267 ιι

391 1296 458 1369 reis,
470 1293 1086 1375 competitexternuruofferresacrifi'cium,
1139 1296 1234 1355 multe
1260 1294 1335 1366 elia,
1362 1295 1488 1357 tradant
1509 1294 1650 1355 Hebraei.
1682 1290 1774 1355 Oerte
1794 1312 1826 1355 aa

391 1379 473 1463 quod
486 1390 531 1443 eet
545 1382 673 1443 officinm
689 1379 887 1443 sacerdotem.
1139 1382 1196 1443 hec
1209 1384 1274 1462 ipss
1286 1381 1382 1461 Epist
1395 1401 1462 1462 cap.
1476 1386 1534 1454 11,
1548 1378 1740 1443 ubidicitur:
1755 1380 1824 1444 aaa

433 1468 485 1529 Hx
500 1469 609 1548 quibus
634 1469 725 1530 etiam
740 1466 925 1541 retelluntur,
945 1470 997 1550 qui
1012 1468 1085 1529 Mel·
1136 1470 1315 1546 plurimam
1342 1468 1476 1529 bostiam
1499 1468 1595 1544 Abel,
1622 1485 1722 1545 paraus
1744 1468 1825 1544 Cuia

392 1554 553 1617 chisedech
583 1554 726 1616 dixerunt
762 1574 830 1616 ease
857 1555 914 1616 Dei
945 1556 1086 1615 virtutem
1141 1557 1252 1616 obtulit
1275 1557 1363 1630 Deo,
1387 1555 1461 1615 setis
1477 1554 1581 1635 liquet,
1599 1554 1653 1635 jus
1678 1552 1827 1617 sacerdeti

392 1640 555 1723 quandam,
577 1643 643 1702 sive
666 1651 795 1702 creatam
812 1640 1012 1704 intellexerint
1026 1644 1085 1702 vir·
1141 1662 1200 1703 uon
1229 1640 1325 1702 inisse
1356 1640 1563 1722 primogenitis
1593 1641 1756 1723 peculiare.
1795 1640 1826 1703 ld

393 1738 496 1803 tutem,
519 1728 618 1799 idest,
640 1729 818 1808 angelicam,
833 1729 898 1788 sive
913 1730 1086 1803 increatam,
1142 1728 1221 1809 quod
1246 1728 1312 1788 aliis
1337 1729 1427 1789 etiam
1443 1730 1629 1808 argumentis
1644 1725 1826 1790 ostendemus

392 1817 592 1897 quaeutique
613 1834 674 1876 non
697 1824 742 1875 est
766 1816 828 1876 alia
844 1817 952 1876 aDeo.
977 1815 1024 1875 De
1040 1816 1086 1875 his
1142 1815 1219 1876 inira
1244 1814 1284 1875 ad
1312 1814 1386 1876 illud
1413 1835 1479 1896 cap.
1508 1817 1557 1877 12.
1580 1812 1619 1875 de
1644 1812 1746 1876 Hesu:
1775 1816 1826 1894 Qud

394 1901 539 1975 omnibus,
562 1903 588 1961 si
611 1900 701 1973 libet,
725 1902 932 1982 Epiphaniam
956 1903 1087 1975 cuiusuis,
1139 1910 1274 1980 propter
1299 1921 1400 1963 uuam
1423 1921 1524 1963 escam
1545 1900 1693 1964 uendidit
1713 1902 1825 1978 mbas·

393 1988 513 2067 singula
527 1991 662 2050 exactius
673 1998 911 2070 persequentem.
928 1989 1087 2069 Quomodo
1141 1992 1250 2066 gestito
1265 2007 1332 2049 rua.
1357 1987 1417 2049 Sed
1442 1991 1499 2050 etsi
1515 1987 1629 2062 demus,
1652 2006 1757 2049 veram
1772 2004 1826 2048 esst

395 2084 495 2137 autem
508 2094 551 2146 sa,
568 2075 776 2154 quaePaulns
792 2077 1033 2155 insequentibus
1050 2074 1089 2135 de
1142 2073 1341 2149 traditionem,
1366 2097 1425 2136 non
1448 2083 1548 2137 tamen
1569 2093 1637 2136 eam
1650 2094 1715 2135 rem
1731 2094 1824 2155 prope·

394 2161 617 2224 Melchisedech
639 2161 719 2235 dicit,
742 2171 823 2224 recte
847 2172 876 2225 et
892 2183 965 2225 sane
984 2162 1021 2223 de
1036 2162 1087 2223 ho·
1142 2164 1229 2222 sitam
1244 2164 1406 2236 confirmat,
1429 2181 1497 2223 cnm
1514 2161 1566 2222 elii
1587 2170 1649 2223 tem
1663 2161 1749 2223 multi
1764 2171 1827 2231 ters-¹

394 2250 476 2312 mine
490 2248 686 2330 intelligatur,
703 2248 765 2309 illic
780 2249 989 2329 explicabitur.
1144 2250 1264 2330 poribus
1282 2246 1423 2310 Abrahae
1438 2248 1548 2311 meunt
1561 2249 1762 2332 primogeniti.

438 2334 516 2397 Gom
531 2337 624 2417 igitur
647 2345 772 2407 constet,
795 2335 1021 2398 Melchisedech
1035 2335 1088 2395 ho·
1187 2335 1258 2397 Jem
1283 2355 1355 2396 vcro
1376 2355 1433 2396 nee
1455 2345 1583 2409 caetera,
1605 2354 1689 2416 quse
1712 2333 1750 2397 de
1763 2330 1825 2397 Mel

394 2424 505 2486 minem
527 2422 631 2498 inisse,
656 2443 716 2485 nou
740 2431 839 2485 umen
862 2425 938 2485 inter
953 2423 1090 2484 doctores
1144 2420 1300 2483 chisedech
1321 2422 1470 2496 dieantur,
1492 2424 1523 2483 in
1545 2421 1624 2496 Sem,
1646 2420 1717 2483 uos
1738 2420 1827 2495 filiun,

395 2510 552 2582 convenit,
580 2511 647 2588 quis
668 2510 756 2571 homo
780 2509 880 2571 fuerit
911 2510 1008 2571 Vetus
1029 2510 1089 2570 He·
1144 2509 1219 2570 satis
1234 2517 1418 2588 congruuut;
1441 2510 1499 2570 imo
1520 2507 1673 2589 quaedam
1689 2509 1777 2571 etiam
1791 2525 1827 2571 re

396 2597 552 2658 bracarum
567 2594 689 2657 traditio
704 2604 759 2669 eat,
774 2595 879 2656 eodem
896 2596 1091 2676 Hieronymo,
1145 2605 1289 2675 pugnent
1313 2596 1390 2657 Nem
1415 2594 1595 2657 describitur
1608 2594 1666 2657 hcc
1682 2596 1750 2657 leco
1763 2592 1827 2658 uel

396 2690 458 2743 ιιιιι
481 2684 512 2741 in
535 2679 617 2742 dieta
631 2682 729 2763 Epist.
748 2681 788 2742 ad
803 2682 979 2763 Euagrium,
1002 2702 1091 2764 quam
1145 2682 1314 2756 chisedech,
1328 2691 1363 2741 ut
1378 2682 1491 2744 dictum
1507 2689 1562 2756 eet,
1577 2683 1642 2743 siue
1655 2691 1752 2764 patre,
1772 2683 1828 2745 sin

398 2770 430 2831 in
451 2767 551 2829 tradit.
571 2767 664 2829 Hebr.
688 2764 848 2839 referente,
870 2768 1092 2830 Melchisedech
1144 2780 1247 2841 matre,
1269 2770 1335 2830 sine
1357 2769 1546 2849 genealogia,
1568 2788 1627 2829 uec
1648 2769 1766 2832 initium
1785 2766 1828 2829 her

395 2852 494 2916 luisse
515 2853 594 2931 Sem,
616 2853 709 2917 tilium
730 2854 805 2917 Noti.
829 2855 918 2917 Vixit
939 2856 1018 2918 enim
1042 2855 1092 2917 ille
1144 2855 1218 2918 bens
1241 2854 1373 2929 diuum,
1399 2876 1456 2917 nec
1477 2854 1576 2918 tinem
1605 2855 1648 2917 Δι
1672 2857 1705 2918 in
1727 2852 1829 2918 (ἔοικ’

397 2942 547 3004 sexcentis
569 2944 669 3015 aunis,
696 2961 735 3004 ex
758 2962 818 3024 quo
842 2951 924 3004 certa
950 2951 1092 3024 supputa·
1147 2943 1216 3004 Sem
1231 2952 1478 3006 commemoratur
1492 2952 1523 3004 et
1537 2951 1654 3024 petrem
1669 2943 1793 3016 habeus,
1805 2954 1830 3002 e

396 3030 480 3091 tione
509 3029 678 3109 colligitur,
709 3048 777 3089 sum
807 3050 866 3090 non
895 3027 982 3090 modo
1012 3040 1093 3102 tunc,
1145 3040 1278 3104 matrem,
1302 3041 1333 3092 et
1355 3050 1486 3111 proavos
1501 3049 1597 3111 usque
1618 3027 1658 3090 sd
1679 3027 1829 3101 adama

398 3114 518 3197 quaudo
533 3115 685 3176 Abraham
699 3113 823 3176 aceede
835 3135 938 3195 regum
955 3133 1094 3178 termene
1146 3118 1350 3196 posteritatem
1365 3117 1589 3198 amplissimam,
1605 3124 1637 3176 et
1652 3114 1774 3196 qnando
1787 3131 1828 3176 ae·

399 3212 453 3278 est,
475 3202 575 3264 adhuc
589 3205 620 3264 in
635 3202 714 3264 vivis
734 3199 835 3274 inisse,
858 3214 892 3262 ut
913 3201 1094 3264 benedicere
1146 3213 1202 3277 tus,
1226 3213 1257 3263 et
1272 3205 1416 3284 quamdiu
1433 3204 1551 3276 vireat,
1578 3212 1609 3264 et
1623 3202 1745 3284 quando
1763 3219 1828 3264 mes·

399 3290 429 3354 ei
453 3291 603 3369 potuerit,
632 3308 734 3349 verum
758 3292 847 3350 etiem
873 3290 931 3370 ipsi
954 3288 1095 3351 Abrahae
1147 3297 1224 3350 tuus.
1246 3289 1402 3352 Frivolum
1420 3298 1466 3352 est
1481 3300 1590 3359 autem
1612 3289 1696 3371 qnod
1711 3289 1829 3352 huicar

398 3378 605 3456 supervixisse
614 3377 984 3456 trigintaquinqueanuis;
993 3397 1093 3458 quem·
1146 3387 1287 3456 gemente
1317 3376 1515 3457 respondent,
1553 3375 1629 3437 nihil
1660 3373 1829 3438 istorumh

399 3461 559 3524 admodum
586 3463 691 3525 eodem
715 3461 797 3536 loco,
824 3461 954 3524 deducta
978 3465 1094 3525 ratione
1146 3461 1302 3543 Scriptura
1330 3465 1445 3524 narrari
1472 3461 1511 3523 de
1536 3463 1606 3524 Sam
1634 3464 1691 3525 sub
1723 3462 1830 3525 nomine

399 3557 582 3629 temporum,
604 3549 718 3630 colligit
739 3550 954 3628 Hieronymus,
977 3552 1093 3612 interim
1148 3549 1379 3625 Melchisedech,
1395 3550 1433 3611 de
1448 3568 1509 3629 quo
1520 3550 1685 3631 Apostolus
1700 3548 1829 3634 loquitar.

399 3638 497 3710 tacite,
521 3644 554 3696 ut
569 3637 698 3708 videtur,
719 3635 796 3696 hanc
811 3635 1019 3698 Hebraeorum
1035 3646 1093 3697 tra·
1147 3634 1255 3716 Neque
1277 3639 1356 3697 euim
1380 3636 1542 3717 Apostolus
1568 3641 1685 3700 tantm
1713 3637 1777 3717 agit
1799 3633 1831 3694 dt

400 3721 543 3784 ditionem
573 3723 753 3803 approbans.
789 3721 970 3803 Hieronymi
1001 3724 1094 3784 uerba
1147 3725 1275 3796 nemine,
1299 3722 1353 3786 sed
1376 3722 1414 3784 de
1438 3743 1574 3804 persona
1594 3724 1668 3786 licet
1689 3725 1778 3786 stiam
1798 3735 1831 3782 ex

399 3811 601 3890 transscripsit
623 3810 653 3870 iu
675 3829 762 3870 mum
785 3811 1025 3872 commentarium
1042 3829 1092 3871 au·
1146 3811 1266 3870 nomine
1282 3818 1366 3891 petat
1380 3809 1564 3889 allegoriam.

400 3904 464 3956 ctor
478 3896 682 3958 innominatus
698 3897 898 3974 expositionis
913 3896 1003 3977 hujus
1018 3897 1090 3977 lipi-
1190 3895 1353 3957 Praeterea
1367 3897 1437 3960 Sem
1458 3896 1552 3958 funes
1574 3916 1676 3978 regem
1692 3894 1831 3960 Salsmis

400 3979 496 4044 stelae
510 3982 802 4062 apudAmbroaium.
826 3983 927 4045 Secuti
944 3995 1093 4046 sunteeu·
1145 3991 1225 4044 terra
1252 3981 1414 4057 Chauaan,
1448 3985 1530 4064 qnod
1556 3982 1594 4045 de
1619 3977 1832 4050 Moloni-meri

400 4067 467 4130 dem
484 4071 665 4149 opinionem,
680 4070 786 4151 partim
803 4080 837 4131 ut
851 4070 1028 4152 simpliciter
1043 4092 1092 4132 ve
1147 4069 1304 4150 Scriptura
1320 4071 1452 4144 affirmat,
1475 4069 1559 4132 nullo
1581 4071 1669 4133 modo
1689 4071 1724 4131 St
1738 4067 1832 4132 verial-

398 4155 1094 4307 surmiuzillrurcliui
1147 4156 1233 4305 ul.
1249 4157 1834 4326 lusulusuuulu

400 4327 451 4387 sis.
477 4325 648 4407 caJersnne,
671 4329 850 4410 Eugubinns
874 4341 904 4392 et
924 4331 985 4393 alii.
1016 4333 1093 4393 Item
1147 4350 1243 4409 genus
1258 4330 1418 4392 hamanum
1435 4341 1631 4411 propagatum
1650 4341 1705 4394 est.
1737 4330 1834 4412 Quat·

397 4414 552 4496 Repertus
573 4416 708 4478 scribens
732 4419 761 4476 iu
777 4436 842 4496 cap.
861 4423 887 4479 1.
902 4417 1048 4480 Matthaei
1064 4425 1093 4479 et
1146 4419 1201 4489 vir,
1223 4418 1298 4477 tanti
1319 4420 1437 4497 generis
1457 4437 1574 4497 parens,
1596 4419 1622 4480 si
1645 4438 1700 4480 rex
1722 4418 1836 4479 futuru

399 4497 611 4564 Genebrsrdns
624 4504 655 4563 in
670 4500 827 4564 Chronico.
1147 4513 1226 4575 erat,
1252 4523 1312 4564 non
1333 4506 1421 4566 nnius
1445 4505 1612 4585 cujuspiam
1635 4505 1769 4568 civitatis
1790 4523 1835 4564 sn·

442 4588 504 4650 Sed
529 4587 608 4650 hanc
636 4590 814 4651 seutentiam
845 4600 875 4651 et
901 4591 1093 4671 Epiphanius
1146 4591 1249 4668 gustis
1278 4589 1439 4652 dominium
1467 4593 1534 4670 ejus
1559 4600 1591 4652 et
1616 4600 1751 4672 potestas
1777 4595 1838 4662 etei

399 4673 480 4749 olim,
504 4685 535 4737 et
549 4672 638 4736 hodie
659 4677 738 4737 inter
752 4676 828 4738 alios
842 4677 874 4738 F.
890 4677 1002 4740 Hibera
1015 4677 1094 4739 bene
1147 4675 1336 4738 coarctanda.
1361 4677 1469 4758 Neque
1490 4697 1613 4758 regnum
1629 4679 1709 4740 inter
1725 4677 1837 4740 Ohsus·

398 4759 576 4823 reintaruut.
613 4761 690 4822 Nam
714 4763 840 4842 primum
867 4763 951 4825 nulla
975 4764 1093 4825 ratione
1147 4782 1247 4835 naeus,
1266 4762 1356 4824 alieni
1371 4766 1490 4844 generh
1505 4764 1648 4838 homines,
1671 4765 1704 4825 id
1720 4774 1838 4846 eet'po·

400 4865 586 4928 consequens
608 4860 664 4922 est,
686 4850 712 4910 si
728 4850 876 4929 probetur,
897 4849 980 4931 qnod
995 4854 1026 4911 in
1042 4868 1091 4911 ve·
1146 4858 1241 4910 steros
1268 4847 1379 4924 (iham,
1408 4852 1547 4932 accipere
1572 4852 1624 4914 vel
1649 4852 1765 4933 potuit,
1793 4847 1840 4912 rel

398 4935 490 4995 ritate
502 4933 658 4996 Hebraice
681 4934 895 4997 dubitationem
916 4937 1093 5010 nonhabet,
1146 4937 1236 4997 etiam
1251 4933 1363 5012 debuit,
1383 4947 1418 4997 nt
1432 4937 1511 5001 bene
1525 4940 1721 5001 ratiocinatur
1736 4939 1840 5002 Press-

398 5017 469 5084 Sem
490 5020 606 5083 alaim
628 5028 763 5105 tempore
776 5022 927 5098 Abrahae,
949 5031 1040 5107 etque
1064 5023 1094 5085 ei
1145 5024 1214 5106 pins
1228 5023 1363 5085 muham
1384 5025 1415 5086 in
1430 5023 1506 5088 Gen.
1523 5024 1583 5100 15,
1605 5023 1661 5090 aad
1676 5027 1759 5089 iuter
1772 5041 1843 5090 suu
