4442 5825
395 595 470 666 tls
913 588 1324 647 moriturisne

392 765 515 842 luptats
539 763 708 840 durentur,
742 769 770 827 si
796 769 833 829 iss
859 767 942 828 diem
970 765 1094 829 deliciis
1140 766 1249 846 polluti
1265 776 1359 841 erant,
1382 775 1415 830 et
1428 787 1484 830 sua
1498 768 1679 848 spurcities

391 852 570 930 fortunium
593 853 671 915 ausi
684 851 767 915 dieat
781 853 963 934 Apostolus:
980 852 1090 914 Feliei-
1140 857 1260 917 nornine
1284 855 1395 916 Chrisu‘
1421 862 1624 935 oengrewoa
1654 876 1679 917 os

393 946 487 1000 tatem
517 947 652 1001 morunt
681 942 711 1002 in
738 941 948 1020 praesentibus
974 939 1091 1002 delieiis
1141 940 1229 1016 bant,
1252 945 1410 1022 ipsumque
1433 941 1550 1004 Christi
1566 962 1676 1005 noman

395 1028 492 1086 earnis
515 1034 719 1101 utrumnum,
742 1047 826 1089 more
840 1029 1090 1108 Epieurseoruru,
1140 1037 1233 1108 strrue
1247 1028 1391 1090 infamiae
1406 1030 1611 1108 exponebant
1641 1028 1679 1089 Iu

394 1114 492 1173 usuri
508 1114 650 1193 temporis
661 1135 698 1175 so
708 1113 817 1193 judieii
828 1123 897 1195 post
908 1115 985 1177 bauo
998 1116 1090 1175 vitam
1140 1124 1171 1175 ot
1185 1116 1294 1177 Petrus
1310 1114 1411 1175 vorbis
1427 1115 1648 1194 sequentibuss

394 1200 534 1260 secuturi.
575 1201 712 1262 Adamas
748 1202 812 1261 diei
842 1202 970 1261 delirius
999 1202 1089 1263 inser·
1182 1204 1312 1263 Delioiis
1332 1202 1503 1281 affluentes
1522 1206 1559 1264 iu
1582 1204 1678 1265 omui

394 1295 542 1366 pretatur:
570 1287 700 1347 delirius
724 1287 907 1349 dieculam.
936 1288 987 1349 iiio
1009 1290 1088 1349 euim
1138 1288 1339 1351 luxuriantes
1368 1290 1538 1351 vobiscum.
1586 1289 1679 1351 Graes

393 1382 490 1447 voest,
505 1380 537 1434 et
550 1373 631 1434 buno
645 1382 765 1435 emaum
781 1373 896 1436 reddit:
911 1375 1005 1435 Poste
1021 1393 1088 1437 uuo
1137 1394 1217 1436 nuno
1232 1385 1301 1437 sunt
1316 1378 1346 1436 in
1361 1377 1509 1449 manibus,
1529 1378 1574 1437 sio
1589 1375 1679 1437 babes

393 1467 424 1521 et
448 1462 550 1521 alteru
575 1461 627 1520 dis
652 1460 809 1536 deliciari,
840 1481 911 1522 eam
934 1468 1089 1537 reputant
1137 1462 1223 1523 bum:
1247 1464 1442 1525 Deliciasstar
1456 1467 1492 1523 iss
1508 1463 1678 1539 deceptiva

392 1551 522 1611 usticam
537 1555 567 1608 et
580 1562 736 1609 mruuam
751 1548 957 1626 uoluptatem.
1137 1551 1339 1626 ooipulaates
1361 1550 1455 1611 nebu.
1487 1551 1569 1609 Num
1590 1568 1679 1628 pros

435 1635 520 1709 Sunt,
546 1636 601 1714 qui
626 1634 708 1696 dam
735 1655 754 1695 s
780 1644 870 1697 noeto
891 1635 1086 1714 distinguent,
1137 1636 1256 1698 Graece
1276 1645 1333 1698 est:
1358 1628 1507 1710 ἀπάταις,
1531 1635 1564 1699 id
1586 1647 1679 1710 asts

392 1723 537 1783 isoisutsa
560 1721 640 1783 buno
665 1740 807 1783 sensum:
835 1725 937 1784 Exuto
966 1741 1087 1803 prorsus
1136 1732 1170 1783 ut
1184 1725 1275 1785 vertit
1283 1727 1435 1797 Erasmus,
1450 1743 1505 1784 seu
1520 1724 1627 1804 patius
1641 1724 1679 1783 de

392 1811 474 1870 omni
489 1807 611 1889 pudore,
633 1808 723 1869 stiam
738 1811 869 1871 interdiu
885 1817 1088 1871 oomeasuutur
1137 1810 1202 1871 bus.
1240 1810 1300 1872 Sed
1328 1811 1400 1890 quis
1427 1820 1527 1872 noster
1555 1812 1679 1890 interprs

392 1904 423 1957 et
437 1895 641 1968 libidinantur,
663 1916 754 1976 quum
774 1897 849 1958 bueo
863 1905 953 1958 nootu
968 1894 1034 1957 tisri
1048 1895 1086 1956 ub
1136 1901 1301 1972 sou-ulvils,
1329 1896 1490 1959 admodum
1506 1897 1677 1958 verisimile

393 1982 537 2063 improbis
562 1981 699 2056 soleant,
726 1981 848 2044 dicente
873 1982 985 2045 Paulo:
1026 1984 1087 2060 Qui
1137 1984 1167 2043 iu
1190 1984 1305 2045 Graeco
1329 1985 1452 2061 legisse:
1478 1975 1631 2060 ἀγάπαις.
1663 1983 1679 2058 i

392 2071 471 2131 ebrii
488 2076 573 2146 runt,
588 2077 681 2131 noete
695 2071 774 2131 ebrii
788 2079 874 2147 tuat,
904 2071 1043 2132 l'l'lrsas.
1057 2069 1086 2129 5.
1136 2075 1283 2132 caritates
1298 2070 1421 2151 quidem
1436 2070 1598 2151 signifieat,
1618 2070 1674 2132 eod

391 2157 498 2219 Pluoet
512 2157 561 2218 bio
575 2157 821 2233 semusbirasmo,
837 2166 899 2220 tam
910 2159 942 2219 iu
952 2156 1087 2239 parspb.,
1136 2178 1155 2218 u
1170 2167 1304 2238 temporo
1319 2159 1531 2236 Apostolorum
1548 2167 1679 2238 usurpat

392 2264 485 2326 quam
510 2247 540 2304 in
565 2252 696 2305 annotat
733 2244 828 2326 Atqui
847 2264 966 2307 sensum
992 2245 1087 2325 primo
1136 2247 1287 2306 conviviis
1305 2244 1543 2305 Christianorum
1567 2248 1679 2305 interr

392 2334 459 2393 laao
493 2332 599 2393 datum
630 2333 727 2411 magis
761 2334 924 2413 genuinum
950 2331 1085 2392 arbitror.
1135 2331 1174 2393 ed
1197 2352 1233 2393 eu
1254 2351 1403 2413 pauperes
1425 2331 1601 2392 advocanda
1627 2351 1679 2392 ear

392 2419 542 2482 Convenit
575 2418 653 2479 euim
680 2438 749 2479 uum
775 2419 888 2499 pluoito
914 2418 1087 2497 nugantium
1135 2437 1186 2479 oos
1200 2426 1386 2481 exeruerunt
1403 2418 1679 2498 Quamlsujusapp

391 2505 640 2567 resurrectionem
666 2513 698 2566 et
723 2504 833 2567 Obristi
858 2505 1021 2566 adveutum
1047 2503 1087 2564 ud
1135 2508 1279 2566 rationem
1302 2506 1379 2566 inter
1402 2506 1480 2566 ulios
1503 2504 1606 2566 adfert
1629 2505 1678 2567 'Pr

387 2592 545 2670 judicium,
560 2593 612 2674 qui
627 2593 732 2654 dieunt
746 2594 828 2674 apud
843 2591 973 2653 Paulum
990 2590 1086 2653 lOor.
1136 2595 1167 2653 in
1190 2593 1405 2673 apologetico,
1429 2612 1493 2672 sep.
1518 2593 1571 2652 39.
1617 2593 1679 2654 Piri

393 2680 463 2741 st:
506 2680 737 2742 Manducemus
767 2689 797 2742 et
824 2680 986 2756 bibamus;
1016 2696 1087 2739 oras
1135 2681 1337 2760 conjecturem
1358 2679 1503 2760 Epistola
1523 2680 1557 2738 B.
1580 2677 1679 2740 ludes

391 2770 476 2830 euim
499 2770 682 2828 moriemur.
711 2767 755 2827 Et
776 2766 856 2848 apud
871 2766 994 2827 Petrum
1010 2765 1087 2826 inira
1134 2769 1179 2828 sio
1208 2767 1340 2846 legitur:
1386 2770 1430 2828 Hi
1459 2774 1535 2828 suut
1565 2768 1601 2826 in
1633 2785 1679 2844 eps

391 2874 457 2934 usp.
474 2858 520 2918 3.:
541 2855 600 2916 Ubi
617 2862 660 2916 est
672 2857 843 2933 promissio
858 2861 916 2915 aut
930 2852 1087 2916 adoratus
1135 2854 1266 2917 Graeco:
1282 2845 1313 2913 ἐν
1329 2854 1404 2923 ταῖς
1423 2845 1562 2932 ἀγάπαις
1570 2876 1582 2931 ;
1597 2854 1679 2935 quod

392 2943 481 3019 sisse?
496 2961 573 3021 quos
586 2941 697 3004 ibidem
711 2952 813 3004 vocat:
824 2945 921 3017 jussa
933 2946 1086 3019 proprias
1134 2943 1242 3003 vertit:
1257 2946 1293 3004 ia
1308 2945 1471 3003 conuiuiis.
1489 2941 1516 3000 N
1519 2963 1567 3002 osu
1581 2951 1610 3002 et
1624 2941 1679 3002 illis

391 3032 658 3105 ooaoupiseesstias
669 3030 879 3104 mutulaatss,
892 3028 923 3090 id
936 3035 989 3103 est,
1002 3028 1085 3101 tales,
1136 3022 1406 3107 συνευωχούμενοι,
1433 3028 1514 3109 quod
1530 3028 1581 3089 bio
1596 3027 1679 3108 quids

391 3115 558 3197 eujusmodi
574 3116 622 3177 hio
636 3116 854 3179 deseribuntur.
1136 3120 1258 3178 mutes
1273 3117 1432 3190 transtulit,
1447 3115 1501 3177 sod
1516 3115 1558 3175 ibi
1574 3115 1679 3177 melius

436 3204 721 3281 Coissquiaatioaes
743 3213 772 3265 et
793 3205 947 3265 mordas.
978 3202 1030 3264 Sis
1044 3202 1084 3263 le·
1138 3212 1254 3266 nautes.
1286 3204 1345 3264 Pro
1365 3224 1425 3285 quo
1441 3203 1516 3283 legit
1531 3202 1679 3282 Augustis

391 3290 522 3369 gendum
548 3291 707 3372 pluraliter
733 3311 803 3352 ausu
829 3289 1021 3362 nominandi,
1048 3309 1086 3349 ex
1132 3293 1284 3369 palantes
1291 3335 1301 3365 ‚
1329 3292 1381 3352 lib.
1408 3292 1446 3352 de
1471 3289 1533 3349 fids
1559 3299 1592 3349 et
1620 3310 1670 3368 op.

392 3379 592 3458 outigatioue
615 3379 772 3451 Βοωιιιιιι,
799 3378 925 3441 Graecis
950 3375 1088 3437 omuibus
1136 3379 1245 3458 Itaque
1261 3398 1369 3440 seusus
1384 3387 1445 3439 eet:
1477 3377 1550 3436 Tati
1576 3377 1679 3437 delioii

392 3465 615 3543 exemplaribus
638 3474 669 3527 et
691 3465 865 3527 melioribus
879 3464 997 3526 Latinis
1018 3483 1084 3524 oon·
1137 3465 1274 3526 diffluunt
1295 3466 1325 3526 in
1349 3467 1454 3545 agapis
1476 3463 1537 3523 illis
1561 3466 1643 3536 suis,
1670 3465 1678 3524 i

392 3561 549 3630 sentanea3
572 3573 665 3633 quum
688 3556 720 3614 in
741 3553 856 3627 multis,
880 3562 972 3631 atque
995 3551 1086 3611 etism
1136 3553 1283 3614 conviviis
1298 3556 1437 3631 specioso
1452 3569 1636 3627 apuparum
1649 3571 1679 3611 ns

392 3639 472 3720 apud
492 3639 607 3701 Rodum
628 3641 708 3702 mals
729 3640 877 3720 legeretur
899 3640 930 3699 iu
952 3639 1087 3717 genitivo
1136 3639 1255 3708 velatis.
1274 3659 1353 3718 quse
1367 3640 1519 3701 vobiscum
1536 3645 1679 3698 exercent

392 3726 553 3806 singulari:
579 3729 860 3806 coinquinationis
880 3734 910 3788 et
930 3725 1086 3788 maculae.
1137 3747 1228 3806 quum
1243 3726 1319 3786 haec
1335 3728 1477 3788 convivia
1492 3726 1679 3804 Augustinus

391 3815 553 3877 Numerum
582 3814 728 3897 pluralem
758 3815 909 3896 expressit
933 3813 1085 3892 Hierony·
1137 3815 1176 3875 ed
1192 3815 1312 3890 epulas,
1329 3824 1362 3875 ut
1377 3823 1474 3885 voest,
1493 3818 1678 3874 sacrament

391 3920 474 3964 mus:
496 3902 604 3964 sordes
624 3912 655 3964 et
676 3903 829 3964 maculas.
859 3901 898 3962 Iu
913 3899 1029 3962 Grseeo
1044 3900 1087 3959 sio
1136 3902 1328 3975 dilectiones,
1344 3902 1376 3962 id
1391 3914 1437 3961 est
1451 3919 1576 3981 agapes,
1591 3899 1679 3975 plebi

390 3989 517 4070 legitur:
542 3986 649 4050 suillos
672 3981 724 4049 καὶ
747 3991 856 4067 μῶμοι,
881 3988 982 4061 idest,
1003 3987 1086 4047 labes
1178 3987 1272 4048 Porro
1281 3987 1432 4049 Graecum
1442 3976 1678 4066 participiumzi

391 4081 422 4138 et
449 4078 620 4152 vituperia.
668 4077 757 4137 Prius
786 4075 967 4138 voeabulum
997 4075 1085 4135 etism
1136 4091 1199 4150 τες,
1216 4075 1677 4145 Εππειιιιιιιπιιιὶιαπιιινοιιίι,

391 4162 489 4224 Paulo
504 4176 666 4245 usurpatur
681 4163 816 4245 upra:
831 4165 906 4226 Noa
920 4162 1085 4223 habeatem
1132 4163 1233 4243 jungit
1255 4183 1320 4223 oum
1344 4163 1535 4243 pronomine:
1560 4153 1653 4237 ὑμῖν,
1675 4184 1679 4196 ·

390 4250 559 4312 morulam.
605 4253 649 4313 Hi
675 4253 741 4331 ipsi,
768 4250 807 4312 de
834 4249 941 4329 quibus
968 4249 1086 4321 Petrus,
1136 4258 1199 4319 est,
1222 4252 1347 4330 primam
1371 4248 1531 4310 dictionem
1556 4266 1623 4308 essm
1647 4244 1678 4308 ui

391 4335 511 4399 aJuda
526 4330 687 4414 σπιλάδες,
714 4337 855 4399 derivata
870 4355 959 4411 vose,
985 4336 1087 4406 idest,
1136 4337 1217 4397 aiens
1249 4336 1443 4415 hyperbaton
1468 4335 1592 4396 minime
1621 4353 1679 4396 nea

390 4423 473 4485 labes
496 4444 550 4484 seu
573 4427 719 4487 maculas
735 4432 889 4486 vocantur.
918 4423 966 4483 lix
982 4423 1086 4485 sudem
1137 4423 1282 4502 Quemvis
1295 4423 1373 4485 enirn
1381 4423 1532 4485 Graecum
1550 4421 1675 4484 verboru

390 4510 536 4591 Apostolo
553 4511 703 4588 discimus,
723 4533 776 4574 our
792 4532 843 4572 sos
858 4511 969 4572 Petrus
984 4508 1085 4590 appel·
1135 4509 1307 4590 ambiguum
1329 4511 1369 4570 sit
1392 4510 1432 4571 sd
1455 4509 1613 4570 insultare
1633 4517 1679 4570 st·

389 4598 433 4659 let
456 4598 503 4660 bis
525 4599 712 4678 nominibus3
739 4619 776 4661 eo
803 4617 920 4679 nempe,
947 4598 1029 4677 quod
1055 4598 1085 4655 in
1135 4605 1236 4660 tamen
1251 4598 1307 4659 boo
1322 4598 1470 4679 posterius
1488 4594 1679 4674 praesentiis

392 4685 490 4766 epulis
504 4687 568 4748 suis
584 4688 685 4768 turpis
700 4685 859 4767 quaedam,
874 4693 905 4746 et
916 4685 995 4747 omni
1009 4685 1085 4745 vitu·
1136 4685 1273 4761 quadret,
1290 4694 1321 4745 et
1331 4685 1362 4745 iu
1375 4704 1440 4745 euru
1452 4702 1573 4744 sensum
1584 4701 1679 4764 aeesp

391 4774 545 4851 paratione
559 4771 653 4853 digne
668 4782 863 4850 exeruerout3
878 4771 982 4853 qualia
996 4770 1035 4832 du
1051 4771 1086 4829 iis
1136 4779 1184 4833 tur
1193 4770 1402 4845 Oeounrenius,
1414 4769 1679 4854 lioetiuterpread

390 4858 579 4940 Epiphanius
589 4860 682 4922 refert
694 4864 726 4923 iu
738 4860 854 4922 hesrai
866 4857 1085 4922 Gnosiioornm.
1136 4860 1252 4920 Erssmi
1267 4860 1396 4920 versioni
1413 4858 1537 4918 uiruium
1552 4858 1679 4922 inhsua

390 4945 490 5007 Erant
502 4945 596 5027 igitur
615 4947 700 5011 labes
714 4956 743 5011 et
757 4948 903 5010 maoulae
923 4965 979 5010 seu
1002 4948 1086 5008 ottu-
1182 4951 1231 5008 14.
1261 4947 1374 5009 Oosslos
1389 4944 1539 5007 babeatss
1552 4946 1668 5022 planos

385 5034 493 5113 paria,
518 5035 591 5118 quia
615 5037 688 5114 toti,
713 5044 745 5100 et
767 5036 881 5113 ammo,
905 5044 938 5100 ot
962 5051 1087 5117 corpore
1136 5033 1493 5100 stiaasrsobilisdslioti.
1508 5031 1679 5112 adulterii.
