4442 5825
408 434 482 508 Μ
912 426 1335 487 mmmsurusncnm
1861 390 1866 457 ⁴¹

405 626 469 669 non
482 614 572 689 cgere
585 604 711 688 deiuge
724 606 803 668 llosi
823 626 862 669 cx
876 605 1019 687 Aegypto
1035 615 1103 687 post
1154 615 1326 670 verterunt:
1353 609 1514 685 obduruit,
1540 610 1624 688 forti
1645 612 1750 673 nino
1764 609 1818 690 fd
1865 684 1866 691 χ

405 692 595 755 interiectum
604 692 797 774 Aegyptium,
807 691 862 754 sed
870 690 1101 766 dseodiscossu,
1154 696 1555 776 Erasmusseneumpotius,
1570 716 1663 777 quum
1678 695 1819 758 rubent-
1865 696 1866 709 ¹

407 799 477 862 quo,
492 800 559 842 unm
574 782 715 843 universo
731 781 853 861 populo,
868 781 1039 860 Aegyptum
1054 799 1099 839 re·
1155 781 1242 854 didit,
1265 783 1322 843 boc
1344 783 1449 843 modo:
1479 785 1620 845 Perinde
1643 789 1735 858 enirn,
1755 785 1824 861 prosi

404 866 502 949 liquit,
523 866 682 949 eidemque
704 867 744 928 cd
763 865 977 928 discedendum
997 874 1102 926 ructor
1154 870 1281 929 vidisset
1296 889 1377 944 cnm,
1402 873 1457 947 qui
1471 878 1515 930 ert
1530 871 1711 945 invisibilis,
1732 870 1824 931 iiceb-

406 963 438 1016 ct
452 954 558 1016 ducmr
571 954 638 1015 fuit.
662 953 733 1034 Quo
747 955 779 1015 in
793 953 910 1014 reddes
925 954 992 1032 ejus
1007 953 1099 1031 insig·
1155 956 1295 1016 duravit.
1319 957 1376 1016 Est
1398 966 1497 1016 autem
1519 957 1633 1018 allusio
1648 954 1828 1038 quuedsnsd

406 1043 486 1103 niter
507 1042 609 1105 eluxit.
633 1039 710 1102 (ium
733 1042 812 1102 enim
827 1059 874 1101 res
890 1049 971 1100 esset
986 1039 1098 1099 difficil·
1154 1045 1304 1104 notionem
1321 1042 1399 1115 fidei,
1416 1063 1507 1123 quum
1523 1043 1663 1106 definivit
1676 1062 1825 1120 orpunen·

404 1126 470 1190 limi
490 1129 613 1209 negotii,
635 1136 746 1188 tuntum
768 1128 919 1188 bominum
935 1125 1098 1186 multitudi·
1154 1136 1223 1190 tum
1237 1149 1306 1190 non
1321 1133 1572 1208 apparentium,-
1596 1140 1628 1192 et
1642 1131 1763 1212 proinde
1774 1150 1826 1210 prc-

403 1235 482 1290 nem,
497 1235 606 1296 magns
618 1235 658 1276 ex
669 1225 754 1295 purte
769 1214 929 1285 imbellem,
946 1234 962 1273 e
977 1212 1100 1274 sedibus
1154 1215 1237 1276 butio
1252 1217 1327 1294 ejus,
1344 1216 1425 1296 quod
1441 1217 1533 1278 dixit:
1549 1218 1775 1296 maeretque

403 1306 468 1364 suis
490 1301 619 1364 educere
642 1303 673 1362 in
696 1301 825 1362 alienum
850 1310 879 1363 et
894 1303 1027 1381 ignotum
1042 1309 1098 1360 ter·
1199 1307 1248 1365 28.
1265 1304 1345 1365 Fide
1357 1303 1527 1364 celebrauit
1537 1306 1659 1381 parcho
1673 1314 1704 1366 ct
1717 1306 1832 1380 ωψ-
1863 1314 1866 1341 ¹

403 1408 484 1468 rcm3
500 1392 661 1470 sciretque,
677 1391 758 1467 rogis
770 1391 911 1460 animum,
927 1407 1018 1468 squo
1029 1407 1097 1448 con·
1153 1392 1205 1450 nis
1220 1390 1413 1468 effusionem.
1437 1391 1561 1451 Dicitur
1571 1393 1673 1453 Moses
1684 1392 1832 1453 celebrent
1863 1390 1866 1439 ἵ

403 1494 519 1538 mustum
532 1479 586 1537 vix
597 1475 719 1536 tandem
732 1483 910 1547 extorserat,
926 1473 1099 1535 mutabilem
1154 1477 1227 1549 sire,
1243 1485 1277 1535 ut
1292 1479 1322 1537 in
1334 1477 1461 1551 Graeco,
1475 1479 1585 1556 scriem
1598 1481 1718 1556 parelio
1729 1487 1755 1539 et
1765 1478 1829 1556 cffu-

403 1582 479 1637 esse,
497 1563 617 1643 sibique
632 1564 775 1644 imprimis
791 1562 956 1636 infensum3
980 1580 1016 1621 uc
1032 1580 1098 1641 pro·
1153 1566 1272 1624 cionem
1285 1567 1462 1640 conpulerit,
1479 1568 1552 1645 quis
1565 1566 1625 1626 Dei
1633 1567 1723 1645 jussu
1736 1562 1829 1646 populu

403 1649 474 1712 inde
500 1649 693 1711 metuendum
716 1648 878 1722 videretur,
900 1668 949 1719 ue,
973 1648 1098 1708 consilio
1154 1651 1322 1711 Isrudlitico
1345 1651 1477 1711 faciendi
1499 1662 1607 1714 auctor
1621 1652 1689 1725 init,
1711 1650 1824 1713 ntitbt

403 1746 527 1810 mutsto,
553 1756 623 1797 mox
647 1736 782 1797 collectis
809 1737 912 1816 copiis,
940 1734 1099 1795 obeuntem
1154 1746 1202 1797 tur
1225 1737 1319 1798 Exod.
1339 1743 1386 1799 12.
1417 1739 1538 1799 Facere
1564 1742 1702 1815 parcho,
1729 1736 1829 1820 quidun

307 1812 315 1825 ’
403 1824 547 1905 populum
562 1832 676 1884 urmcts
691 1824 906 1894 viretrsheret,
922 1841 983 1881 unu
998 1842 1098 1882 secum
1154 1825 1409 1904 interpretentur:
1435 1827 1576 1886 occidere
1595 1829 1726 1904 poscito,
1748 1823 1831 1893 dre.

403 1913 630 1992 inperpetuum
646 1931 682 1971 nc
696 1908 841 1970 duriorem
865 1911 1038 1968 servitutem
1054 1927 1097 1969 re·
1153 1931 1264 1988 egnum
1287 1911 1469 1990 paschalem.
1493 1912 1564 1973 Non
1585 1923 1678 1987 recte,
1701 1915 1769 1995 quis
1784 1910 1831 1988 {t-
1865 1974 1866 1979 ,

405 1995 586 2079 digendum:
624 1997 680 2057 huc
707 2006 808 2058 tumen
837 1993 991 2056 iracundie
1020 1996 1100 2073 regis
1153 2016 1221 2058 ecre
1243 2019 1304 2057 uon
1325 1998 1420 2058 solum
1443 1999 1492 2058 bic
1515 2000 1554 2059 ud
1576 2001 1693 2079 perche
1713 1998 1832 2068 refertur,
1862 1992 1866 2023 ¹

404 2093 587 2165 contemptu,
609 2104 671 2144 rem
696 2103 857 2164 eggressus
878 2091 930 2155 est,
954 2081 1018 2141 solu
1039 2081 1099 2142 fide
1154 2084 1312 2144 sedetiam
1325 2085 1533 2163 sdssuguinis
1546 2088 1738 2164 effusionem
1752 2101 1832 2168 qm
1854 2030 1866 2169 i

404 2170 559 2246 subnixus,
579 2191 637 2249 qus
652 2172 801 2244 credebat,
818 2171 917 2230 Deum
932 2169 1043 2249 populo
1059 2167 1098 2227 ud
1153 2173 1299 2249 expositio
1319 2191 1379 2230 non
1395 2171 1532 2250 quadret.
1574 2174 1705 2235 Sensum
1719 2169 1832 2234 cumdii
1863 2182 1866 2255 l

405 2277 451 2331 es,
467 2278 547 2338 quse
562 2261 746 2339 promiserat,
768 2257 988 2336 impedimentis
1004 2257 1097 2316 omni·
1153 2268 1254 2317 noster
1278 2260 1439 2337 interpres,
1466 2279 1536 2338 pro:
1564 2261 1660 2338 fecit,
1688 2256 1829 2321 suumn:
1862 2258 1866 2319 Ξ

402 2342 459 2405 bus
473 2347 603 2418 remotis,
626 2347 707 2406 vium
723 2353 905 2425 pumturum.
1152 2345 1339 2420 celebravit5
1363 2354 1398 2404 ut
1415 2348 1535 2421 parens
1558 2367 1619 2407 non
1642 2368 1737 2428 ugnus
1756 2342 1825 2406 intul-

447 2431 643 2492 Invisibilcm
673 2434 757 2492 onim
789 2439 951 2506 tamquam
988 2428 1099 2489 uidens
1153 2429 1271 2510 ligatur,
1295 2432 1374 2491 sicut
1389 2433 1470 2502 ulibi,
1495 2453 1586 2513 quum
1608 2432 1832 2513 peschsdiritn·
1863 2488 1866 2499 .

403 2521 560 2578 rurttnuit.
585 2517 686 2578 Lutini
709 2517 852 2577 verbum:
874 2519 1035 2589 sustinuit,
1059 2514 1098 2574 sd
1153 2518 1317 2593 immolsri3
1341 2518 1396 2578 sed
1423 2520 1517 2599 ipsius
1538 2521 1607 2599 ugni
1633 2520 1787 2581 immoletio
1802 2523 1831 2575 8
1858 2586 1866 2603 ⁴

404 2602 505 2664 Deum
520 2604 661 2678 referunt,
675 2612 710 2665 ut
724 2622 829 2664 sensus
844 2604 896 2662 sit:
912 2602 990 2661 lrsm
1007 2601 1097 2660 homi·
1153 2623 1220 2664 esus
1235 2623 1300 2663 cum
1315 2606 1374 2663 ritu
1386 2608 1581 2685 praescripto,
1597 2603 1829 2688 quemadmod·

404 2689 452 2751 nis
474 2689 601 2750 risibilis
621 2692 806 2770 contempsit,
830 2691 903 2769 quio
925 2688 985 2749 fide
1000 2689 1097 2747 Deum
1151 2690 1227 2751 bene
1243 2693 1370 2768 exponit
1384 2692 1415 2752 S.
1433 2692 1575 2753 Thomas.

404 2777 596 2851 invisibilem,
619 2785 772 2857 tamquam
786 2775 913 2848 videret,
935 2775 1096 2848 sustinuit,
1195 2777 1318 2836 Dictum
1348 2789 1396 2837 est
1422 2781 1562 2854 pascha,
1594 2800 1654 2841 uon
1684 2800 1704 2841 ι
1730 2778 1828 2841 (lum

401 2860 461 2923 hoc
489 2871 536 2924 est
561 2864 766 2945 exspectavit,
789 2861 906 2924 scilicet
929 2861 1098 2941 adjutorem
1151 2855 1293 2941 πάσχειν,
1313 2862 1344 2924 id
1359 2873 1406 2925 ost
1420 2866 1490 2945 peti,
1513 2866 1566 2927 sed
1582 2866 1621 2927 ab
1637 2867 1827 2941 Hebraeum·

404 2956 434 3009 et
452 2962 713 3011 remuneratorem.
736 2951 804 3011 Etsi
825 2948 962 3009 nonnulli
984 2951 1097 3009 inviri-
1151 2953 1240 3026 sach,
1268 2970 1319 3010 seu
1346 2973 1364 3011 s
1389 2953 1515 3031 Syrisce
1538 2955 1657 3030 phase,
1684 2964 1717 3014 nt
1740 2949 1825 3013 ml&

359 3089 365 3096 .
404 3035 496 3097 bilem
520 3046 689 3117 exponunt,
713 3044 857 3117 quantum
880 3033 918 3094 sd
941 3036 1097 3115 promisso,
1150 3038 1371 3116 Hieronymus,
1393 3038 1474 3118 qnod
1498 3043 1671 3101 transitum
1695 3038 1822 3121 sigum

403 3137 480 3203 quse
495 3122 607 3197 Moses,
621 3125 678 3184 etsi
693 3145 754 3184 non
768 3121 900 3194 videbat,
916 3120 975 3181 fide
990 3130 1096 3195 temen,
1150 3125 1307 3184 Rationem
1331 3127 1459 3185 nominis
1482 3128 1547 3205 ipse
1562 3127 1710 3188 Dominus
1724 3123 1817 3205 sdjrs’t

402 3215 557 3291 tumqurm
568 3209 694 3283 videret,
710 3208 913 3354 exspectabat.
936 3207 1050 3268 Verum
1065 3211 1097 3268 in
1150 3209 1254 3270 eodem
1270 3209 1336 3269 loco
1352 3210 1473 3272 dicens:
1489 3214 1533 3273 m
1547 3214 1693 3275 tromibo
1704 3217 1815 3291 portu·-

403 3293 520 3358 (irseco
543 3305 688 3358 nonest:
714 3313 754 3355 on
772 3310 889 3373 μεινεν,
920 3313 980 3372 quo
1003 3294 1095 3354 verbo
1149 3315 1222 3356 rum
1243 3300 1379 3373 Aepypti
1402 3306 1491 3359 noete
1514 3300 1584 3375 illo,
1604 3304 1815 3376 percutiunt·

403 3400 496 3463 coepe
510 3382 864 3463 slibiScriptursutitnr,
880 3382 1025 3460 quodque
1038 3382 1094 3442 Lu·
1150 3402 1242 3444 omne
1260 3387 1512 3459 primopens'tum
1533 3389 1569 3446 in
1592 3393 1683 3448 terra
1703 3380 1817 3463 Aem'·
1859 3401 1866 3460 ,ἰ

400 3470 484 3529 tinus
504 3469 651 3549 interpres
669 3470 780 3548 prosim
802 3468 905 3528 vertit:
931 3470 1094 3542 sustinere,
1149 3471 1195 3530 Ac
1222 3488 1338 3530 rursus:
1372 3472 1416 3531 Et
1440 3472 1553 3533 videbo
1577 3471 1819 3550 nonenim&
1858 3465 1866 3482 '⁸

402 3553 434 3615 ld
449 3563 496 3616 est
509 3557 658 3635 patienter
673 3563 856 3636 exspectare,
876 3553 958 3614 unde
973 3554 1095 3614 cerbole
1149 3556 1292 3617 tronribo
1307 3574 1372 3630 cos,
1389 3558 1418 3617 id
1431 3561 1668 3639 estprreteribo.
1691 3560 1817 3634 Nonus·
1850 3567 1854 3572 '

401 3658 510 3702 nomen
532 3643 563 3701 in
585 3641 744 3722 Scripturis
766 3640 925 3720 frequens:
949 3634 1093 3718 ὑπομονὴ,
1148 3663 1256 3703 nomen
1280 3642 1336 3702 hoc
1358 3643 1485 3704 inditum
1508 3655 1555 3707 est
1576 3666 1595 3706 s
1617 3649 1744 3708 monitu
1761 3640 1816 3706 tte

393 3725 599 3803 ‘Minentim
621 3730 798 3806 patiemim
825 3726 879 3787 sed
902 3737 949 3787 est
970 3726 1093 3787 verbum
1147 3748 1212 3789 rum
1235 3728 1333 3790 Israel
1354 3750 1408 3810 per
1429 3751 1510 3793 mure
1531 3732 1665 3806 rubrum,
1692 3743 1726 3794 ut
1742 3731 1816 3791 rin

398 3803 614 3893 diruptipques,
639 3814 722 3895 quod
745 3813 784 3874 sd
807 3834 877 3885 rem,
899 3834 958 3875 non
973 3813 1011 3873 ud
1027 3834 1092 3893 per·
1148 3825 1195 3876 est
1220 3814 1418 3894 quibusdem3
1452 3817 1506 3878 sed
1528 3840 1549 3881 x
1569 3821 1697 3881 transitu
1720 3809 1818 3881 Duff

399 3917 505 3962 sonum
528 3901 716 3962 referendum
739 3909 793 3962 est
821 3901 976 3981 Significat
997 3901 1092 3960 enim:
1147 3921 1201 3982 per
1215 3904 1398 3983 Aegyptum,
1414 3912 1443 3962 et
1457 3908 1675 3983 praeteritione
1690 3906 1812 3967 Heln»

396 3987 548 4063 tolerare,
561 3990 723 4065 patienter
735 3989 822 4066 serre
837 3983 1048 4049 incommoda.
1146 4010 1209 4049 rum
1226 3991 1258 4048 iu
1273 3989 1435 4051 credendis
1450 3993 1670 4071 primogenitis.

441 4073 593 4153 Quocirca
613 4076 711 4155 magis
734 4074 827 4154 probo
843 4074 1025 4136 Graecorum
1040 4094 1091 4134 ex·
1189 4075 1283 4135 Porro
1301 4079 1473 4153 conquirite
1494 4078 1680 4156 effusionem
1701 4075 1810 4159 igitir
1852 4089 1856 4094 '

391 4162 585 4241 'petitionem
601 4180 679 4242 quse
695 4162 764 4222 telis
781 4170 843 4221 est:
859 4163 1032 4240 Aegyptum
1047 4181 1090 4221 rc·
1146 4162 1248 4234 molrti
1271 4164 1414 4243 intellige
1438 4163 1519 4224 Num
1543 4165 1581 4225 de
1604 4166 1747 4245 semine
1763 4161 1810 4239 dv
1850 4167 1853 4176 '

397 4245 487 4327 liquit
511 4255 603 4328 utque
626 4248 694 4308 iude
717 4248 860 4327 populum
884 4248 1006 4318 eduxit,
1033 4268 1092 4307 oon
1145 4248 1238 4308 effuso
1259 4248 1404 4310 liniebant
1426 4251 1475 4311 vsl
1491 4253 1696 4333 aspergebant
1713 4250 1811 4334 quiqu
1846 4263 1849 4268 '

395 4335 513 4396 veritus
534 4336 608 4395 irem
632 4336 714 4414 regis
735 4335 871 4406 visibilis,
899 4338 972 4414 quis
992 4333 1090 4394 Deum
1144 4353 1217 4395 sure
1240 4334 1346 4395 domus
1368 4346 1528 4417 utrumque
1549 4348 1668 4417 postem
1693 4348 1810 4415 etmp*

392 4419 576 4482 invicibilem
599 4421 765 4499 adjutorem
792 4439 877 4479 suum
901 4441 936 4479 ec
956 4439 1089 4479 remune-
1144 4420 1286 4494 liminare,
1302 4425 1378 4483 sicut
1396 4424 1553 4485 eisiueret
1567 4415 1811 4508 praeceptali

394 4516 531 4580 retorem,
547 4515 700 4587 tamqnam
717 4507 812 4568 oculis
826 4506 955 4578 videret,
971 4505 1030 4566 lide
1045 4508 1088 4566 in·
1143 4518 1219 4579 eunt,
1229 4510 1593 4591 quivertendumputeut:
1605 4517 1811 4590 asperrimi

394 4601 491 4665 tuens,
512 4595 613 4655 omniu
634 4594 688 4654 ills
711 4596 785 4654 durs
807 4594 956 4653 toleravit.
980 4592 1089 4672 Itaque
1142 4593 1194 4654 sed
1210 4594 1327 4656 Graeca
1341 4616 1403 4657 vox
1419 4597 1605 4675 effumoncm
1619 4619 1674 4659 sen
1691 4594 1811 4680 proiorir

393 4680 571 4741 metathesis
598 4700 665 4742 esse
692 4679 809 4741 ridetur
831 4682 863 4739 in
885 4679 985 4740 verbis
1009 4680 1087 4758 Apo·
1142 4700 1209 4741 nem
1239 4682 1400 4760 significet,
1434 4703 1495 4745 uon
1524 4690 1746 4763 aspersionem.
1781 4682 1814 4743 lt

390 4763 470 4836 ntuli,
485 4775 518 4827 ut
532 4777 632 4828 rectus
648 4766 721 4828 ordo
737 4770 792 4827 sit:
812 4768 990 4844 Tamquam
1003 4770 1086 4827 enim
1140 4770 1224 4848 prins
1239 4771 1371 4847 oportuit
1387 4770 1500 4830 effundi
1517 4775 1706 4852 sanguinem,
1727 4781 1758 4832 ut
1769 4783 1813 4830 nt

397 4851 586 4915 montonem
601 4854 721 4929 videm,
744 4856 903 4915 moisen
927 4853 1019 4934 Quod
1033 4851 1087 4913 ulii
1140 4856 1263 4915 moretis
1287 4856 1425 4935 pertibus
1447 4856 1554 4919 donus
1578 4852 1814 4941 possetupufl't
