4442 5825
391 595 412 660 g
995 579 1219 636 rrumsomru

434 759 525 818 Porro
551 757 689 817 Clemens
715 757 871 821 6116666
899 777 959 816 non
985 764 1086 817 tautae
1138 755 1238 834 666611
1253 774 1329 814 6666
1346 764 1416 833 6661
1432 755 1616 814 eversionem
1628 754 1833 833 Jorosolymo·

390 850 512 904 luerunt
538 845 724 904 auctoritatis
746 843 826 922 apud
849 841 1025 917 Hebraeos,
1052 850 1087 901 ut
1138 861 1203 900 ram
1218 842 1372 918 vigesimo.
1394 840 1462 900 Nisi
1477 841 1543 920 quis
1564 839 1644 898 dicat
1659 840 1742 898 illurn
1759 841 1837 899 lianc

390 931 429 991 de
451 929 607 1008 profundis
631 929 820 990 Christianae
842 928 913 988 fidei
935 929 1086 1007 mysteriis
1139 926 1304 1007 Epistulam
1328 928 1438 1006 viginti
1461 926 1642 1004 etamplius
1665 927 1750 986 annis
1765 936 1837 986 6616

390 1015 430 1076 61
445 1015 697 1076 eusinstruendus
713 1014 817 1073 literas
833 1014 946 1074 darent.
973 1014 1084 1093 Quam·
1138 1033 1226 1072 suum
1242 1011 1444 1092 pontificatum
1461 1014 1632 1089 scripsisse,
1659 1011 1738 1093 quod
1752 1013 1836 1070 nullo

390 1104 530 1162 visenim
547 1101 687 1162 Clemens
707 1100 796 1159 166611
818 1098 1087 1161 insechomana
1138 1098 1227 1159 modo
1250 1105 1296 1157 661
1316 1097 1486 1158 verisimile.
1521 1098 1614 1167 Nam,
1642 1109 1676 1157 ut
1698 1098 1838 1170 diximus,

390 1188 472 1248 Petri
486 1207 649 1256 successor,
665 1189 734 1266 quia
750 1197 850 1245 tamen
861 1186 949 1244 homo
964 1185 1087 1265 gentilis
1139 1205 1222 1257 eum,
1246 1186 1299 1263 qui
1321 1184 1361 1243 sd
1377 1184 1532 1244 Hebraeos
1555 1183 1594 1243 16
1611 1185 1699 1243 66166
1714 1193 1775 1243 tam
1791 1204 1835 1242 ar-

391 1282 470 1348 6661,
496 1293 603 1352 parum
624 1270 765 1351 ponderis
786 1270 825 1330 ad
848 1271 1087 1350 persuadendam
1140 1271 1216 1341 duis,
1232 1290 1297 1329 cum
1313 1291 1367 1350 spe
1383 1270 1498 1329 tructus
1514 1270 1665 1350 scriberet,
1683 1270 1839 1347 oportebat

392 1361 549 1421 habuisset
563 1360 628 1436 ejus
644 1358 782 1435 Epist-ola
797 1357 878 1436 apud
893 1357 1038 1428 Judaeos,
1055 1366 1089 1415 61
1138 1358 1238 1415 virum
1265 1375 1331 1415 esse
1353 1374 1487 1415 summae
1513 1357 1713 1427 auctoritatis,
1740 1355 1838 1433 qualis

311 1466 317 1477 ’
392 1448 444 1524 661
463 1444 627 1504 doctrinam
651 1453 679 1501 61
702 1445 917 1503 institutionem
940 1443 978 1503 16
1000 1443 1087 1503 66166
1139 1445 1247 1520 611666
1274 1439 1413 1501 Clemens
1436 1440 1488 1499 illu
1515 1451 1650 1520 tempure
1679 1462 1739 1499 666
1765 1450 1838 1498 crat.

393 1529 547 1609 religionis
563 1551 581 1589 a
597 1529 760 1608 gentilibus
783 1532 921 1608 accipere
937 1549 1088 1609 nunquam
1184 1529 1269 1587 Haec
1279 1527 1368 1606 paulo
1378 1526 1533 1606 prolixius,
1549 1526 1588 1585 ad
1600 1525 1840 1606 redarguendam

392 1618 423 1675 in
438 1618 569 1679 animum
585 1614 782 1675 induxissent
804 1615 909 1687 Adde,
926 1615 1006 1693 quod
1022 1617 1088 1692 ipse
1141 1613 1224 1673 illam
1240 1612 1277 1673 16
1289 1612 1446 1674 Clemente
1461 1614 1639 1692 opinionem,
1655 1623 1738 1673 6166
1751 1633 1841 1692 quem
1869 1605 1873 1613 ’

393 1701 535 1763 Clemens
550 1701 622 1760 dum
646 1703 677 1760 in
699 1721 755 1761 sua
776 1700 815 1760 ad
832 1700 1001 1761 Corinthius
1016 1702 1087 1779 Epi·
1142 1699 1230 1758 sallat
1242 1700 1359 1758 Erasini
1371 1702 1534 1770 annotatio,
1551 1718 1629 1778 quae
1641 1698 1736 1759 estad
1749 1699 1840 1758 tinem

395 1787 489 1859 stula,
516 1789 595 1847 sicut
615 1790 750 1865 superius
773 1807 809 1847 ex
836 1787 969 1847 Eusebio
993 1787 1089 1858 retuli,
1141 1795 1274 1845 annotat
1290 1786 1402 1863 Epist.·,
1421 1785 1472 1844 ubi
1487 1786 1664 1845 sententiam
1680 1786 1757 1843 banc
1773 1804 1840 1843 cen·

395 1872 525 1934 subinde
551 1874 716 1932 sententias
743 1892 781 1933 ex
804 1873 946 1952 Epistola
967 1871 1005 1931 ad
1028 1873 1089 1933 He·
1143 1881 1190 1932 set
1213 1870 1373 1931 admodum
1395 1870 1596 1949 probabilem,
1620 1889 1747 1950 eamque
1766 1871 1839 1929 Hie·

394 1960 501 2019 brsuus
518 1960 639 2034 intexit3
655 1959 780 2019 alterius
795 1978 861 2019 eam
877 1961 1008 2019 aucturis
1025 1978 1091 2018 esse
1143 1976 1268 2036 rouymu
1291 1966 1414 2017 conatur
1440 1956 1622 2028 adscribere,
1648 1956 1730 2036 quod
1756 1959 1783 2015 is
1811 1957 1842 2016 in

394 2064 486 2125 66666
502 2063 601 2116 suum,
628 2044 800 2123 planissime
815 2043 955 2105 declarat„
991 2044 1033 2104 Ut
1047 2053 1090 2104 ta·
1144 2044 1281 2121 catalogo
1305 2043 1343 2103 16
1366 2043 1519 2104 Clemente
1541 2062 1649 2120 agens,
1672 2042 1729 2102 sibi
1744 2041 1841 2101 videri

395 2148 496 2205 usam,
522 2130 605 2211 quod
629 2131 721 2208 hujus
750 2129 906 2210 Epistulae
933 2131 1031 2210 stylus
1062 2141 1092 2190 et
1144 2129 1225 2189 11661
1240 2130 1408 2208 Epistulam
1423 2128 1601 2198 Clementis,
1624 2149 1714 2207 quam
1730 2128 1769 2187 ad
1785 2127 1842 2188 Co·

396 2216 486 2279 dictio
501 2234 561 2277 non
584 2224 629 2276 661
650 2217 779 2277 huminis
795 2209 937 2288 Romani,
960 2215 1016 2276 661
1031 2217 1090 2276 Η6·
1144 2215 1268 2276 rinthius
1294 2217 1441 2294 Ι66616611,
1478 2214 1644 2274 characteri
1675 2215 1842 2294 Epistulae,

395 2304 478 2363 16661
503 2301 619 2363 Graece
644 2303 741 2380 666111.
779 2303 851 2365 Jam
877 2322 933 2363 666
958 2302 1031 2362 11161
1061 2303 1092 2361 16
1145 2320 1221 2381 6666
1236 2299 1294 2360 661
1309 2301 1397 2361 Ρ6611
1421 2302 1538 2360 numine
1558 2299 1598 2359 61
1613 2301 1768 2361 Hebraeos
1785 2302 1841 2361 ter-

396 2388 580 2449 Clementem
609 2388 756 2468 quadrat,
787 2389 869 2467 quud
900 2398 945 2449 est
974 2391 1005 2449 in
1033 2388 1093 2451 fine
1146 2397 1208 2461 tur,
1234 2388 1409 2459 convenire,
1436 2398 1465 2446 et
1487 2387 1607 2447 omnino
1636 2386 1781 2466 grandem
1811 2388 1843 2446 16

396 2474 569 2553 Epistulae,
596 2475 647 2533 ubi
677 2482 780 2534 auctor
805 2484 893 2553 rugat
919 2474 1091 2534 Hebraeos:
1144 2482 1271 2552 utraque
1301 2473 1530 2533 similitudinem
1555 2483 1706 2551 agnoscat
1754 2474 1843 2551 Quae

395 2568 432 2621 ut
446 2578 506 2635 pru
521 2577 552 2619 66
568 2567 676 2633 creat,
701 2578 762 2636 qao
785 2563 917 2620 celerius
938 2563 978 2620 116
999 2562 1091 2620 resti·
1145 2560 1265 2639 quidem
1291 2559 1385 2618 rerba
1414 2560 1620 2637 Hieronymus
1649 2559 1687 2618 ab
1712 2558 1843 2619 Eusebio

396 2653 515 2707 1616166.
546 2642 623 2704 Cum
639 2647 715 2705 enim
733 2644 870 2708 Clemens
885 2654 965 2707 esset
979 2646 1091 2724 661666-
1145 2653 1296 2705 mutuatus
1312 2655 1374 2717 est,
1402 2645 1506 2705 eadem
1521 2665 1598 2725 6666
1610 2645 1758 2705 scribente
1774 2645 1843 2704 hist

397 2751 454 2812 pus
468 2733 621 2792 Romanus
636 2752 696 2790 non
712 2732 740 2791 16
757 2731 893 2802 161666,
909 2731 962 2791 661
977 2732 1092 2792 Romae
1145 2730 1197 2790 lib.
1215 2734 1242 2792 3.
1260 2751 1325 2809 666.
1342 2733 1392 2793 32.
1430 2732 1477 2791 Ε6
1493 2750 1554 2808 666
1576 2731 1643 2790 1666
1666 2732 1767 2810 palam
1790 2742 1844 2804 est,

397 2819 588 2878 mutaticum
605 2817 815 2890 conveniebat,
836 2818 889 2877 ubi
905 2827 935 2877 et
950 2827 1092 2878 muratum
1145 2817 1184 2877 de
1207 2818 1367 2896 interprete
1387 2816 1549 2896 Epistulae,
1573 2840 1633 2878 non
1655 2817 1694 2876 de
1715 2826 1844 2889 auctore,

397 2903 492 2964 161666
506 2911 631 2964 6666161
654 2902 715 2963 Sed
731 2924 788 2963 666
803 2914 873 2964 6616
888 2905 1094 2982 pontificatum
1145 2905 1221 2964 haec
1236 2903 1273 2961 ab
1296 2902 1354 2963 illis
1378 2902 1458 2963 11616
1473 2924 1556 2977 esse,
1578 2905 1751 2983 praesertim
1775 2924 1843 2963 cum

324 3013 342 3032 ³
399 2988 539 3051 Clemens
554 2991 585 3048 16
600 2990 720 3050 161666
734 2990 791 3049 1611
805 3001 953 3052 versatus.
1147 2998 1273 3068 uterque
1288 2997 1432 3065 testetur,
1456 2989 1641 3052 Clementem
1658 2994 1687 3049 in
1702 3010 1757 3050 sus
1772 2992 1844 3068 Epi·

441 3075 624 3155 Quanquam
655 3085 685 3136 61
714 3096 752 3135 66
783 3086 949 3155 tempurum
978 3079 1095 3138 6611666
1146 3075 1224 3135 61616
1240 3077 1388 3137 verbatim
1403 3078 1842 3156 66666116611666661161616-

398 3162 565 3223 66116166(
589 3163 691 3239 opinio
715 3162 868 3222 refellitur.
906 3162 1025 3242 Scripta
1048 3172 1095 3222 661
1146 3163 1177 3223 16
1192 3160 1232 3221 61
1247 3162 1415 3222 Η6166666.

399 3250 479 3309 enim
500 3247 636 3326 Epistola
662 3257 733 3309 6616
762 3248 915 3309 excidium
937 3249 1094 3328 Jerusoly·
1191 3246 1267 3306 Cum
1293 3250 1385 3327 igitur
1406 3248 1481 3309 1666
1502 3246 1640 3327 Epistola
1662 3268 1763 3327 neque
1780 3250 1844 3310 Cle·

398 3336 558 3406 mitannm,
574 3353 610 3392 eu
625 3334 739 3396 66111661
755 3345 903 3413 tempure,
922 3354 980 3415 quo
996 3334 1096 3396 adhuc
1148 3336 1254 3393 mentis
1270 3335 1322 3406 sit,
1341 3354 1441 3415 neque
1461 3336 1626 3413 cujuspiam
1641 3355 1752 3405 eurum,
1780 3338 1844 3413 qui·

399 3419 519 3491 fideles,
546 3422 599 3497 qui
616 3423 645 3480 iu
660 3420 780 3481 161666
804 3430 905 3494 66661,
933 3420 1094 3482 61616616
1148 3419 1442 3480 1666116116161611
1465 3420 1571 3493 61116,
1595 3422 1646 3499 661
1667 3420 1755 3480 Pauli
1780 3442 1845 3481 uam

399 3504 569 3566 infidelibus
591 3508 674 3566 varie
698 3505 892 3567 vexabantur.
929 3506 1027 3585 Super
1050 3506 1094 3565 bie
1148 3524 1215 3566 esse
1241 3516 1408 3585 negarunt3
1431 3528 1466 3567 eu
1489 3526 1614 3567 neeesse
1630 3516 1676 3567 est
1698 3509 1845 3581 veniatur,

399 3593 475 3652 enim
507 3609 558 3650 eus
589 3593 759 3651 consolatur
799 3604 903 3652 666166
940 3593 1095 3671 Ε61616166
1147 3601 1182 3651 61
1203 3600 1257 3650 661
1279 3612 1346 3652 cum
1370 3592 1518 3671 CaJetanu
1546 3613 1667 3671 prorsus
1692 3604 1845 3655 auctorem

398 3677 529 3755 66610.
553 3686 583 3735 61
605 3679 652 3735 12.
689 3677 828 3755 11166666
850 3699 889 3738 66
913 3698 947 3737 66
970 3677 1092 3738 6666116-
1148 3681 1326 3757 ignoremus,
1343 3689 1394 3739 661
1406 3699 1474 3739 6616
1489 3679 1557 3738 aliia
1573 3680 1733 3740 Catholicis
1749 3683 1844 3740 16166-

397 3771 476 3821 61666
499 3773 562 3832 661,
589 3764 661 3840 6616
684 3762 819 3842 11666161
841 3763 878 3823 16
901 3764 1094 3841 abrogatione
1147 3785 1213 3825 mur
1227 3785 1287 3826 nou
1302 3766 1393 3825 alium
1406 3785 1473 3825 6666
1489 3785 1579 3845 quam
1591 3766 1725 3825 Paulum.
1749 3768 1847 3846 Atqui

397 3847 556 3907 sacerdotii
581 3857 610 3906 61
638 3849 851 3908 sacrificiorum
873 3852 985 3909 veteris
1008 3850 1092 3928 legis,
1147 3870 1221 3910 saue
1237 3851 1365 3910 Paulum
1387 3871 1454 3912 esse
1476 3863 1627 3912 auctorem
1649 3853 1743 3911 multa
1767 3863 1846 3929 sunt,

398 3932 479 4012 quud
494 3953 554 3993 uun
569 3933 728 3993 admodum
751 3954 826 4013 opas
848 3944 914 3995 6661
936 3934 1009 3995 6616
1027 3937 1091 4013 jam
1148 3956 1227 4014 quau
1236 3937 1416 3997 confirment
1432 3939 1567 3997 Primum
1577 3940 1740 4000 auctoritas
1753 3938 1844 3999 Grac·

398 4038 505 4080 eversa
519 4017 692 4097 temploque
714 4019 882 4092 destructo,
905 4031 991 4081 66166
1013 4020 1093 4101 6661
1147 4042 1247 4081 corum
1263 4022 1397 4095 Patrem,
1413 4025 1464 4103 qui
1481 4042 1598 4094 omnes,
1616 4043 1675 4082 uno
1692 4024 1781 4100 Cajo,
1805 4026 1845 4085 de

396 4105 480 4163 66166
492 4104 694 4165 66611616616
707 4106 881 4165 sacrificare.
904 4108 1015 4166 Saltem
1027 4108 1092 4184 ejus
1146 4128 1206 4187 quo
1222 4108 1425 4188 Hieronymus
1446 4110 1477 4169 in
1499 4109 1636 4187 catalogo
1652 4110 1770 4180 scribit,
1795 4131 1843 4171 ex·

397 4187 604 4249 destructionis
625 4210 662 4250 66
683 4192 896 4251 sacrificiorum
920 4194 1092 4253 cessationis
1146 4204 1242 4272 66616,
1257 4193 1335 4254 1666
1349 4195 1517 4273 Epistulam
1528 4205 1704 4273 receperunt
1716 4205 1749 4254 61
1764 4197 1843 4256 Ρ66-

396 4274 507 4335 6116611
523 4277 713 4348 meminisset,
729 4280 887 4337 occasione
901 4298 973 4338 suae
989 4278 1091 4356 dispu·
1145 4280 1243 4339 linam.
1267 4280 1449 4340 Numinatirn
1465 4282 1631 4359 Dionysius
1648 4284 1844 4359 Areopagita,

397 4362 522 4422 16116616
537 4363 691 4421 1661116166
713 4362 750 4423 16
773 4363 939 4424 6666616116
956 4373 986 4423 61
1000 4366 1089 4424 sacri·
1145 4364 1297 4437 Clemens,
1314 4366 1498 4444 Dionysius,
1513 4365 1687 4426 Alexander
1702 4377 1734 4425 st
1748 4369 1841 4427 Arba-

396 4448 470 4506 liciis
486 4445 569 4507 illius
585 4448 698 4527 templi.
736 4448 826 4527 Quod
842 4448 917 4510 adeo
933 4471 992 4510 nun
1007 4449 1090 4522 16611,
1144 4453 1247 4511 666166
1263 4451 1469 4512 Alexandrini.
1507 4452 1582 4513 Item
1597 4451 1763 4529 Gregorius
1780 4455 1842 4515 Na·

395 4540 430 4590 ut
444 4552 509 4612 666.
527 4536 554 4594 8.
571 4533 698 4595 affirmet
712 4533 811 4594 adbuc
826 4554 901 4605 6666,
918 4538 970 4615 661
984 4555 1089 4596 secun·
1143 4537 1323 4610 aiauaenus,
1352 4535 1583 4617 Chrysostomus
1609 4547 1639 4597 61
1664 4539 1770 4618 reliqui
1796 4540 1843 4600 hia

395 4614 466 4677 dum
489 4620 586 4697 legam
610 4620 895 4693 611666616616666,
919 4631 950 4681 61
973 4641 1038 4698 cap.
1062 4625 1089 4680 7.
1144 4624 1331 4700 posteriores.
1369 4624 1448 4684 Nam
1471 4624 1509 4684 16
1524 4625 1672 4703 prioribus
1689 4624 1719 4683 id
1734 4628 1841 4703 proba-

396 4705 424 4764 9.
444 4704 491 4763 10.
508 4712 539 4763 61
556 4709 605 4767 13.
622 4704 679 4765 alia
699 4706 793 4766 multa
809 4705 900 4777 dicat,
925 4726 964 4768 ex
978 4708 1089 4786 661166
1144 4716 1191 4767 166
1207 4718 1271 4767 tum
1286 4729 1324 4769 ex
1341 4707 1485 4788 Origene,
1514 4712 1601 4788 eujus
1624 4710 1718 4770 verba
1733 4714 1842 4772 recitat

394 4786 484 4848 facile
500 4789 687 4867 intelligatur
701 4792 1090 4854 Aaronicumsacerdutium
1143 4794 1252 4853 Euseb.
1274 4795 1342 4855 hist.
1366 4796 1415 4856 lib.
1432 4797 1459 4854 6.
1484 4801 1633 4875 cap.19.,
1660 4804 1721 4856 turn
1745 4799 1840 4875 ipsius

393 4892 429 4940 eu
446 4884 578 4954 tempure
594 4876 692 4937 adbuc
707 4878 739 4937 16
753 4876 929 4939 666161666.
958 4880 1002 4939 At
1016 4898 1089 4939 veru
1142 4879 1321 4960 Hieronymi
1342 4883 1529 4958 testimonio,
1549 4884 1634 4961 cujus
1656 4883 1686 4941 16
1701 4883 1841 4962 Epistola

394 4955 536 5021 Clemens
573 4961 738 5023 Ecclesiam
779 4963 943 5025 1166666666
983 4982 1090 5046 regere
1145 4966 1231 5041 121,
1244 4985 1325 5046 6666
1338 4975 1384 5028 661
1399 4966 1440 5030 61
1453 4967 1639 5045 Dardanum,
1658 4968 1732 5029 haec
1746 4971 1841 5032 verba

697 5189 714 5220 'b
