4442 5825
773 595 1278 653 unrocumssoarrosuas.
1297 596 1391 650 rtis.
1756 599 1805 667 43

357 792 390 831 aa
404 771 520 833 hoerit
545 771 759 854 Quocunque
774 775 854 836 eninr
868 774 960 835 Pater
971 773 1053 849 iacit,
1106 784 1194 855 parte
1209 781 1309 834 autem
1326 772 1365 833 ob
1380 773 1449 851 igno
1464 790 1524 832 non
1538 776 1757 843 consumentur,
1773 769 1806 828 in

357 859 428 920 boec
443 866 477 920 et
491 860 591 921 Filius
606 860 746 922 similitor
760 860 837 922 facit.
861 861 951 922 Josu.
967 863 996 923 5.
1107 862 1216 922 melius
1237 879 1303 922 esse
1326 858 1502 935 mutandos,
1525 877 1606 937 quoe
1620 856 1743 917 mutatio
1758 873 1803 915 se·

399 952 447 1007 11.
472 947 544 1024 Ipsi
564 947 725 1022 peribunt.
753 948 892 1010 Meminit
913 950 1054 1029 corrupti·
1107 948 1238 1010 cundum
1261 947 1433 1025 Scriptum
1454 946 1612 1006 renovatio
1633 941 1737 1003 muudi
1751 960 1804 1002 ro-

359 1033 484 1094 biliutis
506 1053 607 1095 rerum
629 1042 811 1110 medorum,
837 1043 872 1096 ot
894 1055 933 1096 ex
955 1055 1055 1097 earum
1108 1033 1460 1113 catnr.titconflagratio
1473 1030 1804 1113 quidemsolnmottin·

360 1120 517 1181 collatione
531 1122 592 1181 Dei
607 1122 751 1182 amatoris
769 1123 976 1184 aeternitatem
993 1143 1055 1183 rna·
1108 1135 1160 1202 get
1174 1121 1291 1182 coelum
1306 1128 1441 1193 autenm
1464 1119 1503 1180 da
1522 1138 1560 1179 eo
1575 1136 1707 1197 namque
1722 1115 1805 1176 coelo

360 1210 401 1287 gis
415 1207 560 1281 illustret,
583 1207 685 1268 coelos
708 1218 807 1270 antem
827 1211 958 1272 nominat
971 1209 1057 1272 velut
1107 1212 1142 1272 Β.
1158 1210 1283 1271 Petrum
1304 1207 1388 1286 loqui
1410 1213 1528 1269 constat
1542 1223 1581 1265 ex
1595 1204 1698 1266 verbis
1711 1203 1806 1285 paulo

360 1304 472 1374 partem
502 1302 663 1355 uenturae
687 1296 896 1376 praecipuam,
922 1306 954 1357 ot
980 1314 1057 1378 quoe
1108 1295 1322 1379 superioribus,
1338 1294 1447 1375 quibos
1459 1292 1541 1364 dicit,
1558 1290 1679 1353 eosdem
1695 1290 1805 1364 coelos,

360 1384 488 1442 marimo
511 1380 610 1443 videri
632 1390 736 1462 posset
750 1383 789 1442 ab
805 1385 923 1444 interitu
944 1405 979 1445 sc
994 1403 1055 1444 mu·
1109 1387 1161 1465 qui
1175 1383 1330 1464 perierunt
1344 1384 1433 1460 aquis
1447 1379 1565 1451 diluvii,
1581 1379 1696 1459 quique
1714 1378 1806 1439 verbo

361 1467 509 1529 ubiticste
529 1467 634 1529 libera.
664 1468 747 1530 alibi
768 1478 847 1531 terra
873 1470 1057 1551 adjungitur,
1109 1473 1170 1533 Dei
1186 1469 1308 1549 repositi
1326 1475 1405 1542 sont,
1429 1469 1493 1548 igni
1516 1465 1665 1527 reservari
1678 1465 1710 1524 iu
1726 1463 1808 1533 uren,

361 1564 388 1613 ot
405 1554 521 1616 March.
538 1556 591 1615 24.
614 1554 745 1616 Domino
767 1555 902 1618 dicente:
927 1559 1055 1621 Occium
1104 1558 1223 1639 judicii.
1247 1557 1289 1614 At
1310 1557 1465 1615 renovatio
1488 1554 1579 1613 etiam
1598 1551 1693 1613 coelis
1712 1551 1806 1613 stelli-

361 1650 386 1702 st
399 1650 490 1702 terra
513 1643 721 1719 transibunt3
746 1644 842 1704 verto
865 1652 970 1706 cutem
986 1663 1058 1705 men
1109 1646 1183 1705 ieris
1203 1663 1240 1703 ao
1262 1643 1317 1703 toti
1338 1641 1449 1703 mundo
1471 1658 1615 1720 corporeo
1640 1640 1807 1700 communis

361 1748 422 1790 ooo
443 1729 642 1790 immuunt.
666 1727 727 1791 Sed
743 1748 811 1791 cunr
830 1732 976 1792 naturalis
991 1731 1054 1810 phi·
1110 1734 1184 1807 erit,
1200 1737 1233 1789 ut
1248 1730 1320 1789 sotis
1336 1729 1465 1808 probunt
1480 1727 1547 1788 loca
1560 1726 1656 1807 Aper.
1673 1726 1724 1788 21.
1740 1726 1807 1788 Jes.

362 1815 497 1895 ioropirio
534 1814 640 1876 tradat
676 1815 778 1877 coelos
814 1817 1058 1898 incorruptibiles
1111 1821 1161 1881 30.
1179 1821 1228 1879 65.
1245 1826 1275 1877 et
1290 1819 1340 1878 66.
1357 1824 1389 1876 ot
1402 1817 1487 1876 Rom.
1504 1816 1533 1875 8.
1810 1826 1814 1835 ·

363 1923 438 1976 ωας
461 1901 621 1983 quomodo
635 1921 738 1963 verum
754 1913 798 1965 oet
819 1924 871 1964 eor
888 1905 1058 1984 parituros?
1153 1906 1259 1965 Potest
1285 1912 1387 1963 autem
1413 1901 1495 1985 quod
1517 1902 1566 1961 hic
1588 1896 1713 1961 dicitur:
1739 1900 1807 1976 Ipsi

364 1988 490 2068 Quidam
517 1989 596 2050 haec
630 1989 865 2071 interpretantur
894 1992 975 2053 diota
1004 2011 1059 2072 per
1108 1992 1271 2068 peribunt,
1288 1989 1326 2049 ad
1342 2009 1445 2052 omnes
1460 1988 1562 2050 coelos
1577 1984 1690 2059 roiorri,
1713 1997 1747 2047 ut
1760 2004 1805 2048 re

364 2078 606 2149 oonccnionom,
644 2096 703 2136 noo
732 2096 788 2156 per
816 2079 1058 2155 affirmationem,
1110 2078 1170 2139 tart
1184 2079 1219 2138 Β.
1234 2079 1423 2157 Augustinus
1446 2076 1485 2139 de
1507 2075 1589 2136 civit.
1605 2073 1656 2135 lib.
1673 2076 1723 2136 20.
1740 2094 1807 2152 cap.

364 2164 444 2242 qussi
473 2182 588 2225 senous
617 2163 675 2224 sit:
711 2163 838 2225 Etiamsi
868 2168 1058 2245 contingeret
1111 2169 1179 2239 24.,
1209 2162 1457 2245 quandoquidem
1487 2161 1613 2223 mutatio
1643 2162 1806 2223 communis

364 2250 473 2310 cociam
502 2259 535 2312 et
561 2260 671 2311 terram
699 2251 841 2328 transir03
868 2272 935 2314 mes
960 2261 1058 2313 tnnrcm
1111 2255 1169 2314 orit
1194 2251 1348 2326 omnibue3
1371 2249 1514 2331 quioquid
1538 2256 1639 2308 autem
1667 2259 1808 2321 mutator,

365 2336 451 2399 verbs
471 2357 537 2398 non
560 2336 741 2399 transibunt
773 2339 905 2401 Rursus:
928 2341 1059 2401 Etiamsi
1111 2337 1274 2400 secundum
1300 2336 1420 2416 aliquid
1442 2336 1640 2414 corrumpitur
1665 2344 1696 2395 et
1721 2336 1808 2413 perit

367 2426 547 2503 orntingaret
570 2424 670 2486 socios
691 2427 807 2507 perire;
830 2434 863 2486 tu
879 2437 976 2487 tonan
992 2446 1057 2506 per·
1112 2428 1214 2506 Atque
1236 2425 1293 2484 hoo
1313 2433 1368 2497 est,
1390 2421 1471 2503 quod
1487 2424 1555 2483 aliie
1571 2421 1670 2481 vorbis
1685 2421 1744 2481 dici
1760 2442 1813 2482 so·-

370 2511 507 2573 nroebis.
531 2509 696 2573 Retoltitur
717 2511 767 2572 irio
789 2511 973 2573 intellectos:
1000 2515 1057 2593 pri-
1110 2513 1162 2584 let,
1177 2511 1277 2571 coelos
1293 2532 1353 2571 nou
1371 2508 1536 2572 secundum
1552 2508 1749 2570 substantiam
1763 2509 1807 2568 in·

372 2616 445 2669 mn,
469 2618 513 2658 ex
536 2597 596 2658 hoc
618 2598 685 2678 ipso
700 2599 774 2659 loco.
799 2599 876 2659 Nam
892 2600 985 2660 verba
999 2609 1058 2660 sta-
1112 2603 1265 2672 terituros,
1297 2598 1351 2658 sed
1381 2596 1547 2659 secundum
1577 2595 1741 2677 qualitates
1771 2615 1808 2656 oo

371 2688 413 2746 tin
433 2687 615 2765 sequentia:
637 2687 682 2748 st
704 2704 813 2749 oniaco
833 2695 870 2747 ut
892 2691 1059 2749 veattmcn·
1112 2694 1298 2768 praesentem
1321 2704 1419 2745 rorum
1441 2693 1568 2757 statum,
1589 2690 1624 2743 nt
1646 2691 1677 2744 et
1699 2681 1809 2744 Graeoi

369 2781 427 2833 aaa
442 2778 643 2834 ooumsoont
656 2781 721 2845 ato,
741 2792 800 2834 non
815 2774 872 2834 nisi
886 2782 991 2834 coacte
1007 2772 1058 2836 ad·
1113 2780 1275 2854 exponunt
1298 2774 1347 2833 De
1368 2773 1416 2832 his
1439 2774 1528 2852 plura
1547 2772 1598 2853 qni
1614 2770 1703 2845 volet,
1725 2770 1809 2849 legat

369 2858 480 2920 modurn
496 2857 538 2919 ad
553 2858 637 2920 illam
652 2859 882 2943 intelligentiam
897 2861 976 2923 trahi
992 2880 1059 2941 pos·
1113 2860 1338 2922 commentarios
1353 2860 1384 2920 in
1399 2861 1427 2920 4.
1444 2859 1472 2921 d.
1489 2863 1542 2922 47.
1802 2878 1813 2893 ·’

369 2957 439 3008 suot
462 2946 547 3008 Tum
559 2965 642 3021 roro,
658 2948 731 3029 qnia
745 2951 894 3029 scriptura
904 2948 975 3009 siiiri
991 2951 1059 3009 sim·
1159 2950 1209 3009 Tu
1224 2954 1331 3008 autern
1344 2948 1555 3023 permanebis.
1583 2946 1708 3019 Graeco,
1729 2963 1807 3022 par-

370 3033 478 3113 piiritor
500 3042 533 3092 et
548 3037 720 3097 comtsnter
743 3035 869 3097 affirmat
891 3034 992 3096 ooelos
1008 3054 1058 3115 pe·
1113 3054 1229 3096 triones.
1254 3034 1354 3114 Atque
1369 3037 1410 3094 ita
1424 3034 1517 3096 habet
1532 3033 1621 3094 editio
1638 3033 1763 3114 vulgate
1777 3034 1810 3093 in
1887 3110 1890 3117 Ι

369 3124 472 3181 ritoros
488 3139 526 3180 oc
540 3119 704 3183 mutandos
717 3141 798 3199 osae,
820 3124 863 3183 uti
876 3142 946 3183 mox
961 3130 1058 3183 osten-
1112 3123 1242 3193 Psalmo,
1257 3123 1374 3182 tametsi
1387 3124 1463 3181 inter
1479 3140 1620 3200 praesens
1632 3129 1662 3181 et
1677 3120 1809 3179 futurum

371 3205 605 3268 annalistam
616 3207 782 3270 rationibus
794 3209 978 3291 improbotnr
988 3209 1059 3270 alio
1112 3210 1144 3270 in
1159 3209 1273 3270 Gnoso
1289 3208 1437 3269 vocabolo
1460 3207 1524 3268 sola
1547 3216 1593 3268 eat
1607 3216 1749 3268 accentus
1765 3206 1808 3266 di-

371 3315 430 3354 mor
451 3294 621 3372 expositio,
648 3298 700 3375 qui
723 3296 923 3369 subaudiunt,
949 3305 1062 3372 suopte
1113 3298 1248 3368 versitas,
1264 3285 1427 3372 διαμένεις,
1444 3291 1612 3372 impersit.
1629 3295 1667 3355 In
1682 3294 1808 3374 Syriaco

371 3389 496 3456 mro,
518 3380 578 3454 vel,
600 3385 629 3441 aa·
642 3384 690 3443 ito
705 3382 854 3459 volueris,
879 3385 967 3464 quasi
981 3381 1061 3443 dicat
1114 3381 1236 3462 quidem
1262 3384 1356 3442 etism
1384 3401 1527 3460 praesens
1551 3390 1612 3441 est:
1640 3389 1672 3442 at
1693 3382 1723 3440 in
1747 3379 1808 3439 He-

371 3467 634 3548 paaimogrophus:
657 3470 707 3530 Ex
722 3489 754 3531 se
768 3481 837 3532 aunt
852 3470 1062 3551 corruptibiles
1115 3472 1207 3530 broso
1222 3469 1372 3529 futurum:
1395 3470 1438 3530 Et
1453 3476 1489 3529 tu
1504 3468 1609 3541 stabis,
1627 3466 1657 3526 id
1674 3477 1719 3528 est
1733 3486 1807 3526 non-

373 3563 399 3613 ot
417 3555 574 3616 interirent
593 3575 707 3631 revera,
731 3558 789 3617 nisi
812 3567 844 3619 tu
868 3577 919 3619 eos
942 3578 1060 3619 conser-
1115 3577 1206 3639 quam
1221 3556 1390 3628 mutaberis,
1414 3555 1496 3635 quod
1511 3556 1589 3615 enim
1604 3554 1705 3635 aliquo
1720 3552 1809 3615 modo

371 3662 461 3704 rara.
507 3641 583 3704 Plus
614 3643 691 3704 onim
717 3643 798 3704 volis
824 3644 1004 3725 Prophetanr
1031 3653 1062 3705 et
1115 3651 1254 3716 mutatur,
1269 3664 1330 3704 non
1344 3645 1463 3704 omnino
1479 3651 1541 3704 stat
1555 3651 1609 3702 out
1624 3650 1787 3722 pormanet.

371 3730 555 3811 Aportolum,
571 3730 632 3807 jam
648 3738 842 3792 monstratum
859 3742 912 3793 ast.
1157 3733 1201 3792 Et
1223 3749 1347 3805 omncs,
1369 3738 1407 3791 ot
1430 3733 1648 3792 usatimentum
1669 3736 1808 3790 veteras-

408 3815 636 3895 Vernmitaquo
646 3820 892 3898 sonsumoxipso
904 3818 1062 3898 Scriptura
1115 3826 1193 3879 cent.
1217 3819 1264 3878 Dc
1286 3819 1379 3879 coelis
1401 3818 1499 3878 adhoc
1517 3817 1662 3896 loquitur.
1688 3817 1732 3875 Et
1745 3834 1810 3876 sen·

371 3913 513 3980 petamus.
543 3903 655 3964 Patrne
676 3905 841 3985 Apostolus
865 3911 881 3965 1
907 3906 1004 3985 Epist.
1031 3909 1059 3967 3.
1115 3925 1165 3967 eus
1180 3915 1241 3965 est:
1264 3904 1351 3965 Sicut
1365 3906 1460 3965 vestis
1479 3904 1600 3965 assiduo
1616 3923 1673 3963 usu
1690 3914 1722 3963 et
1735 3911 1809 3962 tem·

371 3989 404 4051 do
417 3990 466 4053 die
479 3990 605 4052 Domini
625 3992 670 4051 ita
690 3991 805 4053 scribit:
832 3994 874 4053 Ire
897 4011 959 4069 quo
982 3993 1062 4052 coeli
1115 4012 1189 4069 porc
1204 3994 1373 4063 veterascit,
1397 4002 1431 4052 ut
1451 3991 1576 4072 proinde
1596 3992 1736 4053 renovari
1759 3988 1809 4048 de·

370 4096 483 4155 mopso
498 4080 622 4154 impetu
633 4082 801 4153 sumant,
818 4080 973 4140 elemento
988 4097 1061 4139 uero
1114 4080 1200 4154 beat,
1227 4081 1270 4138 ita
1300 4077 1375 4139 coeli
1402 4097 1506 4138 omnes
1531 4078 1617 4138 velot
1642 4097 1699 4137 nso
1727 4075 1810 4151 longi

370 4165 470 4226 colore
483 4164 669 4241 wisantum
692 4173 780 4226 terro
795 4174 912 4242 auum,
936 4174 966 4227 ct
980 4183 1061 4243 quoe
1115 4166 1258 4243 temporis
1285 4166 1395 4238 attriti,
1423 4177 1452 4227 et
1475 4164 1514 4225 acl
1537 4174 1717 4227 vetustatem
1743 4182 1809 4244 per

371 4252 402 4311 io
415 4255 485 4328 ipso
496 4258 694 4328 malopem,
711 4261 894 4315 exurentur.
911 4253 953 4313 Et
969 4252 1060 4313 inira:
1115 4253 1215 4326 ducti,
1236 4253 1388 4312 interitum
1408 4252 1560 4322 subibunt,
1586 4251 1644 4314 hoc
1667 4261 1720 4324 aar,
1743 4271 1811 4312 eam

371 4339 428 4421 Pes·
448 4357 542 4417 quam
566 4338 647 4399 cosli
667 4341 817 4401 ardenter
830 4341 1006 4414 solventur,
1032 4346 1062 4399 st
1114 4341 1317 4412 mutationem,
1341 4359 1402 4420 qna
1417 4339 1581 4401 renovandi
1596 4341 1655 4401 aiut
1670 4342 1700 4400 in
1716 4338 1809 4399 olium

372 4426 519 4487 cimento
537 4427 622 4501 ionia
636 4427 753 4487 ardore
767 4428 933 4489 tabesceret.
955 4428 1061 4488 Nouos
1115 4446 1150 4486 so
1165 4426 1318 4487 moliorem
1334 4435 1456 4487 etatum.

374 4529 439 4572 coro
452 4513 555 4575 coelos
565 4519 596 4573 ot
605 4519 727 4574 mom
741 4532 872 4591 nouom,
887 4515 1059 4576 secondum
1161 4517 1208 4574 12.
1231 4515 1274 4574 Et
1288 4514 1374 4575 reiut
1385 4517 1536 4575 amictum
1551 4514 1689 4575 mutabis
1703 4530 1764 4585 eor,
1781 4518 1812 4572 ot

372 4604 518 4673 promisso
538 4601 649 4676 ipsius,
673 4609 888 4678 &mortomar
903 4616 960 4661 etc.
982 4599 1061 4661 Item
1113 4602 1334 4663 mutabuntur.
1358 4604 1530 4675 Amictum,
1555 4599 1672 4661 Graeco
1687 4590 1811 4678 περιβόμ

374 4684 500 4749 tunnas
523 4686 620 4767 Apoc.
638 4689 688 4749 21.
717 4688 803 4762 Vidi,
820 4690 1060 4766 inquitooclum
1115 4684 1211 4766 λαιον,
1235 4687 1266 4748 it
1289 4696 1342 4764 est,
1364 4700 1480 4751 vestem
1502 4687 1813 4767 quaecircumjioitur

375 4790 483 4835 nouum
495 4783 527 4837 at
536 4780 658 4835 unum
670 4792 800 4836 nouom.
815 4777 962 4837 Prtmum
974 4778 1060 4837 enim
1115 4778 1248 4856 corpori,
1273 4794 1424 4856 quamque
1444 4776 1535 4835 facile
1559 4792 1659 4833 sirmas
1674 4781 1706 4833 et
1719 4772 1810 4853 depo·

376 4861 483 4922 coelum
509 4868 541 4924 ct
561 4864 676 4939 primo
702 4869 791 4922 terro
816 4862 903 4924 obiit.
939 4864 988 4924 Ex
1013 4861 1059 4922 his
1114 4882 1186 4937 nse,
1208 4874 1243 4922 nt
1266 4861 1400 4940 pallium.
1424 4861 1543 4924 Eadem
1565 4867 1610 4918 est
1632 4859 1812 4939 significatio

377 4947 546 5020 ostenditur,
570 4948 674 5010 coelos
696 4956 727 5009 ot
748 4957 872 5022 torrem,
895 4968 953 5030 qna
977 4957 1061 5027 parto
1113 4951 1197 5012 vocis
1215 4950 1383 5011 Hebraeae.
1414 4948 1474 5008 Pro
1498 4946 1652 5021 mutabis,
1676 4946 1813 5007 nonnulli

378 5034 592 5116 omn-bont
612 5036 699 5118 igno,
719 5037 871 5118 perituros
892 5055 976 5098 erre:
995 5053 1061 5119 quo
1114 5036 1235 5100 codices
1244 5037 1365 5111 habent,
1379 5034 1537 5099 involutas
1551 5031 1645 5115 idque
1656 5034 1811 5116 signiticst
