4442 5825
787 598 952 654 teletam
968 598 996 654 ll.
1013 597 1101 654 etim
1118 598 1212 653 l'fflil.
1246 597 1332 654 vntt.
1350 600 1435 653 7.-0.

1739 606 1812 675 693

383 780 489 839 nitatis.
509 773 643 838 Grecos:
658 767 714 856 τὴν
729 768 952 854 emaculetur,
976 773 1066 838 idest
1119 775 1185 837 Nec
1202 774 1319 838 Grecos
1335 784 1398 836 est:
1413 779 1450 840 in
1464 777 1661 854 cognitione,
1677 775 1745 839 sed:
1768 769 1815 846 εἰς

382 882 511 925 nearent
525 863 720 942 fraternitam.
750 863 839 925 Hunc
853 862 1000 944 prnecipit
1013 863 1064 924 ed·

371 950 554 1032 jungendum
573 951 695 1032 pietati,
723 952 795 1031 quis
817 951 882 1012 sinc
898 948 952 1011 illo
968 949 1064 1011 cultus

371 1037 426 1101 Dei
449 1035 679 1118 quatacumque
704 1057 765 1099 non
787 1038 846 1097 erit
867 1039 983 1117 pietus,
1010 1034 1063 1096 sed

371 1126 487 1207 pientii
511 1124 638 1204 species.
681 1123 760 1185 Nem
785 1126 812 1185 si
837 1126 907 1201 quis
930 1124 1064 1184 dixerit:

373 1214 527 1293 Quoniam
538 1211 748 1286 ditipoDenm
756 1233 770 1288 ,-
786 1218 815 1271 et
824 1211 964 1289 fratrem
970 1228 1062 1271 sunm

371 1299 486 1374 odqit,
501 1298 641 1358 mendae
656 1305 717 1372 est,
737 1302 752 1357 1
768 1297 858 1358 Jonn.
874 1300 904 1358 4.

406 1386 449 1447 In
465 1403 574 1446 amare
589 1391 696 1445 annm
709 1385 927 1463 fraternitatis
941 1386 1062 1445 corito·

371 1479 435 1535 nn
471 1473 718 1548 Fraternitotis,
745 1472 871 1532 rectius:
891 1473 1061 1550 fraterna,¹

371 1560 442 1621 sinist
456 1560 488 1619 in
504 1559 635 1620 membro
652 1558 854 1639 praecedenti.
886 1558 962 1619 Vult
981 1560 1060 1637 Apo·

371 1646 474 1719 stolus,
489 1642 597 1706 iratres
612 1644 715 1726 diligi,
730 1665 789 1706 nan
807 1645 919 1707 cernuli
933 1654 986 1706 eut
997 1664 1060 1706 sne·

371 1732 459 1795 culici
473 1752 592 1807 umore,
607 1731 660 1793 sed
676 1732 843 1813 spirituali3
865 1731 980 1793 scilicet
994 1752 1059 1811 pro·

371 1828 431 1901 pter
444 1819 545 1881 Deum
560 1839 651 1900 super
667 1821 768 1881 omnin
787 1818 938 1880 dilectum.
963 1818 1061 1900 Quem

371 1925 494 1971 mrem
513 1906 669 1987 Scriptura
690 1907 802 1986 possim
818 1897 942 1983 ἀγαπὴν
964 1915 1061 1981 vocnt,

371 2004 399 2057 n
409 1995 590 2074 interpretes
605 1995 778 2071 centstem3
794 2013 886 2074 quum
903 2005 935 2054 et
949 1993 1062 2054 Puulne

371 2081 461 2143 icor.
479 2084 547 2154 13..
573 2090 604 2141 et
620 2079 754 2141 Jounnee
769 2099 869 2161 poene
882 2089 947 2142 tote
962 2100 1016 2141 sus
1033 2084 1060 2139 1.

371 2166 515 2251 Epistola,
529 2167 652 2228 mirifico
664 2166 874 2228 commendent
885 2176 917 2227 et
927 2166 1060 2228 landent

371 2251 527 2319 Concludit
540 2254 619 2316 hunc
633 2256 778 2315 virtutum
798 2274 937 2316 coronam
953 2253 988 2314 B.
1004 2254 1060 2314 Pe·

371 2359 427 2405 ns
443 2344 474 2403 in
489 2342 632 2412 caritate,
653 2340 732 2420 qnod
748 2361 785 2402 eu
801 2343 842 2402 sit
856 2343 986 2402 omnium
1002 2341 1059 2401 vir·

371 2438 461 2492 :utnur
475 2429 582 2501 forms,
597 2428 744 2507 perfectio
758 2437 787 2489 et
800 2428 1060 2508 complementum.

408 2520 437 2579 a
460 2517 550 2576 Haec
569 2519 652 2576 enim
674 2518 701 2576 si
722 2515 881 2576 vobiscum
902 2515 1011 2576 adsint
1033 2521 1063 2574 et

371 2611 523 2681 serperent.
547 2601 595 2664 Ab
612 2603 667 2662 hoc
690 2603 755 2662 loco
777 2621 872 2682 usqne
887 2603 927 2664 nd
942 2621 1062 2663 versum

371 2691 416 2751 ii.
431 2687 563 2751 ostendit
578 2689 736 2750 utilitatem
760 2691 903 2750 virtutum
920 2709 956 2751 nc
971 2688 1061 2749 bono·

371 2796 430 2839 'um
451 2795 584 2858 opernm.
621 2775 710 2837 Multi
733 2775 850 2837 codices
872 2777 917 2836 sic
935 2776 1063 2837 hubent:

371 2860 455 2928 ecee
466 2866 552 2927 enim
564 2863 652 2926 vobis
659 2882 730 2925 cnm
743 2864 851 2926 adsint
862 2871 892 2924 et
901 2869 1062 2941 superent,

371 2952 515 3032 [uomodo
537 2952 702 3013 verisimile
722 2959 767 3011 est
793 2953 982 3031 interpretem
997 2969 1062 3010 ver-

371 3039 453 3116 lesen
477 3041 532 3101 eod
549 3040 621 3119 quie
636 3039 829 3099 scribentium
844 3039 920 3098 vitio
936 3058 973 3098 ex
989 3036 1061 3099 due·

371 3143 420 3188 uus
447 3127 574 3188 uocibus
599 3145 659 3185 une
683 3124 766 3185 fecte
799 3134 860 3186 est:
891 3124 1061 3199 cobbonem,

371 3213 467 3295 ticque
482 3214 580 3274 aretio
594 3232 701 3273 menen
715 3209 848 3287 reddite,
875 3213 925 3272 elii
940 3211 1061 3291 supple·

371 3308 484 3372 tunt,
501 3298 606 3360 edditn
621 3297 784 3379 particule:
803 3301 838 3360 si.
869 3299 1062 3378 Quemquam

371 3404 397 3448 n
409 3386 530 3449 Graeco
546 3387 704 3466 participia
718 3394 805 3445 sunt:
832 3376 1010 3463 ὑπάρχοντά
1028 3399 1062 3442 τε

371 3464 585 3548 πλεονάζοντα,
609 3492 689 3553 quie
704 3483 830 3553 unoque
845 3471 932 3534 modo
949 3471 1060 3533 resolvi

371 3568 503 3633 munt,
519 3559 550 3620 id
566 3569 612 3621 ert
627 3579 680 3640 per
694 3562 721 3620 si
735 3566 764 3621 et
779 3578 859 3620 cnm.
898 3559 991 3619 Porro
1007 3577 1061 3618 sn·

371 3655 478 3710 »emt
499 3645 579 3708 dixit
607 3649 754 3726 interpres
777 3666 847 3726 pra:
874 3645 1062 3722 exuberent3

371 3732 422 3795 sisi
435 3743 467 3795 et
482 3733 540 3795 bcc
564 3733 602 3793 nb
622 3734 785 3814 interprete
807 3732 910 3793 datum
925 3733 1001 3807 init,
1031 3741 1063 3792 et

371 3816 404 3882 tlt
418 3822 558 3901 imperito
580 3819 629 3881 vel
644 3822 788 3881 oscitante
802 3820 901 3882 scribe
914 3826 1061 3881 mutatum

371 3923 414 3970 nr
427 3915 589 3984 πρωτην.

405 3995 481 4056 Non
495 4011 625 4068 coenas,
642 4013 698 4056 nec
712 3995 780 4056 sinc
791 3994 903 4071 fructu
916 4011 969 4055 aas
983 4012 1062 4055 can·

371 4083 493 4143 umens
516 4084 553 4141 in
577 4083 710 4143 Domini
729 4083 831 4142 nostri
845 4085 926 4145 Jesn
946 4081 1063 4143 Obristi

371 4172 553 4245 opnitiane.
597 4169 737 4243 Vocnas,
768 4165 902 4229 Graece:
935 4159 1060 4244 ἀργοὺς,

371 4258 476 4317 uteros
484 4300 494 4329 ‚
511 4253 550 4315 eb
566 4273 656 4353 opere
671 4261 825 4314 recentes.
849 4255 925 4315 stne
938 4255 1059 4332 fructu,

371 4336 497 4404 iunco:
525 4332 703 4419 ἀκαρπονς,
734 4341 958 4417 infructuosae.
1002 4342 1061 4402 Pro

373 4443 423 4490 no
437 4427 564 4509 quidem
587 4425 723 4488 codicess
751 4418 950 4504 ἀπράκτους,
980 4427 1062 4508 quod

371 4505 511 4578 inermus
533 4516 639 4575 vertit:
662 4516 698 4574 in
720 4517 849 4575 irritum
870 4514 1060 4576 laborantes.

371 4595 483 4664 hiim:
513 4601 660 4675 inutiles,
691 4600 768 4662 nihil
800 4603 901 4681 aperis
926 4610 1060 4682 egentes.

371 4677 421 4750 int
445 4690 525 4752 enim
555 4708 653 4768 pnene
685 4707 888 4768 synonymum
923 4707 989 4749 cum
1015 4708 1061 4763 eo,

371 4774 544 4838 medente
560 4766 684 4853 ἀργούς.
708 4777 918 4850 Constitncnt,
929 4772 1061 4836 Graecos

371 4857 564 4941 Εθίστησιν,
582 4865 796 4937 constiterint,
820 4863 960 4942 temporis
974 4881 1059 4941 prse-

371 4952 464 5014 ento
501 4948 594 5030 Quod
616 4948 779 5029 respondet
799 4946 843 5009 illi
865 4949 996 5010 Latione
1018 4948 1059 5009 le·

371 5035 468 5100 fleniz
497 5038 588 5099 Haec
612 5038 697 5100 enim
722 5035 810 5099 eatis
835 5053 908 5101 enm
939 5034 1060 5099 adsint

411 5152 482 5197 nti.
498 5151 570 5194 lsttt
587 5154 662 5195 usu
676 5153 732 5193 ren.
746 5150 782 5192 nt.

1118 855 1173 941 τὴν
1188 853 1360 939 ἐπίγνωσιν,
1376 867 1411 925 in
1423 866 1645 940 capnitionem.
1667 864 1754 926 Licet
1769 857 1816 935 εἰς

1118 970 1172 1029 pro
1188 940 1220 1007 ἐν
1242 951 1281 1011 sb
1301 950 1456 1031 Apostolis
1477 960 1636 1030 usurpetur
1658 951 1814 1013 interdum.

1117 1037 1263 1097 Dicemus
1286 1056 1404 1098 sensnm
1426 1037 1516 1117 hujus
1538 1057 1657 1098 versus:
1681 1037 1814 1119 Quodsi

1117 1122 1192 1184 bueo
1207 1133 1394 1199 enumerate,
1409 1123 1551 1185 videlicet
1561 1125 1665 1199 virtus,
1680 1125 1814 1199 scientie,

1118 1206 1299 1271 abstinentia
1314 1219 1388 1285 eto,
1415 1209 1515 1272 adsint
1537 1212 1643 1290 vobis3
1669 1221 1723 1274 eut
1742 1211 1814 1273 dum

1117 1294 1227 1358 adsunt
1242 1308 1273 1358 et
1288 1298 1470 1373 exuberant,
1497 1297 1528 1358 id
1550 1306 1596 1359 est
1618 1297 1688 1360 dum
1704 1300 1740 1361 iis
1754 1320 1815 1361 nan

1117 1384 1213 1444 solnm
1229 1385 1368 1446 instructi
1391 1386 1479 1458 estis,
1500 1403 1604 1446 verum
1628 1388 1719 1447 etium
1735 1387 1815 1447 uncti

1115 1489 1211 1552 nsque
1223 1470 1262 1531 ud
1275 1471 1522 1534 exuberantiam:
1538 1491 1729 1554 nequaquem
1740 1475 1813 1535 otio·

1115 1577 1181 1632 sae,
1209 1557 1412 1620 infructuosos
1429 1568 1482 1620 nut
1496 1557 1618 1620 inutiles
1633 1579 1688 1620 vas
1704 1563 1813 1622 consti·

1116 1651 1218 1720 tuont,
1234 1655 1287 1707 eut
1302 1647 1505 1719 constituunt,
1521 1644 1658 1721 reddunt,
1674 1645 1814 1722 efficiunt,

1116 1733 1147 1792 in
1163 1731 1223 1792 fide
1239 1733 1366 1810 Christi3
1388 1731 1442 1795 sed
1466 1731 1561 1812 (quod
1575 1753 1593 1794 e
1608 1734 1756 1796 contrario
1770 1735 1814 1795 in·

1116 1815 1231 1900 tellige)
1248 1840 1406 1902 operosos,
1425 1819 1571 1882 fructosos
1587 1830 1618 1881 et
1631 1821 1729 1882 utiles.
1767 1822 1814 1882 Ac

1115 1908 1141 1968 si
1157 1905 1253 1967 dicet:
1279 1909 1396 1971 Herum
1411 1908 1556 1969 virtutum
1576 1906 1714 1989 diligenti
1730 1927 1813 1970 exer·

1116 1993 1186 2053 citio
1203 1992 1267 2069 fiet,
1292 2006 1324 2056 nt
1346 1995 1420 2056 fides
1439 2005 1540 2056 vestre
1555 2015 1656 2056 corum
1671 1995 1738 2056 Deo
1753 2016 1813 2056 non

1114 2083 1153 2141 sit
1168 2081 1267 2143 inanis
1283 2092 1313 2143 et
1326 2090 1453 2143 mortun

1160 2168 1379 2247 Oapnitionem
1387 2214 1398 2245 ,
1415 2167 1545 2230 Graece:
1572 2159 1742 2246 ἐπίγνωσιν,
1758 2191 1813 2251 pro

1116 2253 1178 2331 lide
1203 2259 1266 2336 jum
1297 2257 1386 2317 tertia
1416 2257 1531 2337 posuit3
1561 2255 1812 2334 quemadmodum

1115 2361 1218 2403 narsus
1233 2342 1263 2403 in
1278 2344 1338 2404 fine
1350 2343 1508 2423 Epistolue
1522 2342 1570 2401 his
1586 2343 1705 2404 vorbis:
1723 2345 1813 2405 Ores·

1117 2429 1176 2489 cite
1204 2432 1240 2492 in
1268 2434 1376 2507 pratia
1412 2437 1441 2490 et
1470 2431 1650 2507 capnitione
1678 2431 1815 2493 Domini

1116 2519 1219 2578 nostri
1234 2524 1288 2577 eto.
1326 2517 1495 2578 Discrimen
1517 2525 1619 2578 temen
1642 2524 1704 2591 est,
1731 2516 1813 2598 quad

1116 2602 1193 2665 fides
1208 2604 1420 2665 obscuritatem
1437 2605 1585 2684 importet,
1601 2602 1730 2684 ideoque
1745 2613 1815 2685 post

1116 2690 1194 2751 benc
1215 2692 1311 2751 vitem
1332 2689 1508 2753 evacuanda
1531 2700 1591 2767 est3
1615 2692 1745 2771 cognitio
1760 2712 1812 2752 eu·

1117 2784 1195 2852 tem,
1222 2797 1303 2858 quae
1326 2776 1400 2838 nihil
1422 2777 1548 2838 includit
1576 2777 1814 2858 imperfectionis,

1115 2864 1307 2947 perficiendo,
1319 2864 1436 2926 dicente
1449 2864 1561 2927 Panlo:
1577 2867 1671 2929 Nunc
1682 2884 1813 2944 capnos·

1116 2971 1152 3014 ca
1178 2972 1216 3015 ex
1242 2960 1357 3030 portc,·
1388 2959 1464 3015 tnnc
1493 2961 1600 3015 onum
1628 2973 1812 3032 connascam

1115 3043 1197 3102 sient
1212 3049 1241 3100 et
1256 3042 1399 3116 cognitus
1417 3058 1497 3102 sum.
1535 3040 1595 3101 Hic
1617 3050 1689 3102 note
1711 3048 1815 3102 contro

1117 3128 1270 3200 sectarios,
1286 3127 1375 3187 fidem
1391 3127 1456 3187 sine
1472 3126 1615 3207 operibus
1634 3147 1701 3190 esse
1716 3147 1814 3208 posce,

1117 3213 1245 3274 sednon
1264 3211 1415 3294 prodesse.
1454 3212 1543 3295 Quod
1567 3213 1687 3293 quidem
1704 3214 1814 3275 Petrus

1117 3301 1252 3361 studiose
1267 3302 1330 3381 ugit
1341 3300 1371 3359 in
1382 3299 1439 3360 huc
1451 3301 1589 3381 Epistola
1600 3312 1723 3382 proptor
1736 3300 1813 3375 illas,

1118 3389 1169 3468 qui
1196 3407 1235 3447 ex
1260 3386 1403 3467 Epistolie
1429 3387 1521 3447 Punli
1547 3387 1625 3447 male
1651 3388 1814 3449 intellectis

1119 3494 1211 3554 opere
1240 3474 1450 3554 negligebant,
1481 3474 1549 3536 solo
1580 3473 1641 3537 fide
1672 3476 1813 3537 conteuti

1118 3561 1166 3621 De
1182 3561 1292 3640 quibus
1307 3560 1386 3622 inire
1401 3579 1468 3638 cup.
1486 3565 1514 3623 3.
1537 3560 1600 3622 Sed
1615 3571 1646 3623 et
1660 3561 1718 3622 hoc
1732 3571 1813 3636 note,

1117 3668 1136 3708 n
1151 3646 1289 3708 fidelibus
1305 3648 1457 3727 praestari
1479 3667 1569 3728 posse
1584 3648 1727 3711 bonarum
1742 3669 1812 3731 ope·

1116 3754 1182 3794 rum
1212 3733 1444 3811 abunduntiam
1481 3741 1595 3795 tentam
1626 3735 1747 3813 obesse,
1779 3744 1813 3797 ut

1116 3840 1202 3882 amne
1218 3840 1293 3901 opus
1308 3820 1437 3882 bominis
1453 3822 1493 3882 sit
1506 3832 1669 3902 peccatum.

1160 3911 1188 3970 9.
1213 3909 1273 3969 Uni
1287 3910 1372 3968 enim
1390 3926 1458 3970 non
1479 3917 1609 3985 praesto
1631 3916 1706 3971 sunt
1726 3911 1813 3986 baec,

1116 4013 1225 4056 caecus
1240 4002 1284 4055 est
1299 4002 1328 4055 et
1340 4013 1441 4057 menn
1452 4001 1587 4060 tentans.
1611 3995 1754 4058 Probetio
1770 4005 1814 4057 est

1116 4102 1135 4141 n
1164 4082 1319 4142 contrario.
1369 4082 1472 4144 Manes
1501 4091 1646 4160 tentans,
1684 4082 1814 4146 Graece:

1116 4161 1302 4247 μυωπάζων.
1347 4168 1435 4248 Quae
1463 4190 1524 4231 uox
1557 4169 1688 4233 deducte
1718 4178 1765 4234 est
1795 4191 1816 4233 n

1115 4249 1218 4334 μύειν,
1235 4258 1358 4316 nictare
1366 4300 1377 4331 ,
1393 4260 1581 4335 connivere,
1598 4266 1630 4319 et
1644 4248 1703 4337 ὥψ,
1721 4256 1813 4319 idest

1115 4343 1234 4403 acutus.
1257 4343 1408 4403 Dicuntur
1422 4346 1500 4405 enim
1515 4338 1658 4423 μύωπος,
1683 4345 1736 4425 qui
1751 4365 1814 4406 nan

1116 4428 1235 4503 vident,
1259 4430 1318 4490 nisi
1334 4449 1413 4511 qnae
1435 4432 1529 4494 oculis
1544 4451 1638 4512 prope
1653 4428 1812 4493 admoven·

1115 4523 1172 4576 tur.
1211 4515 1302 4595 Quod
1331 4519 1436 4577 vitium
1465 4517 1566 4579 multis
1596 4517 1732 4579 naturale
1758 4525 1814 4592 est,

1116 4601 1267 4665 nonnullis
1283 4602 1407 4666 aliunde
1423 4612 1618 4666 contractum.
1651 4604 1733 4665 Hinc
1748 4605 1812 4686 qui·

1115 4688 1184 4750 dnm
1200 4697 1335 4751 venunt:
1351 4693 1440 4752 Nttst
1456 4694 1579 4753 eminete
1593 4710 1732 4755 cernens.
1761 4691 1812 4754 So·

1114 4774 1243 4838 cundum
1270 4798 1346 4858 quos
1372 4797 1478 4840 sensus
1504 4779 1553 4839 bic
1579 4777 1664 4841 reddi
1695 4787 1812 4860 potest:

1115 4860 1174 4923 (ini
1198 4873 1381 4927 memoretis
1404 4867 1529 4927 virtutes
1552 4885 1612 4926 nan
1634 4865 1759 4942 adsunt,
1785 4868 1813 4926 is

1114 4957 1214 5011 mente
1239 4970 1348 5013 coecus
1376 4960 1438 5028 est,
1463 4972 1524 5013 non
1548 4951 1752 5034 sicquidem,
1778 4961 1814 5014 nt

1112 5035 1189 5097 nibil
1204 5036 1323 5117 vident3
1338 5039 1392 5101 sed
1407 5040 1458 5116 itu,
1478 5049 1511 5100 ut
1525 5046 1643 5101 tuntum
1659 5041 1822 5120 proximis,
