4442 5825
439 603 511 675 772
959 594 1194 652 columnatus
1210 594 1243 648 nt
1259 593 1327 652 cat.
1343 596 1370 649 t.

433 785 488 849 est,
510 794 670 855 exponere,
693 773 768 855 qnid
791 773 956 854 Apostolus
979 774 1130 853 intelligat
1183 774 1271 835 nobis
1287 773 1404 847 sufficit,
1426 774 1512 853 quod
1534 774 1673 853 ipsemet
1688 773 1819 833 Retract
1831 769 1874 830 lab.

435 881 489 940 per
500 871 665 938 peccatum
682 861 725 921 ad
742 870 885 935 mortem,
903 869 934 922 et
948 880 1129 941 consequen·
1188 871 1213 920 1.
1230 881 1295 941 cap.
1314 864 1361 922 19.
1378 880 1443 921 eam
1457 859 1668 941 supplendam
1688 858 1784 919 fuisse
1797 858 1876 917 docet

433 958 481 1009 ter
495 970 534 1008 ex
550 953 699 1029 opposito,
714 949 785 1028 quid
797 947 1009 1027 accipiendum
1021 951 1061 1007 sit
1074 967 1131 1028 per
1186 948 1288 1008 Verba
1311 951 1378 1026 ejus
1401 957 1489 1008 sunt:
1524 949 1620 1007 Haec
1647 951 1700 1006 ita
1725 946 1810 1018 diri,
1833 963 1878 1004 aet

430 1043 597 1113 peceatum
623 1055 691 1097 nors
717 1036 761 1094 ad
786 1044 940 1112 mortem3
975 1046 1004 1094 et
1029 1045 1131 1094 tamen
1185 1035 1488 1111 accensamque
1509 1043 1638 1110 putare
1663 1053 1714 1093 me
1732 1033 1817 1106 ἀίει)
1835 1031 1878 1091 red

433 1123 493 1184 uisi
504 1121 579 1182 baec
589 1123 795 1202 explumatur,
810 1141 871 1183 non
882 1130 982 1201 potest
992 1121 1129 1200 Apostoli
1186 1121 1370 1182 addendum
1381 1123 1465 1200 fult:
1488 1123 1523 1183 Si
1537 1123 1574 1181 in
1588 1121 1652 1181 bac
1663 1127 1734 1180 tam
1745 1119 1878 1180 m

435 1211 582 1269 sentem
610 1209 746 1289 intelligi.
782 1211 829 1269 Ac
854 1218 944 1281 certe,
964 1218 999 1267 ut
1014 1209 1046 1269 in
1060 1210 1131 1269 aliis
1185 1211 1300 1269 mentis
1311 1213 1521 1284 perversitate
1536 1208 1670 1284 linies-tt
1687 1208 1772 1269 banc
1785 1209 1877 1266 vitm.

435 1295 570 1356 obscuris
586 1295 670 1370 locis,
687 1297 730 1357 sic
742 1297 772 1357 in
788 1298 843 1356 isto
859 1295 994 1356 videmus
1010 1296 1129 1357 verissi-
1185 1298 1346 1375 Quoniam
1361 1296 1400 1356 de
1411 1314 1614 1373 quocumque
1629 1297 1771 1371 pessimo
1785 1297 1818 1352 ia
1830 1293 1878 1350 tae

435 1401 516 1442 mum
541 1381 718 1463 essequod
742 1382 880 1443 nonnulli
902 1382 1001 1443 dicere
1024 1381 1131 1454 solent,
1185 1385 1515 1444 uitacorsstitutortoa
1528 1390 1575 1442 est
1589 1385 1709 1459 atique
1721 1382 1877 1456 desperas·

434 1469 550 1529 nullam
566 1488 632 1530 esse
647 1469 833 1530 diversarum
850 1471 1130 1543 interpretationum
1185 1471 1261 1529 dam
1270 1493 1282 1547 ‚-
1298 1486 1355 1529 nec
1368 1488 1431 1545 pro
1446 1471 1502 1530 illo
1518 1469 1755 1545 imprudenter
1770 1476 1876 1539 oratur,

434 1555 659 1616 foecundiorem
668 1567 802 1630 matrem,
812 1576 900 1636 quam
909 1554 1129 1615 obscuritatem.
1185 1557 1224 1615 de
1239 1574 1301 1633 qao
1317 1575 1385 1617 aaa
1400 1558 1601 1633 desperatur.

432 1641 521 1703 Unde
535 1644 565 1703 S.
581 1644 768 1722 Augustinus
787 1644 838 1705 lib.
861 1644 899 1702 de
919 1662 993 1703 corr.
1010 1654 1039 1702 et
1054 1653 1130 1723 grat.
1229 1643 1368 1703 Tertiam
1384 1646 1607 1723 expositionem
1633 1643 1741 1702 verbis
1762 1643 1824 1701 istis
1843 1641 1875 1699 in

435 1748 502 1808 cap.
517 1734 574 1804 12,
591 1749 684 1808 quum
699 1730 778 1790 bunc
790 1730 927 1811 Apostoli
939 1729 1036 1789 locum
1053 1740 1130 1789 attu-
1185 1728 1269 1789 dicat
1283 1729 1312 1790 S.
1329 1732 1524 1808 Augustinus,
1541 1749 1638 1807 quam
1656 1732 1749 1789 marn
1762 1726 1876 1807 capillo

435 1815 528 1890 lineet,
555 1817 702 1895 subjecit:
731 1820 779 1878 De
803 1836 865 1895 qao
884 1825 1027 1891 peccato,
1050 1835 1131 1894 quo·
1188 1818 1236 1875 12.
1252 1814 1291 1876 de
1307 1836 1380 1876 corr.
1400 1828 1431 1877 et
1445 1827 1521 1895 grat.
1537 1816 1662 1892 attulit3
1681 1824 1715 1876 ut
1727 1822 1875 1892 perram

433 1909 523 1965 niam
539 1923 607 1964 non
623 1923 801 1980 caprearum
817 1913 870 1979 eet,
885 1911 1018 1979 poseant
1029 1906 1131 1964 matre
1185 1902 1229 1962 od
1244 1913 1377 1964 mortem
1399 1906 1438 1963 sit
1460 1911 1623 1983 peccatum
1650 1903 1780 1963 mortale
1800 1901 1876 1982 quotl-
1919 1972 1920 1979 ἵ

435 1999 465 2052 et
479 1992 606 2051 diversa
629 1995 742 2052 sentiri
749 2015 762 2067 ,·
786 2010 841 2065 epo
863 1998 970 2051 autem
992 1991 1072 2064 dice,
1097 1990 1131 2049 id
1185 2010 1330 2070 cumque,
1364 1991 1451 2068 cajus
1478 2012 1537 2050 non
1569 1993 1678 2068 agitur
1709 1990 1877 2068 poenitentia
1919 1982 1920 2047 l

435 2086 681 2154 ersepeccatam,
698 2078 803 2153 fldem,
821 2097 902 2155 quae
914 2079 1131 2153 perdilectio·
1185 2088 1254 2137 ante
1277 2088 1410 2138 nrortem.
1434 2078 1527 2136 Dico:
1553 2078 1802 2154 quodcumque,-
1823 2094 1876 2134 nau
1919 2088 1920 2095 ’

434 2173 689 2240 praeoperatur,
713 2167 855 2225 deserere
869 2183 967 2241 aeque
982 2166 1025 2223 ad
1041 2183 1130 2224 mor-
1185 2163 1317 2224 secunda
1331 2167 1489 2243 expositio,
1505 2161 1818 2244 praeterquamquod
1829 2170 1876 2221 errt
1919 2192 1920 2247 3

435 2261 505 2312 tran
522 2251 672 2312 Videntur
685 2272 756 2330 ergo
773 2253 976 2331 expositiones
991 2251 1132 2311 diversae
1185 2251 1370 2332 imperfecta,
1383 2253 1470 2311 nimis
1481 2251 1694 2329 restringebat
1704 2249 1744 2309 ad
1753 2260 1875 2320 monem,
1919 2260 1920 2277 ¹

435 2338 633 2412 adterendae,
659 2350 690 2398 et
714 2339 852 2399 modeste
878 2338 1073 2410 refutandae,
1100 2347 1133 2397 ut
1187 2340 1274 2419 qnasi
1289 2337 1323 2397 Β.
1340 2339 1477 2399 loannes
1500 2339 1622 2399 unicam
1640 2339 1764 2418 peccati
1780 2335 1874 2414 inSpi·

434 2425 554 2486 tandem
576 2425 614 2485 ad
632 2446 722 2486 unam
744 2425 930 2498 deveniatur,
954 2444 1035 2504 quae
1057 2426 1133 2485 nihil
1186 2429 1273 2486 ritum
1289 2436 1424 2485 sanctum
1446 2428 1576 2504 speciem
1599 2426 1663 2486 bac
1688 2423 1874 2505 appellatione

435 2515 567 2593 patiatur
583 2513 843 2573 incommodorum.
1187 2513 1390 2573 intellexisset
1416 2513 1522 2573 Tertia
1545 2515 1643 2592 igitur
1672 2515 1822 2596 expositio
1841 2521 1875 2569 est

479 2601 646 2660 Peccatum
671 2601 714 2658 ad
736 2608 869 2661 mortem
895 2600 1032 2660 nonnulli
1056 2602 1132 2658 acci·
1186 2601 1276 2660 latior
1297 2600 1355 2659 hac
1371 2617 1409 2659 ex
1433 2608 1526 2676 parte,
1552 2619 1646 2679 quam
1664 2602 1816 2675 seeunda3
1835 2594 1874 2658 aad

435 2688 530 2768 piant,
551 2703 585 2745 ut
601 2685 678 2746 idem
699 2689 746 2759 sit,
769 2686 852 2765 qaod
868 2707 885 2745 a
902 2685 1071 2763 Theologis
1087 2686 1131 2744 di·
1188 2686 1382 2747 nihilomiuus
1404 2688 1494 2746 etiam
1517 2688 1586 2765 ipsa
1612 2687 1743 2750 videtur
1766 2687 1874 2749 strictior

435 2776 511 2834 citur
528 2784 682 2852 peccatum
704 2775 837 2833 mortale.
867 2772 953 2833 Unde
968 2771 1132 2832 secandum
1188 2774 1283 2833 altera
1297 2793 1335 2832 cx
1352 2781 1444 2851 parte,
1464 2792 1555 2852 quam
1571 2778 1696 2853 parsit,
1722 2799 1778 2837 nec
1793 2775 1873 2837 vertis

436 2879 487 2921 eos
511 2868 675 2936 peceatum
696 2879 764 2921 aaa
786 2862 830 2921 ad
856 2868 986 2920 mortem
1012 2857 1134 2919 debebit
1186 2860 1323 2940 Apostoli
1341 2861 1511 2920 convenire.
1535 2859 1592 2920 Ait
1616 2861 1687 2923 ille:
1718 2863 1873 2942 δίᾳιιίικίί

437 2947 565 3025 intelligi
581 2958 737 3025 peccatum
754 2946 883 3018 veniale,
905 2947 1019 3006 mortali
1036 2947 1133 3005 altere
1186 2944 1319 3023 (Graece
1347 2957 1408 3006 est:
1440 2944 1586 3023 uiderit),
1627 2951 1773 3026 fratrem
1801 2968 1872 3011 assa

436 3053 473 3093 ex
486 3037 759 3114 parteoppasitum.
784 3035 870 3094 Haec
882 3035 1032 3112 expositio
1046 3032 1133 3092 facile
1183 3042 1367 3109 peccantem
1393 3044 1558 3109 peccatam
1586 3055 1661 3097 noer
1689 3039 1736 3097 ad
1763 3045 1872 3098 merten

436 3119 583 3179 refellitur
607 3140 645 3180 ox
669 3122 768 3180 verbis
789 3120 943 3197 Apostoli,
966 3118 1019 3178 nbi
1044 3120 1131 3180 dicit:
1187 3128 1241 3180 etc.
1279 3120 1500 3198 Praeaupponit
1525 3122 1624 3200 igitur
1651 3144 1748 3204 posse
1773 3148 1792 3185 a
1814 3125 1873 3184 bont

436 3207 540 3281 Petet,
564 3214 594 3265 et
609 3207 739 3267 debitia*
761 3211 789 3266 ei
804 3210 883 3281 utta,
903 3210 1051 3282 peccanti
1066 3224 1133 3266 aaa
1188 3205 1368 3278 Christiano,
1381 3207 1569 3280 etiamlaico,
1581 3213 1666 3282 sciri,
1679 3232 1721 3271 an
1729 3221 1872 3293 pecatum

436 3296 480 3354 ad
494 3300 637 3355 mortem.
662 3295 745 3372 llrgo
757 3303 912 3372 paccatum
928 3314 988 3352 uon
1004 3293 1042 3351 ed
1058 3313 1131 3351 mor·
1188 3295 1268 3373 qaod
1281 3295 1367 3354 novit
1377 3293 1468 3354 alium
1476 3294 1688 3357 Christianum
1701 3300 1873 3363 commisisse

436 3388 496 3440 tem
513 3380 658 3459 Apostolo
674 3391 887 3459 nuncupatam,
910 3378 1076 3439 abstulerat
1090 3380 1133 3437 vi·
1189 3379 1279 3440 sitad
1296 3386 1430 3453 mortem,
1457 3401 1496 3441 an
1511 3402 1589 3459 non;
1614 3394 1648 3443 st
1673 3394 1779 3445 tamen
1798 3385 1833 3446 ab
1849 3402 1873 3443 et

436 3474 497 3526 tam
512 3469 640 3539 animae,
657 3479 688 3527 et
703 3466 830 3545 proinde
845 3486 905 3526 nan
921 3473 969 3526 est
984 3466 1134 3546 Apostolo
1188 3488 1248 3527 nun
1263 3475 1365 3545 potest
1378 3468 1459 3540 sciri,
1478 3488 1518 3528 an
1533 3469 1568 3541 is,
1592 3489 1690 3550 quem
1706 3480 1778 3551 poet
1791 3490 1872 3553 perer

438 3554 567 3625 veniale,
590 3552 642 3613 sed
658 3554 783 3613 mortale
799 3556 872 3612 certi
887 3555 1016 3632 generis.
1040 3553 1135 3630 Cujus
1187 3562 1250 3613 tam
1265 3552 1399 3627 mortale,
1420 3555 1478 3632 ipsi
1503 3564 1618 3629 notum,
1643 3562 1723 3618 mari
1740 3557 1873 3637 confingit

438 3649 539 3699 autem
562 3641 638 3699 certi
662 3642 788 3718 generis,
811 3641 990 3717 inquirimus
1009 3640 1067 3699 lrec
1081 3659 1133 3698 va·
1188 3648 1259 3718 aget
1280 3640 1329 3699 rel
1352 3642 1449 3718 egerit
1471 3641 1621 3702 sinceram
1646 3645 1720 3723 ejus
1744 3646 1873 3724 poenites

438 3727 549 3785 riarum
575 3729 793 3805 expositionum
814 3724 1015 3798 discussione,
1043 3725 1135 3785 atad
1188 3729 1270 3786 tiam.
1304 3725 1424 3786 Deinde
1449 3729 1475 3787 si
1501 3737 1676 3802 constaret,
1705 3729 1874 3811 aliquem'a

440 3830 529 3871 unam
546 3813 684 3872 stabilem
699 3814 899 3891 pervenietur.
1189 3813 1309 3873 mortali
1321 3814 1462 3891 quopiam
1478 3823 1605 3891 peccato
1621 3818 1691 3877 aine
1708 3815 1875 3899 poenitente

483 3898 624 3959 Secunda
640 3901 732 3978 igitur
747 3901 893 3978 expositio
909 3907 962 3970 eet,
986 3917 1047 3977 qua
1061 3917 1136 3973 pec·
1191 3917 1256 3959 esse
1272 3899 1452 3967 defunctum,
1468 3919 1527 3959 non
1542 3901 1658 3963 liceret
1673 3925 1730 3983 pro
1746 3925 1784 3965 eo
1798 3916 1875 3971 crat}

441 3993 549 4046 catam
565 3986 608 4044 ad
624 3994 757 4046 mortem
772 3986 947 4064 intelligitur
963 4004 1029 4045 esse
1051 3985 1136 4056 illud,
1189 4005 1246 4045 aec
1271 4004 1414 4066 umquam
1439 3984 1470 4045 id
1497 3986 1673 4065 Apostolus
1698 3992 1811 4053 Christi
1831 4007 1875 4070 pt

429 4083 504 4149 'quo
526 4082 595 4152 post
617 4075 799 4151 agnitionem
815 4072 885 4145 Dei,
908 4091 986 4150 qaae
1002 4091 1054 4151 per
1069 4093 1135 4149 gra·
1192 4074 1331 4132 mitteret.
1356 4072 1452 4151 Atqui
1463 4092 1518 4151 pro
1530 4077 1715 4154 expiatione
1730 4072 1875 4159 pacratiel

441 4158 511 4216 tiam
525 4158 634 4218 Christi
649 4162 778 4238 cuipiam
794 4157 865 4217 data
879 4168 933 4229 est,
949 4159 1016 4236 ipse
1030 4157 1135 4218 trater·
1191 4168 1316 4219 mortem
1339 4159 1439 4219 Deum
1461 4179 1578 4239 rogare,
1602 4173 1642 4222 nt
1657 4164 1876 4245 Apostolus·

439 4244 567 4304 nitatem
582 4256 745 4324 oppugnat,
760 4255 791 4306 et
801 4244 946 4305 adversus
959 4246 1053 4323 ipsam
1069 4265 1136 4323 gra·
1191 4254 1300 4318 monet,
1316 4266 1375 4306 non
1390 4245 1535 4318 hortatur,
1560 4248 1605 4308 ita
1621 4270 1733 4331 neque
1749 4251 1875 4334 problltt

442 4332 525 4401 tiam,
540 4350 602 4410 qna
621 4331 834 4392 reconciliatus
849 4340 896 4392 est
910 4330 986 4401 Deo,
1001 4330 1135 4391 invides·
1193 4332 1398 4392 tautummodo
1416 4331 1560 4407 declarat,
1583 4354 1621 4396 ee
1637 4337 1742 4400 bonos
1755 4337 1875 4401 chria&

441 4417 501 4476 tiae
515 4417 631 4478 lacibus
654 4420 794 4497 agitatur.
820 4417 881 4477 His
904 4417 982 4477 enim
1004 4418 1104 4477 verbis
1120 4440 1138 4477 a
1191 4439 1248 4479 nos
1263 4439 1323 4479 non
1339 4418 1451 4479 audere
1464 4419 1587 4495 hortari,
1603 4432 1763 4504 atproeo
1778 4427 1875 4505 pets&

439 4502 615 4564 Venerabili
630 4504 716 4565 Beda
738 4505 815 4565 haec
836 4505 983 4585 expositio
999 4507 1136 4584 proponi·
1191 4514 1305 4584 rogent,
1321 4508 1399 4566 sicut
1413 4504 1551 4566 bortatur
1568 4527 1626 4568 eos
1642 4531 1758 4591 rogare
1772 4531 1823 4594 pra
1833 4510 1875 4572 es

438 4600 488 4649 tur
510 4591 542 4650 in
565 4591 726 4651 Commeut.
756 4591 815 4650 Est
836 4603 936 4652 autem
958 4601 1076 4670 sumpta
1099 4592 1138 4652 ad
1191 4595 1246 4651 tris
1261 4603 1395 4671 peccato,
1417 4594 1498 4673 qaod
1520 4607 1683 4659 noverunt
1701 4589 1875 4661 nonani

440 4675 567 4737 verbum
587 4697 623 4737 cx
646 4678 681 4739 B.
696 4679 860 4756 Augustini
881 4677 959 4737 libro
982 4680 1081 4754 priore
1101 4677 1138 4737 de
1191 4688 1324 4740 mortem.
1347 4680 1434 4739 flacc
1446 4679 1539 4759 igitur
1549 4681 1749 4746 incommoda
1763 4687 1874 4767 pru&

439 4780 528 4822 serm.
545 4763 666 4824 Domini
680 4767 709 4823 in
721 4777 830 4835 monte,
846 4785 912 4845 cap.
925 4766 975 4823 22.
989 4762 1065 4823 elias
1077 4769 1138 4836 43,
1192 4766 1311 4825 tertiam
1320 4765 1556 4845 expositionem
1572 4773 1702 4833 tametsi
1719 4794 1757 4833 ea
1771 4769 1874 4854 repe*

439 4847 495 4909 ubi
511 4850 564 4922 ait,
586 4870 620 4909 se
633 4853 676 4910 ita
700 4860 823 4928 putare;
848 4850 978 4930 ideaque
994 4850 1139 4912 credibile
1191 4860 1242 4911 tur
1258 4854 1350 4913 etiam
1373 4851 1455 4932 apud
1469 4853 1499 4913 S.
1516 4852 1707 4933 Gregorinm
1725 4849 1873 4920 Mora]

441 4941 499 5005 aet,
520 4955 581 4995 nou
595 4935 691 4996 tuisse
706 4937 866 4997 sollicitum
882 4938 919 4997 de
934 4937 1139 4998 confirmanda
1195 4940 1244 5000 16.
1260 4958 1325 5019 cap.
1350 4940 1401 5000 28.
1423 4938 1500 5000 alias
1515 4939 1568 5000 31.
1595 4942 1659 5005 Est
1679 4945 1800 5027 aliquid
1815 4933 1884 5006 ἃ·

445 5018 498 5080 illa
514 5024 711 5101 expositione
730 5022 791 5085 eet
802 5023 842 5085 ad
854 5045 920 5085 eam
931 5024 1138 5086 infirmandam
1194 5026 1320 5088 rendum
1348 5025 1392 5087 de·
1411 5026 1467 5087 bac
1490 5029 1691 5110 expositione
1713 5033 1813 5107 tutia,
1832 5039 1879 5110 t·-
