4442 5825
713 612 1116 671 msrotsesonmmms.
1148 612 1293 671 rusco.
1654 608 1728 691 m

371 806 417 850 sse
430 795 539 852 mem
550 790 645 852 semel
655 793 692 852 s'n
707 795 980 855 consummatione
1034 812 1127 874 quom
1141 812 1223 867 vcro,
1244 791 1323 873 quod
1339 793 1440 865 seiam,
1462 812 1517 874 pro
1532 793 1599 873 ipss
1614 795 1729 856 immo·

371 877 493 953 torum,
519 879 564 938 ad
592 878 824 942 destitutionem
843 884 978 957 peceati,
1033 881 1162 942 lotione.
1188 879 1296 960 Neque
1315 881 1391 941 enim
1407 888 1454 940 est
1472 880 1598 941 verbale
1612 899 1729 955 nomen,

371 968 495 1025 usuam
519 983 614 1025 snam
641 971 805 1043 oppansit.
842 968 922 1029 Melo
948 970 980 1029 in
1034 967 1116 1047 quod
1144 977 1244 1027 ectum
1270 967 1432 1047 significet,
1462 967 1516 1028 sed
1541 987 1620 1041 rem,
1651 969 1730 1028 circs

371 1050 462 1111 sdsm
492 1052 648 1113 codicibus
679 1055 789 1133 legitur
818 1054 978 1115 accusandi
1035 1073 1126 1135 quom
1157 1061 1241 1113 setus
1266 1064 1419 1130 versatum
1455 1056 1534 1114 sient
1563 1064 1593 1114 at
1622 1074 1729 1115 nomen

388 1138 427 1197 in
441 1143 750 1201 consummationem
768 1143 977 1215 saeculorum,
1033 1145 1196 1215 uictimae,
1221 1140 1295 1201 licet
1315 1140 1464 1201 interdurn
1486 1140 1624 1201 fortassis
1647 1141 1729 1222 opud

380 1242 490 1285 uncus
504 1228 559 1285 sit:
579 1225 726 1287 Christum
745 1231 925 1308 apparuisse
940 1227 980 1289 ed
1032 1236 1168 1288 auctores
1197 1227 1330 1288 Graecos
1366 1247 1419 1306 pro
1449 1237 1519 1288 ectu
1550 1237 1728 1307 usurpetur3

371 1310 548 1372 mmsndmn
561 1315 693 1388 sessula,
709 1314 767 1375 lroc
782 1322 836 1388 est,
860 1313 899 1374 sd
914 1334 978 1395 per·
1032 1313 1114 1395 qnod
1132 1322 1204 1394 puto
1228 1333 1297 1375 esse
1318 1314 1506 1375 rarissimum.
1528 1314 1648 1375 Deinde
1668 1334 1729 1374 non

371 1396 440 1458 dum
456 1407 488 1458 et
501 1399 752 1473 sanctificandum
768 1401 904 1462 homines
919 1422 979 1461 om·
1031 1409 1078 1463 est
1093 1402 1125 1461 in
1140 1399 1258 1462 Graeco
1273 1396 1395 1477 ἑαυτοῦ,
1412 1410 1446 1460 nt
1460 1402 1538 1461 vert-i
1554 1403 1664 1481 possit:
1679 1403 1730 1462 sni

391 1485 586 1546 meoniorum.
625 1486 716 1548 Hunc
746 1490 825 1548 enim
855 1507 977 1548 sensum
1031 1491 1142 1564 ipsius,
1164 1486 1219 1548 sed
1233 1480 1338 1563 αὐτοῦ,
1359 1486 1440 1569 qnod
1462 1486 1575 1548 nnllam
1599 1489 1727 1567 recipro-

371 1589 398 1631 ce
412 1592 475 1632 nou
497 1571 665 1636 sdmittnut
688 1574 739 1636 Sic
755 1575 834 1634 enim
850 1573 978 1634 hebent:
1032 1577 1178 1635 cntionem
1217 1575 1372 1654 significet
1422 1574 1511 1636 Unde
1548 1575 1728 1649 Hemoniae,

371 1652 518 1734 υντελεία,
535 1658 631 1735 idest,
646 1663 683 1721 in
697 1662 746 1721 vol
761 1662 818 1723 sud
830 1680 978 1722 consum·
1032 1659 1208 1723 Oscumeuii
1236 1664 1399 1741 interpres,
1425 1662 1532 1722 solitus
1557 1661 1671 1741 alioqui
1697 1664 1728 1723 in

371 1763 432 1820 me,
449 1766 509 1845 quo
524 1746 613 1806 modo
629 1749 768 1828 superius
783 1748 898 1808 dietum
914 1758 977 1810 est:
1031 1746 1178 1809 vertendo
1193 1756 1276 1809 textu
1298 1749 1476 1829 plerumque
1491 1750 1647 1808 Erasmum
1664 1749 1727 1809 imi·

371 1829 510 1911 ῇπρωτῃ
526 1826 669 1914 διαθήκη,
686 1835 743 1895 srsb
755 1838 867 1912 priore
881 1842 978 1895 testo·
1030 1836 1095 1908 tari,
1112 1834 1245 1896 hocloco
1256 1836 1367 1895 vertit:
1382 1853 1442 1910 per
1453 1838 1614 1897 summam
1626 1853 1726 1896 suom.

371 1936 404 1995 o,
430 1919 462 1978 id
486 1926 548 1992 est,
573 1929 710 2001 tempore
734 1923 844 1982 veteris
868 1922 975 1983 Teste·
1029 1922 1115 1983 Haeo
1130 1921 1250 2001 quidem
1265 1922 1363 1982 hostie
1378 1940 1432 1982 sen
1453 1923 1575 1982 victime
1589 1943 1649 1982 non
1665 1922 1727 1983 alia

371 2051 379 2067 .
401 2004 507 2086 Quare
522 2015 551 2065 et
566 2007 614 2068 hic
629 2027 738 2070 sensus
752 2012 825 2069 erit:
842 2010 883 2069 In
898 2026 976 2069 eon·
1030 2017 1103 2082 erat,
1120 2028 1210 2088 quem
1226 2008 1363 2070 Christus
1379 2010 1453 2088 ipse,
1469 2029 1522 2070 seu
1535 2028 1643 2089 corpus
1659 2010 1726 2089 ejus

371 2098 492 2154 satione
501 2097 711 2170 sucessionem,
727 2096 824 2169 idest,
840 2103 977 2175 tompore
1030 2095 1214 2156 immolatum
1230 2097 1262 2155 iu
1277 2114 1371 2168 cruce,
1395 2098 1475 2156 sicut
1488 2097 1619 2176 amplius
1634 2099 1665 2156 iu
1680 2115 1726 2158 se·

371 2182 545 2241 ,mmstiouis
560 2182 756 2256 sacculorum,
779 2181 900 2263 quando
911 2184 976 2261 jam
1030 2184 1136 2263 quenti
1150 2184 1252 2261 capite
1275 2182 1416 2258 docetur3
1439 2182 1492 2242 sed
1515 2183 1548 2243 id
1569 2183 1627 2244 hac
1640 2191 1728 2265 perte

372 2265 404 2327 le
425 2278 678 2329 consummentur.
702 2271 766 2331 Neo
780 2269 976 2330 vertendum:
1030 2271 1063 2330 in
1078 2269 1196 2329 Grseco
1211 2289 1271 2328 uon
1285 2269 1405 2329 videtur
1420 2287 1608 2347 expressum.

371 2357 665 2430 enumerationem,
690 2358 748 2418 hoc
762 2366 817 2428 ost
838 2360 978 2418 instante
1071 2356 1122 2415 De
1137 2355 1240 2416 eedem
1255 2364 1342 2436 perte
1355 2355 1484 2417 dubitari
1500 2363 1608 2436 potest,
1628 2364 1727 2417 utrum

371 2445 566 2516 immotione,
590 2442 740 2523 quomodo
763 2445 855 2504 vortit
877 2452 908 2505 et
924 2464 975 2504 ex·
1029 2444 1163 2503 construi
1179 2442 1289 2503 debeat
1304 2462 1371 2503 cnm
1393 2445 1531 2522 sequenti
1553 2442 1648 2505 verbo
1663 2461 1726 2520 op-

381 2528 542 2599 lirrnmm,
567 2530 812 2611 quondoquidem
837 2549 893 2590 nec
915 2530 977 2593 illic
1025 2534 1150 2606 paruit,
1166 2529 1222 2588 lroc
1238 2547 1345 2589 sensu:
1362 2530 1506 2590 Christus
1516 2549 1578 2607 per
1591 2530 1725 2590 hostiam

371 2624 592 2696 esssepotost:
608 2619 749 2679 instante
762 2619 870 2693 priori
881 2623 977 2678 testa-
1027 2634 1119 2676 snam
1146 2619 1320 2693 appamit5
1354 2636 1393 2675 en
1419 2635 1492 2677 vero
1519 2615 1727 2678 connectenda

371 2720 396 2762 o.
418 2700 539 2762 Deinde
564 2703 734 2778 sciendum,
762 2704 792 2764 in
817 2703 919 2764 multis
941 2722 977 2765 sc
1028 2701 1123 2785 (qnod
1151 2701 1353 2765 Oscumenins
1378 2701 1465 2781 fecit)
1495 2722 1563 2764 cum
1590 2704 1727 2784 proxime

371 2788 656 2867 tisexemploribos,
672 2811 731 2852 non
741 2793 975 2852 destitutionem
1028 2790 1295 2870 praecedentibus,
1327 2797 1361 2849 ut
1385 2789 1459 2851 ordo
1484 2811 1521 2852 sc
1546 2810 1651 2851 seusus
1675 2793 1726 2863 sit,

371 2873 418 2936 sed
434 2875 688 2938 destructionem.
706 2880 897 2961 Quemquam
913 2898 974 2939 me·
1028 2876 1182 2938 Christum
1212 2877 1390 2958 apparuisse
1418 2877 1462 2938 ad
1491 2877 1726 2941 destitutionem

371 2961 492 3023 odieum
516 2982 587 3041 pars
615 2964 707 3026 hebet
729 2967 974 3041 destitutionem,
1024 2968 1149 3041 peccati
1160 2983 1222 3040 per
1231 2966 1367 3027 hostiam
1382 2984 1483 3040 suam,
1500 2966 1599 3040 idest,
1614 2974 1725 3046 utpeo-

371 3052 480 3110 entinis
502 3053 592 3110 etism
619 3051 861 3132 suffragantibus.
892 3053 976 3132 Quin
1029 3059 1128 3111 catum
1145 3070 1201 3130 per
1215 3052 1351 3125 hostiam,
1367 3072 1427 3133 qao
1442 3054 1585 3133 seipsum
1602 3073 1656 3132 pro
1671 3072 1723 3113 no·

371 3153 446 3197 sees
461 3156 522 3196 vox
538 3128 685 3215 ἀθέτησιν
707 3138 814 3200 melios
835 3140 975 3220 exprimi·
1028 3140 1075 3200 bis
1090 3137 1206 3207 obtulit,
1226 3139 1370 3199 aboleret
1393 3138 1528 3219 Utraque
1544 3141 1726 3201 constructio

371 3225 452 3284 atino
469 3221 619 3284 vocabulo
640 3226 862 3302 destitutionis,
885 3244 975 3304 qnam
1027 3223 1207 3305 probabilis3
1224 3225 1277 3285 sed
1293 3226 1375 3304 prior
1388 3228 1485 3305 magis
1499 3226 1599 3299 obvia,
1615 3226 1723 3307 magis·

371 3313 510 3372 tsetionis.
526 3309 660 3372 Verbum
676 3314 755 3373 euim
771 3305 900 3372 ἀθετεῖν
916 3314 974 3391 sig·
1029 3312 1237 3391 quescrviens
1250 3313 1407 3371 intentioni
1421 3311 1578 3372 Paulinae.
1602 3314 1651 3373 lix
1664 3331 1726 3393 quo

371 3403 398 3457 t:
427 3397 573 3472 abjicere,
600 3400 764 3475 repellere,
792 3400 975 3477 reprobare,
1028 3406 1187 3480 praeterea
1203 3407 1301 3476 potest
1316 3398 1453 3478 intelligi,
1475 3399 1600 3459 verbum
1620 3418 1726 3475 appa·

371 3480 439 3544 Oct.
458 3489 502 3544 1.:
530 3484 743 3547 Prudentissm
765 3488 975 3563 prudentiam
1030 3488 1106 3559 rsit,
1131 3482 1214 3564 quod
1237 3485 1286 3545 hic
1306 3484 1444 3545 absolute
1458 3488 1587 3563 ponitur,
1611 3505 1671 3546 non
1685 3484 1725 3546 sd

371 3569 465 3631 dodo.
489 3569 579 3631 Unde
591 3571 817 3653 Theophylscti
829 3577 976 3653 interpres
1029 3574 1130 3633 Deum
1153 3588 1221 3631 esse
1243 3571 1439 3643 emerendum,
1461 3570 1518 3631 hoo
1531 3572 1636 3631 modo:
1662 3574 1724 3653 Ap·

376 3675 385 3716 s
406 3658 460 3718 Ao
472 3657 730 3734 reprobationem
743 3663 884 3738 pcccati,·
900 3661 977 3720 sicut
1028 3660 1131 3739 paruit
1146 3657 1213 3718 Deo
1228 3658 1313 3719 Patri
1329 3659 1445 3720 coelum
1462 3660 1629 3737 ingressum
1649 3660 1725 3720 sieut

371 3745 464 3823 lgstus
476 3745 606 3805 eundem
619 3765 725 3807 vocem
740 3745 871 3808 reddidit
885 3765 976 3826 supro
1029 3745 1141 3805 dictum
1153 3754 1201 3804 est
1212 3746 1303 3824 psulo
1315 3757 1402 3806 ento:
1424 3746 1629 3822 Utoppareat
1637 3763 1725 3807 nona

373 3833 418 3891 'lc
456 3832 650 3908 Reprobotio
686 3833 725 3910 fit
756 3834 976 3912 praecedentis
1028 3834 1134 3893 vultui
1156 3833 1218 3891 Dei
1238 3850 1300 3908 pro
1322 3833 1430 3909 nobis3
1453 3832 1507 3892 sod
1526 3832 1564 3891 ad
1579 3830 1723 3906 homines,

371 3917 437 3978 tasi
460 3917 549 3979 llaec
569 3929 669 3979 autem
692 3919 846 3981 destitutio
863 3940 916 3980 een
929 3939 974 3980 re·
1028 3930 1063 3979 ut
1076 3922 1232 3994 apparuit
1247 3921 1288 3978 sit
1302 3918 1390 3988 idem,
1414 3917 1494 3998 quod
1515 3921 1724 3996 manifestam

371 4006 417 4065 oto
432 4005 558 4086 peccati,
574 4009 712 4086 quamvis
727 4010 846 4089 proprie
862 4009 976 4068 nonsit
1029 4013 1089 4083 est,·
1115 4004 1264 4082 quomodo
1286 4008 1377 4064 vortit
1391 4004 1617 4084 Theophylscti
1633 4008 1722 4067 inter·

371 4093 450 4165 ratio,
471 4099 571 4152 tamen
592 4111 660 4154 cem
682 4096 851 4156 necessario
873 4114 974 4154 secum
1028 4112 1102 4173 pres
1127 4092 1185 4151 Est
1200 4093 1278 4151 enim
1294 4090 1413 4152 Graeco
1431 4083 1654 4169 πεφανέρωται,
1678 4091 1723 4152 di·

371 4198 381 4238 ·.
1028 4197 1148 4239 versum
1164 4178 1201 4236 ab
1218 4197 1263 4251 eo,
1287 4178 1366 4258 qnod
1382 4178 1578 4258 supradixit:
1607 4180 1647 4241 Ut
1662 4197 1723 4257 ap·

371 4263 402 4324 rd
422 4285 528 4346 porro,
555 4266 637 4344 quod
660 4269 809 4346 seqnitur:
831 4284 891 4344 per
916 4267 974 4327 lto-
1026 4271 1150 4343 pareat.
1168 4263 1346 4345 Eodemque
1356 4264 1449 4325 verbo
1461 4266 1576 4326 Paulus
1590 4285 1661 4328 usus
1677 4273 1725 4327 est

382 4369 483 4427 uam,
500 4352 641 4414 Erasmus
652 4353 827 4414 vertendum
840 4356 973 4434 potavit:
1028 4352 1092 4414 Col.
1110 4355 1149 4423 3.,
1172 4350 1223 4411 ubi
1247 4351 1458 4431 reelegimus:
1487 4353 1566 4413 Gom
1583 4354 1725 4415 Christus

371 4439 604 4499 osmolationem
627 4441 677 4500 sni
692 4442 810 4519 ipsius,·
833 4449 867 4499 ut
882 4459 972 4519 oppo·
1026 4441 1218 4515 appensorii
1232 4441 1299 4499 vita
1315 4446 1429 4513 oestro,
1451 4446 1528 4499 tnnc
1547 4448 1577 4499 ct
1594 4457 1647 4500 oos
1661 4456 1723 4515 ap·

381 4528 418 4599 ei,
441 4524 523 4606 qnod
539 4524 577 4585 de
592 4526 684 4604 legali
706 4528 846 4606 pontifice
862 4526 973 4587 dictum
1023 4526 1177 4603 parebitis
1191 4544 1260 4585 cum
1277 4528 1346 4600 ipso
1360 4528 1397 4585 in
1410 4525 1523 4602 alonia.

371 4614 407 4673 in
435 4614 593 4689 sanquine
619 4615 735 4673 alieno.
774 4615 862 4673 Hauc
893 4615 973 4673 enim
1068 4614 1174 4673 Restat
1206 4611 1365 4673 difficultas
1395 4611 1434 4671 de
1461 4610 1613 4672 intellectu
1639 4608 1722 4670 illius

371 4701 449 4760 esim
469 4707 559 4777 urget
574 4699 738 4778 Apostolus
762 4703 792 4759 in
814 4701 972 4780 superiori·
1027 4701 1136 4778 portis:
1162 4701 1198 4759 in
1222 4701 1493 4759 consummatione
1514 4696 1721 4758 soeculorum.

377 4787 419 4846 At
444 4785 534 4847 nobis
556 4805 592 4845 ea
613 4789 715 4847 versio
743 4787 911 4865 plausibilis
938 4805 974 4845 ac
1026 4786 1103 4845 Nom
1117 4784 1416 4864 quomodoOhristus
1433 4784 1723 4863 perhostismsuam

372 4876 447 4953 egis,
464 4889 556 4952 quam
572 4872 661 4933 docte
675 4874 807 4945 videtur,
827 4876 900 4953 quia
914 4870 973 4930 do·
1026 4874 1168 4952 apperuit
1189 4873 1221 4931 in
1245 4872 1432 4931 sacculorum
1454 4872 1720 4948 consummatione,

371 4962 486 5020 rueris
507 4960 602 5020 literis
625 4960 737 5040 ubique
758 4963 904 5041 accipitur
917 4977 972 5038 pro
1026 4978 1092 5018 com
1107 4958 1146 5018 ab
1162 4957 1214 5017 illo
1227 4969 1371 5038 tempore,
1388 4976 1449 5036 quo
1462 4975 1569 5036 possus
1585 4963 1638 5030 est,
1654 4975 1721 5019 sne·

371 5065 444 5110 reon
456 5049 599 5123 victima,
615 5066 695 5129 quse
707 5047 886 5121 immoletur,
902 5063 971 5107 nur
1026 5045 1094 5105 cula
1103 5045 1169 5122 jem
1182 5063 1280 5125 paene
1294 5044 1426 5106 sedecim
1440 5043 1592 5119 fluxerint,
1615 5046 1641 5105 si
1655 5061 1720 5105 sse·

1441 5140 1515 5207 15*
