4442 5825
409 618 481 686 lto
926 614 1210 670 sumserimusut
1228 616 1295 670 ser.
1313 617 1353 671 rr

405 798 476 849 tune
499 787 551 847 ille
574 789 750 849 commotior
772 791 924 852 distinctio
946 791 1024 852 {oret
1047 811 1098 870 po·
1155 793 1280 872 ingredi,
1295 794 1379 873 quod
1394 793 1443 855 vol
1459 796 1832 861 exeooonstere'srbitrer

405 876 516 949 nendo,
540 874 579 935 de
593 894 655 954 qus
669 873 742 949 dixi,
766 877 919 939 reddendo
941 879 1016 939 illud
1040 874 1098 937 λα·
1153 889 1208 952 tur,
1232 883 1312 960 quie,
1336 884 1415 942 sieut
1437 883 1549 961 legitur
1569 882 1638 945 Aet.
1654 886 1715 957 21,
1737 885 1833 965 meris

403 957 511 1040 τρείας
525 981 579 1042 per
595 971 734 1043 quartum
756 984 857 1025 essum
873 966 1029 1045 pluralem.
1059 967 1099 1025 Et
1153 968 1243 1027 simus
1267 967 1412 1029 adversus
1427 969 1558 1029 Paulum
1581 969 1730 1033 turnultus
1752 968 1833 1031 ronti

403 1049 506 1130 glosse
527 1049 723 1109 interlinealis
747 1050 810 1111 MS.
840 1054 869 1111 iu
890 1074 957 1114 eum
978 1072 1097 1114 sensum
1153 1059 1235 1113 tatus
1251 1053 1306 1113 luit
1321 1076 1338 1113 a
1354 1054 1488 1128 Jndeeis,
1513 1053 1593 1137 quod
1610 1057 1834 1138 hominemgeu

402 1139 614 1216 interpretetur
628 1137 717 1197 etiem
731 1137 771 1210 id,
795 1139 878 1217 qnod
893 1148 993 1200 noster
1008 1142 1095 1199 inter·
1152 1141 1234 1199 tilem
1249 1149 1409 1221 putaretur
1431 1142 1636 1204 introduxisse
1650 1144 1682 1204 iu
1698 1142 1835 1225 templum.

403 1242 473 1303 pres
499 1221 599 1295 dedit,
625 1223 682 1284 hoe
705 1225 811 1284 modo:
845 1227 1098 1302 Jsaiflaasoner
1151 1226 1297 1286 Fetentur
1319 1228 1449 1308 quidem,
1471 1229 1603 1308 gentiles
1627 1233 1761 1310 potuisse
1779 1250 1835 1293 ent·

402 1312 556 1385 cauerat,
572 1328 641 1370 ean
656 1328 758 1386 verar,
774 1312 827 1372 red
838 1331 902 1389 pro
918 1314 1012 1375 moda
1027 1314 1095 1373 eal-
1151 1314 1257 1374 sistere
1280 1324 1311 1374 et
1332 1335 1417 1375 orere
1440 1319 1470 1376 in
1492 1316 1558 1377 loeo
1580 1326 1709 1397 petente
1732 1326 1763 1381 et
1779 1316 1835 1381 sut·

402 1405 496 1459 turae
511 1399 653 1460 earnalis
667 1399 821 1460 carnales.
1150 1398 1237 1474 diali,
1265 1402 1317 1481 qui
1341 1409 1406 1462 eret
1431 1413 1502 1464 ante
1523 1405 1632 1464 atrium
1659 1402 1835 1467 teberneeull

444 1486 488 1546 Et
509 1492 655 1546 sanatam
677 1486 848 1546 saeculare.
872 1485 962 1565 Quod
979 1485 1097 1546 Greeos
1150 1486 1200 1545 vol
1216 1489 1335 1567 templi3
1360 1504 1450 1569 etque
1474 1488 1511 1549 de
1526 1488 1702 1568 hujusmodi
1723 1491 1788 1552 loeo
1801 1490 1834 1553 d'r

401 1581 447 1631 est
468 1564 625 1650 κωμικὸν,
648 1570 679 1630 id
702 1582 750 1632 est
771 1574 984 1648 nrundaaum,
1009 1574 1095 1631 inter·
1149 1583 1222 1633 suut
1243 1574 1464 1654 accipiendum,
1491 1575 1573 1655 quod
1595 1576 1711 1639 dieitur
1732 1578 1763 1638 in
1783 1596 1833 1639 ore

401 1678 472 1738 pres
498 1661 603 1719 vertit:
633 1661 795 1719 saeculare
803 1683 815 1737 ,·
846 1659 1096 1739 quemadmodum
1148 1660 1229 1720 tione
1252 1661 1421 1721 Salomonis
1438 1666 1455 1723 3
1471 1663 1545 1742 Reg.
1562 1667 1590 1725 8.
1615 1672 1648 1724 et
1666 1666 1686 1724 2
1702 1665 1834 1737 Pereld

400 1755 431 1805 et
461 1744 498 1805 ed
530 1747 592 1804 'l'it
623 1747 669 1804 2:
712 1749 891 1807 saecularia
925 1747 1094 1820 desideria,
1150 1745 1834 1831 dealienigeueveuieuteadtemplumarsndl

400 1831 532 1893 Graece:
548 1822 697 1909 κοσμικὰς
709 1825 882 1912 ἐπιθυμίας.
898 1834 1006 1915 Neque
1017 1834 1094 1893 enim
1149 1853 1247 1906 sauss,
1263 1844 1294 1894 et
1309 1836 1389 1914 quod
1404 1836 1443 1894 ed
1455 1833 1626 1915 Caligulam
1640 1838 1733 1899 Philo
1747 1837 1833 1909 refert

399 1918 473 1979 nlibi
496 1911 642 1998 κοσμικὸν
664 1921 695 1978 iu
711 1921 874 2000 Scripturis
896 1920 1026 1980 arbitror
1049 1938 1093 1979 re·
1147 1917 1242 1981 luisse
1270 1920 1382 1993 locum,
1413 1941 1450 1981 ex
1477 1942 1537 2002 quo
1563 1924 1696 2003 gentiles
1726 1930 1835 2005 possut

399 2007 499 2087 periri.
529 2007 627 2088 Syrus
652 2009 741 2067 etiem
766 2008 914 2089 interpres
939 2009 1031 2068 vertit
1058 2025 1094 2066 eo
1147 2006 1274 2068 adorere
1289 2009 1397 2080 Deum,
1421 2018 1461 2081 et,
1485 2029 1564 2091 quse
1578 2030 1634 2090 pro
1655 2032 1691 2073 se
1706 2012 1833 2074 offerrer-

400 2093 557 2167 voesbulo,
574 2090 655 2175 quod
671 2115 690 2153 e
703 2095 839 2170 saccale,
863 2116 923 2155 non
939 2116 957 2155 a
972 2094 1094 2154 munda
1147 2101 1203 2168 tur,
1220 2095 1345 2172 intueri3
1362 2094 1415 2155 sed
1427 2114 1495 2156 enm
1507 2094 1605 2157 laeum
1621 2097 1731 2160 dieunt
1745 2116 1832 2180 neque

398 2180 560 2242 deductum
576 2191 630 2242 est
654 2180 867 2260 Quaerendum
884 2183 983 2262 igitur,
999 2181 1092 2262 quod·
1147 2181 1342 2256 tabernaculi,
1365 2202 1463 2263 neque
1478 2184 1584 2263 templi
1599 2194 1718 2265 portem
1735 2185 1832 2261 luisset

398 2288 467 2330 uam
490 2269 528 2329 sb
544 2269 692 2351 Apostolo
715 2279 840 2330 venetur
860 2277 1006 2332 sanctam
1022 2286 1092 2328 sae·
1147 2288 1203 2328 neo
1225 2271 1345 2329 omniuo
1371 2269 1468 2331 lotum
1500 2274 1653 2350 signatum
1667 2271 1832 2353 -geutililrn

397 2358 505 2420 erton
519 2376 574 2417 sen
596 2358 808 2419 mundanam.
836 2358 913 2418 Nem
929 2356 1011 2436 qnod
1027 2357 1092 2436 qui·
1146 2355 1240 2415 ullum
1264 2356 1306 2416 ed
1337 2356 1480 2417 orandum
1516 2357 1627 2430 luisse,
1666 2361 1832 2440 prumien

397 2446 467 2507 dnm
489 2453 604 2526 putent,
631 2464 667 2506 eo
690 2446 810 2505 nomine
835 2443 996 2523 signifiosri
1018 2451 1090 2502 tem·
1147 2445 1225 2502 uiros
1239 2442 1473 2505 tebernsonlum
1496 2444 1637 2526 Denique
1652 2466 1722 2520 ner,
1736 2447 1831 2527 siit.

396 2534 494 2614 plum,
517 2534 590 2611 quie
611 2530 783 2603 meruleto,
806 2530 838 2590 id
861 2539 907 2591 est
927 2528 1092 2610 temporale
1145 2538 1235 2589 ustus
1258 2540 1344 2603 esset,
1368 2540 1504 2591 sanetum
1526 2532 1587 2592 disi
1609 2536 1763 2611 patrium
1785 2544 1832 2595 nn

398 2629 471 2693 eret,
487 2640 548 2680 nou
563 2627 751 2700 perpetuum,
766 2617 845 2679 bene
856 2619 954 2697 rejicit
965 2617 995 2677 S.
1008 2617 1090 2680 Tho·
1146 2617 1223 2676 enirn
1239 2617 1397 2678 dicebatur
1416 2617 1499 2678 loeus
1514 2627 1644 2693 unctus,
1670 2620 1725 2682 sed
1747 2618 1829 2702 pass·

395 2724 459 2767 mes
474 2708 650 2767 auctoritate
665 2704 775 2766 Greeei
796 2714 907 2778 textus,
927 2703 1093 2784 qui,·sieut
1145 2722 1211 2777 nus,
1233 2704 1286 2781 qui
1302 2703 1465 2784 gentilibus
1480 2705 1615 2784 petebat.
1639 2706 1747 2788 Quare
1762 2700 1852 2788 qual'

396 2796 510 2855 dietum
525 2802 580 2866 est,
603 2792 807 2854 mundanam
822 2792 923 2863 hebet,
945 2811 1007 2851 non
1021 2808 1091 2850 sae-
1146 2788 1395 2870 'I'heophyleotus
1407 2800 1437 2850 et
1449 2790 1650 2853 Oenonenius
1667 2803 1756 2855 extre
1765 2792 1829 2856 ste

396 2881 512 2943 talare.
535 2881 606 2961 Qus
620 2881 735 2941 ratione
750 2879 838 2939 etism
854 2897 953 2940 errore
968 2878 1086 2937 convin-
1145 2889 1251 2957 pturse
1266 2879 1472 2939 auctoritatem
1494 2877 1685 2959 distinguunt
1700 2884 1733 2943 in
1747 2879 1828 2944 tebu-

396 2977 512 3042 ountur,
536 2969 588 3048 qui
604 2986 620 3026 e
635 2967 787 3029 contrario
802 2967 964 3027 meoalare
979 2964 1090 3025 dietum
1144 2963 1252 3024 nsoulo
1269 2969 1327 3026 trie
1343 2965 1417 3038 locs,
1432 2966 1520 3027 velut
1533 2968 1592 3026 trie
1603 2977 1720 3044 aenou,
1736 2967 1829 3039 vel!

394 3055 537 3135 ternplum
566 3063 689 3135 putent,
719 3052 801 3135 qu'od
829 3054 931 3115 multis
960 3050 1091 3113 usculis
1145 3049 1343 3113 Oeeumeuius
1375 3053 1516 3133 loquitur,
1548 3054 1608 3114 tris
1636 3053 1855 3138 rabemmh,

395 3141 569 3202 duraturum
584 3140 763 3203 crederetur.
1144 3158 1269 3217 quornm
1281 3142 1402 3200 tertium
1415 3143 1455 3200 sit
1464 3140 1549 3200 loeus
1561 3139 1622 3214 ille,
1636 3140 1855 3224 dequonsui

435 3228 592 3290 Relellitor
616 3231 705 3289 etiem
728 3236 858 3306 utreque
879 3227 998 3307 opinio,
1018 3226 1090 3306 quis
1143 3228 1249 3305 egitur,
1265 3247 1325 3286 non
1340 3246 1405 3288 esse
1420 3227 1634 3307 recipiendum
1820 3271 1823 3278 ·

393 3337 453 3377 non
468 3314 507 3376 de
520 3315 633 3394 templo
654 3335 732 3375 nune
755 3314 820 3394 agir
834 3314 959 3388 Paulus,
982 3311 1038 3373 sed
1052 3309 1089 3372 de
1187 3312 1277 3392 Quod
1304 3316 1328 3374 si
1356 3334 1373 3373 e
1397 3313 1516 3375 diverso
1542 3313 1674 3392 objicies
1702 3311 1825 3396 exuet·
1853 3315 1855 3368 l

395 3403 601 3475 tabernaculo,
623 3401 705 3484 quod
725 3403 811 3480 jussu
834 3399 956 3460 Domini
977 3399 1090 3459 laetum
1143 3398 1311 3477 gentilium,
1327 3402 1378 3481 qui
1392 3401 1580 3482 intemplum
1594 3400 1825 3482 peeifiee-lsgu'
1851 3401 1855 3510 l

395 3498 441 3554 est
455 3512 474 3550 e
489 3489 574 3550 Mose
589 3489 752 3552 seeundum
772 3486 929 3566 exemplar
942 3489 974 3546 in
989 3495 1090 3546 monte
1143 3497 1191 3546 tur
1206 3487 1341 3565 ingressi,
1357 3497 1410 3547 sut
1424 3490 1514 3548 etiem
1530 3488 1698 3550 honorifice
1710 3509 1729 3549 s
1743 3505 1823 3550 seem
1851 3513 1855 3542 ε

395 3586 607 3652 monstratum
645 3573 897 3657 quemadmodum
933 3572 1088 3653 praelatus
1142 3572 1262 3633 datibus
1275 3574 1437 3635 introducti
1456 3570 1572 3651 (scribit
1586 3578 1669 3637 eninr
1686 3561 1855 3644 llrrstmr'¹

395 3673 442 3725 est
464 3666 561 3743 eapite
581 3661 787 3743 praecedeuti3
810 3661 931 3720 temetsi
954 3681 1014 3720 uon
1037 3677 1086 3718 ne
1141 3659 1217 3719 libro
1232 3659 1271 3719 de
1286 3661 1385 3721 LXX.
1405 3661 1629 3739 interpretibus,
1651 3682 1696 3733 se,
1719 3663 1824 3724 «ΙΝ
1849 3649 1855 3730 ἕ

394 3769 508 3830 gemus,
525 3750 678 3830 templum,
700 3745 801 3830 quoad
817 3748 948 3826 partium
965 3747 1086 3807 luterio·
1141 3747 1255 3825 lymurn
1270 3749 1392 3808 missum
1408 3768 1427 3807 e
1439 3749 1616 3810 Ptolemaeo
1631 3768 1714 3830 rege,
1730 3751 1760 3811 in
1773 3763 1824 3809 sn
1850 3753 1855 3820 ἐ

394 3857 460 3899 rum
483 3835 719 3917 disparitionem,
741 3835 837 3894 luisse
858 3835 970 3893 loetum
993 3833 1031 3893 sd
1047 3834 1087 3893 si·
1141 3833 1246 3913 templi
1261 3844 1376 3912 pestem
1392 3834 1485 3895 luisse
1499 3834 1675 3910 admissum,
1692 3831 1823 3918 qusepn'·
1849 3833 1855 3906 l

394 3923 749 4003 militudinemqueudem
759 3921 948 3984 tabernaculi
954 3920 1086 3981 Moesici.
1141 3940 1208 3980 mee
1222 3922 1301 4000 perti
1314 3922 1500 3984 tubernaculi
1514 3921 1734 4001 respondebam
1745 3921 1824 3984 {elul
1850 3923 1855 3994 ζ’

394 4010 627 4094 chrysostomus
649 4018 796 4072 ranetam
812 4008 1020 4069 mundanam
1043 4008 1085 4066 in-
1141 4009 1211 4068 item
1226 4007 1380 4088 Josephus
1394 4009 1471 4069 libro
1487 4007 1619 4070 seeundo
1635 4010 1676 4071 de
1691 4007 1823 4072 bellede·
1848 4005 1855 4064 l

392 4106 574 4178 terpretetur
588 4098 696 4170 lotum,
717 4117 770 4158 seu
785 4095 896 4175 templi,
919 4115 973 4156 seu
989 4093 1085 4155 taber·
1140 4095 1244 4168 deleo,
1266 4098 1365 4176 eapite
1387 4096 1628 4171 decimosexto,
1650 4096 1823 4158 Politienu
1847 4131 1855 4170 Ι.

391 4185 507 4258 netuli,
534 4184 574 4244 ed
596 4203 686 4265 quem
709 4205 770 4245 nou
793 4183 890 4244 solum
914 4183 1005 4263 vulgo
1028 4180 1084 4240 Ju·
1141 4182 1300 4262 quendem,
1315 4202 1335 4241 e
1349 4181 1450 4243 Cestio
1465 4182 1764 4257 Praesideurissurn,
1785 4177 1823 4244 sl·
1851 4169 1855 4190 ¹

391 4270 541 4345 (lusorum,
556 4272 609 4332 sed
625 4272 792 4351 promissus
806 4271 941 4350 eujussis
955 4268 1086 4330 ustionis
1140 4270 1296 4329 soendisse
1316 4271 1348 4329 iu
1366 4269 1510 4347 templum
1531 4279 1562 4329 et
1583 4290 1708 4349 orasse3
1731 4269 1769 4332 (le
1781 4266 1822 4330 tii
1850 4325 1855 4332 .

391 4379 427 4420 ee
449 4361 540 4420 totius
560 4358 665 4419 muudi
685 4357 854 4418 horninibus
877 4376 1018 4417 secessus
1034 4373 1084 4433 pe·
1140 4375 1248 4415 enuere
1263 4364 1294 4415 et
1309 4354 1474 4416 Heliodoro
1490 4354 1565 4416 nihil
1580 4355 1659 4430 dieo,
1677 4356 1761 4439 quud
1773 4373 1821 4418 ΙΙ·
1849 4367 1855 4422 ’;

390 4448 482 4508 tebet
497 4444 574 4506 Inde
589 4448 666 4505 enim
678 4445 746 4505 vult
755 4443 867 4506 dietum
879 4443 973 4503 luisse
988 4460 1085 4503 maa·
1139 4444 1186 4521 gis
1202 4461 1256 4521 per
1271 4445 1331 4502 vim
1343 4452 1394 4502 snt
1405 4443 1636 4523 improbitatem,
1652 4465 1744 4526 quum
1757 4433 1823 4524 qul
1849 4443 1855 4496 ἐ

390 4534 522 4596 datram.
540 4534 623 4593 Nam
635 4534 768 4605 Jaaaa,
785 4533 892 4612 iuquit,
909 4547 976 4590 aaa
991 4534 1085 4588 erant
1138 4531 1182 4587 ite
1196 4529 1310 4601 liceret,
1333 4530 1479 4608 templum
1501 4532 1628 4609 ingressi
1643 4525 1821 4612 legentum
1849 4541 1855 4622 Ι·

323 4668 325 4671 ψ
388 4622 536 4684 mandat.
560 4620 731 4700 Sequuntur
750 4620 807 4678 hee
829 4622 861 4678 in
883 4625 969 4696 perte
986 4615 1083 4694 cury·
1138 4616 1276 4678 Meeheb.
1294 4616 1322 4676 7.
1345 4625 1376 4677 et
1399 4616 1575 4678 stteehrb.
1591 4621 1622 4680 3.
1645 4627 1677 4678 et
1693 4616 1773 4696 14.)=
1792 4607 1827 4678 tl.

388 4719 551 4770 sostomum
584 4705 850 4787 Theophyleetus,
888 4701 1084 4763 Oeeumenius
1137 4702 1230 4776 haee,
1253 4704 1389 4782 iuquam,
1411 4703 1588 4783 responderi
1610 4714 1727 4785 potest,
1747 4705 1839 4768 'nstv'

388 4804 419 4855 et
434 4796 566 4875 Heymo.
1138 4788 1210 4850 dum
1235 4789 1465 4870 dispensatione
1490 4789 1623 4871 quedem
1649 4792 1755 4854 detur
1775 4789 1822 4870 Μ

431 4881 544 4943 courir
565 4878 647 4962 qnod
668 4887 770 4941 temen
785 4877 934 4956 objiciunt
948 4876 1008 4949 elii,
1032 4896 1081 4937 ue·
1136 4876 1233 4936 fuisse
1254 4879 1372 4955 magnis
1394 4886 1427 4937 et
1446 4875 1620 4958 potentibus
1641 4879 1728 4952 viris,
1749 4885 1782 4938 ut
1799 4875 1829 4934 ἰ-

389 4970 487 5050 queiu
496 4966 699 5040 tabernaculo,
714 4966 855 5045 usquein
867 4962 1083 5044 temploluisse
1138 4963 1283 5042 templum
1300 4965 1473 5038 introirent3
1488 4975 1581 5045 etque
1593 4964 1626 5024 id
1640 4967 1747 5047 ipmur,
1761 4979 1820 5045 qus·
1834 4991 1837 4998 ·

388 5053 488 5118 laeum
501 5055 642 5135 aliquem,
663 5072 724 5134 que
746 5050 796 5113 les
816 5059 897 5113 esset
915 5050 1084 5132 gentilibus
1100 5117 1114 5146 ο
1136 5053 1220 5112 niun
1248 5050 1517 5139 merdinum
1546 5060 1627 5128 eret,
1657 5055 1832 5134 mgnum&
