4442 5825
803 633 952 700 488

804 801 1057 863 notabili
1088 822 1160 862 ac
1186 801 1360 863 beato
1384 804 1574 877 titulo,
1608 806 1715 884 qui
1747 812 1947 865 tamen
1977 825 2096 864 non
2127 804 2190 864 in

804 909 1008 949 omnes
1054 908 1154 948 eos
1199 898 1257 948 et
1301 891 1564 970 singulos
1612 899 1930 971 competat,
1981 891 2086 952 sed
2129 892 2189 951 in

801 976 1108 1036 Ecclesias
1153 996 1375 1049 eorum,
1423 999 1578 1056 quae
1624 981 1849 1039 electae
1895 978 2189 1051 dicuntur,

802 1062 964 1143 quod
998 1061 1203 1122 electis
1249 1075 1526 1126 constent
1571 1075 1876 1146 tamquam
1910 1067 2191 1127 membris
2237 1100 2238 1107 κ

802 1150 1166 1230 praecipuis.
1212 1153 1511 1212 Dicuntur
1542 1162 1741 1212 autem
1775 1155 1970 1228 electi,
2020 1172 2191 1231 quos,
2237 1176 2240 1203 1¹

803 1235 942 1297 aliis
974 1234 1276 1298 derelictis
1319 1260 1390 1299 ac
1418 1243 1768 1319 reprobatis,
1818 1239 1995 1319 elegit
2026 1241 2193 1299 Deus

804 1323 880 1385 ab
937 1331 1179 1383 aeterno
1233 1324 1309 1384 ad
1356 1325 1783 1386 haereditatem
1837 1327 2008 1405 regni
2064 1345 2191 1386 coe·

802 1411 990 1471 lestis.
1052 1410 1297 1491 Estque
1347 1413 1462 1473 hoc
1514 1433 1731 1473 nomen
1784 1415 1966 1473 etiam
2020 1413 2191 1472 bonis

803 1497 1036 1576 angelis
1080 1517 1410 1572 commune,
1452 1506 1519 1558 ut
1560 1504 1591 1560 1
1629 1501 1787 1560 Tim.
1821 1500 1877 1571 5,
1910 1502 2011 1560 21.
2058 1499 2193 1560 Ad-

803 1602 999 1646 vcnas
1039 1585 1280 1664 quidam
1325 1588 1694 1666 interpretati
1742 1595 1883 1647 sunt
1925 1585 2191 1648 Judaeu-

802 1691 933 1732 rum
968 1670 1328 1751 proselytos.
1361 1673 1520 1732 Nam
1544 1668 1925 1752 προςήλυτος
1948 1676 2193 1734 adven-

805 1761 1016 1820 titium
1050 1760 1365 1838 significat,
1398 1761 1562 1840 quod
1588 1770 1646 1822 et
1671 1763 1962 1840 interpres
1993 1770 2192 1821 noster

805 1846 954 1906 alias
986 1845 1304 1907 advenam
1336 1848 1656 1920 transtulit,
1704 1856 1768 1906 ut
1797 1848 1927 1906 Act.
1963 1851 2055 1908 6.:
2110 1849 2196 1909 Et

807 1933 1139 1993 Nicolaum
1186 1934 1502 1994 advenam
1547 1936 2024 1996 Antiochenam.
2073 1932 2196 1995 Sed

804 2038 915 2079 nos
954 2018 1083 2096 jam
1123 2028 1263 2080 ante
1307 2040 1511 2081 eorum
1553 2022 2024 2103 improbavimus
2062 2041 2193 2081 sen-

805 2107 1068 2179 tentiam,
1116 2109 1216 2187 qui
1261 2107 1338 2168 ad
1385 2109 1726 2189 proselytos
1773 2111 2050 2188 scriptam
2089 2128 2194 2167 vo·

804 2193 938 2254 lunt
981 2192 1135 2253 hanc
1182 2195 1536 2275 Epistolam.
1595 2197 1729 2256 Nec
1772 2215 1917 2255 vero
1966 2195 2195 2256 Graece

805 2288 901 2341 est
942 2280 1056 2341 hoc
1101 2281 1268 2342 loco:
1324 2276 1757 2361 προςηλύτῦις,·
1794 2302 1917 2361 quo
1959 2284 2194 2342 nomine
2238 2338 2240 2344 .

803 2369 865 2429 in
889 2368 1214 2446 Scripturis
1246 2370 1570 2449 significari
1606 2369 1799 2430 solent
1829 2369 2083 2448 gentiles
2115 2368 2193 2429 ad

802 2454 1127 2516 Judaicam
1174 2457 1522 2535 religionem
1559 2457 1848 2532 traducti3
1894 2455 2001 2516 sed
2033 2472 2191 2532 παρ-

803 2535 1150 2619 επιδήμοις,
1206 2543 1266 2603 id
1300 2553 1391 2604 est
1420 2544 1717 2619 advenis,
1773 2545 1904 2603 sive
1946 2545 2189 2604 incolis.

801 2627 961 2687 Nam
995 2639 1054 2688 et
1077 2629 1211 2690 Act.
1239 2635 1311 2703 2.,
1343 2632 1446 2691 ubi
1477 2638 1864 2692 numerantur
1894 2631 2189 2689 variarum

801 2717 1069 2793 gentium
1117 2736 1190 2776 ac
1220 2736 1501 2794 generum
1545 2718 1833 2789 homines,
1879 2718 1982 2796 qui
2013 2700 2188 2777 {Iero-

800 2802 1054 2881 solymis
1080 2802 1446 2876 habitabant,
1479 2805 1706 2864 diversi
1737 2812 2041 2885 ponuntur
2069 2803 2189 2863 ad-

801 2905 1003 2949 venae
1035 2898 1097 2950 et
1117 2891 1443 2968 proselyti.

886 2975 1075 3036 Porro
1120 2977 1478 3056 quibusdam
1524 2978 1744 3056 placet,
1791 2978 2075 3038 advenas
2105 2978 2188 3036 in·
2242 3022 2243 3025 η

798 3061 988 3142 telligi
1044 3063 1444 3144 metaphorice
1500 3084 1636 3137 eos,
1692 3068 1828 3146 qui,
1881 3073 2187 3144 tamquam

798 3151 1104 3229 peregrini
1153 3151 1216 3212 in
1256 3150 1373 3212 hoc
1422 3152 1647 3213 mundo
1699 3160 2056 3224 versantes,
2109 3149 2188 3209 ad

799 3236 1122 3298 coelestem
1197 3239 1455 3317 patriam
1529 3238 1811 3315 tendunt3
1887 3235 2186 3320 quomodo

796 3325 987 3386 sancti
1034 3325 1410 3405 patriarchae
1452 3325 1920 3398 confitebantur,
1975 3343 2040 3384 se
2084 3343 2183 3404 pe·

796 3412 1068 3490 regrinos
1115 3420 1172 3472 et
1216 3411 1484 3492 hospites
1531 3432 1661 3473 esse
1715 3431 1898 3491 super
1948 3420 2185 3483 terram,

797 3505 865 3556 ut
912 3497 1131 3558 dieitur
1159 3499 1345 3560 Hebr.
1383 3503 1481 3560 11.
1532 3496 1709 3576 Quod
1757 3508 1819 3559 et
1862 3497 2065 3559 David
2112 3496 2186 3557 de

794 3604 861 3645 se
905 3582 1124 3645 fatetur
1152 3585 1371 3647 Psalm.
1408 3587 1505 3648 38.
1554 3584 1672 3646 Sed
1712 3585 1812 3645 hic
1844 3585 2185 3645 intellectus

793 3669 1088 3732 refellitur
1134 3692 1204 3732 ex
1252 3674 1492 3732 nomine
1537 3674 1970 3749 dispersionis,
2021 3672 2184 3751 quod

789 3761 1060 3839 proxime
1093 3760 1376 3840 sequitur.
1429 3760 1584 3820 Nam
1618 3760 1906 3820 advenae
1938 3761 2182 3835 disper-

791 3848 989 3905 sionis
1030 3846 1312 3907 Hebraeo
1365 3866 1528 3907 more
1583 3848 1860 3906 dicuntur
1911 3846 2183 3906 advenae

791 3931 1062 4010 dispersi,
1094 3934 1158 3994 id
1189 3940 1297 4006 est,
1329 3934 1579 4012 sparsim
1612 3952 1724 4013 per
1747 3932 2016 3995 diversas
2047 3952 2178 4012 pro-

788 4019 1019 4079 vincias
1071 4018 1446 4093 habitantes,
1499 4018 1734 4081 scilicet
1777 4021 1838 4079 in
1884 4021 1961 4080 iis
2012 4019 2180 4090 locis,

789 4124 942 4185 quae
989 4107 1270 4165 continuo
1312 4115 1454 4186 post
1497 4108 1928 4187 exprimuntur.
1989 4107 2184 4165 Erant

787 4199 985 4251 autem
1019 4192 1059 4250 ii
1083 4192 1326 4267 Judaei,
1361 4195 1464 4273 qui
1500 4192 1820 4274 quondam,
1852 4212 1960 4272 per
1991 4193 2175 4272 capti-

783 4277 1008 4338 vitates
1041 4287 1101 4336 et
1132 4277 1294 4339 bella
1340 4281 1548 4361 patriis
1595 4278 1835 4339 sedibus
1867 4280 2044 4358 ejecti
2076 4285 2181 4338 aut

783 4373 998 4447 sponte
1030 4362 1288 4444 profugi,
1342 4368 1541 4427 varias
1571 4374 1697 4426 toto
1730 4365 1874 4426 orbe
1906 4367 2177 4446 regiones

782 4451 1162 4523 incolebant,
1215 4454 1300 4512 uti
1350 4451 1717 4513 declaratum
1767 4461 1859 4513 est
1904 4452 1980 4513 ad
2026 4450 2176 4511 illud

783 4537 920 4598 Jac.
958 4543 1045 4597 1.:
1093 4540 1446 4599 Duodecim
1479 4540 1785 4612 tribubus,
1833 4558 1996 4615 quae
2027 4545 2176 4598 sunt

781 4626 854 4684 in
906 4623 1314 4700 dispersione.
1386 4627 1619 4685 Etenim
1675 4625 1750 4684 de
1805 4624 2173 4703 dispersione

783 4708 999 4769 eodem
1027 4729 1203 4769 sensu
1228 4711 1557 4790 loquuntur
1578 4712 1621 4773 J
1623 4713 1844 4772 acobus
1863 4720 1919 4770 et
1935 4711 2169 4770 Petrus.

865 4795 1082 4869 Ponti,
1122 4798 1430 4873 Galatiae,
1483 4799 1948 4874 Cappadociae,
1982 4799 2172 4858 Asiae

783 4888 842 4940 et
865 4883 1229 4957 Bithyniae.
1263 4881 1666 4944 Oscumenius
1690 4886 2001 4962 conjuncte
2025 4884 2171 4961 legit

783 4973 842 5024 et
874 4970 1150 5047 exponit:
1204 4971 1401 5029 Ponti
1435 4970 1747 5043 Galatiae,
1796 4968 1856 5028 id
1904 4977 1994 5029 est
2039 4970 2172 5047 ejus

779 5052 1063 5131 regionis,
1088 5073 1250 5134 quae
1265 5064 1514 5117 vocatur
1529 5054 1772 5118 Galatia
1789 5057 1984 5130 Ponti,
2010 5054 2171 5135 quod

2238 3578 2239 3584 κ
2296 3546 2475 3605 etiam
2527 3544 2783 3604 arbitror
2829 3542 2982 3603 illud
3036 3563 3170 3623 cap.
3225 3543 3327 3603 19.
3381 3543 3457 3604 de

1833 626 2305 681 mummulus
2338 625 2403 682 m
2435 626 2569 683 cAP.
2602 630 2639 682 1.

2299 807 2375 866 sit
2408 813 2469 864 et
2498 805 2621 863 alia
2645 805 2826 882 juxta
2858 800 3065 862 Celtas
3097 799 3355 871 Galatia,
3396 816 3526 878 quae
3549 804 3612 856 ut

2300 891 2504 952 Gallia
2534 891 2784 952 Celtica.
2834 890 2993 948 Hinc
3027 886 3372 949 Oecumenii
3397 886 3615 964 inter-pru

2300 977 2376 1038 ad
2406 988 2663 1039 mentem
2711 978 2969 1037 auctoris
3015 976 3224 1036 vertit:
3271 971 3619 1034 incolentibus

2298 1067 2493 1127 Ponti
2544 1066 2880 1128 Galatiam.
2927 1063 3156 1123 Verum
3201 1079 3482 1141 nusquam
3518 1056 3624 1119 alibi

2300 1152 2516 1230 legitur
2560 1151 2802 1213 Galatia
2848 1151 3042 1209 Ponti.
3104 1150 3323 1228 Neque
3367 1149 3506 1207 enim
3542 1143 3624 1206 Ge-

2298 1240 2464 1311 latia,
2508 1258 2664 1318 quae
2711 1238 2831 1298 alio
2877 1237 3121 1297 nomine
3152 1232 3628 1313 Gallograeciadi·

2302 1334 2413 1399 cta,
2458 1326 2637 1385 Ponti
2683 1326 2846 1404 regio
2889 1332 2994 1396 est,
3046 1320 3152 1383 sed
3193 1342 3231 1382 a
3270 1321 3631 1400 Septentrio„

2301 1412 2560 1473 Pontum
2585 1411 2766 1472 habet
2789 1411 3191 1490 adjacentem.
3237 1409 3436 1486 Igitur
3453 1406 3630 1467 Pontus

2300 1499 2400 1560 hic
2427 1501 2788 1569 nominatur,
2828 1501 2989 1558 sicut
3019 1507 3079 1556 et
3107 1499 3244 1557 Aet.
3277 1497 3356 1568 2.,
3398 1496 3534 1555 inter
3562 1509 3632 1553 nu

2300 1588 2593 1666 regiones,
2625 1605 2779 1665 quas
2810 1584 3155 1646 incolebant
3178 1580 3423 1644 Judaei.
3461 1577 3632 1641 Aah·

2295 1673 2557 1752 jusmodi
2602 1675 2875 1751 quinque
2922 1678 3202 1732 numerat
3231 1670 3302 1729 B.
3335 1669 3533 1729 Petrus
3556 1667 3634 1727 hoo

2300 1762 2452 1834 loco,
2500 1781 2573 1820 ex
2607 1760 2822 1840 quibus
2850 1761 3052 1820 Lucas
3085 1758 3219 1817 Act.
3251 1759 3312 1816 2.
3351 1764 3472 1816 tres
3497 1753 3633 1815 nomi·

2301 1857 2435 1921 nat,
2498 1846 2978 1926 Cappadociam,
3032 1845 3298 1904 Pontum
3360 1851 3420 1903 et
3464 1843 3636 1902 Asian-

2304 1935 2505 2013 Quum
2537 1942 2740 1993 autem
2772 1941 3019 2002 constet,
3065 1933 3346 2004 Pontum,
3377 1929 3636 2000 Galatiam,

2304 2021 2749 2101 Cappadociam
2781 2035 2842 2081 et
2872 2020 3228 2097 Bithyniam
3274 2016 3458 2078 fuisse
3496 2015 3636 2094 regio·

2302 2129 2407 2169 nes
2450 2109 2640 2168 Asiae
2683 2108 2935 2168 minoris
2980 2102 3149 2182 (nam
3194 2105 3391 2183 major
3431 2102 3635 2166 Asisiu-

2302 2195 2494 2276 telligi
2539 2197 2636 2255 hic
2681 2215 2796 2255 non
2845 2189 3108 2274 potest):
3166 2193 3496 2272 quaeritur,
3535 2206 3636 2269 qun·

2300 2282 2475 2342 modo
2506 2283 2745 2355 Petrus,
2788 2283 2906 2341 imo
2952 2289 3014 2341 et
3056 2282 3278 2351 Lucas,
3325 2278 3519 2339 Asiam
3552 2273 3635 2335 ini·

2301 2377 2657 2430 annumeret
2687 2377 2990 2451 tamquam
3021 2366 3390 2428 distinctam.

2381 2500 2778 2580 Respondeo‚
2840 2498 3170 2580 specialem
3233 2495 3433 2558 adhuc
3484 2492 3638 2555 Asia·

2296 2589 2482 2650 fuisse
2532 2587 2907 2667 appellatam
2962 2605 3096 2648 eam
3141 2585 3485 2664 regionem,
3528 2596 3639 2659 qun

2298 2678 2457 2737 circa
2507 2675 2815 2753 Ephesum
2861 2684 2985 2748 est3
3034 2691 3187 2753 qua,
3242 2679 3484 2752 praeter
3516 2666 3638 2737 alin

2297 2762 2959 2842 comprehendebantur
3012 2766 3246 2838 septem
3301 2757 3443 2818 illae
3483 2753 3638 2816 civit*

2295 2859 2408 2922 tes,
2440 2847 2516 2909 ad
2550 2868 2804 2929 quarum
2828 2847 3136 2908 Ecclesias
3168 2845 3433 2906 scribere
3452 2841 3642 2924 jubae

2296 2938 2565 2999 Joannes
2594 2937 2785 3015 Apoc.
2825 2941 2875 2996 1.
2924 2935 3127 3015 Atque
3152 2933 3317 2993 hanc
3349 2932 3642 2993 strietiore-

2296 3024 2793 3103 significationem
2826 3022 3014 3083 Asiae
3058 3019 3247 3080 facile
3294 3029 3391 3080 est
3419 3017 3644 3097 colliga·

2297 3131 2373 3172 ex
2403 3110 2636 3188 reliqua
2679 3110 2937 3172 historia
2979 3111 3132 3180 Act„
3182 3107 3524 3187 praesertim
3551 3119 3642 3182 np-

2300 3202 2415 3270 16„
2447 3198 2552 3257 ubi
2581 3197 2934 3277 Phrygiam,
2978 3194 3316 3265 Galatiam,
3343 3191 3646 3273 Mysiam&

2294 3284 2663 3363 Bithyniam,
2711 3303 2873 3364 quae
2916 3301 3123 3342 omnes
3172 3291 3318 3343 sunt
3362 3281 3537 3342 Asiae
3567 3273 3644 3338 ιί·

2294 3372 2456 3432 noris
2478 3370 2777 3450 regiones,
2810 3371 3087 3430 invenies
3112 3368 3194 3430 ab
3217 3368 3372 3430 Asia
3393 3359 3646 3446 distingd.

2294 3457 2406 3517 hac
2469 3458 2674 3535 utique
2734 3455 3112 3536 specialiore.
3193 3455 3336 3534 Quo
3396 3455 3644 3601 partlim

2293 3630 2514 3711 Ephesi
2567 3650 2676 3709 per
2734 3630 3054 3690 biennium
3109 3627 3406 3692 docente:
3473 3629 3560 3690 Ito
3593 3625 3646 3684 d

2293 3735 2529 3791 omnes,
2576 3719 2689 3792 qui
2732 3717 3114 3777 habitabant
3158 3719 3234 3777 in
3280 3722 3460 3794 Asia,
3501 3707 3646 3774 audl-

2290 3811 2435 3865 rent
2492 3805 2752 3865 verbum
2816 3805 3121 3878 Domini,
3200 3806 3455 3868 Judaei
3503 3806 3642 3875 089⁸

2286 3892 2567 3966 yentiles.

2374 4019 2517 4080 Jam
2572 4037 2730 4100 quae
2783 4040 2966 4081 causa
3018 4020 3212 4082 fuerit
3264 4022 3462 4084 Beato
3505 4019 3640 4080 Pes·

2287 4108 2529 4185 proprie
2580 4105 2658 4165 ad
2712 4106 2920 4168 harum
2975 4110 3436 4188 provinciarum
3482 4100 3662 4166 fideb-

2288 4192 2604 4265 scribendi,
2636 4213 2757 4254 non
2786 4194 2999 4273 liquet.
3047 4196 3472 4276 Hieronymus
3494 4189 3578 4252 lib·
3599 4187 3638 4248 l·

2287 4287 2492 4339 contra
2523 4279 2733 4340 Jovin.
2779 4301 3025 4342 causam
3075 4282 3330 4357 indicat,
3379 4277 3529 4364 quod
3561 4285 3656 4336 GU·

2284 4366 2628 4445 provincias
2655 4366 2877 4428 Petrus
2901 4370 3036 4448 ipse
3059 4379 3466 4450 peragrasset,
3491 4373 3542 4426 et
3561 4363 3660 4422 d·

2286 4450 2735 4530 praedicatione
2790 4455 3111 4516 Ecclesiae
3157 4455 3396 4517 Christi
3445 4449 3640 4530 eonju-

2282 4539 2489 4598 xisset.
2565 4538 2947 4618 Epiphanius
3023 4560 3278 4623 quoque
3337 4543 3400 4604 in
3457 4527 3638 4602 Μ

2283 4624 2858 4704 Carpocratitarum:
2916 4630 3183 4703 Petrus,
3236 4629 3464 4711 inquit,
3502 4633 3644 4698 Μ(

2283 4712 2562 4771 Pontum
2593 4720 2653 4771 et
2683 4714 3066 4789 Bithyniam
3103 4720 3415 4778 visitavit.
3457 4707 3638 4776 Eth-

2282 4796 2450 4875 Papa
2480 4816 2753 4858 sermone
2785 4801 2993 4879 primo,
3038 4823 3226 4881 quern
3256 4804 3470 4864 habuit
3493 4801 3542 4860 iu
3561 4803 3634 4856 ff

2281 4882 2389 4942 tali
2423 4882 2846 4964 Apostolorum
2892 4888 3059 4949 Petri
3110 4900 3175 4950 et
3205 4890 3403 4963 Pauli,
3447 4887 3658 4952 Pam}

2280 4968 2631 5050 alloquens:
2678 4977 2863 5049 Jam‚
2897 4975 3114 5057 inquit,
3148 4979 3457 5050 Pontum,
3489 4965 3636 5034 6⁰¹⁰·

2278 5061 2457 5133 tiam,
2506 5058 3015 5140 Cappadociam,
3068 5066 3294 5126 Aetam
3333 5071 3514 5144 atqu
3546 5051 3632 5120 fl·
