4442 5825
337 588 343 595 ·
399 590 474 663 Μ
918 579 1338 638 commoneremus

398 772 460 837 est,
488 760 592 824 lilor.
609 765 636 822 1.
669 760 747 823 Nam
768 760 907 841 gentibus
931 757 1092 821 incredulis
1145 759 1239 840 possit
1253 757 1293 819 ad
1307 756 1427 820 diversa
1448 758 1563 822 rotent
1598 757 1725 823 Badara

397 849 527 911 stultitia
542 850 643 930 potius
658 846 716 908 fuit
730 845 886 920 Christus,
902 865 992 929 quam
1007 866 1092 908 scan-
1146 846 1348 907 ardendum.
1378 847 1420 905 In
1435 848 1509 921 hoo,
1533 849 1650 930 inquit,
1673 867 1725 926 poi

396 935 515 1013 delum3
544 944 579 996 ut
594 933 706 997 ibidem
720 933 839 995 dieitur.
879 932 969 994 Unde
984 952 1022 993 ex
1037 932 1094 993 hoo
1147 941 1190 994 est
1202 952 1263 1010 pos
1277 940 1431 993 naturum
1451 936 1533 1012 [acti
1552 942 1630 996 aaut
1644 936 1726 997 homi

396 1024 488 1083 etiam
514 1022 580 1083 loco
607 1022 735 1082 sumitur
764 1029 986 1102 argumentum,
1015 1019 1093 1080 hane
1146 1019 1277 1081 madunt
1293 1021 1361 1080 Deo
1378 1030 1407 1080 et
1422 1023 1488 1095 sius
1508 1023 1672 1082 voluntati
1686 1020 1723 1083 od

395 1108 567 1190 Epistolsm
598 1110 638 1169 ad
671 1106 807 1169 Judaeos
844 1107 984 1187 scriptam
1017 1125 1092 1166 esse.
1146 1115 1227 1169 rent.
1263 1104 1322 1167 Sed
1344 1106 1393 1166 hie
1416 1127 1525 1169 sensus
1551 1109 1678 1169 nimium
1695 1128 1725 1188 gi

394 1195 514 1258 Laudat
540 1197 619 1257 euim
646 1194 811 1275 Apostolus
835 1192 969 1256 Judaeos
990 1191 1093 1254 fideles
1147 1202 1208 1272 est,
1234 1193 1365 1274 loquitur
1389 1194 1468 1254 euim
1484 1193 1654 1276 Apostolus
1673 1213 1725 1277 sps

396 1301 434 1344 ex
449 1283 671 1363 comparatione
682 1281 887 1355 Judaeorum,
903 1281 954 1362 qui
970 1276 1093 1341 eredere
1147 1280 1185 1340 de
1200 1279 1336 1340 Judueis.

394 1369 564 1431 uoluerunt
589 1370 637 1430 De
653 1369 761 1450 quibus
777 1367 877 1429 adhuc
891 1367 1041 1447 sequitur:
1189 1368 1252 1427 Alii
1274 1366 1399 1445 proinde
1421 1368 1464 1426 sie
1488 1378 1659 1448 exponunt:
1683 1374 1725 1431 Ao

438 1457 515 1532 His,
544 1460 600 1535 qut
621 1455 790 1534 offendunt
812 1454 924 1529 verbo,
947 1472 1005 1515 oso
1025 1472 1093 1514 oro·
1145 1451 1177 1513 id
1199 1463 1245 1514 est
1267 1461 1300 1512 ut
1321 1454 1478 1514 crederent
1504 1455 1684 1535 evangelico
1707 1476 1725 1517 s

394 1542 486 1605 daut.
509 1541 865 1617 secanduneeraeoe:
884 1532 1092 1606 ἀπειθοῦντες.
1146 1541 1315 1622 praeparati
1340 1550 1425 1601 erant
1448 1548 1478 1601 ot
1504 1544 1642 1603 instructi
1666 1561 1720 1625 per

393 1628 479 1693 Idem
495 1630 687 1703 voeabulum,
702 1627 782 1710 quod
794 1647 894 1708 supra,
909 1627 940 1688 id
956 1634 1010 1698 est,
1025 1645 1093 1688 nott
1145 1628 1325 1699 Mosaicum,
1354 1648 1433 1708 quae
1459 1625 1611 1689 Christum
1638 1629 1725 1690 multi

395 1718 572 1793 ardenter,
598 1738 658 1777 uon
672 1717 894 1795 acquiescentes
910 1713 1093 1795 persuaderi,
1146 1716 1379 1793 praenuntiarat.
1414 1714 1462 1774 lta
1476 1715 1620 1791 Liranus,
1646 1716 1724 1779 Rich

396 1812 427 1865 et
440 1802 562 1866 eredere
576 1802 721 1865 uolentes.
744 1803 858 1862 Sensus
873 1809 935 1862 est:
959 1800 1025 1875 His,
1041 1801 1092 1880 qui
1147 1801 1323 1881 Gajetauus.
1346 1801 1419 1861 Item
1433 1801 1578 1863 Erasmus
1590 1812 1651 1863 tam
1663 1805 1725 1864 inu

395 1892 565 1972 impingunt
585 1891 617 1950 in
636 1889 759 1950 verbum
773 1887 938 1968 Evangelii
960 1886 1019 1948 sibi
1043 1908 1091 1947 on·
1146 1908 1236 1968 quam
1250 1890 1281 1949 in
1302 1888 1480 1968 paraphrasi.
1521 1889 1593 1969 Quo
1614 1893 1723 1970 respici

398 1979 548 2051 nuntiati,
570 1978 707 2039 uolentes
722 1974 795 2036 illud
811 1976 964 2055 recipere,
987 1973 1041 2034 sed
1057 1993 1092 2034 eo
1146 1975 1212 2053 ejus
1227 1977 1341 2034 versio:
1364 1995 1464 2053 usquc
1479 1977 1615 2038 credunt
1627 1979 1679 2055 id,
1698 1996 1725 2038 oi

397 2066 521 2139 offensi,
537 2062 775 2125 contradicentes
791 2070 823 2122 et
833 2061 1093 2141 blasphemantes,
1146 2069 1175 2122 et
1190 2064 1327 2123 instituti
1338 2063 1483 2139 [uerunt.
1518 2064 1557 2122 Et
1572 2063 1699 2144 quidem
1712 2065 1725 2126 l

395 2162 429 2213 ut
452 2152 490 2213 de
512 2152 548 2213 iis
569 2150 679 2212 dicitur
702 2150 766 2210 sot.
793 2153 859 2224 13.;
884 2149 936 2221 iis,
963 2148 1093 2228 iuquam,
1146 2167 1213 2222 sus,
1239 2150 1265 2211 si
1280 2167 1329 2207 res
1344 2150 1410 2230 ipsa
1432 2158 1601 2230 spectetur,
1625 2150 1725 2213 coneid

397 2237 535 2300 Christus
558 2234 623 2319 (qui
639 2246 683 2299 est
698 2236 823 2298 verbum
839 2234 900 2295 Dei
918 2228 1092 2309 increatum)
1145 2236 1251 2315 primo.

394 2325 493 2388 factus
524 2335 572 2386 est
609 2323 692 2403 lupis
729 2323 916 2403 offensionis
944 2328 973 2382 et
999 2327 1093 2398 petro
1189 2322 1302 2383 Verum
1318 2321 1391 2382 uihil
1408 2323 1532 2386 istorum
1549 2345 1617 2386 cum
1634 2334 1720 2387 textu

395 2412 551 2475 nanduli.
575 2409 770 2473 Offendeutes
786 2411 865 2470 enim
882 2418 913 2468 et
928 2409 1092 2488 impingeu·
1145 2417 1210 2486 ret,
1236 2429 1292 2470 uec
1307 2412 1426 2472 omniuo
1442 2412 1605 2491 particula:
1635 2416 1671 2475 iss
1685 2432 1725 2492 qa

395 2509 443 2562 tes
458 2503 490 2560 in
511 2498 637 2561 verbum
653 2497 828 2578 Evangelii,
854 2497 1041 2577 impegerunt
1061 2495 1092 2554 in
1144 2496 1270 2557 verbum
1293 2497 1420 2558 eradere
1441 2507 1542 2578 potest
1563 2499 1687 2574 referri,
1708 2519 1725 2582 q

396 2584 564 2660 Christum,
591 2605 679 2668 quem
701 2583 901 2664 Evangelium
928 2582 1091 2643 annuntiat
1145 2582 1263 2645 Graeco
1289 2604 1348 2644 uon
1375 2588 1550 2679 praecessit.
1587 2586 1685 2662 Nam,
1714 2606 1725 2646 r

395 2673 458 2735 Aut
485 2683 567 2734 corte
593 2671 660 2733 ideo
695 2672 884 2752 impegerunt
910 2670 940 2728 iu
966 2668 1091 2729 verbum
1145 2669 1263 2732 Graece
1289 2679 1348 2732 est:
1374 2668 1593 2749 απειθοῦντες,
1621 2696 1658 2734 ac
1679 2676 1705 2735 si

395 2759 622 2839 evangelicum,
651 2758 724 2839 quia
746 2758 939 2838 impegerunt
961 2755 992 2816 iu
1007 2752 1089 2815 chri-
1145 2777 1204 2817 uno
1220 2757 1327 2819 verbo:
1355 2758 1537 2837 diffidentes
1559 2768 1614 2820 aut
1632 2762 1725 2840 ress-o¹

393 2856 473 2908 stum
488 2846 670 2909 crucifixum.
1144 2841 1204 2903 (lui
1218 2844 1398 2926 respondere
1420 2867 1479 2908 non
1504 2855 1604 2926 potest
1624 2848 1677 2909 illa
1692 2868 1725 2910 es

441 2935 483 2996 Iu
499 2954 561 3013 quo
577 2942 606 2995 st
619 2934 717 3011 positi
730 2938 814 2993 sunt.
851 2931 893 2993 Iso
908 2949 981 3009 quo,
996 2928 1088 2991 Grae·
1144 2931 1280 2993 relativi:
1304 2935 1340 2994 iss
1356 2934 1459 3010 quod,
1487 2933 1516 2995 id
1535 2934 1636 2996 estad
1651 2935 1725 2997 cred

394 3040 445 3082 oe:
469 3012 515 3090 οἷς
530 3011 566 3096 ὃ,
590 3024 627 3082 in
641 3020 745 3098 quod,
772 3017 823 3078 vol
838 3018 882 3077 od
897 3019 991 3095 quod.
1013 3017 1089 3078 Von.
1143 3017 1190 3078 Δο
1204 3038 1277 3080 sane
1295 3020 1401 3094 miror,
1423 3040 1479 3082 nec
1501 3021 1539 3081 ab
1555 3022 1683 3083 Erasmo
1705 3024 1725 3084 ir

395 3105 482 3170 Beda
496 3106 588 3187 legit:
609 3110 645 3169 irs
660 3105 746 3184 quod
753 3149 764 3180 ,
779 3105 851 3165 licet
866 3105 954 3165 etiam
971 3102 1091 3165 alterius
1143 3103 1395 3167 animadversum.

395 3193 533 3256 lectionis
546 3194 724 3266 meminerit,
741 3200 772 3253 et
782 3199 938 3271 utramque
953 3199 1090 3271 exponat.
1185 3191 1240 3252 Est
1256 3192 1347 3273 igitur
1363 3192 1442 3254 alius
1457 3213 1582 3268 seusus,
1606 3217 1626 3256 s
1649 3194 1725 3257 dicti

395 3279 458 3343 Sed
473 3290 504 3343 et
518 3279 603 3342 mss
620 3276 767 3360 quaedam
783 3276 1006 3359 probatissima,
1034 3298 1091 3339 neo
1143 3275 1281 3339 divorsus
1298 3300 1334 3340 eo
1353 3298 1451 3359 paene
1474 3282 1658 3357 contrarius,
1681 3302 1724 3364 qu

396 3387 457 3428 nou
471 3375 591 3428 veteres
613 3365 860 3438 concordantiae,
882 3373 1019 3444 quartum
1043 3384 1089 3425 ca·
1143 3363 1214 3425 licet
1241 3366 1400 3426 relativum
1432 3367 1517 3444 quod
1546 3388 1608 3428 uon
1643 3368 1684 3429 ad
1713 3387 1725 3430 r

395 3473 463 3515 sum
490 3452 640 3516 exhibent.
679 3452 771 3512 Porro
798 3449 837 3511 de
863 3469 953 3511 sensu
972 3453 1093 3512 variaut
1143 3450 1321 3532 Evangelii,
1336 3453 1487 3532 nequead
1504 3453 1717 3532 medendum,

396 3541 584 3621 interpretes.
606 3538 696 3600 Multi
709 3539 840 3618 jungunt
856 3557 922 3598 oum
938 3536 1090 3618 complexo
1142 3557 1210 3601 nou
1225 3538 1417 3600 credendam
1426 3584 1436 3615 ,
1454 3538 1538 3601 etad
1554 3541 1725 3619 offendend

396 3625 482 3688 verbi
508 3626 715 3708 praecedentis
740 3633 771 3685 et
797 3642 899 3697 casus,
926 3624 1029 3705 quiin
1056 3645 1090 3685 eo
1142 3625 1271 3700 feretur,
1296 3626 1354 3686 hoo
1368 3625 1473 3686 modo:
1501 3626 1552 3688 Ad
1567 3629 1656 3705 quod
1666 3674 1678 3705 ,
1702 3627 1725 3690 id

396 3711 580 3787 subauditur,
596 3721 627 3775 et
640 3712 720 3773 huno
735 3729 855 3774 sensum
871 3709 1010 3772 reddunt:
1026 3711 1091 3772 Nec
1143 3711 1297 3773 offendant
1325 3713 1356 3772 iu
1387 3713 1528 3787 verbum,
1559 3724 1590 3775 et
1621 3736 1683 3777 uon
1711 3736 1725 3777 c

399 3798 526 3862 credunt
541 3799 634 3861 verbo
646 3797 815 3880 Evangelii,
830 3796 869 3858 ad
882 3795 1089 3878 quodaudien·
1140 3802 1237 3877 positi
1260 3809 1291 3860 et
1312 3797 1443 3861 ordinati
1465 3807 1540 3861 suut
1554 3821 1573 3860 a
1589 3801 1674 3876 Deo,
1701 3805 1725 3864 vl

396 3885 466 3947 dum
483 3896 516 3948 et
530 3885 590 3947 lide
604 3883 830 3968 suscipiendum
845 3884 935 3965 positi
950 3893 1043 3957 erant,
1059 3883 1089 3945 id
1141 3886 1341 3967 permittente,
1355 3896 1479 3967 propter
1494 3905 1598 3948 sorum
1611 3896 1725 3969 peccat

396 3983 444 4034 eet
460 3971 587 4035 ordinati
598 3993 652 4054 per
663 3972 763 4053 legem
774 3980 803 4032 et
814 3970 990 4051 Prophetas,
1004 3969 1089 4032 Chri·
1142 3972 1279 4034 cedentia
1295 3981 1326 4032 et
1339 3983 1462 4053 propter
1482 3972 1610 4053 gloriam
1627 3995 1725 4052 suam,

396 4067 475 4120 stum
515 4062 762 4142 praenuntiantes
804 4065 837 4117 et
876 4059 1089 4136 promittentes.
1141 4080 1181 4122 ex
1194 4058 1311 4119 illorum
1320 4058 1724 4137 justaoondemuatiouesib

394 4144 486 4206 Unde
501 4144 614 4208 Paulus
636 4146 675 4207 ad
695 4165 748 4207 eos
764 4145 824 4205 ait:
858 4143 948 4205 Vobis
963 4153 1089 4223 oporte·
1141 4146 1202 4207 His
1217 4166 1323 4207 sensus
1339 4146 1412 4207 mihi
1427 4145 1548 4207 videtur
1562 4167 1725 4228 germanus

394 4231 449 4292 bot
460 4234 603 4309 primum
618 4235 708 4311 loqui
721 4231 852 4294 vadam
869 4231 938 4307 Dei,
956 4233 1022 4293 Act.
1040 4234 1088 4293 13.
1141 4233 1237 4293 solum
1261 4234 1339 4293 enim
1361 4235 1500 4294 convenit
1522 4253 1588 4295 eum
1605 4235 1725 4317 scripio

393 4317 456 4380 eod
470 4320 641 4394 sciendum,
661 4321 693 4381 iu
715 4317 834 4380 Graeco
859 4337 952 4398 gersus
970 4339 1030 4380 non
1045 4340 1088 4381 re
1141 4319 1250 4401 quibus
1265 4321 1351 4380 Deus
1367 4318 1478 4381 dieitur
1493 4319 1613 4401 aliquos
1631 4321 1725 4386 trsdid

393 4404 553 4487 spondere.
590 4407 669 4468 Nam
697 4396 793 4481 λόγος
815 4404 1010 4467 masculinum
1034 4416 1089 4478 est,
1141 4407 1299 4468 drudes-io
1324 4407 1427 4468 cordis
1457 4427 1585 4484 rorum,
1619 4411 1656 4470 in
1679 4428 1725 4488 pu

392 4492 549 4556 relativum
571 4484 588 4552 ὃ
610 4502 764 4565 neutrum,
792 4489 874 4572 quod
896 4492 1021 4571 proinde
1036 4486 1089 4551 τὸν
1140 4495 1349 4570 ipnonriuioe,
1365 4496 1401 4554 iss
1417 4494 1586 4572 reprobum
1599 4513 1725 4560 emtus!

392 4572 485 4657 λόγον
511 4579 626 4642 referre
647 4602 708 4641 non
734 4587 843 4660 potest
878 4575 948 4658 Qus
973 4582 1090 4640 ratione
1144 4585 1188 4658 1.;
1212 4579 1266 4641 sed
1282 4588 1311 4639 et
1326 4599 1394 4641 oum
1410 4581 1494 4655 eliis,
1517 4584 1549 4642 irr
1564 4584 1678 4665 quibus
1692 4581 1724 4646 id

393 4671 483 4727 etiam
499 4666 554 4728 illa
565 4666 722 4748 cujusdam
736 4663 919 4745 improbatur
931 4667 1089 4748 expositio,
1140 4667 1264 4740 verbum
1278 4666 1396 4745 logitur,
1409 4677 1441 4727 nt
1452 4669 1537 4730 Rom.
1552 4673 1596 4731 9.:
1613 4672 1656 4732 In
1667 4673 1725 4736 hos

393 4755 447 4833 qui
463 4753 620 4815 relativum
636 4753 674 4816 ad
687 4753 828 4830 lapidem
844 4751 941 4812 refert.
964 4753 1041 4814 Nam
1058 4763 1090 4814 et
1141 4755 1277 4815 recitavi
1300 4761 1330 4812 te
1354 4752 1419 4833 (pro
1443 4776 1504 4836 quo
1519 4756 1549 4816 iu
1565 4757 1666 4819 Exod
1683 4761 1725 4822 9.:

392 4841 477 4918 lupis
490 4841 521 4900 in
541 4839 658 4903 Graeco
681 4836 878 4901 masculinum
902 4846 962 4913 est,
989 4834 1088 4908 λίθος.
1142 4837 1202 4916 te),
1225 4847 1262 4901 ut
1276 4841 1441 4901 ostendum
1463 4846 1498 4905 iss
1513 4852 1542 4902 tr
1559 4847 1712 4908 virtues·

391 4924 491 5006 Igitur
516 4926 567 4988 alii
593 4927 749 4988 relativum
781 4922 1009 4988 indeterminate
1039 4946 1087 4987 su·
1140 4936 1170 4988 et
1188 4927 1328 4987 1‘1'hesr.
1345 4930 1391 4990 h:
1417 4930 1490 4991 Non
1503 4935 1614 5007 posuit
1630 4933 1725 5002 καὶ

390 5021 491 5075 munt:
517 5015 562 5075 od
577 5016 680 5094 quod,
696 5011 727 5073 iri
743 5018 789 5072 ast
801 5007 841 5070 ad
856 5030 946 5092 quam
960 5033 1040 5092 rem3
1056 5022 1089 5074 ut
1139 5016 1241 5091 irum,
1268 5015 1321 5075 red
1336 5017 1372 5075 irs
1388 5019 1633 5096 acquisitionem
1649 5019 1725 5086 solu
