4442 5825
405 604 479 677 33⁶
992 596 1225 654 rnouscoums.

403 774 494 836 fidem
516 778 583 836 sine
606 774 746 857 operibus
765 775 822 838 subi
837 776 985 857 putabant
998 774 1036 836 ad
1052 796 1099 837 sa·
1194 776 1265 837 Huc
1294 778 1386 838 etiam
1414 776 1504 854 iacit,
1541 778 1624 861 qood
1653 780 1683 842 in

403 863 496 924 lutem
519 863 666 936 sufficere,
690 885 728 925 ex
751 864 932 943 quibusdam
948 863 1097 945 Epistola·
1152 862 1318 943 llpiphanii
1334 863 1373 925 ud
1389 864 1540 928 Josnuom
1555 866 1580 930 J
1581 867 1696 949 erosoly

402 969 467 1010 rum
489 950 525 1011 B.
549 950 639 1010 Pauli
666 951 823 1011 sententiis
856 960 981 1031 accepta
1013 969 1097 1011 occa·
1152 944 1253 1030 (quum
1277 951 1481 1032 Hieronymus
1507 974 1545 1014 ex
1570 954 1690 1016 Graeca

402 1036 501 1110 sione,
529 1046 561 1097 et
586 1056 689 1097 earum
715 1056 889 1118 perversum
912 1036 1097 1099 intellectum
1150 1033 1250 1115 fecit),
1267 1057 1332 1118 cap.
1348 1040 1393 1112 4.‚
1415 1037 1570 1112 dmobus,
1590 1042 1695 1121 hujus

402 1125 531 1204 corrigit.
563 1124 671 1204 Atqui,
698 1127 820 1185 vivente
846 1124 980 1198 Jacobo,
1005 1124 1098 1185 fratre
1150 1124 1290 1204 scriptor,
1317 1144 1394 1185 nunc
1416 1126 1580 1207 Apostolus
1603 1138 1696 1190 vocat

401 1209 545 1283 Joannis,
566 1209 681 1270 Paulus
704 1210 835 1272 nondum
856 1211 996 1290 gentibus
1012 1230 1094 1292 prae·
1150 1211 1310 1289 conjuncte
1333 1212 1421 1274 simul
1435 1214 1603 1293 Apostolus
1626 1215 1696 1277 eth

401 1296 502 1358 dicare
514 1305 663 1377 coeperat,
673 1297 782 1358 nedum
793 1298 945 1378 Epistulas
957 1298 1095 1359 scribere.
1149 1299 1231 1357 mini.
1260 1297 1322 1359 Sed
1336 1300 1440 1377 ajunt:
1463 1301 1579 1362 Auctor
1594 1304 1663 1382 ipse
1673 1323 1696 1364 u»

401 1382 559 1464 Quaenam
576 1403 648 1445 vero
671 1383 817 1465 dispersio
840 1387 872 1446 iu
887 1384 944 1446 bac
957 1384 1097 1464 Epistola
1149 1385 1246 1445 minat
1267 1384 1462 1463 Apostolum,
1489 1408 1545 1448 nec
1568 1388 1692 1451 fratrem

400 1470 603 1551 intelligetur,
618 1470 650 1531 id
665 1490 720 1531 suo
735 1471 802 1531 loco
817 1471 960 1532 dicemus.
1150 1470 1205 1534 sed
1230 1479 1345 1532 tantum
1374 1492 1494 1535 serrum
1524 1474 1603 1538 Jesu
1633 1475 1696 1537 cur

443 1558 521 1620 (ium
537 1560 628 1638 igitur
644 1577 683 1617 ex
699 1559 746 1619 hie
762 1559 835 1618 satis
858 1567 1018 1638 appareat,
1045 1578 1095 1619 eu·
1150 1558 1298 1638 spondeo:
1325 1559 1390 1620 Nec
1404 1560 1522 1634 Judes,
1549 1565 1602 1642 qui
1626 1582 1695 1624 nem

400 1654 509 1706 ctorem
523 1644 682 1724 Epistulae
696 1665 756 1705 oon
772 1664 839 1707 essa
852 1645 1014 1720 dscohum,
1038 1645 1096 1705 ira·
1150 1654 1233 1706 tante
1245 1647 1323 1707 inter
1345 1645 1504 1709 duedecim
1519 1649 1593 1724 fun,
1622 1651 1696 1732 ἐρα

400 1743 476 1795 trem
491 1732 634 1794 Joannis:
657 1741 809 1812 superest,
832 1740 866 1791 ut
880 1750 947 1791 eam
962 1733 1096 1812 assigne-
1148 1734 1292 1805 nominat,
1306 1733 1361 1793 sed
1375 1735 1582 1797 tantumdem
1594 1735 1696 1798 (liniat

399 1839 466 1882 mus
489 1818 605 1880 Jacobo
628 1817 775 1898 Alphaei,
796 1818 882 1879 tratri
898 1818 1037 1890 Domini,
1065 1828 1098 1879 et
1149 1828 1180 1879 et
1194 1818 1304 1880 Jacobi
1319 1820 1449 1884 lustrem.
1480 1821 1564 1902 Quin
1578 1843 1637 1884 nec
1651 1823 1696 1886 Joi

400 1906 657 1985 derosolymorum
681 1906 848 1986 Episcopo,
875 1907 927 1985 qui
956 1915 988 1966 et
1013 1905 1096 1967 «lusti
1149 1926 1254 1984 quam,
1280 1927 1338 1968 nec
1355 1908 1470 1970 Paulus
1494 1912 1524 1969 in
1546 1910 1685 1971 omnihus

400 2013 565 2073 cognomen
587 1995 708 2065 meruit,
732 2001 761 2053 et
782 2013 801 2052 a
824 1992 922 2053 Paulo
946 1993 1024 2053 inter
1046 2012 1093 2054 co·
1148 1993 1326 2073 Apostolum
1350 2014 1384 2054 se
1399 1998 1518 2070 scribit,
1546 1996 1598 2058 sod
1622 1998 1696 2058 intur

399 2079 517 2141 lumuas
532 2082 709 2153 nominatur,
725 2079 792 2141 Gal.
809 2082 837 2140 2.
860 2081 915 2141 Est
930 2081 1095 2141 euimunus
1148 2079 1248 2152 aliud,
1274 2101 1364 2162 quam
1390 2102 1513 2145 servum
1536 2084 1614 2146 deon
1630 2082 1696 2146 Chr.

399 2166 549 2247 idemque.
584 2166 662 2226 Nam
688 2169 871 2228 sententium
896 2184 1014 2240 sorano,
1040 2169 1094 2248 qui
1148 2175 1249 2227 sutem
1276 2166 1398 2231 fratrem
1420 2170 1545 2232 Domini
1570 2188 1634 2232 non
1660 2190 1693 2232 se

398 2252 534 2315 diversos
556 2253 684 2326 iaciunt,
707 2262 738 2313 et
752 2274 806 2334 per
828 2254 884 2312 hoc
901 2254 1023 2313 tertium
1038 2254 1094 2315 Js·
1148 2253 1298 2328 Jacobus,
1324 2257 1368 2315 uti
1382 2275 1438 2317 nec
1452 2256 1566 2330 ludas,
1592 2261 1695 2339 perspi

398 2341 505 2402 cobum
517 2339 717 2414 introducunt,
733 2342 811 2402 bene
822 2340 914 2400 firmis
925 2340 1093 2400 rationibus
1147 2348 1200 2402 est.
1238 2341 1306 2401 Nou
1328 2343 1407 2403 enim
1428 2343 1595 2420 Christum,
1625 2343 1681 2406 sed

398 2430 561 2489 evertimus
585 2430 615 2488 iu
639 2429 818 2508 exposition.
839 2429 934 2508 Epist.
958 2427 1005 2488 sd.
1026 2427 1093 2489 Gal.
1146 2429 1246 2508 potius
1268 2429 1432 2492 honorasse
1456 2429 1653 2503 viderentur,
1677 2437 1696 2491 s

399 2519 441 2587 1.,
457 2527 491 2575 ut
504 2515 578 2577 nihil
593 2533 668 2594 opus
684 2516 734 2588 sit,
757 2515 807 2575 hic
822 2515 861 2575 sd
877 2535 912 2575 ea
928 2513 1092 2595 quidquem
1145 2515 1251 2575 herent
1266 2513 1372 2576 lustres
1392 2519 1471 2596 ejus,
1496 2519 1582 2596 cujus
1606 2528 1693 2581 erant

396 2601 536 2681 adjicere.
1146 2611 1176 2662 ct
1191 2603 1289 2678 σοι-νίς
1314 2605 1444 2664 maxime
1465 2605 1589 2683 qnando
1614 2607 1647 2666 id
1670 2604 1696 2666 ls

440 2688 501 2750 Sed
512 2686 755 2768 respondendum
763 2688 887 2748 Erasmo
899 2686 1093 2766 otOnjetano,
1145 2689 1242 2750 literis
1258 2689 1402 2769 publicis,
1422 2710 1499 2770 quas
1513 2692 1672 2753 mittebant
1686 2713 1696 2752 r

397 2795 526 2857 quornm
541 2774 593 2836 ills
607 2775 638 2834 in
654 2775 779 2847 Annot,
800 2783 861 2834 tsm
877 2774 977 2845 initio,
1000 2794 1091 2855 quam
1145 2777 1214 2836 sius.
1243 2775 1306 2835 Imo
1322 2796 1376 2856 per
1389 2777 1448 2837 boc
1462 2778 1696 2840 existimationes

396 2862 517 2936 iulius,
541 2861 590 2923 hic
604 2869 703 2921 autem
727 2862 757 2923 in
773 2863 922 2941 principio
946 2880 1091 2922 commen·
1146 2863 1283 2936 Domini,
1310 2865 1396 2945 cujus
1417 2863 1532 2944 gloriae
1554 2864 1696 2927 semhct'

394 2952 479 3023 terii,
501 2956 614 3010 vocant
629 2950 660 3008 in
676 2947 814 3021 dubium,
838 2950 916 3009 situs
931 2948 1005 3009 haec
1020 2949 1092 3028 Dpi·
1144 2972 1203 3011 non
1230 2970 1335 3029 parum
1368 2953 1554 3028 minuerent3
1585 2954 1696 3013 sicuti

395 3037 474 3099 stola·
487 3034 598 3098 Jacobi
612 3035 753 3114 Apostoli
769 3037 859 3095 unius
874 3054 912 3097 ex
927 3032 1091 3107 duodecim,
1145 3039 1224 3097 circs
1239 3037 1314 3116 ejus,
1330 3038 1452 3118 quando
1469 3038 1625 3100 dicebant:
1641 3041 1696 3103 Nor

394 3133 448 3186 aut
463 3124 553 3183 etiam
564 3121 666 3184 fratris
678 3122 819 3198 Domini3
833 3131 993 3202 propterea
1008 3123 1091 3201 quod
1144 3132 1207 3186 trca
1228 3127 1294 3198 ejus
1315 3126 1457 3189 Jorooos
1480 3131 1510 3185 st
1523 3126 1656 3203 Simon,
1679 3145 1695 3188 c

393 3211 602 3289 Hieronymus
613 3210 643 3271 iu
655 3210 794 3289 catalogo
806 3208 845 3269 de
856 3208 982 3281 Jacobo,
997 3207 1091 3268 fratre
1144 3219 1174 3272 ct
1188 3210 1319 3275 Judasl
1340 3211 1448 3272 Matth.
1468 3215 1516 3274 13.

392 3298 528 3370 Domini,
544 3316 653 3377 agens,
675 3316 741 3356 cum
758 3295 900 3368 dixisset,
922 3315 989 3356 eum
1000 3315 1090 3355 uuam

393 3386 551 3465 scripsisse
581 3384 766 3463 Epistolsm,
796 3401 877 3462 quse
907 3380 945 3442 de
974 3390 1089 3462 septem
1186 3384 1280 3445 Porro
1297 3383 1449 3446 sciendum
1464 3384 1503 3446 de
1517 3384 1696 3461 Jaccbo,b

393 3469 562 3535 Catholicis
577 3478 637 3542 est,
665 3472 807 3530 continuo
829 3468 975 3548 subjecit:
1001 3471 1090 3548 Quos
1142 3473 1229 3546 mini,
1255 3473 1352 3533 multa
1366 3490 1404 3533 ex
1419 3471 1610 3553 Hegesippo,
1638 3481 1696 3535 vet

393 3567 424 3620 ct
438 3562 509 3636 ipsc
525 3556 566 3617 cb
581 3557 796 3632 alioquodam
809 3555 1008 3617 micernius
1024 3560 1090 3630 cista
1144 3568 1244 3638 ptore,
1275 3560 1388 3620 narrari
1416 3558 1455 3619 ab
1481 3559 1613 3621 Eusebio
1640 3559 1691 3621 uu.

392 3645 478 3707 dditc
493 3645 664 3717 comior,
688 3645 760 3704 iicet
771 3642 933 3719 paulatim
948 3650 1089 3718 ternpore
1143 3665 1208 3725 cap.
1224 3647 1275 3706 22.
1292 3652 1323 3705 st
1344 3646 1515 3726 Epiphanio
1538 3646 1659 3709 haeresi
1675 3647 1695 3707 'i

389 3732 579 3809 procedentc
591 3730 764 3792 obtinuerit
774 3731 1007 3790 auctoritatem.
1030 3727 1087 3789 Vc·
1142 3752 1205 3792 rum
1216 3730 1363 3792 nonnullo
1377 3732 1467 3792 edam
1483 3733 1573 3794 refert
1587 3735 1696 3795 Hierou

390 3839 456 3879 rum
479 3838 539 3880 nou
561 3825 652 3897 negat
674 3819 721 3879 his
744 3815 845 3876 verbis
871 3814 1088 3895 Hieronymus,
1143 3818 1299 3899 catalogo;
1322 3837 1401 3898 quae
1416 3837 1454 3878 an
1480 3822 1580 3881 omnia
1596 3839 1696 3882 veras

390 3924 490 3986 nsque
512 3903 645 3976 dubitet,
667 3904 747 3964 hauc
761 3902 926 3983 Epistolam
950 3921 1018 3963 esse
1033 3900 1086 3962 Ja-
1141 3903 1696 3989 immeritoquisduhitavcritatqnch

391 3991 473 4066 cohi,
495 3991 597 4053 fratris
614 3990 751 4066 Domiui3
773 3988 827 4050 sed
849 4008 915 4049 cnm
938 3987 1088 4070 prioribus
1142 3993 1252 4065 sertim,
1271 3991 1353 4071 quod
1376 3991 1422 4052 illi
1444 3992 1500 4054 soli
1515 3993 1632 4055 licitum
1648 4013 1696 4056 ara

390 4077 491 4140 verbis
502 4078 532 4138 ld
550 4076 639 4157 plano
650 4077 836 4150 affirmasset,
851 4075 998 4158 sdjunxit,
1015 4074 1087 4155 quid
1141 4080 1251 4141 Sancta
1266 4085 1453 4156 sanctorum3
1480 4078 1626 4161 quodque
1648 4080 1696 4142 sol

392 4163 443 4225 alii
458 4165 594 4227 nonnulli
609 4163 668 4224 hcc
683 4165 722 4224 de
736 4181 770 4223 re
786 4163 950 4239 senseriut3
978 4160 1087 4222 editam
1142 4164 1279 4226 diebatur
1301 4164 1463 4246 templum
1490 4175 1522 4227 ct
1544 4165 1629 4247 quod
1650 4167 1691 4230 ad

390 4251 504 4314 scilicet
530 4270 597 4314 esse
622 4250 660 4311 ab
681 4250 740 4310 alio
769 4248 901 4331 quodam
928 4248 983 4310 sub
1008 4248 1088 4309 illius
1141 4251 1248 4311 dicium
1273 4251 1390 4312 scribae
1411 4261 1442 4312 et
1457 4251 1630 4328 Pharisaei,
1652 4251 1696 4316 Oh

388 4342 517 4401 nomine.
565 4338 655 4399 Certo
685 4336 759 4416 quid
788 4338 856 4415 ipse
884 4335 1088 4415 Hieronymus
1140 4338 1294 4418 religionis
1308 4337 1488 4413 adversarii,
1511 4340 1696 4421 retulerint(

390 4427 533 4499 senserit,
556 4424 628 4484 satis
651 4424 743 4484 etism
765 4442 805 4482 ex
821 4422 890 4483 aliis
905 4424 978 4483 lucis
993 4424 1085 4483 meni·
1141 4444 1223 4499 nem,
1251 4424 1321 4505 quid
1349 4425 1389 4485 de
1414 4425 1493 4486 Jesu
1518 4425 1696 4492 sentiendum

388 4512 501 4575 festum
527 4522 590 4584 est,
616 4511 647 4570 in
674 4509 785 4591 quibus
808 4529 846 4571 ex
866 4508 925 4570 heo
946 4508 1087 4589 Epistola
1141 4520 1294 4591 tamquam
1320 4511 1458 4572 Jacobus
1482 4511 1522 4573 ad
1549 4511 1582 4574 id
1608 4531 1696 4598 usqu

389 4599 445 4660 sub
471 4600 590 4661 nominc
613 4597 725 4658 Jacohi
752 4596 890 4675 Apostoli
918 4597 1086 4656 testimonia
1140 4619 1200 4658 non
1216 4598 1558 4678 subsuperteaclibsre
1568 4587 1696 4663 Jcauml

389 4685 526 4760 adducit,
549 4693 584 4744 ut
604 4684 656 4744 lib.
675 4687 702 4743 1.
720 4690 752 4743 et
767 4685 795 4741 1.
812 4681 957 4743 adversus
973 4683 1085 4762 Pelag,
1141 4684 1360 4764 praedicasset,
1390 4688 1443 4764 qui
1469 4686 1696 4768 ierosolymis-²

389 4781 422 4834 st
437 4776 467 4833 in
479 4782 635 4834 comment.
648 4788 742 4850 super
755 4769 821 4830 Jes.
836 4772 885 4831 16.
898 4777 990 4850 atque
1002 4767 1085 4829 alibi.
1140 4771 1263 4832 clusium
1278 4773 1403 4851 triginta
1414 4774 1479 4850 jem
1490 4775 1577 4834 aunis
1594 4793 1696 4838 rma

387 4858 454 4921 Nec
480 4878 608 4939 nsquam
635 4856 773 4936 ambigue
796 4855 836 4915 de
856 4855 1015 4935 Epistolae
1034 4875 1085 4916 su·
1139 4855 1178 4917 de
1202 4860 1386 4920 sunctissiruo
1412 4860 1478 4919 viro
1499 4869 1531 4919 ct
1553 4858 1671 4924 Christi
1689 4901 1696 4924 -.

389 4954 472 5007 ctoro
494 4946 611 5007 locutus
630 4944 796 5013 invenitur,
821 4954 857 5001 ut
879 4941 1026 5004 interdum
1041 4941 1083 5001 lo·
1139 4946 1267 5017 sentire,
1288 4944 1510 5025 perabsurdum
1532 4946 1696 5012 videtum

390 5034 492 5116 quitur
506 5035 544 5095 de
558 5038 682 5095 auctore
695 5026 853 5111 Epistulae
867 5028 907 5091 ad
918 5029 1084 5092 Hebraeos.
1136 5033 1218 5093 niem
1233 5031 1407 5111 hujusmodi
1421 5029 1582 5097 dubiorum
1598 5033 1696 5119 ψ
