4442 5825
775 587 939 646 moffl
956 590 996 645 ΑΒ
1014 590 1180 646 ΙΜΕὓὸ-
1214 591 1299 646 VERS.
1316 588 1435 646 ts-te.
1739 595 1812 665 295

375 763 502 827 Mum
518 772 598 838 sset,
614 768 718 847 utqui
733 765 917 830 Ohsldsesm
934 786 1064 850 quoque,
1116 777 1170 828 tre
1211 766 1297 829 Adeo
1326 787 1397 828 vero
1423 766 1462 826 sd
1489 766 1572 827 illum
1597 766 1724 845 putrium
1754 785 1814 826 non

379 852 475 932 ‘nque
490 862 581 913 ιιιιιιι
594 850 707 928 fueret,
723 855 765 914 its
780 873 901 933 prorsus
918 853 1064 916 deseruis·
1117 856 1298 934 retrospexit
1314 854 1480 926 Abrshsm,
1502 862 1537 914 ut
1556 871 1644 912 servo
1663 871 1718 911 suo
1733 871 1815 912 mun·

384 945 423 1011 est
436 945 471 997 ut
485 958 554 999 esm
564 938 689 1000 heberet
701 960 756 1021 pro
768 940 876 1001 eliens.
899 939 985 1002 certe
1001 949 1065 1001 totu
1118 940 1250 1014 deserit,
1267 941 1385 1002 diosus:
1407 941 1507 1015 Cave,
1524 940 1697 1015 nequando
1711 938 1814 1016 illium

386 1022 434 1083 sits
453 1024 554 1086 Jseob
575 1027 778 1106 peregrinatio
803 1025 869 1088 suit
906 1028 983 1089 Num
1010 1028 1065 1088 etsi
1117 1047 1222 1089 meum
1237 1029 1370 1088 reducas
1385 1027 1475 1102 illus,
1492 1025 1568 1087 (lem
1586 1028 1637 1086 24.

370 1114 449 1197 *bre
471 1109 619 1173 Chsmun
645 1122 724 1174 esset
748 1115 776 1174 ei
801 1112 927 1186 notulis,
955 1124 1064 1186 temen,
1164 1116 1211 1174 16.
1234 1116 1328 1176 Nune
1343 1121 1447 1173 eutem
1469 1114 1630 1173 meliorem
1646 1118 1813 1188 appetem,

370 1195 451 1277 fstod
464 1200 574 1260 ettiuet
587 1197 627 1260 sd
641 1208 738 1261 tessus
750 1202 985 1280 possessiouem,
1000 1208 1066 1262 esst
1118 1202 1152 1260 id
1182 1207 1225 1260 set
1262 1202 1432 1262 coelestem.
1478 1203 1661 1275 Appetesnt,
1699 1196 1815 1258 Grseos

370 1252 451 1369 [hes
464 1285 651 1365 peregrinus
687 1285 778 1348 Unde
793 1295 823 1347 et
838 1289 1066 1367 peregrinorum
1119 1277 1294 1364 ὀρέγονται,
1317 1307 1378 1366 quo
1394 1284 1487 1346 verbo
1504 1284 1707 1346 vehementior
1722 1303 1813 1363 eppe·

370 1380 451 1431 imss
470 1371 673 1435 tebemseulis
694 1380 798 1446 utens,
824 1372 923 1435 locum
938 1372 1066 1435 subinde
1118 1376 1191 1434 titus
1206 1393 1242 1432 uo
1257 1372 1434 1434 desiderium
1454 1371 1647 1452 significetur.
1671 1368 1757 1430 Idem
1773 1369 1814 1441 le

370 1456 512 1547 {putsbst
546 1458 689 1519 Similiter
704 1460 846 1521 stlsssu
885 1460 974 1541 Quod
991 1461 1066 1520 siin
1117 1462 1200 1540 gitur
1225 1460 1335 1520 l'l'im.
1359 1464 1405 1523 3.:
1431 1459 1466 1520 Si
1491 1461 1561 1536 quis
1586 1459 1816 1535 Episcopatum

392 1544 551 1607 munuli
562 1547 711 1625 peregrini
723 1556 808 1609 eruut
819 1546 849 1607 hi
863 1547 938 1622 du03
951 1555 1064 1627 quanto
1119 1547 1287 1608 desideret.
1311 1545 1406 1607 Illud:
1433 1565 1519 1606 nune
1534 1552 1658 1621 autem,
1675 1544 1732 1604 hoe
1746 1543 1813 1604 loeo

440 1631 465 1689 ‘s
486 1630 577 1703 alibi,
604 1651 793 1714 quocumque
815 1652 879 1695 sese
902 1633 1064 1695 transtulis·
1119 1655 1179 1694 non
1194 1641 1312 1712 tempus
1328 1632 1494 1713 signifieat,
1509 1630 1563 1692 sed
1578 1634 1687 1711 purtim
1702 1649 1815 1690 essum·

441 1714 456 1776 i
480 1727 636 1779 eseterum
659 1740 762 1780 omnes
786 1722 829 1781 sie
851 1722 1002 1801 peregrini
1017 1740 1062 1781 su·
1118 1722 1231 1799 ptivse,
1246 1722 1355 1799 purtim
1371 1719 1503 1780 illstisss
1519 1718 1737 1797 conjunctionis
1752 1716 1814 1777 vim

444 1812 568 1879 tersum,
592 1816 626 1866 ut
648 1825 703 1867 use
725 1807 823 1867 suimo
847 1817 955 1869 terrum
972 1828 1063 1887 quse·
1118 1807 1230 1868 hebere
1244 1805 1379 1879 videtur,
1401 1816 1434 1866 ut
1456 1805 1533 1866 idem
1556 1805 1619 1866 tere
1638 1807 1694 1879 sit,
1716 1800 1815 1883 quod:

370 1899 480 1977 emt,
506 1889 563 1952 sed
578 1892 617 1952 sd
632 1893 790 1954 coelestem
806 1896 932 1974 putsium
948 1914 1065 1974 semper
1118 1897 1208 1970 utqui
1215 1938 1226 1967 ‚
1241 1894 1306 1968 sed,
1321 1896 1430 1969 luitur,
1450 1895 1565 1969 itaque.
1589 1891 1686 1972 Quesi
1701 1889 1815 1951 diceret

370 1977 544 2075 fulserunt.
582 1976 632 2039 sd
646 1978 701 2039 hos
717 1987 749 2040 et
763 1980 869 2042 hoium
892 1981 1005 2043 similes
1020 2000 1064 2041 re·
1119 1980 1298 2061 Apostolus:
1315 1981 1423 2061 ltaque
1438 1977 1590 2040 isteudum
1607 1988 1669 2053 est,
1685 1996 1737 2038 eos
1752 1995 1811 2037 ms·

370 2068 503 2149 'affixisse
524 2063 643 2126 videtur
664 2075 695 2127 et
717 2066 783 2140 ille,
807 2069 858 2148 qui
879 2067 971 2129 dixit:
996 2068 1064 2129 Ad·
1117 2068 1222 2128 liorem
1237 2076 1384 2146 uppetese
1403 2067 1544 2146 putrium,
1567 2065 1598 2125 id
1620 2077 1742 2126 estnon
1757 2073 1815 2124 tes-

371 2152 453 2221 ’μα
476 2169 547 2212 essm
569 2160 600 2213 et
619 2156 825 2230 pesepsisus,
851 2157 931 2217 eoos
957 2173 1065 2216 omnes
1117 2173 1236 2225 renum,
1263 2153 1316 2213 ssd
1339 2153 1507 2214 coelestem.
1545 2151 1595 2213 Sic
1618 2161 1649 2212 et
1664 2151 1739 2212 ulibi
1755 2149 1813 2210 ire-

371 2236 474 2317 ipss
488 2241 569 2313 mss',
593 2239 695 2301 Pselm
711 2241 761 2300 38.
1119 2249 1244 2321 quenter
1258 2241 1419 2318 succipitur:
1435 2248 1469 2298 ut
1480 2239 1591 2299 Psi-lm.
1608 2243 1654 2300 2:
1670 2240 1714 2300 Et
1728 2253 1816 2298 essene

390 2354 402 2399 ,ε
418 2325 462 2385 ut
484 2327 547 2404 Qui
574 2329 658 2387 seim
685 2329 762 2387 leuse
784 2329 911 2401 dieunt,
941 2327 1064 2404 :ipsill-
1118 2346 1203 2403 reyes
1218 2327 1404 2403 intelligetis:
1431 2327 1517 2386 Rom.
1533 2326 1568 2383 2:
1598 2326 1692 2386 Nune
1708 2331 1816 2384 eutem

374 2416 454 2489 ¹nst,
467 2431 498 2473 se
510 2415 841 2492 petriumiuqus'ssrs.
864 2415 1063 2492 siqnidem,
1116 2417 1185 2475 sins
1207 2412 1273 2488 lupe
1289 2417 1416 2488 ‚iustitia
1437 2414 1499 2473 Dei
1522 2412 1730 2489 manifestato
1752 2418 1815 2487 est,-

371 2490 483 2569 ffisses
504 2490 738 2577 ἐμφανίζουσιν,
765 2500 860 2563 idest
885 2502 1063 2575 declarent,
1120 2500 1316 2562 1cor.12.:
1343 2501 1437 2561 itone
1463 2505 1569 2559 assem
1594 2501 1702 2574 posuit
1728 2498 1816 2557 Deus

486 2585 681 2663 wuilleuot
705 2588 783 2666 Qui,
799 2589 913 2668 iuquit,
928 2588 1063 2666 hospites
1117 2587 1259 2648 membru
1282 2595 1355 2660 ete,
1382 2606 1419 2646 se
1440 2604 1572 2645 rursum:
1599 2586 1692 2646 Nune
1707 2590 1815 2644 autem

417 2676 635 2752 peregrinone
658 2675 852 2749 confitentur,
879 2694 915 2735 eo
931 2676 995 2755 ipso
1011 2695 1062 2755 ps·
1116 2676 1219 2736 :uultu
1244 2674 1372 2750 quidem
1395 2675 1556 2750 mamm,-
1581 2690 1684 2732 smum
1707 2677 1813 2731 assem

441 2760 621 2834 ostendunt,
644 2780 678 2821 se
700 2762 826 2841 petrium
849 2781 1009 2842 quaerere,
1032 2762 1064 2822 id
1116 2760 1417 2840 cerpus30sp.15.:
1440 2761 1533 2820 Nune
1549 2766 1655 2819 uestem
1672 2759 1816 2821 Christus

399 2847 589 2927 segionum,
607 2866 696 2928 quem
713 2848 846 2909 hubesut
860 2849 926 2909 loco
939 2849 1063 2928 pst-ties.
1116 2851 1288 2910 resurrexit
1303 2867 1324 2907 u
1348 2848 1490 2917 morinis.
1528 2844 1686 2928 Quomodo
1710 2854 1741 2904 et
1756 2844 1815 2906 Le·

434 2933 481 2994 lus
497 2938 583 2994 enim
600 2943 643 2995 est
652 2940 859 3013 passerinus,
877 2937 920 2998 sit
931 2935 966 2997 B.
979 2936 1062 2997 Tho·
1117 2940 1195 2997 tiuos
1225 2946 1361 2997 suctores
1391 2933 1537 2995 interdum
1575 2934 1659 3013 loqui
1689 2940 1814 2994 eoustst.

371 2979 445 3094 ΞΜ,
469 3023 535 3082 ssiss'
551 3024 606 3099 qui
623 3030 666 3084 set
680 3030 772 3085 estro
785 3027 930 3100 putrium
939 3068 949 3098 ,
976 3032 1005 3084 st
1020 3025 1063 3084 ad
1116 3021 1207 3086 Unde
1222 3023 1328 3102 liquet,
1344 3041 1434 3102 quum
1448 3020 1534 3081 iutile
1546 3021 1586 3082 sit
1597 3028 1813 3101 argumentum,

371 3073 563 3176 intendit.
599 3107 756 3189 Quomodo
776 3111 866 3189 igitur
880 3111 993 3172 dietum
1008 3121 1063 3184 est,
1117 3131 1178 3190 quo
1194 3109 1319 3187 quidem
1334 3129 1373 3170 ex
1384 3108 1813 3187 hoclocoprobureuituntur,

372 3183 456 3260 'hs
468 3204 501 3256 et
514 3195 614 3257 Jacob
627 3199 802 3277 peregrinos
814 3196 909 3259 fuisse
921 3199 951 3258 in
966 3200 1064 3278 petiis
1116 3205 1282 3258 ssuotorum
1299 3195 1541 3256 Petriurohusum
1553 3199 1669 3257 suimus
1682 3213 1719 3254 us
1734 3213 1813 3254 nune

385 3277 446 3344 hi
459 3280 543 3363 Quis
557 3303 617 3344 nou
632 3283 786 3346 hebebant
800 3303 865 3347 esm
881 3295 915 3346 ut
928 3286 1063 3364 petrium,
1116 3284 1252 3365 quidem,
1273 3281 1303 3343 id
1318 3292 1364 3343 est
1379 3292 1511 3360 tempore
1526 3303 1625 3344 novae
1640 3281 1725 3360 logis,
1741 3280 1812 3341 bes·

385 3363 622 3431 dutsliensm.
1116 3370 1199 3431 titios
1224 3371 1283 3430 Dei
1304 3370 1422 3430 visione
1445 3365 1522 3443 frui,
1548 3369 1604 3430 sed
1626 3388 1692 3429 esm
1715 3364 1814 3427 sdluuo

417 3455 462 3518 1⁶.
481 3456 544 3531 Et,
570 3458 597 3517 κ’
622 3457 750 3534 quidem
776 3460 875 3534 ipsius
900 3460 1063 3519 meminis·
1116 3466 1258 3538 sppetere
1273 3465 1303 3516 et
1318 3464 1501 3536 exspeoture.

384 3547 454 3617 nt,
468 3543 507 3604 ds
521 3561 587 3621 quo
602 3547 766 3620 exierunt,
783 3545 939 3606 habebunt
954 3547 1063 3621 utique
1159 3545 1236 3605 ideo
1261 3562 1329 3606 eon
1355 3542 1569 3620 eonfusditus
1591 3543 1677 3603 Deus
1703 3539 1812 3601 vocuss'

384 3627 691 3708 bpsssseoertsssdi
714 3632 820 3705 Docet,
833 3652 922 3712 quum
936 3632 1063 3712 petrium
1117 3633 1204 3692 Deus
1219 3650 1338 3691 seeum.
1369 3628 1487 3689 Graece
1501 3630 1542 3691 sd
1556 3628 1699 3691 voshum:
1724 3629 1812 3707 Que-

385 3709 562 3798 hpsisiesiut.
595 3717 666 3778 Non
682 3719 760 3779 euim
775 3717 968 3790 Chuldeesm
983 3716 1064 3779 uude
1114 3725 1248 3795 psopter
1266 3736 1334 3780 noes
1356 3716 1507 3780 erubescit
1529 3735 1579 3778 sos
1593 3718 1697 3791 Deus,
1725 3715 1812 3775 Deus

384 3795 484 3868 kent
498 3804 627 3883 egressi:
652 3807 763 3866 nemsi
786 3808 865 3885 ejus,
891 3814 924 3866 ut
939 3805 1062 3885 putrise,
1116 3807 1225 3866 vesosi
1241 3823 1359 3866 eorum.
1396 3803 1498 3865 Minus
1521 3803 1608 3875 dicit,
1635 3823 1671 3864 se
1687 3801 1753 3881 plus
1766 3800 1810 3860 iu·

384 3899 513 3952 uerso
527 3889 672 3965 inissent,
694 3890 787 3953 isoile
810 3893 849 3953 sd
869 3912 935 3954 eum
950 3892 1063 3953 roverti
1116 3891 1235 3972 telligit
1259 3892 1312 3951 list
1328 3891 1406 3951 euim
1421 3908 1541 3951 sensus:
1558 3889 1626 3949 Hse
1636 3889 1706 3950 fidei
1719 3886 1810 3948 devo·

383 3981 513 4054 ment
534 3976 644 4060 Neque
661 3981 739 4039 enim
754 3978 856 4040 deeset
869 3979 930 4040 iuis
946 3987 1062 4057 tempus
1116 3981 1199 4040 tione
1214 3988 1371 4057 tantopere
1386 3977 1452 4036 Deo
1469 3979 1653 4059 plseuerunt,
1669 3984 1703 4035 ut
1718 3975 1811 4050 Deus,

384 4062 613 4130 summouisse.
642 4065 815 4128 Memorem
831 4086 909 4142 esse,
933 4087 993 4127 nou
1008 4085 1062 4125 uu·
1116 4068 1170 4147 qui
1193 4074 1240 4126 est
1261 4066 1467 4125 universorum
1488 4066 1652 4136 Dominus,
1678 4083 1739 4124 uon
1759 4080 1811 4122 eos

383 4139 438 4214 b
458 4151 609 4232 signifieat
633 4150 884 4227 reeordstiouem,
911 4153 967 4214 sed
987 4171 1061 4225 eum,
1115 4152 1305 4232 reputaverit
1327 4149 1483 4229 indiguos,
1510 4171 1635 4233 quorum
1651 4150 1737 4210 Deus
1758 4170 1811 4210 vo·

373 4285 382 4296 .
468 4257 535 4300 eum
556 4258 660 4299 umore
684 4258 721 4300 so
745 4238 895 4302 desiderio
921 4241 964 4300 rei
991 4259 1060 4299 eou·
1116 4248 1246 4315 ouretur3
1265 4241 1323 4299 imo
1338 4257 1409 4297 vero
1424 4237 1567 4319 dignutus
1582 4237 1672 4298 inerit
1687 4257 1739 4299 eos
1754 4236 1813 4297 hoo

480 4333 536 4386 est.
571 4323 732 4405 Quomodo
747 4326 857 4388 dieitur
872 4330 904 4389 iu
918 4326 1060 4387 Psalmis:
1115 4326 1242 4399 honore,
1270 4339 1420 4387 uteorum
1436 4327 1533 4387 Deum
1548 4327 1703 4405 seipsum
1719 4325 1810 4387 uomi-

383 4405 489 4474 lmus
500 4413 557 4491 [ui
569 4413 711 4475 nominis
734 4418 801 4493 tesi,·
825 4423 871 4476 et:
898 4417 985 4476 Dum
1009 4432 1061 4473 rs·
1115 4422 1210 4474 neret
1249 4412 1340 4494 Quod
1363 4411 1499 4493 proieoto
1521 4412 1560 4475 sd
1582 4413 1741 4473 maximum
1760 4431 1809 4471 eo·

383 4497 574 4560 tssdussmsss·
595 4503 662 4576 tesi,
687 4501 775 4564 Sion.
808 4501 859 4564 Sis
878 4523 896 4563 s
912 4502 1060 4562 uoutssrio
1115 4521 1179 4561 rum
1207 4500 1386 4580 dignitstem
1408 4509 1439 4560 et
1463 4500 1605 4563 honorem
1631 4498 1809 4580 pertiusbst.

382 4577 489 4648 delur:
516 4586 705 4650 oblivium
727 4591 887 4667 populum
914 4596 1006 4650 tusum
1032 4594 1062 4647 et
1114 4589 1251 4667 Respicit
1277 4587 1439 4668 Apostolus
1465 4587 1505 4649 sd
1527 4588 1623 4648 locum
1649 4584 1747 4646 llxod.
1770 4584 1810 4661 3.,

380 4665 614 4751 humpen:
632 4680 698 4750 tesi,
723 4674 755 4736 id
776 4684 820 4736 est
841 4697 880 4738 ne
899 4674 1060 4737 desideres.
1114 4675 1167 4736 ubi
1188 4676 1335 4735 Dominus
1359 4676 1403 4735 sit
1428 4674 1467 4735 sd
1493 4675 1622 4736 Mosem:
1649 4673 1718 4748 Epo
1740 4690 1810 4733 essm

378 4749 450 4820 lte:
460 4769 578 4839 estem
594 4760 634 4821 de
648 4781 713 4839 quo
728 4766 883 4839 suismet,
900 4783 967 4825 oum
979 4762 1061 4823 solus
1115 4765 1201 4824 Deus
1217 4763 1380 4826 Atratum
1388 4804 1398 4834 ‚
1414 4768 1443 4821 st
1459 4764 1545 4824 Deus
1559 4762 1662 4835 Issus,
1678 4767 1707 4821 st
1722 4762 1810 4822 Deus

376 4839 515 4908 Mau
530 4847 604 4910 iude
615 4850 779 4924 exivisset,
805 4852 947 4932 quonium
963 4861 994 4911 et
1007 4851 1061 4912 filii
1114 4851 1239 4928 Jae0b3
1263 4852 1350 4911 item:
1378 4850 1466 4911 Hase
1488 4850 1570 4909 disse
1591 4849 1666 4927 {iliis
1688 4848 1809 4910 lsrael:

376 4927 435 4996 Hs
455 4933 512 4996 usti
535 4943 639 5009 essm,
663 4937 782 5000 tutione
802 4939 910 5019 petrin
937 4937 1062 5000 undeet
1115 4940 1273 5000 Dominus
1284 4939 1513 5013 Deusputnsm
1527 4938 1810 5012 onerosissimum

373 5017 583 5102 pedmmodo
602 5032 762 5090 esussutus
776 5025 908 5089 exivisse
926 5045 992 5088 oum
1008 5043 1060 5108 ps·
1114 5024 1293 5102 Abraham,
1317 5026 1448 5088 etDees
1463 5024 1571 5104 lsuoe,
1595 5026 1727 5089 etDeus
1740 5027 1807 5089 Ju-
