4442 5825
408 610 459 679 20
674 608 677 613 ·
1026 597 1238 654 nomm

409 779 458 839 11.
481 775 542 841 Sed
564 777 603 839 sb
626 778 778 840 sententis
792 775 907 837 reeedit
921 773 973 836 lib.
989 776 1019 836 2.
1044 776 1102 836 Be
1157 797 1218 837 non
1234 797 1253 836 e
1274 777 1396 838 nomine
1416 779 1582 859 cujuspiam
1604 778 1748 852 hominis,
1772 777 1827 839 sed
1841 799 1861 840 s

407 871 493 925 treet.
514 883 580 944 esp.
597 866 646 924 16.
673 866 720 926 Ao
740 863 831 924 facile
851 860 1006 937 refellitur,
1029 881 1104 942 quo·
1157 863 1307 924 voeabulo
1327 863 1428 936 Eber,
1448 864 1480 924 id
1502 873 1551 924 est
1571 874 1656 926 mens
1677 868 1746 929 sive
1769 866 1858 926 ultre.

406 953 488 1012 niem
505 961 541 1011 ¹et
561 953 627 1032 ipse
640 949 793 1011 Aornum
818 948 1105 1011 Geu.14.voostur
1157 949 1292 1011 Venerst
1319 952 1398 1011 enim
1428 951 1583 1012 Abrehem
1615 961 1703 1014 treus
1730 951 1859 1013 flurium

406 1037 579 1099 Hebraeus.
602 1036 724 1098 Deinde
738 1056 794 1097 neo
809 1034 954 1096 derirstie
969 1045 1103 1096 eonsrsr:
1157 1036 1342 1115 Euphratem
1358 1038 1390 1097 in
1404 1044 1513 1097 terrem
1529 1036 1685 1098 Ohsnssn.
1710 1039 1804 1100 Unde
1819 1038 1858 1099 eb

407 1143 476 1185 nrm
491 1123 621 1186 initiales
643 1125 748 1185 literne
769 1123 874 1184 horum
889 1123 1043 1183 nominum
1058 1122 1103 1184 di·
1157 1123 1266 1184 ineolis
1287 1124 1369 1184 illius
1392 1131 1491 1184 terres
1503 1125 1664 1186 Hebraeus
1687 1134 1736 1185 eet
1750 1125 1857 1205 eppei·

406 1219 513 1272 verere
528 1218 607 1283 sunt,
623 1219 651 1288 κ
666 1211 770 1287 Alepd
786 1217 817 1269 et
873 1213 947 1272 Atre
963 1208 1028 1269 Alii
1042 1230 1104 1271 non
1157 1209 1245 1283 letus,
1261 1210 1293 1271 id
1307 1219 1355 1271 est
1368 1212 1520 1283 transitor,
1542 1213 1609 1271 sive
1623 1210 1857 1288 uensfluriulis3

405 1298 505 1379 penei,
531 1316 660 1378 quorum
681 1299 797 1376 primns
836 1297 968 1376 orephus
998 1296 1048 1357 lib.
1074 1303 1102 1359 1.
1157 1294 1275 1357 Gresee
1297 1288 1451 1376 περάτης
1477 1296 1627 1377 quomodo
1655 1317 1723 1358 enm
1752 1318 1857 1359 vocem

405 1382 526 1446 Jndeie
542 1385 725 1464 Antiquitet
740 1403 805 1464 eep.
821 1383 860 1453 6.,
879 1402 969 1464 quem
984 1393 1015 1443 et
1030 1383 1101 1446 Hie·
1156 1382 1256 1443 LXX.
1276 1383 1476 1445 reddiderunt
1502 1385 1681 1463 interpretes
1702 1384 1783 1447 Gen.
1808 1388 1855 1446 14.

406 1489 550 1550 ronymus
564 1472 701 1551 sequitur
715 1473 748 1531 in
761 1468 971 1531 trsditionibus
982 1470 1100 1532 Hebrs-
1156 1469 1263 1531 Simile
1278 1481 1333 1543 est,
1344 1468 1428 1552 quod
1440 1471 1550 1531 Latine
1564 1470 1691 1550 quidum
1705 1470 1855 1545 dicuntur,

406 1558 462 1619 icis
484 1577 575 1638 super
590 1557 665 1619 Gen.
682 1557 731 1618 10.
747 1564 778 1617 et
799 1554 852 1617 elii
866 1555 986 1630 deinde,
1009 1557 1100 1619 dedu·
1156 1558 1240 1617 verbi
1254 1560 1363 1638 gretie,
1382 1556 1613 1630 Tmnstiberini,
1637 1558 1854 1631 Trensmerini,

405 1651 478 1705 eunt
500 1644 538 1704 ub
561 1643 672 1718 Heben
694 1644 747 1724 qui
773 1644 916 1724 septimus
937 1647 1103 1705 snteeessit
1156 1644 1361 1726 'I'rsnselpini
1387 1643 1545 1705 Indieetur
1565 1643 1642 1705 haee
1661 1647 1740 1705 rotie
1756 1644 1854 1706 dorus

405 1729 569 1793 Abnhem.
1154 1732 1302 1810 vigesimo
1317 1738 1433 1812 quarto.
1448 1731 1581 1793 Domino
1591 1730 1726 1793 dieente:
1747 1733 1855 1793 Trono

447 1816 611 1899 donibus,
627 1819 654 1878 si
665 1836 801 1899 queeres,
818 1821 1101 1900 eursprogenitore
1153 1819 1289 1896 fluuium
1311 1819 1539 1879 hotonem
1564 1825 1673 1895 putres
1696 1823 1795 1879 vestri
1814 1819 1852 1880 ud

403 1910 466 1965 tum
477 1913 601 1978 remote,
616 1923 716 1986 eoque
731 1905 867 1977 obscuro,
879 1904 954 1965 nihil
968 1908 1048 1965 enim
1062 1905 1101 1966 de
1154 1907 1257 1966 initio.
1276 1907 1353 1967 Νι·
1363 1923 1438 1980 erpo
1451 1913 1577 1983 petrem
1593 1913 1733 1966 vestrum
1747 1906 1853 1967 Aom-

404 2010 441 2052 eo
460 1991 656 2053 memonbile
673 2002 826 2063 nemtur,
845 1991 1028 2053 clarissimus
1042 1993 1099 2052 Pe·
1153 1993 1228 2051 dum
1239 1994 1535 2069 rrumpere-riae
1545 1992 1852 2069 flnidrsrrflebreioe,

403 2078 536 2140 trisrohu
552 2081 583 2140 in
598 2098 654 2139 eus
668 2079 844 2159 posteritate
855 2098 962 2140 nomen
975 2099 1097 2159 rerepe-
1153 2080 1192 2138 de
1207 2080 1279 2140 edes·
1292 2082 1396 2159 fluvii,
1419 2079 1521 2141 Lxx
1544 2079 1583 2140 de
1597 2087 1690 2140 tras·
1703 2082 1851 2159 fluvium

403 2164 1099 2246 rit:hsneedferuntretioneur‚quisiudiebus
1154 2165 1204 2224 En
1232 2169 1327 2247 ipsum
1357 2168 1505 2228 rationem
1533 2165 1785 2247 etymologiam,
1814 2168 1851 2229 ob

402 2252 510 2315 Heber
519 2253 690 2333 linguerum
702 2252 785 2313 fsets
796 2255 838 2313 sit
848 2253 974 2314 divisio:
990 2272 1098 2333 quaer
1152 2272 1242 2332 quem
1263 2252 1418 2313 sonum
1438 2273 1507 2314 eum
1527 2274 1583 2314 sus
1603 2257 1788 2334 posteritste
1809 2254 1850 2316 di·

401 2362 435 2404 re
444 2342 537 2404 etiem
547 2341 608 2402 filio
616 2361 670 2402 suo
678 2340 796 2420 Pheleg
807 2361 914 2401 nomen
925 2339 1010 2400 dedit
1021 2338 1097 2401 Gen.
1152 2349 1219 2399 etos
1234 2350 1281 2400 est
1293 2340 1459 2400 Hebraeus.
1482 2340 1552 2420 Quo
1566 2361 1638 2402 sene
1653 2341 1794 2402 elludere
1806 2342 1848 2402 vi·

404 2431 453 2491 10.
470 2428 630 2492 Creterum
645 2430 677 2489 in
691 2429 756 2507 ejus
771 2428 882 2488 semilis
893 2426 1027 2506 lingusm
1038 2427 1098 2507 pri·
1150 2425 1239 2487 detur
1252 2428 1466 2506 Hieronymus,
1482 2431 1602 2507 quoties
1617 2430 1684 2489 eive
1699 2427 1740 2489 de
1755 2428 1848 2489 Abre-

401 2517 563 2596 migeuiom
586 2516 795 2597 permansisse,
815 2534 896 2595 quse
918 2513 1043 2593 proinde
1058 2514 1097 2575 sb
1151 2513 1234 2585 hem,
1258 2516 1325 2575 sire
1348 2513 1488 2574 absolute
1510 2513 1647 2596 loquens,
1672 2515 1849 2577 Hebraeum

402 2605 467 2684 ejus
484 2604 604 2664 nomine
618 2602 761 2663 Hebrses
775 2600 856 2662 diets
870 2600 967 2674 fuerit,
986 2610 1018 2661 et
1031 2600 1096 2661 He·
1151 2601 1362 2680 interpretetur
1376 2602 1572 2675 transitorem,
1587 2611 1622 2661 ut
1636 2604 1669 2662 in
1683 2601 1787 2680 Epist.
1799 2603 1847 2665 28.

400 2689 484 2752 breei
499 2687 580 2762 dieti,
603 2691 656 2769 qui
669 2687 812 2766 deinceps
827 2707 864 2748 es
879 2695 1041 2758 uterentur⁸
1063 2695 1098 2747 ut
1150 2686 1189 2747 sd
1205 2687 1311 2748 Luoin.
1324 2687 1403 2747 stud
1414 2687 1572 2748 Fabiolam
1583 2708 1678 2748 mens
1692 2689 1745 2749 31.
1761 2689 1846 2750 Item·

401 2776 554 2838 Abrohom
569 2776 698 2856 ejusque
720 2775 842 2855 posteri.
865 2774 1006 2835 Hebetur
1021 2774 1097 2835 hsee
1149 2793 1211 2854 que
1239 2776 1272 2834 in
1304 2777 1528 2835 eommentsriis
1558 2775 1729 2837 Ezechielis
1761 2777 1790 2836 7.
1820 2781 1847 2836 et

400 2865 478 2926 retio
493 2863 574 2943 epud
587 2862 800 2944 Augustinum,
815 2862 864 2922 eui
876 2863 1014 2942 inprimis
1028 2882 1095 2943 pro
1147 2860 1218 2923 Jou.
1235 2866 1263 2923 1.

400 2950 490 3013 betur
504 2948 555 3011 lib.
574 2952 622 3011 16.
638 2948 678 3011 de
692 2949 772 3010 civit
789 2948 849 3008 Dei
872 2968 937 3028 esp.
954 2949 983 3009 3.
998 2957 1031 3009 et
1047 2953 1094 3009 11.
1192 2946 1350 3009 Caeterum
1364 2949 1443 3009 hene
1461 2952 1612 3010 rationem
1626 2949 1743 3010 diserte
1758 2948 1847 3010 trsdit

400 3045 431 3100 et
443 3036 496 3098 lib.
514 3036 563 3098 18.
580 3055 646 3117 esp.
662 3037 722 3106 ³9..
747 3055 863 3096 necnon
877 3035 958 3116 epud
972 3034 1094 3096 bertum
1149 3043 1180 3095 et
1188 3034 1325 3115 pluribus
1332 3034 1465 3114 expliest
1477 3035 1770 3115 PeniosBurgensis
1781 3036 1844 3096 loeo

399 3123 548 3186 Thomem
560 3125 591 3183 in
604 3130 761 3183 comment
773 3124 933 3201 utu-ineque
947 3123 1005 3182 loei
1017 3122 1094 3183 Peu-
1149 3123 1288 3202 superius
1302 3124 1406 3182 eitsto.
1429 3122 1606 3202 Sequuntur
1619 3134 1723 3184 sutem
1739 3133 1769 3184 et
1785 3122 1843 3194 elii,

398 3208 454 3272 lini
478 3209 570 3289 prelo
592 3216 662 3271 ente
683 3208 775 3270 eiteti.
805 3209 963 3288 Furorque
987 3226 1094 3268 eonve·
1149 3193 1555 3287 pneumoniiebrriwnn
1574 3209 1734 3270 literarum
1749 3209 1844 3290 periti,

398 3297 513 3358 nieutie
533 3296 690 3357 litererum
712 3296 744 3355 in
757 3293 900 3355 Hebrseo
914 3302 1005 3385 mi.
1034 3293 1094 3354 Ve
1149 3295 1334 3356 aesomnes
1347 3292 1533 3355 Benehlinue
1557 3294 1594 3355 de
1609 3296 1702 3356 verbo
1718 3295 1844 3358 mirifieo

397 3390 564 3445 rumtsmen
585 3401 650 3443 eem
672 3383 818 3442 retienem
839 3389 1016 3461 argomento
1033 3400 1094 3440 nou
1148 3378 1591 3461 lmt.erp18.‚t'nneiseus
1605 3382 1718 3443 Bibere
1729 3384 1762 3444 in
1774 3383 1842 3444 Jon.

397 3468 500 3551 inepto
521 3467 664 3531 refellunt
686 3466 899 3528 Theodoretue
924 3469 957 3529 in
975 3476 1093 3547 quest.
1151 3472 1177 3526 1.
1196 3467 1235 3528 sd
1257 3466 1352 3528 illud:
1374 3466 1540 3529 ficorum
1555 3487 1611 3544 eqo
1625 3487 1706 3543 sum,
1731 3470 1784 3532 ubi
1798 3488 1841 3531 so

398 3555 448 3617 60.
471 3575 564 3637 super
578 3553 732 3622 Genesim,
755 3562 788 3614 et
801 3552 917 3614 Penius
930 3554 1093 3633 Burgeusie
1147 3552 1210 3614 lide
1237 3552 1339 3614 dutum
1368 3555 1642 3633 interpretstiouem
1671 3556 1841 3631 confirmet3

396 3639 551 3703 edditioue
564 3645 592 3703 d.
604 3659 698 3720 snper
712 3638 820 3701 Mettis
833 3643 883 3701 11.
907 3639 985 3701 Nem
1000 3640 1026 3700 si
1040 3638 1091 3700 de
1146 3659 1238 3720 quem
1253 3650 1285 3701 et
1300 3638 1375 3700 tlibi
1388 3642 1505 3720 repetit.
1527 3641 1671 3721 Denique
1684 3642 1763 3703 hmo
1779 3660 1841 3704 esse

395 3728 621 3790 nominsreutur
630 3726 764 3788 Hebreei
778 3725 818 3787 sb
832 3725 952 3803 Heben
967 3746 1028 3787 nen
1043 3746 1090 3786 so·
1146 3726 1351 3789 Rsbbinorum
1363 3746 1547 3788 eommunem
1559 3731 1743 3790 sententium
1750 3737 1839 3790 testr-

395 3812 458 3875 lum
482 3832 548 3888 eoo,
574 3815 628 3895 qui
648 3833 688 3874 ex
713 3812 868 3874 Aornum
896 3811 1090 3874 deseendunt
1146 3823 1196 3873 tur
1210 3812 1426 3875 Geuebrerdus
1448 3814 1525 3874 libro
1547 3816 1642 3895 primo
1663 3835 1739 3876 suse
1759 3815 1841 3876 rhro·

395 3899 783 3982 oportebeteiesppelletos
792 3918 871 3972 esee,
881 3901 1091 3960 verumetiam
1144 3900 1340 3981 nogrsphiee.
1363 3899 1434 3961 Neu
1457 3900 1598 3980 equidem
1617 3902 1724 3981 ignoro
1740 3902 1840 3964 Theo·

395 3996 531 4049 eseteroe
561 3986 601 4047 eb
629 3986 736 4048 Heber
765 3987 909 4065 originem
937 3985 1091 4058 ducentes,
1145 3984 1283 4047 doremm
1295 3987 1474 4067 qusestioue
1485 3989 1624 4066 superius
1635 3991 1737 4060 eitsts,
1751 3988 1841 4050 elisur
1871 4021 1875 4030 ·

393 4091 616 4155 quemeumque
631 4082 739 4134 terrem
754 4072 929 4144 incolerent
943 4093 980 4132 ee
994 4074 1090 4133 nomi·
1144 4072 1297 4153 quendem
1318 4075 1464 4133 tutionem
1487 4072 1623 4135 sdierre:
1645 4085 1750 4137 censet
1763 4077 1841 4137 enim

393 4164 485 4223 nstim
512 4163 599 4222 etism
626 4169 765 4241 posteros
790 4158 913 4220 Nsehor
943 4168 975 4219 et
998 4162 1091 4230 Aren,
1145 4158 1299 4221 Abrshsm
1319 4158 1433 4220 dietum
1456 4159 1550 4222 fuisse
1564 4160 1741 4224 Hebrseum
1755 4183 1777 4222 ι
1791 4182 1840 4223 uo·

394 4248 493 4329 quiin
506 4245 662 4309 Cheidsee
677 4253 892 4316 remenserunt,
914 4244 1019 4306 eedem
1034 4246 1089 4307 lin·
1144 4248 1226 4308 mine
1244 4245 1376 4307 fluminis
1391 4247 1567 4325 Euphrstis,
1590 4268 1683 4328 quem
1705 4259 1840 4329 pertran-

391 4355 454 4415 gns
469 4342 598 4406 utentes,
621 4353 712 4413 quum
726 4351 789 4394 uns
803 4352 872 4393 eom
887 4331 979 4392 irstre
995 4332 1090 4394 Abrs·
1143 4334 1203 4406 siit,
1225 4352 1320 4413 quum
1336 4353 1353 4394 e
1369 4331 1526 4395 coelom
1548 4336 1667 4396 reniret
1686 4336 1718 4396 in
1733 4335 1839 4397 Pelee

391 4421 461 4483 bem
489 4442 508 4482 s
538 4423 602 4481 suis
630 4418 872 4501 progenitoribus
901 4427 1088 4498 receperent
1143 4421 1260 4481 stinsm
1286 4419 1393 4481 Hebro
1415 4439 1546 4500 nemque
1567 4420 1714 4501 Syrorum
1737 4422 1840 4503 lingue

394 4508 489 4587 Atqui
508 4525 561 4569 eos
577 4506 733 4588 eppellsre
742 4506 1090 4586 Hebrseesseeripturs
1143 4508 1245 4567 roeeri
1267 4506 1550 4588 dieitEuphrstem.
1578 4507 1641 4569 Sed
1664 4508 1731 4569 felli
1753 4518 1839 4589 puts·

390 4594 520 4656 slieuum
543 4604 598 4655 eet
620 4595 685 4656 Nee
705 4596 773 4674 ipse
794 4591 918 4673 quidem
934 4592 1087 4653 Abnnm
1142 4612 1208 4655 mus
1227 4591 1461 4666 Theodoseturn.
1483 4603 1516 4655 ut
1537 4593 1737 4669 monlon,
1759 4594 1838 4675 quod

389 4684 477 4761 prius
493 4681 607 4762 legitur
622 4680 781 4742 Hebrseus
799 4688 941 4751 roestus,
962 4698 1088 4760 queme
1141 4680 1299 4742 muitum
1324 4680 1490 4760 significet,
1516 4680 1654 4742 retulerit
1679 4680 1720 4741 ed
1741 4684 1837 4763 ipsum

389 4773 470 4829 terre
494 4788 551 4830 eus
576 4778 607 4828 et
628 4767 806 4848 eognstione
828 4775 860 4828 et
881 4766 971 4827 domo
993 4767 1088 4846 petris
1140 4765 1269 4838 flumen,
1291 4765 1373 4848 qued
1396 4766 1550 4828 Abrehsm
1573 4770 1722 4829 transivit.
1748 4768 1837 4831 Certe

388 4857 437 4916 sui
453 4874 599 4935 egrusus,
612 4854 643 4915 in
658 4864 768 4916 terrem
784 4853 930 4914 Cheneen
944 4853 1085 4913 venisset
1139 4862 1259 4915 munst
1282 4854 1436 4915 Hebreies
1458 4852 1578 4934 firgus,
1603 4874 1665 4934 que
1684 4852 1835 4920 toronen

431 4940 538 5021 Igitur,
560 4949 594 5000 ut
608 4939 649 5000 ed
663 4961 766 5002 rerum
788 4941 920 5000 nominis
939 4940 1085 5000 rationem
1140 4941 1208 5021 ipse
1219 4942 1420 5021 etpostsritss
1430 4941 1497 5020 ejus
1507 4960 1564 5003 use
1576 4950 1634 5012 est.
1649 4941 1835 5024 Euphratem

387 5030 559 5103 venium
581 5025 740 5088 dieendu
760 5035 817 5098 est.
836 5025 1011 5089 Heorseum
1025 5025 1085 5087 diei
1137 5045 1199 5087 uon
1213 5026 1327 5100 Hebro,
1341 5025 1397 5088 sed
1410 5027 1524 5089 Peretls
1538 5027 1699 5109 oppetieri.
