4442 5825
732 585 895 645 matous
911 586 939 642 ll.
956 586 1045 642 limi
1061 587 1155 644 turm.
1189 587 1274 643 vm
1291 588 1392 643 7.-9.
1695 595 1767 667 633

351 764 455 827 osan
477 755 665 844 tppodpssos,
681 765 848 843 praesentis
860 764 1018 845 temporis:
1075 764 1226 826 Dicuntur
1242 766 1332 826 etiam
1345 764 1495 840 istorsum,
1517 774 1552 825 nt
1565 764 1684 845 plenius
1701 764 1768 826 illu·

351 854 570 915 stomoma.
593 850 703 925 Semel,
715 852 823 930 inquit,
839 871 920 933 aqna
931 851 1020 931 periit
1073 871 1174 912 sorum
1190 851 1299 914 cavillo
1315 852 1452 914 satisfiat.
1482 853 1640 934 Quamvis,
1663 852 1770 931 inquit,

351 937 461 1013 indus,
475 937 607 1000 seeundo
618 936 788 1020 perdendus
800 940 871 1017 igni,
887 938 935 998 eui
949 956 1016 997 coe·
1072 940 1186 1012 lateat,
1225 937 1347 1018 quando
1378 947 1523 1001 venturus
1549 940 1587 999 sit
1613 940 1769 1012 Dominus,

351 1046 387 1087 rm
412 1033 445 1087 st
469 1031 565 1099 terra,
590 1044 669 1105 quae
694 1044 774 1086 nnnc
799 1034 876 1098 sunt,
904 1026 935 1086 in
961 1024 1019 1083 Dei
1073 1024 1150 1086 illud
1171 1036 1272 1086 tamen
1294 1025 1389 1087 latore
1411 1045 1466 1087 vos
1488 1047 1549 1087 non
1564 1024 1660 1097 debet,
1677 1023 1766 1087 adeo-

351 1130 464 1175 taaauro
478 1120 668 1176 reservantur
682 1113 821 1194 usquein
833 1111 917 1172 illum
930 1109 1018 1184 diem,
1073 1132 1134 1193 qne
1150 1112 1229 1187 volo,
1245 1114 1391 1192 cogitetis,
1407 1113 1527 1192 quoties
1542 1114 1673 1173 animum
1691 1111 1770 1173 subit

351 1219 392 1261 ‚re
416 1199 449 1260 in
476 1197 552 1260 illud
577 1206 715 1279 tempus,
747 1218 806 1279 quo
832 1197 1019 1259 exercebitur
1073 1199 1236 1278 scrupulus
1263 1198 1301 1260 de
1327 1198 1467 1261 tarditate
1491 1198 1639 1261 advemm
1665 1198 1767 1260 Domi-

351 1284 495 1349 civarsale
513 1283 663 1365 judicium
683 1287 805 1365 generis
826 1285 964 1356 hnmani,
988 1291 1019 1343 et
1070 1287 1150 1361 uici,
1166 1284 1252 1358 illud,
1271 1287 1407 1367 inquam:

351 1396 356 1435 ι
388 1372 542 1434 interitum
577 1373 733 1433 mittentur
762 1371 895 1433 homines
924 1370 1017 1448 impii.
1115 1376 1197 1454 Qnto
1212 1391 1297 1434 caus
1312 1373 1377 1434 dics
1392 1373 1482 1449 opud
1496 1374 1673 1434 Dominum
1689 1374 1769 1432 sicco

351 1458 416 1519 'unc
437 1460 518 1520 enim
532 1458 675 1534 futurum,
701 1465 735 1520 nt
749 1459 865 1520 coelum
882 1467 914 1518 et
928 1465 1017 1529 terra,
1070 1461 1158 1520 milia
1181 1463 1264 1521 anni
1274 1505 1284 1535 ,
1312 1467 1342 1520 ct
1367 1461 1454 1520 mille
1476 1462 1559 1521 onai
1579 1461 1658 1520 sicut
1684 1477 1769 1520 saus

351 1555 401 1607 cut
423 1545 503 1607 inira
524 1542 660 1620 docetur,
683 1546 761 1625 ignis
784 1544 1019 1624 conflagratione
1071 1548 1145 1608 dies.
1169 1548 1286 1619 Sentit,
1307 1545 1421 1607 nullum
1444 1555 1563 1625 tempus
1580 1544 1690 1606 debere
1704 1545 1768 1606 lou-

351 1630 523 1715 rqnaudam
546 1634 715 1694 nouitatem
731 1630 929 1694 demutentur.
953 1630 1016 1689 Me
1071 1653 1140 1713 gum
1163 1633 1259 1697 videri
1281 1635 1503 1712 comparations
1521 1633 1706 1695 aeternitatis
1724 1651 1770 1693 se·

351 1721 412 1783 tait
430 1718 626 1797 perditionis
646 1720 811 1781 dominum
834 1721 1017 1795 impiorum,
1071 1730 1203 1793 cuturae,
1219 1740 1285 1780 cum
1299 1721 1330 1780 in
1346 1720 1440 1780 oculis
1453 1729 1548 1797 atque
1558 1719 1769 1781 aestimatione

351 1814 458 1868 tusum
473 1805 556 1867 illius
570 1807 649 1887 ignis
664 1807 858 1885 praecipuum
871 1804 1018 1875 ostendat,
1070 1809 1130 1867 Dei
1146 1809 1259 1868 aeterni
1275 1816 1306 1867 et
1321 1806 1516 1868 immutabilis
1532 1802 1603 1883 (hoc
1619 1807 1698 1866 enim
1714 1813 1769 1878 est,

351 1893 377 1955 ai
400 1901 464 1967 eat,
490 1895 611 1973 iniquae
636 1893 668 1952 in
689 1902 842 1954 aeteruum
866 1894 1018 1966 cruciare,
1072 1894 1153 1974 qnod
1181 1895 1268 1955 dicit:
1293 1893 1382 1970 apud
1399 1890 1588 1969 Dominum)
1610 1912 1689 1954 unus
1703 1891 1769 1952 dies

351 1980 415 2041 mul
429 1988 465 2040 ut
487 1981 597 2060 impios
612 1978 762 2041 dissutas:
794 1980 853 2042 Ubi
876 1986 919 2039 cst
939 1995 1018 2054 pro·
1071 1990 1101 2040 et
1116 1980 1198 2041 mille
1214 1982 1285 2042 anni
1299 2002 1361 2041 non
1378 1979 1525 2054 different,
1549 1978 1629 2060 qnod
1647 1980 1686 2040 ad
1702 1999 1768 2060 pro-

351 2068 428 2130 tasio
444 2073 511 2143 cta,
534 2066 694 2129 salubriter
709 2065 946 2146 perterrefaciat.
1072 2069 1237 2145 portionem
1256 2069 1364 2128 attinet
1379 2087 1538 2129 mensuras
1554 2087 1619 2127 cum
1634 2074 1768 2144 tempore

365 2154 478 2217 Ooslos
502 2162 609 2215 autem
621 2196 631 2229 ,
667 2172 744 2231 quos
768 2156 837 2231 ipni
862 2152 1019 2214 asservari
1072 2154 1198 2215 infinito.
1242 2154 1322 2214 Nam
1355 2163 1515 2235 utrumque
1543 2155 1768 2234 comparatione

351 2240 403 2317 cit,
418 2239 540 2301 eosdem
556 2249 675 2323 oportet
685 2240 818 2322 intelligi,
833 2261 909 2321 quos
921 2257 1019 2318 supra,
1071 2242 1258 2303 aeternitatis
1281 2249 1326 2301 est
1347 2239 1433 2302 velut
1455 2249 1598 2321 punctum
1615 2260 1767 2320 compara·

351 2326 439 2389 ilicet
466 2332 589 2397 atireos,
616 2346 742 2407 quornm
768 2335 904 2407 respectu
930 2323 1017 2384 dicit:
1071 2330 1152 2387 tione
1174 2329 1327 2405 temporis.
1358 2327 1456 2405 Apud
1472 2329 1658 2403 Dominam,
1681 2327 1766 2387 intel-

351 2418 380 2477 si
392 2432 482 2476 nunc
497 2422 592 2492 acac,-
613 2434 674 2475 non
689 2421 789 2475 antem
805 2413 1020 2484 renitescant
1071 2415 1148 2493 lige:
1183 2413 1351 2490 Christum
1383 2435 1452 2475 nam
1480 2412 1517 2474 de
1543 2415 1609 2493 ejus
1636 2412 1768 2476 adventu

351 2500 447 2563 uidam
463 2500 578 2563 volunt
601 2499 757 2580 Nusquam
773 2502 852 2563 enim
864 2501 1020 2578 Scriptura
1073 2519 1167 2562 sermo
1183 2509 1237 2561 est.
1261 2500 1351 2562 Unde
1368 2510 1398 2562 et
1413 2501 1452 2562 de
1467 2520 1503 2560 eo
1518 2503 1667 2581 seqnitur:
1695 2503 1768 2562 Non

351 2587 475 2671 guttam
496 2589 583 2649 orbes
606 2587 754 2650 coelestes
776 2596 807 2649 et
822 2597 918 2657 astra,
942 2604 1019 2665 qnae
1073 2588 1183 2648 tardat
1207 2590 1373 2649 Dominus.
1403 2586 1504 2665 Igitur
1524 2596 1555 2648 et
1568 2587 1618 2647 hic
1633 2588 1766 2649 insinua·

351 2692 391 2737 aa
405 2683 478 2736 suut
492 2676 579 2754 ignee
600 2674 739 2755 quidam,
761 2677 832 2754 igne
856 2672 1018 2750 conflagra-
1072 2677 1113 2736 tio
1145 2683 1191 2734 ost
1221 2673 1386 2736 divinitatis
1417 2672 1548 2750 Christi3
1586 2678 1765 2754 praesertim

351 2762 414 2825 ouis
435 2780 543 2823 arsura
565 2782 601 2823 ac
623 2760 816 2824 dissolvenda
839 2780 913 2832 esse,
938 2756 1018 2837 quod
1073 2783 1163 2840 quum
1181 2762 1212 2821 in
1233 2761 1282 2822 his
1304 2762 1386 2822 Petri
1410 2761 1508 2822 verbis
1528 2761 1638 2823 allusio
1653 2761 1707 2822 fiat
1728 2761 1767 2821 ad

351 2866 375 2909 a
392 2846 435 2909 de
456 2847 550 2910 coelis
573 2848 700 2925 dicitnr,
722 2858 756 2909 ut
778 2869 833 2909 nec
849 2843 1019 2928 hujusmodi
1071 2848 1251 2909 versiculum
1276 2848 1385 2910 Psalm.
1404 2849 1471 2923 89„
1496 2868 1557 2926 quo
1572 2849 1670 2910 Deum
1694 2847 1767 2909 allo·

351 2935 474 3000 usionis
489 2936 669 2998 naturaliter
679 2938 850 3018 susceptiva
862 2942 940 2996 sunt.
956 2934 1019 2992 Ita·
1073 2937 1173 3017 quitur
1197 2934 1311 3008 David,
1339 2936 1458 2997 dicens:
1497 2939 1656 3015 Quoniam
1680 2938 1766 2997 milis

351 3043 386 3086 us
404 3043 510 3085 eornm
532 3024 641 3102 opinio,
665 3024 715 3105 qni
738 3023 779 3083 ad
801 3023 900 3084 coelos
915 3039 1018 3099 super·
1072 3026 1155 3084 anai
1180 3030 1256 3083 onte
1283 3024 1388 3085 ocsslos
1417 3030 1487 3084 tuos
1512 3032 1676 3103 tamquam
1702 3024 1768 3084 dics

351 3118 524 3172 uentares
546 3110 679 3173 reioruut
700 3119 752 3171 aut
766 3109 929 3171 extendunt
942 3107 1020 3167 hauc
1072 3114 1228 3184 hamno,
1252 3129 1333 3187 quac
1347 3114 1523 3187 proeteriit.
1546 3111 1705 3173 (laetarum
1721 3119 1763 3170 ta·

351 3196 596 3278 morgrationem,
619 3199 685 3258 sive
699 3197 898 3278 Theologiarn
915 3214 1019 3255 consu·
1073 3199 1132 3259 cite
1142 3198 1177 3257 B.
1186 3196 1294 3258 Petrus
1306 3197 1464 3259 confitetur
1474 3199 1676 3277 ignorantiam
1688 3196 1769 3258 illius

351 3303 382 3359 ι,
402 3285 580 3346 austeritate
602 3284 783 3357 destituitur,
807 3287 873 3345 sive
890 3280 1019 3362 philoso·
1073 3283 1144 3356 diei,
1160 3284 1370 3345 convenienter
1383 3284 1553 3363 Scriptnris,
1567 3303 1645 3365 quse
1657 3292 1768 3345 testan-

351 3371 434 3444 dam,
449 3373 575 3432 ratione.
1073 3379 1129 3445 tur,
1153 3391 1219 3431 enm
1242 3370 1299 3430 soli
1322 3373 1389 3432 Deo
1412 3373 1563 3450 cognitum
1580 3392 1653 3446 esse,
1675 3370 1769 3432 liare.

370 3457 464 3519 Porro
487 3456 524 3519 ds
546 3460 616 3538 igne
642 3458 905 3538 conflagrationis,
931 3475 1020 3536 quem
1076 3462 1125 3520 13.
1141 3466 1171 3518 st
1186 3457 1255 3517 Act.
1273 3460 1300 3517 1.

351 3552 436 3607 aaut
446 3543 605 3624 'l'heologi
620 3546 716 3605 multa
732 3545 770 3605 eb
782 3545 818 3605 iis
830 3543 1022 3624 disputantur
1117 3545 1237 3605 Vanum
1252 3551 1299 3604 est
1314 3552 1423 3616 antem,
1446 3546 1529 3624 cuod
1545 3543 1676 3625 qnidam,
1700 3544 1767 3606 irati

374 3635 404 3696 4.
418 3640 496 3693 scut
512 3631 652 3705 dirtos..
668 3630 706 3693 de
721 3651 780 3712 quo
792 3639 824 3693 et
834 3651 889 3692 nos
905 3651 942 3692 eo
953 3628 1021 3689 loco
1073 3631 1131 3693 hac
1145 3631 1282 3703 formula,
1305 3652 1365 3711 qua
1379 3632 1464 3693 mille
1479 3632 1549 3693 anni
1566 3632 1648 3710 apud
1663 3632 1767 3693 Domi·

351 3717 450 3794 fimus.
470 3717 532 3778 'Ad
552 3738 629 3800 quas
645 3716 872 3800 disputationes,
891 3737 928 3778 ne
939 3718 1021 3796 justo
1073 3739 1144 3780 num
1167 3726 1327 3780 censentur
1357 3727 1507 3798 tamqnam
1531 3718 1594 3779 dies
1617 3739 1713 3793 nnus,
1739 3728 1769 3781 et

351 3805 505 3868 nlixiorea
526 3806 576 3867 hic
600 3808 714 3878 simus,
731 3804 871 3867 lectorem
894 3806 1021 3877 remitto,
1074 3815 1187 3882 eontra,
1210 3807 1309 3866 conati
1331 3814 1400 3866 snut
1420 3807 1536 3866 incerta
1551 3805 1698 3886 quaedem
1715 3826 1769 3887 pro

351 3889 424 3954 dum
448 3913 486 3953 ea
512 3891 655 3966 dicturus,
681 3912 761 3972 quae
787 3891 825 3954 ad
851 3890 1020 3971 intelligen-
1074 3895 1163 3953 certis
1186 3893 1342 3966 adimam,
1365 3901 1396 3954 st
1412 3891 1540 3953 obscura
1556 3891 1706 3971 quaedam
1723 3894 1767 3954 in·

351 3993 400 4040 uu
422 3979 529 4040 decimi
550 3998 657 4040 versus
679 3988 710 4041 et
725 3980 813 4040 trium
829 3980 1020 4059 sequentinm
1073 3980 1239 4059 terpretari,
1253 3978 1319 4040 diss
1328 3978 1502 4059 accipiendo
1515 3999 1569 4058 pro
1581 3979 1663 4039 mille
1674 3981 1770 4052 aunis,

351 4067 496 4126 amaria
509 4064 702 4128 videbuntur.
1074 4068 1233 4127 autetiam
1249 4086 1303 4145 pro
1319 4067 1404 4128 annis
1420 4066 1555 4146 singulis.
1578 4067 1621 4128 Ut
1636 4067 1768 4146 exempli

371 4154 400 4213 8.
434 4154 540 4215 Unum
563 4171 638 4215 vcro
661 4155 719 4214 doc
740 4172 808 4215 noa
829 4152 929 4213 iotsot
955 4171 1019 4227 vos,
1074 4172 1255 4228 causacum
1272 4152 1404 4214 sexdies
1420 4154 1579 4214 creationis
1596 4152 1698 4214 mundi
1715 4174 1770 4234 pro

351 4241 490 4300 malms.
518 4239 604 4301 Haec
625 4238 766 4301 dicuutur
789 4238 828 4300 ad
844 4240 1020 4301 confirmare·
1073 4248 1248 4319 argumento
1264 4248 1390 4310 sumunt,
1413 4238 1539 4300 eundem
1555 4239 1698 4302 mundum
1715 4261 1768 4320 per

351 4339 399 4384 ιιι
411 4325 508 4400 idom,
527 4345 564 4386 ac
578 4326 799 4406 reprimendam
817 4328 1020 4387 curiositatem
1073 4346 1128 4387 sex
1150 4345 1295 4387 annorum
1317 4326 1411 4387 millia
1433 4326 1617 4387 duraturum.
1644 4327 1769 4387 Etcum

351 4401 468 4485 latam,
487 4431 527 4474 ne
541 4412 590 4473 vel
605 4413 745 4475 dubitent
760 4412 797 4475 de
812 4412 945 4475 adventu
961 4414 1020 4473 Do·
1073 4412 1141 4473 dies
1153 4412 1355 4494 qnadraginta
1368 4415 1501 4494 quinque
1513 4422 1582 4494 post
1589 4413 1768 4475 Antichristi

351 4489 403 4558 lui
422 4500 582 4579 promisso,
605 4519 695 4579 quem
719 4498 823 4562 vident
844 4502 875 4560 in
897 4501 1020 4579 longum
1071 4508 1197 4561 mortem
1213 4502 1327 4561 futuros
1343 4509 1414 4562 ante
1430 4499 1586 4579 judicium,
1610 4498 1691 4579 apud
1708 4501 1768 4560 Da-

351 4584 450 4660 stahi,
464 4585 516 4648 ael
537 4593 650 4648 certum
661 4595 790 4666 tempus,
802 4608 862 4669 qno
874 4595 1020 4648 uenturus
1072 4587 1180 4648 nielem
1197 4607 1263 4666 cap.
1281 4589 1347 4660 12,
1371 4587 1497 4648 totidem
1513 4606 1609 4649 annos
1624 4588 1767 4665 interpre-

351 4667 566 4750 htxqcirant3
583 4671 709 4735 audient
725 4673 808 4747 illud,
824 4674 1018 4755 quodDomi·
1073 4681 1184 4735 tantur.
1215 4674 1304 4754 Quae
1326 4674 1517 4753 conjecturae
1531 4683 1601 4735 sunt
1615 4673 1769 4734 hominnm

351 4765 392 4812 ΙΙ
406 4760 462 4821 suis
484 4758 644 4838 discipulis
666 4759 704 4822 ds
720 4781 754 4821 eo
770 4770 904 4841 tempore
918 4761 1017 4823 scisci·
1073 4761 1280 4841 superstitiose
1296 4762 1486 4834 curiosorum,
1502 4780 1622 4840 prorsus
1637 4762 1770 4822 incertae

351 4841 454 4909 'liius
482 4845 651 4926 respondit,
690 4848 758 4909 Ast
791 4852 834 4908 1.:
872 4851 946 4910 Non
976 4854 1019 4908 cst
1072 4855 1103 4909 et
1118 4848 1378 4909 alienaeasonsn
1396 4848 1486 4927 hujus
1500 4846 1570 4908 loci.

351 4927 470 5009 mm,
492 4951 585 4996 nosse
605 4940 752 5011 temporo
776 4936 825 4996 ccl
845 4942 1017 5009 momento,
1116 4938 1145 4996 9.
1174 4936 1248 4996 Noa
1271 4935 1381 4994 tardat
1402 4937 1563 4996 Dominus
1582 4937 1769 5013 promissio·

351 5017 408 5073 ¹⁰⁶
428 5022 529 5084 Putas·
557 5023 668 5100 posuit
696 5024 734 5085 ia
766 5040 826 5085 aaa
854 5029 1017 5104 potestate.
1071 5040 1145 5085 aem
1171 5040 1263 5084 soom
1273 5066 1285 5101 ,
1312 5024 1392 5084 acet
1417 5021 1549 5105 paidom
1575 5024 1766 5087 ammoni.
