4442 5825
860 608 1023 663 tristent
1041 607 1128 663 sessi
1144 608 1258 663 Jscost.
1292 609 1376 663 tutte.
1396 610 1436 663 te.
1733 616 1807 684 405

384 786 448 845 tntis
487 782 694 861 Voluntaria,
722 782 856 846 Grseee:
883 775 1059 862 βουληθεὶς,
1155 785 1430 867 Jemquodeddit:
1445 785 1809 864 voluntarie,gretuiteru

380 872 490 945 telem
514 888 569 931 seu
584 872 697 952 potius,
724 875 801 949 quia
817 872 935 945 voluit,
958 872 991 931 id
1007 880 1060 943 est,
1113 871 1250 932 declarat
1274 873 1540 951 justificationem
1578 893 1614 932 eo
1650 872 1676 931 si
1713 871 1809 932 dicet:

375 958 553 1019 emmo·
572 959 680 1031 vertit,
702 957 862 1021 destinato
885 960 1058 1019 voluntate.
1113 955 1205 1019 Nullo
1221 968 1322 1020 nostro
1337 961 1443 1020 merito
1459 967 1657 1038 provocatus,
1681 957 1735 1017 sed
1751 980 1810 1019 om·

371 1044 454 1105 Petet
468 1040 685 1117 Oeeumeuios,
712 1046 891 1126 Apostolum
906 1044 954 1104 bie
969 1063 1060 1123 egere
1112 1044 1182 1106 nino
1209 1048 1304 1123 gretie
1331 1056 1425 1126 etque
1452 1065 1491 1107 ex
1513 1064 1596 1106 mero
1618 1043 1809 1125 benepleoito

371 1128 402 1193 ds
428 1129 578 1191 benslioio
607 1131 785 1208 ereetionis3
814 1141 849 1192 ut
873 1150 979 1191 sensus
1006 1132 1058 1190 sit:
1112 1148 1185 1193 suee
1198 1132 1381 1203 voluntatis,
1405 1152 1458 1192 nos
1474 1133 1533 1194 sibi
1556 1134 1660 1213 geumt
1679 1151 1717 1191 ee
1731 1132 1810 1192 filios

371 1214 438 1281 unu
451 1236 516 1278 uon
531 1234 680 1291 memus,
706 1218 792 1279 Deus
814 1225 921 1299 sponte
934 1237 989 1278 sue
1004 1237 1059 1277 nos
1112 1235 1183 1279 suos
1198 1217 1272 1278 feeit
1287 1239 1340 1300 per
1355 1220 1454 1281 fidem.
1476 1222 1578 1300 Atque
1589 1220 1646 1280 hoo
1658 1227 1702 1278 est
1717 1218 1809 1279 bene·

371 1305 482 1385 gennit,
507 1302 599 1365 idest
620 1306 750 1378 cressit,
776 1306 910 1366 homiues
925 1304 997 1364 iecit
1012 1324 1057 1363 re·
1113 1305 1273 1383 placitum,
1299 1306 1380 1386 quod
1397 1306 1511 1367 Penius
1534 1305 1698 1387 Apostolus
1721 1304 1810 1365 modo

371 1392 446 1453 lone
461 1388 618 1471 preeditos
633 1411 669 1452 eo
692 1410 765 1452 enee
781 1393 907 1452 notitiae
922 1410 1059 1469 espanes,
1112 1394 1314 1471 propositum,
1337 1393 1426 1453 modo
1449 1392 1605 1454 eonsilium
1621 1392 1743 1453 divinae
1756 1412 1809 1453 vo·

371 1476 455 1561 dqne
477 1476 574 1538 verbo
597 1480 755 1553 veritatis,
782 1477 839 1537 hoo
863 1485 909 1537 est
924 1497 977 1557 por
991 1497 1057 1536 ver·
1112 1479 1236 1539 luntetis
1253 1480 1402 1560 appellet,
1429 1489 1462 1540 ut
1476 1481 1553 1560 pr.
1571 1484 1615 1553 1.‚
1631 1479 1716 1539 Rom.
1734 1480 1763 1538 8.
1780 1490 1810 1538 et

371 1582 431 1627 m
446 1563 508 1625 sibi
532 1564 804 1638 consubstantiale,
828 1563 910 1644 quod
930 1571 977 1625 est
991 1565 1060 1642 ipse
1112 1564 1194 1625 elibi.
1230 1565 1298 1625 Non
1314 1569 1407 1648 igitur
1422 1576 1469 1628 est
1483 1586 1606 1629 sensus:
1634 1565 1809 1640 Voluutete,

371 1652 483 1713 ruins
521 1650 571 1711 De
586 1671 645 1731 quo
660 1651 760 1712 Verbo
774 1652 925 1713 Josnnes:
942 1652 1059 1712 Omnia
1111 1673 1171 1712 non
1185 1653 1382 1728 necessitate,
1398 1655 1502 1733 genuit
1516 1673 1587 1728 u0s3
1611 1652 1697 1733 qussi
1713 1654 1809 1713 inteu-

371 1754 418 1803 Μ·
430 1741 540 1815 ipsum
552 1738 642 1814 saeta
658 1746 742 1800 tunt.
765 1738 827 1798 Hie
846 1756 952 1798 sensns
969 1740 1058 1797 etiem
1112 1737 1165 1798 det
1183 1740 1339 1802 discrimen
1360 1744 1436 1802 iuter
1459 1752 1590 1801 nostrem
1612 1748 1644 1800 et
1657 1738 1732 1799 Filii
1747 1738 1809 1800 Dei

371 1824 441 1907 pud
455 1822 658 1887 Atbeussium
681 1834 782 1887 exstet
797 1826 931 1886 oratione
945 1826 974 1884 4.
991 1844 1058 1885 eon·
1113 1826 1258 1887 neturelis
1274 1830 1512 1905 generetionem,
1541 1835 1575 1887 ut
1597 1824 1749 1888 nonnullis
1763 1828 1808 1886 vi·

371 1922 409 1975 ss
421 1912 565 1973 Arianos
1112 1931 1177 1972 sum
1194 1922 1254 1987 est3
1274 1916 1327 1976 sed
1343 1916 1529 1977 volontatem
1544 1915 1660 1974 meritis
1676 1914 1809 1993 opponit,

402 1998 536 2061 severo
551 1997 648 2071 Beda,
676 2000 725 2058 eui
744 2000 854 2060 centeri
879 1998 941 2058 fere
956 2016 1060 2058 omnes
1112 2009 1146 2059 ut
1168 2001 1193 2059 si
1216 1999 1344 2062 diceret:
1371 2001 1484 2062 (lenuit
1511 2021 1580 2075 uos,
1607 2001 1680 2081 quie
1704 1999 1812 2073 voluit,

371 2086 571 2155 mtinnt,
597 2087 724 2165 exponit
744 2086 822 2146 hune
841 2085 938 2146 locum
955 2084 993 2144 de
1008 2084 1057 2144 be·
1111 2107 1173 2148 nou
1188 2088 1261 2165 quie
1277 2108 1332 2149 uos
1348 2088 1431 2167 digni
1448 2107 1580 2164 eremus3
1605 2097 1650 2160 et,
1678 2096 1711 2146 ut
1724 2086 1812 2147 Bede

371 2174 468 2235 dein
478 2173 717 2252 regeneretionis
729 2180 758 2231 et
765 2172 992 2251 justificationis
1007 2191 1058 2230 uo·
1111 2173 1260 2254 loquitur,
1287 2196 1347 2236 non
1370 2176 1479 2235 nostris
1504 2177 1632 2247 meritis,
1658 2173 1711 2233 sed
1737 2192 1812 2234 suse

371 2266 448 2323 he
473 2258 740 2338 Qusesententis,
756 2269 962 2340 praeterquam
978 2256 1058 2337 quod
1112 2260 1256 2321 beneficio
1285 2262 1461 2324 voluntatis.
1499 2261 1545 2320 Ite
1571 2258 1671 2321 Devid
1696 2259 1810 2321 Pselm.

371 2347 459 2427 agis
474 2346 652 2424 Apostoliee
675 2355 737 2420 est,
760 2348 833 2407 setis
852 2349 944 2407 etiem
959 2343 1058 2425 prodi·
1114 2348 1179 2407 17.;
1203 2347 1336 2410 Salvom
1351 2368 1400 2408 ms
1420 2349 1511 2425 feeit,
1539 2349 1692 2424 quoniam
1707 2347 1810 2408 voluit

371 2442 410 2495 tn
429 2432 508 2513 ipsis
529 2433 647 2505 verbis,
673 2433 699 2493 si
722 2452 760 2495 ee
781 2434 972 2494 conterentur
994 2451 1059 2491 oum
1111 2453 1169 2494 me.
1204 2435 1244 2494 Et
1259 2435 1408 2496 Dominus
1429 2434 1511 2514 opud
1531 2432 1610 2495 Osee
1632 2433 1809 2513 prophetem

371 2518 430 2581 tliis
452 2519 628 2599 Scripturse
650 2519 739 2592 loeis,
766 2523 796 2580 in
819 2521 931 2600 quibus
950 2518 988 2578 de
1003 2517 1060 2578 boo
1112 2541 1177 2599 oep.
1196 2521 1244 2580 14.
1262 2518 1357 2600 (quod
1371 2520 1456 2582 Bede
1471 2521 1531 2581 huo
1546 2516 1648 2595 citet):
1667 2521 1810 2597 Diliqsm

371 2605 511 2669 tnefieio
525 2608 633 2686 egitur.
670 2606 715 2666 Ut
730 2615 799 2667 snut
819 2608 878 2667 iste
901 2605 996 2666 lPet.
1015 2609 1058 2664 1.:
1112 2626 1164 2668 eos
1189 2617 1371 2683 spontanee.
1410 2607 1461 2667 Ex
1486 2609 1533 2669 bis
1560 2609 1624 2685 jem
1650 2609 1810 2686 perspicue

371 2692 802 2771 mommmoerseorcttom
810 2710 1059 2768 suommoqnam
1112 2702 1212 2774 petet,
1237 2697 1347 2758 Jeoobi
1370 2696 1549 2756 seutentiam
1571 2694 1628 2754 boo
1649 2692 1715 2753 loeo
1739 2714 1808 2756 esu·

371 2782 565 2857 regeneravit
578 2798 638 2841 nos
652 2783 688 2841 iss
703 2798 790 2856 spem
811 2784 926 2843 virium.
950 2779 992 2839 Et
1007 2780 1059 2838 ite·
1114 2782 1181 2843 dem
1197 2801 1263 2845 esse
1285 2804 1352 2844 oum
1367 2801 1418 2854 eo,
1442 2781 1524 2860 qnod
1539 2780 1654 2841 Penius
1677 2778 1765 2843 dooet
1780 2788 1811 2842 et

371 2884 443 2930 nm:
459 2868 579 2929 Rsoots'
589 2886 658 2930 non
670 2885 709 2929 en
719 2870 838 2930 semisse
846 2866 1058 2944 corruptibili,
1112 2869 1243 2930 inouloet
1256 2872 1287 2932 in
1303 2871 1402 2952 Epist.
1418 2867 1458 2929 ed
1473 2868 1558 2930 Rom.
1572 2875 1603 2929 et
1614 2867 1653 2928 ed
1665 2865 1742 2939 Gal..
1756 2888 1811 2931 uos

371 2956 415 3018 ΙΙ
428 2956 672 3031 tneompttottt
683 2973 744 3031 prs·
761 2957 892 3017 verbum
909 2956 969 3015 Dei
984 2956 1059 3013 vivi.
1111 2958 1206 3036 gretie
1217 2958 1378 3036 justificeri
1396 2955 1560 3036 perfidem.
1582 2958 1639 3028 Eu,
1659 2954 1809 3034 quomodo

371 3039 439 3106 buu
449 3041 543 3104 «Iesu.
557 3042 622 3103 ln:
639 3042 756 3104 Mundi
770 3046 841 3104 retis
848 3049 983 3119 propter
994 3059 1060 3100 err·
1112 3041 1171 3103 sibi
1187 3056 1352 3106 consonent
1367 3045 1399 3104 iu
1414 3042 1550 3105 doctrine
1559 3044 1709 3122 gretuitee
1720 3043 1809 3122 justi-

371 3135 509 3203 meu,
531 3148 623 3206 quem
646 3130 769 3191 loeutus
789 3149 858 3192 sum
874 3129 969 3189 vobis.
992 3128 1059 3188 Aet.
1114 3130 1263 3192 fiestiouis
1279 3130 1464 3213 apostolieae
1482 3130 1582 3190 tubes.

371 3217 431 3282 te:
445 3215 530 3279 stes
543 3217 720 3295 peritteom
733 3217 831 3277 eorde
847 3234 965 3278 eorem.
982 3214 1058 3294 Eph.
1163 3218 1203 3279 Ut
1217 3222 1314 3279 simin
1334 3220 1464 3280 initium
1486 3217 1617 3294 aliquod
1639 3225 1807 3278 orestes-as

371 3307 410 3370 t=
439 3301 608 3366 disnodans
637 3322 707 3364 som
735 3304 867 3366 loooero
893 3321 996 3379 oquae
1025 3304 1061 3362 iss
1114 3306 1188 3377 rjus.
1233 3304 1364 3367 Greeoe:
1407 3305 1447 3364 Ut
1483 3322 1616 3365 essemus
1646 3306 1811 3380 primitiae

371 3389 470 3456 tesbo-
493 3391 535 3451 m
549 3390 631 3470 quod
645 3390 775 3468 biopost
791 3409 888 3471 penos
903 3390 1057 3468 subjungi·
1114 3392 1272 3467 quaedem
1287 3399 1510 3453 ereaturarum
1525 3393 1632 3467 ipsius.
1667 3389 1753 3452 Bede
1767 3398 1810 3451 te·

371 3485 427 3542 hrt
459 3477 617 3554 flnsdpits
642 3479 773 3539 insitum
802 3477 948 3552 verbum,
975 3476 1060 3553 quod
1115 3484 1226 3552 stetur,
1253 3478 1403 3558 quendem
1421 3479 1464 3537 ite
1486 3478 1628 3538 vertisse:
1661 3478 1812 3539 Utdmes

371 3565 608 3644 tantulum
622 3566 891 3627 animusvestros.
1112 3567 1277 3641 primitius
1293 3574 1516 3627 “saturarum
1529 3567 1603 3640 ejice.
1626 3566 1729 3645 Atque
1744 3582 1811 3625 esus

401 3653 456 3716 Ex
470 3650 585 3731 quibus
599 3651 763 3732 Scripturis
786 3661 818 3713 et
832 3649 979 3713 similibus
994 3669 1060 3729 per·
1115 3654 1283 3714 versionem
1320 3673 1374 3714 suo
1410 3652 1622 3712 eommeuterio
1660 3652 1811 3732 explenst

371 3739 415 3802 h
436 3745 539 3820 potest
559 3737 704 3819 intelligi,
728 3736 767 3799 de
789 3759 851 3818 qus
867 3738 1062 3819 generatione
1116 3739 1234 3800 Etenim
1265 3738 1384 3801 Grseoe
1411 3759 1473 3801 vox
1504 3729 1631 3817 ἀπαρχή
1660 3759 1720 3799 non
1749 3745 1811 3798 tem

371 3825 506 3908 beurim
525 3826 561 3886 B.
576 3825 732 3900 Jeeobus;
757 3827 895 3887 nimirum
918 3824 955 3884 de
977 3823 1061 3902 spiri·
1116 3828 1262 3901 initium,
1290 3846 1380 3905 quem
1401 3826 1564 3902 prtrnits‘os
1591 3824 1754 3905 significet,
1779 3820 1813 3883 id

371 3913 454 3988 usti,
477 3930 542 3992 que
561 3914 712 3974 usseimur
735 3912 789 3973 lilii
805 3913 878 3984 Dei,
902 3910 940 3970 de
957 3930 1017 3989 que
1033 3919 1063 3970 et
1117 3921 1163 3973 est
1177 3915 1288 3992 primos
1303 3913 1434 3983 fruetus,
1462 3913 1514 3988 qni
1529 3911 1596 3971 Deo
1612 3910 1811 3971 offerebantur

371 3999 477 4064 tutu
503 3997 602 4061 icor.
624 4002 654 4061 4.
678 3998 797 4060 disens:
824 4001 888 4059 Pes·
911 3999 1061 4072 Eoonqe·
1115 4000 1147 4059 iu
1162 4001 1247 4078 lege3
1275 4010 1304 4060 et
1319 4000 1358 4060 eb
1378 3998 1427 4059 his
1449 3997 1489 4057 ed
1510 3997 1588 4072 elie,
1611 4017 1688 4078 quse
1711 3999 1742 4059 iu
1757 4018 1812 4059 suo

371 4085 444 4150 ium
459 4103 585 4163 egenos
594 4088 711 4163 pressei,⁸
727 4084 1063 4167 pertimdequovsrbo
1116 4105 1228 4165 genere
1258 4087 1354 4167 prime
1383 4093 1452 4146 suut
1481 4093 1512 4145 et
1541 4085 1813 4163 praestantissime,

371 4171 515 4256 bqustnr.
549 4173 619 4234 Nou
639 4174 716 4233 enirn
738 4192 836 4234 sermo
856 4181 902 4233 est
917 4172 954 4232 de
969 4170 1062 4231 verbo
1118 4172 1306 4234 trensiertur.
1351 4172 1451 4252 Quem
1476 4173 1677 4252 metepborem
1708 4172 1813 4245 innuit,

371 4253 510 4333 bueo,
537 4257 620 4340 quod
636 4258 758 4340 quidem
773 4260 842 4321 huie
857 4260 948 4320 etiem
964 4259 1062 4318 sensui
1116 4256 1235 4320 diosus:
1259 4251 1401 4338 ἀπαρχήν
1422 4274 1506 4333 τινα,
1533 4261 1695 4336 primitius
1716 4275 1813 4335 quur

371 4345 524 4421 ffibent,
539 4344 752 4407 seddeverbo
769 4346 904 4407 veritatis
919 4345 1062 4423 Evange-
1117 4346 1210 4421 dom,
1248 4347 1280 4407 id
1313 4355 1358 4407 est
1395 4345 1618 4425 quodammodo
1655 4346 1812 4424 primitius.

371 4423 458 4507 lue,
480 4432 522 4495 de
535 4453 596 4515 qno
610 4432 725 4493 Psulus
743 4434 830 4494 Rom.
850 4434 897 4493 10.
935 4432 1005 4492 Hoc
1020 4439 1064 4492 ost
1117 4431 1256 4495 Ostendit
1270 4434 1364 4512 igitur
1379 4432 1434 4492 beo
1455 4441 1556 4511 perte,
1580 4431 1653 4512 quid
1670 4432 1813 4493 eximium

371 4519 498 4586 utem
525 4520 620 4600 fidei,
649 4521 734 4599 quod
758 4521 1005 4598 proedieomm5
1035 4527 1065 4577 et
1117 4521 1203 4581 uobis
1219 4528 1355 4599 preestet
1365 4521 1519 4598 generatio
1531 4520 1600 4580 Dei.
1623 4520 1747 4579 Poterat
1761 4538 1812 4579 su·

371 4607 616 4688 Pmlepist
630 4610 674 4667 12:
690 4605 1065 4682 Horretoerbssm,quod
1116 4615 1176 4668 tem
1202 4627 1262 4667 uno
1283 4607 1376 4669 verbo
1402 4625 1464 4667 rem
1486 4607 1635 4667 memmae
1657 4605 1813 4683 dignitatis

371 4696 621 4774 metientem
637 4701 681 4755 est
695 4697 731 4755 iss
753 4694 848 4755 vobis.
881 4690 1066 4772 Intelligitur
1118 4697 1303 4773 exprimere,
1331 4692 1471 4754 diceudo:
1498 4691 1662 4753 Generevit
1683 4710 1738 4752 nos
1756 4691 1814 4752 sibi

371 4787 466 4846 litem
480 4781 540 4843 boe
553 4779 681 4842 verbum
692 4780 752 4842 fide
766 4788 952 4860 susceptum.
974 4778 1066 4839 Unde
1117 4780 1208 4856 filioe3
1235 4780 1289 4841 sed
1304 4781 1375 4861 quie
1389 4779 1446 4840 hoe
1462 4780 1559 4840 ineret
1583 4780 1614 4838 iu
1627 4777 1736 4839 serbo:
1759 4797 1813 4851 ps·

371 4865 541 4949 bipinne
554 4867 822 4930 smotifiestieuem
837 4874 971 4928 nostrem
985 4884 1065 4927 nune
1118 4869 1207 4944 restit,
1231 4876 1266 4927 ut·
1287 4886 1325 4928 ex
1341 4887 1376 4928 eo
1391 4864 1533 4926 ieeillime
1555 4874 1660 4943 posset
1673 4866 1813 4947 intelligi,

371 4945 474 5031 lube,
501 4973 582 5017 nune
603 4954 792 5035 Evengelio,
819 4974 899 5016 nune
922 4954 990 5015 fidei
1013 4950 1064 5014 ed·
1119 4953 1204 5015 eliud
1219 4953 1364 5034 quiddam
1386 4951 1497 5031 sdjeoit
1511 4950 1602 5014 velde
1617 4953 1814 5033 praeolerum,

371 5039 845 5125 munitlun-signifieat.
1117 5039 1247 5117 seilicet,
1264 5039 1491 5124 esseprimities
1502 5046 1707 5105 erestursrum
1720 5042 1789 5105 Dei.
