4442 5825
816 577 979 633 nunonis
995 577 1083 631 smrr
1100 577 1212 633 sicone
1246 578 1330 633 usas
1348 579 1372 632 ⁷.
1390 578 1414 631 s.
1724 558 1798 653 'tlt

378 754 520 817 salodieoa
542 754 638 816 luisse
658 754 689 817 in
704 755 804 818 Deum
825 764 875 816 aut
890 754 1051 829 Christum,
1103 754 1272 819 ostenderet
1285 755 1410 837 peceati,
1434 752 1504 815 dum
1519 753 1728 836 blasphemant
1746 753 1800 816 bo-

374 840 498 905 etmulti
522 840 708 923 intelligunt3
731 840 812 924 quod
839 842 916 905 bene
942 842 1053 904 refellit
1102 866 1174 905 num
1190 852 1221 903 et
1237 853 1374 905 sanetum
1390 841 1466 902 illud
1480 861 1602 915 nomen,
1624 841 1707 922 quod
1727 862 1801 923 prae

371 924 439 991 idm
454 928 640 1009 (laignaans.
663 929 734 991 Jam
755 931 835 990 euim
857 930 1051 1005 ostendimus,
1104 930 1243 994 omnibus
1266 929 1405 991 honorari
1428 927 1530 990 debuit
1554 938 1583 988 et
1608 928 1800 1005 sanctificari,

371 1012 548 1079 h'hristisnoa
560 1014 662 1090 inisse,
679 1014 717 1076 de
732 1017 841 1097 quihus
856 1017 932 1077 haee
947 1016 1049 1077 dieun-
1098 1019 1190 1098 juxta
1205 1017 1245 1088 id,
1261 1016 1342 1097 qnod
1355 1016 1448 1095 primo
1465 1014 1531 1076 loeo
1547 1017 1673 1097 petimus
1689 1017 1719 1076 in
1734 1036 1800 1077 ora·

371 1110 416 1165 lar.
435 1101 496 1164 ssd
519 1102 738 1180 blasphemant
744 1148 755 1178 ,
779 1105 892 1183 inquit,
915 1104 973 1164 hoo
997 1112 1050 1176 est,
1102 1107 1186 1166 tione
1216 1105 1395 1164 Dominica:
1432 1102 1654 1180 &notificetur
1683 1121 1801 1165 nomeu

371 1186 561 1273 lhphemari
586 1191 702 1250 laeiunt
726 1189 815 1251 mulis
845 1199 876 1251 st
904 1189 1048 1270 improbis
1103 1201 1203 1253 tuum.
1233 1192 1315 1270 Ergo
1340 1186 1422 1271 qnod
1443 1189 1491 1250 hie
1506 1188 1630 1251 dieitur:
1654 1190 1799 1268 blasphe-

371 1276 419 1337 mia
432 1276 576 1351 moribus,
591 1286 622 1337 et
635 1296 672 1337 eo
687 1279 823 1349 maxime,
849 1276 929 1357 qnod
945 1277 1051 1337 fratres
1103 1287 1204 1353 munt,
1227 1277 1259 1337 id
1276 1286 1332 1349 est,
1356 1273 1485 1337 reddunt
1508 1277 1655 1347 odiosum,
1675 1276 1800 1350 faeiuut,

371 1382 426 1425 sos
445 1382 610 1445 pauperos,
636 1363 722 1424 nulla
747 1364 949 1425 misericordia
969 1363 1050 1436 moti,
1103 1376 1138 1425 nt
1148 1364 1226 1425 male
1237 1363 1350 1437 audiat,
1364 1382 1424 1443 quo
1436 1364 1526 1424 modo
1539 1374 1568 1424 et
1580 1362 1657 1423 illud
1669 1365 1704 1424 B.
1717 1362 1802 1424 Petri

371 1448 581 1513 idleihunalia
602 1450 764 1512 traherent
789 1450 954 1530 Quaeres,
978 1452 1051 1530 qnia
1104 1452 1241 1532 2Epist
1263 1471 1329 1531 esp.
1359 1454 1387 1511 2.
1411 1449 1617 1529 accipiendum
1646 1460 1706 1512 est:
1738 1452 1801 1512 Per

371 1536 436 1621 rpnd
446 1536 566 1616 judiees
586 1536 723 1598 ethninos
737 1545 769 1598 et
784 1537 923 1598 infideles
939 1537 1049 1615 ageba·
1103 1558 1183 1617 quos
1199 1541 1251 1599 uia
1268 1539 1410 1598 ueritatis
1425 1537 1702 1615 blasphemabitur.

371 1642 412 1699 ar,
434 1646 496 1685 nou
511 1644 616 1704 parum
639 1622 828 1685 deformabat
842 1644 949 1685 nomen
966 1623 1048 1685 Chri·
1149 1626 1366 1705 Argumentum
1390 1632 1487 1684 autem
1508 1625 1599 1705 hujus
1620 1625 1716 1705 partis
1739 1623 1802 1685 tale

371 1710 495 1773 llaaum.
533 1710 581 1771 ltu
597 1710 713 1771 Paulus
735 1712 819 1772 Rom.
836 1713 875 1785 2,
898 1711 1051 1772 Judaeum
1103 1722 1163 1773 eat:
1189 1711 1305 1772 Diuites
1322 1712 1381 1771 Dei
1396 1731 1505 1772 nomen
1521 1712 1722 1789 exhonorant,
1746 1711 1799 1792 igi·

371 1796 531 1881 linquens,
560 1798 616 1858 ait:
654 1798 718 1858 Per
740 1801 1051 1875 praevaricationem
1103 1808 1153 1860 tur
1168 1798 1283 1877 indigni
1298 1806 1376 1871 sunt,
1401 1800 1452 1877 qni
1468 1818 1486 1857 a
1501 1800 1588 1859 vobis
1608 1798 1800 1860 honorentur.

371 1884 430 1963 'qis
457 1886 563 1946 Deum
594 1884 776 1946 inhonoras.
814 1886 938 1947 Nomen
965 1889 1049 1946 euim
1102 1883 1185 1946 Illud
1208 1884 1375 1958 sciendum,
1400 1884 1436 1944 de
1460 1884 1602 1947 divitibus
1625 1884 1801 1947 Christianis

371 1970 417 2035 oet
435 1990 497 2050 pes·
510 1990 567 2032 eoa
587 1972 823 2049 blasphematur
837 1975 922 2033 iuter
936 1978 1051 2049 pentes.
1103 1994 1162 2033 nou
1184 1980 1247 2032 teto
1270 1990 1378 2052 genere
1403 1972 1486 2052 loqui
1509 1972 1709 2053 Apostolum
1732 1979 1801 2032 sunt

371 2058 446 2121 uns
460 2056 594 2120 ludaeis
609 2057 760 2120 Ezechiel.
784 2079 849 2138 eap.
866 2060 934 2120 36.:
962 2062 1052 2120 luter
1103 2063 1183 2121 enim
1200 2062 1277 2119 iuter
1289 2059 1473 2119 Christianos
1488 2059 1612 2141 quidam
1628 2060 1717 2141 hujus
1733 2078 1803 2119 sae-¹

371 2145 1051 2223 nimpolluerssutuomeasonctummeum,
1103 2147 1162 2208 nuli
1193 2145 1316 2220 divites,
1347 2145 1519 2209 obedientes
1544 2148 1683 2228 Apostoli
1710 2145 1799 2206 Pauli

371 2248 425 2307 μη
438 2233 601 2293 diceretur·
623 2233 661 2293 de
677 2236 737 2294 eia:
758 2234 904 2310 Populus
919 2235 1052 2294 Domini
1103 2241 1279 2316 praesepto:
1304 2234 1376 2293 Non
1398 2233 1529 2293 sublime
1551 2253 1674 2311 supera,
1697 2251 1800 2310 neque

371 2318 412 2383 Ιο
425 2326 481 2395 ert,
497 2328 528 2380 et
542 2319 580 2380 de
596 2328 682 2380 terra
698 2325 765 2396 ejus
779 2324 892 2397 egressi
907 2327 989 2382 arsut.
1103 2339 1232 2398 sperare
1257 2324 1293 2380 in
1319 2323 1440 2381 incerto
1461 2320 1647 2382 diviliarum
1656 2365 1668 2396 ,
1691 2320 1745 2381 aed
1763 2322 1800 2379 irs

371 2406 446 2469 'Ex
469 2405 769 2488 quihusProphetae
793 2409 896 2468 verbis
919 2408 1053 2489 aperitur
1104 2411 1172 2470 Deo
1196 2410 1269 2468 nivo
1292 2414 1362 2479 ete,
1392 2411 1406 2466 1
1433 2407 1512 2467 'l'im.
1536 2412 1564 2470 6.
1598 2406 1658 2469 Sed
1680 2407 1800 2479 divites,

371 2494 526 2557 itellectua
549 2494 614 2573 ejus
634 2497 734 2569 etiam,
757 2493 839 2574 quod
861 2495 912 2556 hie
928 2496 1052 2556 dieitur:
1104 2495 1212 2578 quales
1228 2493 1367 2573 permulti
1385 2504 1463 2566 sunt,
1479 2492 1624 2576 depingit.

371 2580 485 2645 dmum
513 2598 650 2657 nomeu,
682 2582 768 2659 quod
796 2586 982 2643 invocatum
1009 2587 1053 2640 eat
1149 2585 1177 2644 8.
1201 2582 1235 2642 Si
1251 2589 1359 2640 tumen
1375 2581 1472 2656 lepem
1492 2583 1647 2659 perieritis
1661 2581 1800 2657 reputem

371 2684 451 2749 uper
467 2686 535 2742 nor,
557 2666 590 2728 id
604 2677 658 2742 eat,
681 2688 790 2728 nomen
803 2669 926 2729 Domini
942 2668 1053 2739 Deis
1104 2667 1277 2730 seeundum
1304 2668 1502 2743 Scripturas.-
1540 2671 1661 2746 Dilipes
1684 2669 1800 2745 proxi·

371 2772 416 2839 pao
439 2774 498 2815 vos
524 2755 718 2835 appellamini
745 2756 876 2836 populns
898 2757 972 2830 Dei,
998 2773 1052 2814 seu
1104 2775 1192 2816 mum
1208 2762 1299 2814 tuum
1315 2758 1396 2815 sieut
1411 2762 1440 2815 te
1456 2757 1557 2832 ipsum
1565 2778 1577 2834 ,-
1594 2756 1670 2816 hrue
1683 2757 1800 2834 [uritis.

371 2841 485 2926 lopulm
512 2841 653 2918 Domini,
683 2840 749 2916 vel,
778 2841 940 2903 seeundum
968 2840 1053 2913 alios,
1105 2844 1173 2904 Hae
1189 2850 1273 2923 parte
1285 2841 1349 2921 jem
1364 2861 1395 2903 se
1411 2843 1507 2924 ipsum
1524 2842 1656 2904 dselsrat
1671 2846 1799 2924 Aposto-

371 2933 462 2992 ’που
475 2927 600 3004 Christi,
613 2949 704 3010 aquo
719 2932 866 2991 vocamini
883 2928 1053 2990 Christiani.
1105 2932 1162 3004 lna,
1187 2948 1223 2989 ae
1245 2929 1339 3003 doeet,
1365 2951 1426 2990 non
1449 2933 1567 2991 omnino
1591 2951 1624 2991 se
1647 2930 1800 3000 damnare,

371 3015 432 3078 lam
461 3016 607 3077 Hebraea
636 3016 754 3095 phrasi,
784 3037 891 3078 nonren
924 3016 1051 3094 alicujus
1105 3019 1131 3078 si
1157 3018 1225 3098 quis
1252 3015 1373 3077 divitem
1400 3035 1472 3096 prae
1499 3037 1632 3099 paupere
1658 3018 1800 3092 hunor·et;

371 3103 592 3186 spataliquem
604 3105 746 3175 invocari,
759 3112 812 3177 est,
827 3103 908 3164 hune
920 3104 957 3162 ab
970 3103 1052 3162 illins
1104 3123 1195 3184 posse
1218 3104 1298 3163 enim
1320 3103 1350 3163 id
1375 3102 1441 3163 fieri
1464 3105 1549 3165 salvs
1569 3107 1635 3184 lego
1657 3105 1800 3176 caritatis,

371 3193 474 3254 mine
489 3191 670 3271 nuncupari,
692 3191 719 3250 si
736 3192 913 3271 praesertim
931 3189 1051 3249 honoris
1104 3193 1130 3251 si
1152 3193 1292 3249 nimirum
1316 3189 1347 3250 id
1368 3191 1459 3250 faeiat
1482 3193 1551 3272 quis
1575 3191 1691 3252 honesti
1714 3190 1801 3252 officii

371 3278 558 3360 minatio
582 3278 631 3346 sit,
654 3286 689 3337 ut
710 3278 741 3338 in
767 3278 841 3338 loeis
868 3276 1051 3354 subjunctis:
1105 3296 1204 3348 eausa,
1221 3273 1302 3355 quod
1318 3278 1620 3356 pertinereridestur
1635 3277 1673 3338 ad
1689 3276 1800 3337 bonnm

371 3361 469 3428 luem
488 3367 555 3426 14.:
580 3365 705 3426 Nomen
727 3364 844 3425 honum
868 3367 1051 3424 invocatum
1105 3383 1274 3439 commune;
1291 3383 1350 3423 non
1366 3371 1469 3425 asrtem
1480 3364 1548 3425 ideo
1565 3366 1712 3446 praecise,
1728 3383 1799 3444 qno·

371 3457 400 3516 U
417 3469 519 3530 sospes
537 3468 606 3526 nos,
634 3449 665 3510 id
687 3460 747 3524 est,
774 3452 903 3531 populus
929 3449 1052 3510 Domini
1105 3453 1186 3512 niem
1202 3449 1251 3511 hie
1265 3450 1349 3510 diues
1365 3453 1413 3524 sit,
1433 3451 1485 3511 ille
1499 3471 1623 3532 pauper.
1653 3449 1800 3512 Nonnulli

371 3543 518 3616 *samum
555 3538 672 3598 Eeeles.
696 3539 763 3601 lb:
792 3537 939 3599 Miserere
965 3536 1053 3614 plebi
1105 3538 1226 3599 codices
1246 3536 1367 3615 lugunt:
1393 3539 1564 3601 seeundum
1587 3540 1799 3616 scripturam,

371 3637 441 3702 hae,
455 3643 554 3702 super
569 3643 665 3702 quam
677 3627 860 3685 invocatum
877 3631 921 3685 est
936 3642 1051 3684 nomeu
1105 3644 1230 3685 numero
1247 3624 1401 3704 singulari,
1417 3636 1450 3686 nt
1466 3626 1496 3686 in
1513 3624 1630 3687 Graeco
1648 3637 1692 3685 est
1704 3633 1733 3685 et
1744 3623 1798 3702 Sy-

371 3719 459 3790 m,
472 3711 505 3772 id
518 3721 572 3784 est,
585 3730 666 3792 qnae
678 3721 804 3773 vocatur
815 3711 901 3790 plebs
913 3711 1051 3787 Domini;
1105 3712 1196 3772 riuos.
1220 3711 1329 3772 Exstat
1352 3714 1430 3773 enim
1454 3713 1510 3773 hoe
1525 3722 1722 3794 praeseptum
1740 3729 1799 3771 nno

371 3799 467 3882 ὡς.
479 3801 520 3873 8.,
535 3809 641 3859 orante
654 3797 833 3859 Salomone:
848 3800 891 3860 Et
904 3797 1051 3874 probent,
1104 3807 1219 3858 tanturm
1234 3797 1299 3858 loeo
1316 3800 1426 3859 ueteris
1441 3801 1638 3873 instrumenti,
1653 3799 1728 3859 Les.
1747 3800 1796 3860 19.

446 3904 568 3950 nomen
581 3892 674 3947 tuum
696 3887 880 3946 invocatum
901 3893 1053 3962 estsuper
1104 3886 1259 3965 Repetitur
1281 3894 1384 3946 autem
1401 3907 1419 3945 a
1435 3885 1554 3946 Christo
1575 3888 1605 3945 in
1621 3885 1798 3965 Evangelio,

502 3975 596 4048 huus,
619 3971 719 4045 idest,
741 3974 928 4053 experientia
942 3971 1053 4032 heneti·
1106 3982 1138 4032 et
1154 3993 1172 4031 a
1188 3973 1284 4033 Paulo
1307 3973 1392 4034 Rom.
1411 3977 1459 4035 13.
1482 3973 1575 4051 Cans
1597 3974 1628 4034 in
1647 3972 1704 4033 loci
1719 3992 1797 4033 eorn-

371 4055 470 4124 ΒΜ
482 4059 607 4134 dheaut,
619 4058 677 4119 hoo
686 4078 753 4120 esse
762 4061 905 4140 templum
915 4059 1054 4134 Domini,
1105 4060 1251 4120 mentatio
1278 4080 1332 4120 nos
1355 4079 1476 4120 sensum
1499 4062 1566 4138 ojus
1582 4060 1735 4139 praecepti
1751 4079 1801 4119 ex-

371 4141 433 4210 in
448 4148 520 4223 ss,
544 4147 665 4208 dieente
684 4145 783 4206 Jacob
805 4146 841 4206 ds
860 4146 1002 4226 Ephraim
1027 4155 1055 4206 et
1108 4146 1271 4226 posuimus.
1303 4147 1380 4206 Eam
1407 4155 1497 4207 vocat
1519 4147 1683 4227 Apostolus
1706 4148 1801 4222 legem

371 4231 516 4296 hasam
547 4234 720 4295 Iuooeetur
741 4251 836 4309 nepes
862 4252 912 4293 eoa
938 4251 1054 4294 nomeu
1108 4234 1257 4309 regalem,
1274 4233 1323 4292 sel
1338 4232 1418 4312 qnod
1430 4234 1641 4294 observatores
1656 4254 1727 4294 snos
1744 4233 1803 4312 spi-

371 4327 474 4396 m,
490 4319 522 4381 id
537 4329 592 4394 est,
607 4329 753 4379 vocentur
767 4318 823 4379 filii
838 4321 914 4395 mei3
930 4320 996 4380 des.
1009 4323 1054 4381 4.;
1110 4320 1259 4379 ritualiter
1279 4338 1366 4399 reges
1387 4318 1489 4395 locist,
1513 4319 1543 4379 id
1566 4331 1613 4381 est
1628 4321 1688 4381 Dei
1708 4319 1803 4394 filios,

371 4405 605 4472 mummolo
629 4410 796 4467 invocetur
823 4425 941 4468 nomen
966 4413 1056 4467 tuum
1109 4406 1159 4465 vol
1182 4406 1260 4485 quod
1284 4406 1335 4466 lex
1360 4408 1426 4487 ipsa
1447 4409 1487 4469 sit
1508 4409 1558 4467 via
1579 4409 1673 4488 regia,
1699 4405 1803 4478 idest,

371 4493 458 4576 bys?
469 4512 541 4570 nos,
563 4494 594 4555 id
618 4500 675 4568 est,
691 4492 828 4553 dicamur
843 4512 954 4553 uxores
969 4504 1056 4569 tnae3
1109 4491 1200 4573 plana
1217 4500 1248 4552 et
1262 4494 1440 4573 aequabilis,
1463 4502 1495 4554 et
1514 4514 1594 4574 qnae
1614 4503 1698 4554 reeta
1712 4492 1805 4552 ducat

371 4579 584 4644 maletum.
599 4582 666 4643 lh:
682 4581 871 4641 invocatum
885 4587 1058 4640 eatuomeu
1110 4577 1149 4639 ad
1175 4598 1299 4658 regnum
1323 4579 1488 4656 coelorum
1519 4580 1567 4638 vel
1591 4582 1663 4660 qnia
1684 4579 1734 4639 lex
1758 4586 1805 4638 ost

371 4669 449 4734 hu
471 4685 570 4745 uper
594 4687 659 4742 ure,
688 4664 719 4726 id
746 4678 806 4741 est,
829 4666 984 4747 Propheta
1005 4673 1058 4725 ant
1110 4666 1252 4737 cantetis,
1276 4685 1355 4746 quae
1377 4668 1521 4727 virtutum
1546 4668 1676 4726 omnium
1700 4666 1805 4742 regina

371 4767 464 4818 m
477 4763 551 4816 tuus
566 4752 711 4834 appellor.
1110 4762 1174 4830 est3
1197 4751 1247 4812 vel
1263 4755 1338 4832 qnia
1354 4752 1449 4814 sto
1466 4752 1609 4833 prolecta,
1625 4754 1676 4833 qui
1691 4761 1737 4813 est
1750 4770 1813 4833 rex¹

399 4839 501 4904 Porro
526 4840 667 4903 Jaeobus
695 4860 757 4902 uon
782 4839 958 4919 simpliciter
980 4838 1059 4900 dixit
1110 4859 1233 4920 regnm3
1256 4839 1306 4900 vel
1322 4839 1463 4920 denique,
1482 4843 1556 4920 qnia
1572 4840 1705 4899 oaritatis
1721 4857 1805 4919 praa·

371 4929 490 5004 lumem
512 4927 569 4990 sed
591 4927 709 4990 bonum
732 4945 861 5003 nomeu,
888 4928 965 4987 siout
987 4925 1058 4986 Eae·
1111 4935 1229 5006 ceptum
1257 4945 1460 4987 summumne
1485 4927 1679 5007 praecipuum
1706 4925 1806 4986 estin

371 5013 457 5080 fiale
483 5023 630 5079 anetum
657 5033 796 5092 nomen,
823 5021 857 5074 ut
881 5015 1059 5092 gravitatem
1111 5013 1195 5095 lege,
1225 5015 1265 5074 ad
1298 5013 1380 5093 qnod
1405 5021 1523 5076 uetera
1548 5014 1610 5075 sint
1639 5010 1806 5088 reserenda,

408 5115 479 5160 ull.
490 5113 562 5158 latit
573 5115 649 5156 usn.
661 5115 718 5155 ῐσι.
730 5112 765 5154 m
1558 5117 1599 5178 Ἡ
