4442 5825
807 601 970 657 murenas
987 603 1004 656 l.
1022 601 1261 658 enimtoleum.
1278 603 1363 658 Vm.
1382 605 1406 659 8.
1728 611 1799 679 763

359 799 418 861 pue
434 799 539 841 omnes
555 782 740 860 expositores
755 782 907 860 accipiunt
917 779 957 853 id,
973 779 1055 859 quod
1103 789 1149 842 est
1162 779 1354 841 declaratum.
1379 782 1420 843 llt
1431 790 1521 856 certe,
1533 781 1696 843 Dominum
1707 782 1801 842 inisse

359 866 406 927 bic
422 863 560 943 dicitur),
582 867 640 928 bac
663 869 781 929 ratione
803 867 948 946 probant,
975 865 1056 947 quod
1104 887 1208 928 verum
1235 868 1399 939 hominem,
1428 871 1605 930 monstravit
1632 871 1726 930 omnis
1750 868 1801 928 ille

359 973 394 1015 sx
414 953 475 1014 illis
492 961 622 1026 constet,
639 974 744 1015 verum
761 974 796 1014 sc
810 975 871 1014 non
887 954 1054 1032 phantasti·
1104 955 1242 1033 sangnis,
1265 975 1354 1036 quern
1370 963 1433 1014 tota
1456 957 1598 1036 passione
1614 976 1670 1015 suu
1685 955 1799 1015 effudit.

359 1060 425 1100 cum
439 1041 507 1119 'ejus
525 1059 631 1121 corpus
653 1041 764 1116 inisse;
790 1060 846 1101 nec
869 1040 1054 1102 solummodo
1105 1039 1214 1101 Verum
1231 1042 1379 1102 bominem
1390 1042 1500 1113 inisse,
1517 1043 1694 1102 monstravit
1709 1045 1800 1102 etiam

359 1146 479 1200 rerum,
503 1127 555 1186 sed
571 1129 659 1188 etism
674 1128 837 1188 humanum
859 1146 982 1205 cerpus,
1010 1137 1053 1187 ut·
1103 1146 1181 1208 aqua
1197 1127 1264 1202 illa,
1291 1148 1353 1208 qua
1368 1150 1387 1187 a
1401 1127 1538 1200 Joanno,
1561 1137 1596 1188 nt
1610 1148 1688 1190 unus
1710 1128 1799 1187 bomi-

359 1223 429 1295 pote
445 1212 528 1294 qnod
543 1216 660 1275 animae
672 1215 813 1276 rationali
826 1216 894 1293 ejus
907 1213 1005 1276 iuerat
1019 1234 1055 1275 eo
1103 1233 1189 1287 num,
1211 1215 1384 1295 baptisatus
1399 1224 1452 1275 est.
1491 1216 1658 1294 Lacrymae
1673 1234 1799 1297 quoquc,

359 1319 457 1382 usque
472 1301 677 1379 conjunctum,
700 1300 836 1362 ethome
856 1309 949 1373 esset,
972 1309 1000 1360 et
1016 1320 1055 1362 ex
1104 1319 1180 1380 quas
1197 1309 1260 1362 tota
1274 1303 1337 1361 vita
1353 1302 1439 1375 fudit,
1455 1321 1559 1362 serum
1571 1301 1721 1362 hominem
1734 1320 1801 1362 esse

359 1406 419 1468 puo
446 1390 572 1464 sanguis
598 1407 702 1463 verus,
729 1395 763 1447 ut
788 1408 827 1449 cx
854 1406 944 1448 carne
969 1388 1054 1460 solet,
1103 1386 1360 1463 demonstrarunt3
1389 1408 1465 1468 quas
1488 1389 1536 1448 hic
1558 1389 1613 1449 sub
1636 1407 1734 1467 aquae
1748 1408 1800 1447 no·

359 1475 535 1534 manaverit.
558 1474 721 1554 Legendus
737 1473 776 1534 de
791 1475 848 1535 hac
863 1494 895 1534 re
909 1475 1053 1535 Innoceu·
1104 1475 1181 1533 mine
1204 1475 1434 1553 comprehendi,
1459 1475 1599 1555 intelligit
1614 1474 1801 1537 Commenta·

359 1563 418 1622 tius
433 1560 496 1620 III.
511 1562 543 1621 in
558 1564 719 1642 rescripto,
741 1561 820 1641 quod
836 1570 934 1622 exstat
949 1563 979 1621 in
996 1563 1052 1622 De·
1104 1568 1151 1620 tor
1177 1561 1207 1621 S.
1231 1561 1366 1622 Thomae
1390 1562 1564 1641 praeferens
1590 1581 1706 1622 nomen.
1740 1559 1800 1622 Sed

359 1648 460 1710 trctal.
479 1647 542 1708 Tit.
566 1651 614 1709 Dc
632 1649 775 1709 celebrat.
798 1652 880 1709 mise.
904 1667 987 1728 csp..·
1013 1649 1054 1709 Iu
1104 1646 1276 1726 responderi
1292 1657 1404 1727 potest,
1420 1651 1499 1730 quod
1516 1650 1640 1727 sanguis
1656 1647 1724 1721 ille,
1747 1649 1800 1727 qni

359 1736 519 1813 madum,
547 1733 598 1795 nbi
620 1755 748 1816 operose
772 1734 918 1808 ostendit,
949 1754 1054 1795 verum
1105 1753 1142 1793 ex
1159 1732 1251 1795 latere
1265 1736 1388 1795 Domini
1406 1737 1471 1814 jum
1498 1735 1629 1796 defuncti
1650 1735 1800 1812 profluxit,

359 1823 537 1902 ranguiuem
553 1830 582 1881 et
605 1842 705 1883 reram
728 1842 838 1902 aquam
861 1822 910 1883 bic
926 1840 993 1882 esse
1012 1823 1054 1881 iu·
1104 1822 1317 1898 significaverit
1336 1816 1479 1897 (omnium
1504 1818 1665 1898 consensu)
1681 1823 1799 1882 uuiver-

359 1906 700 1987 :elligeuda,nouvero
717 1910 1054 1987 nominesquacpitui·
1105 1927 1171 1966 sum
1198 1907 1282 1967 illum
1313 1910 1506 1988 sauguinem,
1533 1929 1623 1987 quem
1649 1919 1713 1969 tota
1739 1909 1801 1968 vita

359 2015 418 2056 arn
436 2013 490 2054 sen
513 1995 668 2074 phlegma,
691 2017 783 2057 unum
807 2016 845 2056 ex
860 2002 987 2076 quatuor
1003 1995 1055 2055 bu·
1105 2014 1158 2073 pro
1175 1995 1261 2055 nobis
1275 1995 1367 2066 fudit,
1385 1996 1512 2075 ejusque
1529 1996 1703 2070 efficaciam,
1726 1996 1802 2055 sicut

359 2082 510 2154 neribus,
537 2083 590 2161 qui
605 2081 641 2142 ad
659 2083 907 2143 sustentationem
924 2093 953 2141 et
968 2102 1055 2161 vege·
1104 2101 1193 2161 aqua,
1209 2102 1246 2142 ex
1259 2081 1354 2143 latere
1366 2101 1490 2143 manans
1502 2083 1648 2154 crucifixi,
1659 2081 1803 2160 baptismi

359 2169 974 2248 ationembumanicorporisconcnrrunt.
996 2167 1056 2229 Sed
1104 2179 1322 2229 sacramentum
1354 2169 1559 2247 significabat3
1598 2171 1713 2230 etiamsi
1742 2170 1803 2229 ista

360 2254 489 2336 egends
516 2265 561 2315 est
584 2255 657 2316 haec
678 2256 836 2318 decretalis
863 2264 941 2328 tota,
968 2264 1058 2334 prout
1105 2255 1161 2315 hoc
1176 2277 1204 2315 v.
1220 2259 1247 2315 8.
1261 2254 1315 2316 snb
1339 2255 1508 2315 nominibus
1524 2275 1621 2336 aquae
1635 2265 1667 2316 et
1682 2257 1801 2334 sangui-

359 2351 463 2406 exstat
489 2343 629 2422 suppleta
656 2346 687 2405 in
709 2344 838 2404 editione
861 2341 1054 2420 Gregorians.
1104 2343 1150 2401 nis
1165 2363 1225 2402 nou
1241 2341 1536 2421 comprehendantur.

397 2428 487 2490 Vidit
514 2428 590 2489 banc
614 2429 783 2492 Innocentii
811 2428 998 2488 Decretalum
1021 2429 1055 2489 B.
1148 2428 1293 2508 Superest
1322 2429 1438 2489 solvere
1469 2429 1681 2507 obJectionem,
1712 2447 1801 2505 quam

359 2516 511 2587 Phomas,
537 2515 686 2594 legendus
715 2523 742 2580 3.
766 2538 793 2597 p.
819 2537 846 2595 q.
871 2517 919 2576 74.
945 2526 999 2574 art.
1028 2519 1055 2575 7.
1104 2516 1249 2576 adversus
1264 2515 1355 2593 hujus
1377 2517 1484 2592 capitis
1506 2534 1627 2576 versum
1644 2515 1671 2573 7.
1687 2512 1803 2574 faciunt

359 2602 392 2664 td
411 2605 441 2663 2.
460 2610 490 2662 et
505 2602 534 2661 3.
563 2602 711 2664 Nimirum
728 2602 766 2664 ad
782 2601 1054 2673 demonstrandum,
1104 2603 1197 2661 nostri
1226 2603 1367 2681 temporis
1397 2603 1502 2662 Ariani
1527 2612 1558 2662 et
1578 2599 1802 2674 Macedoniani,

359 2689 438 2772 pund
464 2708 572 2768 corpus
594 2691 717 2751 Domini
738 2690 836 2749 inerat
857 2690 1054 2766 compositum
1104 2698 1247 2767 negantes
1263 2690 1375 2749 sedicet
1397 2708 1501 2748 veram
1525 2687 1712 2749 divinitatem
1732 2686 1802 2747 Filii

359 2798 390 2840 tx
409 2784 542 2850 quatuor
565 2775 734 2849 elementis,
761 2776 847 2836 fluxit
870 2795 942 2836 vera
956 2796 1053 2854 sq11a3
1105 2785 1135 2835 et
1151 2775 1404 2854 Spiritus-sancti.
1428 2773 1582 2854 Objiciunt
1596 2794 1684 2853 ergo,
1706 2782 1801 2835 totum

359 2864 390 2925 rd
410 2862 676 2925 demonstrandum
688 2885 767 2937 vero,
783 2863 861 2945 quod
876 2883 913 2925 ex
929 2873 1056 2944 quatuor
1104 2882 1133 2922 v.
1152 2864 1179 2921 7.
1202 2863 1232 2923 in
1256 2862 1379 2925 Graecis
1402 2861 1558 2923 codicibus
1583 2882 1642 2922 non
1668 2861 1744 2941 legi,
1770 2871 1803 2922 ut

359 2953 417 3013 llis
433 2950 625 3022 humoribus,
643 2951 883 3031 sanguisfluxit3
900 2950 1056 3011 sicutillic
1105 2970 1204 3029 neque
1226 2952 1258 3010 in
1281 2952 1460 3032 quibusdam
1489 2949 1645 3010 veteribus
1669 2948 1802 3027 Latinis3

359 3040 555 3102 nnocentins
571 3039 661 3099 latius
678 3039 817 3100 declarat.
840 3038 967 3098 Praeter
982 3057 1055 3098 veno
1106 3047 1136 3096 et
1159 3056 1177 3095 a
1198 3038 1351 3097 veteribus
1372 3036 1566 3116 scriptoribus
1589 3056 1648 3096 non
1667 3039 1802 3115 agnosci.

359 3148 450 3197 sanc,
476 3124 591 3202 deque
608 3127 655 3186 bic
672 3127 785 3204 agitur,
808 3124 1054 3196 testificationem,
1105 3124 1333 3201 Itaqneveram
1357 3124 1449 3219 hujus
1470 3124 1528 3183 loci
1547 3123 1702 3185 lectionem
1719 3124 1801 3183 omit·

359 3215 444 3291 mjns
468 3213 565 3292 gratia
581 3214 727 3273 Dominus
752 3231 843 3270 osuo
860 3213 924 3291 jam
948 3213 1055 3271 mortui
1106 3220 1169 3270 tere
1184 3216 1385 3285 totumv7
1403 3196 1440 3272 et
1463 3212 1504 3269 ιιι
1518 3210 1632 3272 nullum
1648 3210 1718 3271 bruc
1733 3211 1801 3271 decr

358 3311 469 3370 atero,
492 3298 613 3360 militari
635 3300 741 3361 lancea
764 3299 919 3376 perfosso,
951 3299 1056 3358 eduxit
1106 3316 1195 3376 posse
1210 3308 1418 3376 argumentum
1435 3301 1589 3379 pretrinm
1606 3316 1802 3377 personarum

359 3388 537 3466 unguinern
569 3394 599 3446 et
628 3406 749 3467 aquam,
784 3388 871 3445 etiarn
910 3386 1056 3465 mysticae
1105 3404 1165 3444 una
1181 3383 1285 3444 diviua
1308 3394 1423 3445 natura.
1460 3385 1645 3463 Responsio:
1672 3386 1801 3444 Antece-

360 3474 589 3557 ignificationis
619 3474 716 3552 gratia
750 3474 846 3532 hoc
838 3491 936 3552 ipsum
967 3469 1056 3544 iecit3
1106 3470 1182 3531 dens
1206 3471 1336 3551 quadem
1358 3471 1504 3533 duntaxat
1526 3490 1563 3532 ex
1590 3479 1675 3551 parte
1697 3490 1802 3531 verum

359 3583 447 3645 [uam
464 3563 621 3641 mysticam
644 3561 761 3638 signicfi
762 3561 891 3619 ationem
908 3559 1055 3638 exposito·
1106 3557 1375 3638 est·1deoquenon
1384 3560 1699 3633 valetconseuneutra
1715 3558 1804 3629 Nam,

359 3669 399 3713 es
418 3647 581 3726 Evangelii
599 3648 633 3706 Β.
651 3647 779 3708 Joanuis
795 3646 892 3707 solent
908 3664 1055 3720 enarrare,
1107 3652 1141 3704 ut
1156 3645 1194 3704 ad
1210 3647 1345 3725 singulas
1357 3648 1444 3705 trium
1458 3643 1663 3705 antecedentis
1675 3646 1802 3725 partium

359 3756 446 3800 marn
479 3734 652 3796 alteramve.
689 3733 723 3793 Id
755 3734 836 3814 quod
866 3733 999 3794 breviter
1025 3741 1056 3793 ct
1106 3731 1222 3810 aliquid
1250 3733 1398 3805 dicamus,
1434 3732 1583 3792 &bertus
1609 3751 1648 3791 ex
1674 3731 1803 3793 sedecim

359 3826 446 3887 dene
462 3822 539 3882 inter
562 3829 696 3881 caeteros
719 3820 790 3881 fecit
805 3820 980 3882 Jansenius.
1018 3820 1057 3880 Et
1105 3821 1235 3879 vetustis
1252 3819 1473 3899 exemplaribus
1490 3818 1630 3889 Graecis,
1648 3819 1686 3879 ab
1701 3819 1803 3891 Italis,

359 3914 470 3973 'ictum
487 3917 532 3968 est
547 3907 662 3984 aliquid
678 3908 716 3967 ad
731 3910 844 3968 veruli
1106 3907 1271 3983 Hispania,
1300 3905 1400 3967 Gallia
1416 3907 1534 3984 petitis,
1550 3903 1734 3965 solummodo
1751 3926 1801 3965 ne·

390 3995 485 4058 Illud
505 3996 555 4056 hio
577 3993 764 4068 addendum,
795 4013 883 4072 posse
906 3991 1041 4051 alicui
1013 4011 1054 4051 vr·
1107 4001 1152 4052 tat
1173 4002 1302 4070 septem,
1330 3994 1438 4071 quibus
1460 3995 1519 4053 iste
1539 4011 1643 4052 versus
1669 3991 1802 4053 defuerit.

359 4086 434 4154 eri,
466 4082 546 4159 quod
568 4082 704 4142 Joannes
727 4080 890 4161 Apostolus
914 4077 1056 4141 hocloco
1107 4079 1155 4140 Ad
1174 4079 1337 4140 secundnm
1361 4088 1475 4159 partem
1499 4077 1706 4140 antecedentis
1729 4079 1802 4139 dici·

364 4192 408 4233 er
426 4188 546 4244 equom
563 4176 591 4228 ct
605 4171 811 4243 sanquinem,
829 4188 888 4227 non
905 4165 1058 4244 intelligat
1106 4186 1188 4240 mus,
1214 4166 1422 4226 Lorsnienses
1445 4166 1620 4245 Theologos
1640 4186 1679 4226 ex
1695 4187 1804 4246 magno

359 4278 423 4320 nm
442 4254 592 4316 duntaxat
607 4257 782 4332 sanguinem
800 4264 829 4314 et
851 4273 917 4314 eam
937 4271 1057 4329 siluam,
1107 4251 1159 4312 illo
1175 4272 1299 4314 numero
1315 4255 1584 4332 manuscriptorum
1605 4251 1748 4325 codicum,
1764 4252 1804 4312 ad

361 4363 438 4407 uae
466 4361 504 4401 ex
530 4340 625 4402 latere
647 4343 706 4415 iam
731 4341 864 4401 defuncti
888 4339 1055 4400 salvatoris
1107 4359 1184 4418 quos
1200 4359 1285 4400 sacra
1300 4340 1400 4399 Biblis
1424 4339 1516 4399 semel
1540 4341 1711 4418 iterumque
1735 4360 1802 4399 con·

359 4439 553 4503 manarunt3
590 4428 660 4490 licet
695 4428 832 4507 plerique
868 4433 1056 4488 enarratores
1092 4426 1246 4498 «tulerunt,
1261 4426 1408 4487 duntaxat
1420 4428 1555 4506 quinque
1568 4427 1722 4505 reperisse,
1738 4427 1802 4505 qrri·

359 4537 461 4581 orum
478 4513 626 4576 duntaxat
639 4518 671 4575 in
683 4534 739 4575 sua
753 4516 940 4594 expositione
954 4515 1054 4572 rnemi·
1105 4513 1161 4573 bns
1177 4514 1233 4572 iste
1250 4533 1353 4573 versus
1369 4511 1499 4573 deesset.
1533 4511 1581 4573 Ad
1598 4515 1715 4573 tertiam
1731 4532 1802 4573 vero

359 4606 476 4675 rerint3
502 4621 537 4662 eo
562 4601 641 4679 quod
666 4622 725 4661 uon
749 4621 785 4661 ea
800 4600 865 4662 sola
880 4598 1055 4677 accipienda
1106 4608 1219 4678 partem
1249 4599 1480 4682 respondemus,
1515 4618 1627 4679 paucos
1657 4598 1802 4679 quosdam

359 4697 424 4755 unt
440 4691 473 4748 in
489 4688 589 4749 verbis
613 4687 703 4767 paulo
720 4697 790 4747 ante
806 4686 1055 4767 praecedentibus
1104 4686 1243 4758 Petrum,
1267 4688 1320 4766 qui
1335 4686 1488 4747 mutilatos
1511 4685 1628 4746 codices
1642 4687 1725 4748 nacti
1740 4684 1803 4745 fue·

359 4802 374 4843 c
396 4780 431 4839 6.
448 4775 514 4835 bis:
537 4777 599 4835 Hic
614 4782 674 4847 est,
691 4778 747 4851 qui
762 4775 849 4834 veuit
861 4792 922 4850 per
937 4790 1054 4848 aqueum
1105 4780 1187 4845 rent,
1214 4772 1294 4832 huuc
1316 4792 1434 4833 versum
1459 4794 1519 4833 non
1539 4773 1667 4853 legiss03
1693 4772 1804 4852 legisse

359 4865 606 4937 arenceium,
634 4866 729 4924 Jcans
745 4861 904 4934 Christum
930 4878 997 4919 noa
1019 4862 1055 4920 irs
1105 4869 1258 4931 caeteros,
1288 4871 1348 4920 tam
1379 4879 1446 4933 eos,
1484 4861 1535 4940 qni
1564 4870 1634 4920 ante
1665 4868 1804 4919 exortam

359 4969 444 5030 eque
460 4951 579 5021 solum,
602 4948 656 5008 scd
670 4950 706 5007 in
729 4967 815 5025 equo
836 4956 865 5008 ct
879 4947 1055 5023 cenwine,-
1111 4946 1261 5007 baeresim
1277 4947 1419 5006 Asianum
1437 4944 1501 5023 (rix
1521 4948 1598 5007 enim
1614 4944 1734 5006 dubium
1750 4955 1806 5019 est,

359 5042 435 5101 deut
460 5038 491 5097 iu
517 5035 634 5096 illorum
662 5034 819 5097 verborum
842 5034 1054 5096 commentario
1109 5032 1340 5097 Arianosfuisss
1350 5033 1441 5115 hujus
1452 5034 1647 5099 mutilationis
1659 5040 1805 5108 auctores,
