4442 5825
1033 562 1265 627 communius

431 573 505 643 res
564 531 571 545 ’

430 743 680 813 circumcursare,
711 749 742 803 et
768 751 927 822 penetrare
953 739 1058 813 domos
1087 737 1128 801 ad
1180 739 1257 803 hane
1279 740 1310 801 in
1326 759 1362 801 eo
1385 739 1564 823 qualitatem
1587 748 1719 823 spectat,
1742 738 1810 803 dum
1824 744 1874 802 ait:

429 826 598 910 perdendas
619 830 744 901 animas,
767 831 786 890 2
808 829 889 889 Tim.
914 832 942 891 3.
966 839 998 888 et
1020 830 1039 889 2
1062 828 1127 888 Pet.
1180 828 1223 889 Et
1237 828 1321 888 hant
1337 828 1519 891 cromnam
1535 846 1607 891 nota
1623 829 1749 906 adfert.

430 918 478 992 2.;
507 916 639 993 itemque
666 917 697 975 iu
718 916 814 995 Epist.
837 914 872 975 Β.
897 913 999 976 Judae
1022 934 1144 975 eorum.
1223 914 1361 986 Etsauo,
1385 934 1464 997 quae
1479 914 1535 975 hoc
1550 915 1620 976 loco
1637 914 1807 996 Apostolus
1821 935 1874 975 rer

431 1004 508 1063 tales
523 1021 621 1061 mores
637 1012 667 1060 et
690 1001 1024 1073 studiadescribuutur‚
1050 1002 1128 1062 sicut
1179 999 1225 1060 bis
1255 1003 1422 1082 praecepit,
1453 1004 1543 1063 etiam
1575 1001 1669 1063 iactis
1699 1004 1874 1063 monstrarit

432 1099 462 1152 et
478 1091 508 1148 iu
524 1090 619 1168 llpist.
636 1087 674 1147 ad
691 1087 754 1147 Tit.
771 1108 835 1168 cap.
855 1093 880 1147 1.
1181 1085 1256 1147 Cum
1273 1090 1353 1146 euim
1377 1089 1509 1169 quodam
1528 1097 1672 1171 tempore
1688 1090 1804 1169 Ephesi
1827 1089 1876 1148 bal

475 1176 580 1235 Nolito
593 1176 730 1250 recipcre
742 1193 812 1234 eum
825 1178 860 1236 ira
872 1175 1011 1237 domam.
1025 1177 1126 1257 Quen·
1180 1193 1254 1233 noas
1269 1172 1394 1235 laraudr
1410 1194 1502 1236 causa
1518 1175 1747 1256 ingrederetur,
1763 1176 1875 1235 rideret·

431 1265 544 1324 tumvis
569 1261 676 1321 domus
692 1271 793 1322 vestra
818 1260 915 1322 soleat
929 1275 1036 1343 patere
1051 1283 1126 1343 pau·
1181 1279 1241 1339 que
1266 1260 1307 1319 ibi
1333 1260 1483 1322 lavantem
1509 1260 1696 1325 Oeriutlmm
1726 1262 1874 1323 haeresim·

431 1348 552 1431 peribus
562 1349 736 1428 peregrinis,
749 1347 917 1409 velChristi
930 1352 1035 1410 serris.
1047 1351 1127 1410 Nam
1182 1347 1276 1419 cham,
1293 1350 1434 1409 contiuuo
1451 1348 1585 1422 exsiluit,
1608 1362 1642 1410 et
1658 1349 1764 1410 illotus
1779 1351 1874 1409 discor

433 1435 513 1518 quod
538 1435 617 1496 idem
640 1434 690 1494 hic
710 1437 872 1515 Apostolus
895 1437 1082 1497 commendat
1097 1439 1129 1496 iu
1182 1434 1235 1505 sit,
1259 1432 1448 1496 exclamans:
1471 1435 1655 1513 Fugiamus
1679 1439 1774 1511 hinc,
1799 1443 1877 1499 met

433 1522 518 1601 cajo,
543 1519 681 1603 Epistola
696 1524 795 1593 tertia,
816 1523 845 1582 id
870 1526 961 1584 etiam
990 1526 1064 1584 istos
1085 1522 1128 1582 ia·
1182 1520 1315 1581 balneae
1328 1524 1878 1601 ipsoecormentrrnosopprr'moot,

434 1628 501 1671 cere
524 1608 638 1681 solitos,
660 1629 720 1668 nou
740 1620 785 1668 est
800 1609 1020 1689 ambigendum.
1045 1609 1130 1690 Quid
1183 1609 1218 1667 irs
1233 1608 1346 1684 quibus
1366 1610 1497 1669 lavator
1513 1611 1699 1686 Corinthus,
1723 1612 1821 1672 houm
1835 1629 1877 1671 tr·

432 1706 541 1768 autem,
557 1697 582 1756 si
597 1695 744 1776 quispiam
761 1696 830 1756 talis
844 1697 1013 1777 irrepsisset
1028 1699 1059 1758 in
1075 1697 1126 1757 do·
1183 1697 1296 1754 riscus.
1330 1696 1449 1756 Retulit
1471 1696 1544 1768 hoc,
1572 1707 1734 1779 tamqnam
1758 1719 1776 1757 a
1799 1697 1878 1776 Poly·

433 1801 516 1843 mum
537 1782 666 1861 alicujus
689 1802 807 1857 corum,
838 1792 1002 1863 autequam
1026 1785 1132 1845 fuisset
1184 1801 1290 1861 carpo,
1313 1780 1462 1863 discipulo
1489 1783 1523 1842 B.
1546 1782 1699 1859 Joauuis,
1727 1794 1879 1865 cccspun

434 1866 546 1930 uetus?
579 1869 771 1929 Manifestum
802 1880 855 1942 est,
887 1870 961 1949 quid
991 1890 1027 1932 eo
1058 1890 1130 1931 casu
1183 1866 1325 1928 Irenaeue
1337 1868 1387 1928 lib.
1404 1871 1433 1929 3.
1450 1890 1515 1948 cap.
1533 1873 1572 1940 3..
1589 1881 1623 1932 et
1635 1891 1676 1932 ex
1693 1893 1730 1932 eo
1743 1871 1879 1931 Eusebius

434 1953 599 2036 Apostolus
623 1955 688 2016 fieri
708 1954 869 2035 voluissem
893 1961 993 2019 statim
1015 1958 1132 2018 scilicet
1184 1954 1252 2013 lsist.
1270 1958 1298 2018 3.
1326 1976 1392 2035 cap.
1408 1959 1468 2029 22,
1491 1965 1584 2036 atque
1600 1957 1822 2019 Theodoretue
1836 1957 1877 2017 lit

435 2042 584 2102 homiuem
600 2040 757 2114 dimittere,
781 2054 938 2126 postquam
954 2044 1063 2106 fuisset
1077 2045 1130 2106 ds·
1186 2044 1214 2101 2.
1239 2042 1277 2102 de
1300 2042 1518 2104 haeretieorum
1545 2043 1672 2105 fabulis.
1698 2046 1834 2105 Tametsi
1854 2043 1878 2103 S.

435 2139 540 2189 tectus.
571 2129 626 2188 Est
649 2130 723 2189 cuim
748 2131 855 2190 eadem
877 2134 962 2191 ratio.
985 2133 1050 2194 Nec
1073 2134 1132 2194 hoc
1184 2127 1382 2208 Epiphanius,
1396 2130 1879 2210 scirtarsislevimemoriaelapm,

435 2217 509 2277 satie
521 2227 575 2288 est,
587 2216 612 2274 si
626 2215 804 2277 excludatur
815 2217 861 2278 vel
876 2220 1014 2297 ejiciatur
1026 2219 1132 2297 domo;
1185 2235 1238 2293 pro
1256 2212 1399 2277 Cerintho
1414 2217 1563 2276 Ebiouem
1585 2221 1729 2278 nominet
1744 2219 1824 2278 haer.
1840 2218 1879 2278 30.

437 2302 506 2364 sed:
531 2303 595 2363 Nec
611 2306 677 2363 Ave
694 2307 721 2363 σι’
737 2303 888 2366 dixeritis.
914 2308 1026 2367 Dicere
1042 2308 1133 2369 alicui
1184 2301 1267 2361 Fieri
1292 2311 1397 2381 polest,
1420 2312 1452 2362 ut
1474 2303 1562 2362 simul
1587 2314 1697 2365 esseut
1722 2307 1755 2365 iu
1776 2304 1880 2365 balnei!

437 2394 522 2465 Ave,
551 2398 597 2451 eet
617 2409 683 2450 eum
708 2390 858 2466 salutare,
888 2412 943 2454 seu
965 2396 993 2452 ci
1015 2396 1132 2474 precari
1185 2388 1346 2448 Corinthus
1362 2400 1391 2449 et
1405 2389 1510 2461 libica,
1525 2391 1599 2452 socii
1613 2409 1767 2457 errorum.
1783 2402 1813 2449 ut
1825 2410 1879 2450 con·

437 2477 571 2537 salutem.
595 2477 655 2536 Pro
678 2477 729 2536 illo
753 2480 840 2551 euim,
865 2480 946 2559 quod
968 2502 1023 2541 uos
1043 2480 1132 2540 habe·
1181 2475 1279 2553 Jectat
1301 2475 1456 2549 Batonius,
1480 2477 1579 2537 Tomo
1599 2483 1628 2537 l.
1666 2479 1761 2539 Auno
1786 2477 1880 2538 Christi

437 2584 519 2625 mus:
536 2568 614 2639 Ave,
631 2565 749 2627 Graece
762 2577 824 2625 est:
840 2562 969 2645 χαίρειν,
982 2569 1133 2644 paudere.
1187 2563 1236 2620 74.
1259 2558 1288 2636 ἓ.
1313 2566 1341 2624 9.
1366 2563 1414 2623 De
1434 2564 1501 2643 ipso
1524 2564 1709 2644 Polycarpo
1734 2563 1814 2627 idem
1834 2564 1879 2624 lrr·

420 2650 496 2711 ,Εηι
517 2661 616 2711 autem
635 2651 721 2726 idem,
742 2661 848 2733 optare
869 2655 958 2715 alicui
981 2654 1134 2734 gaudium,
1186 2667 1278 2709 naeus
1294 2647 1405 2710 ibidem
1417 2649 1494 2710 haee
1508 2654 1638 2711 recitat:
1662 2652 1740 2730 Ipse
1751 2652 1878 2731 Polyrar

438 2738 520 2817 qnod
537 2748 640 2818 optare
657 2741 684 2799 ei
701 2739 836 2812 salutem,
860 2741 958 2805 dicere
974 2742 1032 2801 illi:
1057 2744 1133 2816 Ave,
1186 2755 1243 2816 000
1258 2736 1412 2807 Μο0οῐ0οῑ,
1436 2736 1602 2816 01ῑοοωἆο
1627 2738 1688 2799 tibi
1714 2739 1879 2807 000οπ00οι

437 2823 523 2895 Vale,
546 2824 644 2885 Salve.
667 2825 725 2887 His
749 2828 826 2886 onim
850 2828 948 2890 modis
970 2831 1069 2890 Latini
1086 2852 1132 2891 sa·
1187 2818 1880 2906 eidicenfit0⁰8¹¹0³00¹102210⁵P011d5i20⁰t

439 2910 534 2974 intem
557 2910 649 2973 alicui
666 2922 833 2993 precantur,
854 2916 918 2977 sire
934 2918 965 2976 iu
980 2918 1134 2998 principio,
1187 2929 1281 2971 nosco
1303 2919 1333 2971 te
1350 2913 1600 2987 primoqenr'tam
1633 2921 1785 2974 murrae.
1820 2914 1880 2974 'l'uu

439 3002 505 3062 sive
524 2998 631 3061 iulius
651 3019 838 3079 congressus.
869 3002 951 3082 Ergo
975 3004 1020 3064 his
1035 3004 1136 3066 verbis
1188 2996 1272 3057 addit
1287 2999 1445 3058 Irenaeum
1471 2999 1500 3058 Τ
1499 3006 1613 3059 attium
1628 3001 1787 3077 Apostoli
1801 3008 1880 3061 etw-

438 3087 604 3169 Apoetolus
628 3087 750 3149 Domini
773 3088 853 3150 idem
871 3089 960 3166 jubet
979 3091 1018 3152 de
1032 3093 1135 3152 haere·
1189 3103 1260 3145 0000
1283 3085 1434 3161 dilcipssli'
1458 3085 1645 3148 0020000οῑ
1673 3091 1881 3161 ‘immisti

439 3176 508 3246 tiro,
526 3174 609 3256 quod
624 3176 690 3255 ipso
705 3177 853 3238 Dominus
869 3175 907 3237 de
923 3176 1016 3240 fratre
1032 3182 1061 3240 iu
1078 3182 1134 3240 Ee·
1189 3190 1291 3249 00000
1318 3172 1505 3234 verbotenus
1526 3178 1812 3237 communicarmtt
1831 3174 1881 3234 eii·

440 3262 1137 3335 ciceiamrrbolli,a12rrh.1s.:sifrarcrtuuc
1190 3263 1241 3320 0οῑ
1268 3277 1394 3336 eorum,
1422 3262 1478 3337 qui
1503 3260 1788 3324 adulteraverant
1813 3261 1882 3322 vtfl'·

439 3349 547 3410 abste
573 3348 611 3412 ad
635 3349 805 3411 Ecclesiam
827 3351 964 3425 delatus,
988 3372 1052 3413 eam
1078 3375 1138 3416 nou

440 3435 579 3506 audierit,
602 3439 642 3496 sit
657 3437 715 3497 tibi
728 3443 809 3498 sicat
829 3441 969 3501 ethnicas
985 3446 1016 3500 et
1028 3441 1137 3517 publi·

441 3542 550 3585 canus.
573 3522 611 3583 ld
627 3532 681 3595 est,
696 3524 810 3586 habeas
825 3523 909 3586 illum
926 3548 961 3587 so
979 3526 1054 3600 loco,
1078 3549 1138 3610 quo

440 3609 556 3674 Judsei
587 3609 700 3671 habeut
730 3610 864 3673 ethnicos
892 3625 922 3674 et
948 3613 1136 3693 publicanos,

440 3696 565 3759 vitando
582 3696 699 3758 scilicet
714 3700 807 3772 illum,
822 3720 877 3760 uec
893 3721 1076 3763 communem
1097 3704 1139 3763 iu·

440 3792 485 3846 ter
511 3784 648 3845 homines
676 3785 888 3848 salutationem
916 3788 961 3848 illi
987 3788 1140 3850 offerendo

441 3879 493 3933 aut
515 3870 683 3947 reddeud03
708 3875 786 3935 sicut
808 3873 924 3935 «iudaei
949 3876 1085 3938 ethnicos
1111 3886 1140 3937 et

441 3958 620 4039 publicanos
643 3958 718 4020 adeo
735 3962 881 4030 vitabant.
908 3971 942 4023 ut
963 3983 1002 4023 ue
1027 3963 1138 4024 solnta·

441 4055 510 4107 reut
531 4044 663 4125 quidem.
685 4047 779 4108 Jubet
804 4050 908 4128 itaque
928 4049 977 4109 hic
999 4048 1141 4111 fidelibus

442 4129 615 4211 Apostolus,
629 4142 662 4192 ut
677 4132 859 4195 haereticum
876 4156 912 4196 uc
927 4135 1061 4197 sahtout
1074 4138 1140 4219 qui-

443 4216 528 4295 dem3
551 4224 582 4277 et
597 4236 650 4296 pro
664 4221 780 4282 ratione
796 4220 897 4281 addit:

488 4396 537 4453 11.
562 4393 626 4478 Qui
644 4392 729 4452 enim
752 4392 828 4454 dicit
848 4395 914 4458 slls:
940 4401 1026 4473 Aac,
1054 4415 1141 4457 com·

442 4481 587 4540 manicat
614 4478 762 4556 optritae
783 4483 849 4555 ejvs
871 4484 1028 4559 motionis.
1052 4483 1140 4556 Nam,

444 4565 495 4637 ait,
519 4566 573 4644 qui
589 4563 673 4623 illum
698 4564 816 4627 salrmo
830 4568 924 4646 jubet,
949 4572 1001 4649 qni
1017 4571 1044 4631 ei
1060 4570 1139 4630 salu·

1190 3354 1294 3406 tot-em.

1235 3434 1338 3512 Atque
1361 3434 1435 3494 haec
1458 3433 1497 3493 ad
1515 3432 1781 3514 qualemcumque
1795 3434 1883 3496 horuu

1191 3520 1328 3601 Apostoli
1344 3520 1472 3582 Joanuis
1495 3519 1659 3581 verborum
1682 3523 1824 3584 sufficere
1843 3541 1882 3602 pr

1192 3617 1290 3668 terant
1305 3607 1552 3686 explicationem
1575 3606 1633 3668 sed
1658 3608 1789 3690 expedit
1809 3605 1884 3690 paulo

1193 3694 1362 3755 distinctius
1378 3693 1542 3766 declarare,
1559 3713 1651 3772 quae,
1669 3705 1701 3754 et
1717 3715 1779 3778 quo
1794 3696 1884 3764 anina

1191 3781 1241 3841 rol
1257 3780 1364 3860 quibus
1387 3780 1454 3841 aliis
1476 3782 1718 3843 circumstantiis
1739 3782 1819 3844 iacta
1832 3799 1884 3841 cua

1192 3868 1352 3929 haereticis
1377 3868 1564 3927 conversatio
1587 3868 1631 3927 sit
1658 3869 1821 3949 prohibita
1842 3867 1883 3930 sc

1193 3956 1303 4018 clasiae
1318 3952 1404 4029 filiis3
1426 3964 1531 4036 atquo
1547 3953 1630 4033 jure,
1655 3974 1767 4036 quave
1789 3958 1884 4018 ratam

1193 4044 1231 4104 sit
1246 4039 1407 4122 prohibita

1237 4127 1335 4207 Igitur
1360 4125 1509 4188 homiuem
1544 4127 1741 4190 haereticum
1769 4126 1883 4208 hospitio
1917 4133 1920 4218 j

1194 4215 1334 4294 recipere,
1350 4215 1401 4274 vel
1417 4217 1504 4276 etiam
1519 4212 1655 4278 salutare
1671 4215 1836 4288 duntaxat.
1852 4211 1882 4274 ir

1194 4300 1443 4375 rorehaereseos,
1452 4309 1501 4365 est
1508 4310 1670 4382 peccatum
1680 4303 1884 4366 contraDeaa

1194 4408 1231 4450 ac
1246 4387 1305 4448 Dei
1321 4386 1442 4460 cultum,
1465 4386 1532 4466 lege
1554 4388 1691 4450 naturali
1708 4390 1883 4471 prohibitu

1194 4476 1237 4536 Et
1252 4494 1288 4533 eo
1303 4494 1375 4535 casu
1399 4483 1443 4537 est
1465 4472 1670 4546 manifestum.
1700 4477 1788 4557 quod
1807 4476 1885 4540 lucra

1194 4562 1304 4622 habeat
1329 4562 1406 4622 ratio
1441 4561 1480 4622 ab
1505 4561 1655 4641 Apostolo
1684 4564 1806 4626 allata:
1840 4555 1886 4642 (h

443 4660 503 4712 tem
520 4651 604 4723 dicit,
626 4648 660 4716 fit
682 4652 833 4733 particeps
855 4666 1044 4736 peccatorum
1064 4657 1140 4735 ejus.
1194 4668 1266 4710 eum
1288 4649 1420 4722 colorat,
1442 4648 1512 4724 dili
1533 4650 1735 4726 dastidium
1759 4655 1884 4730 ΡΜ

443 4737 590 4817 Loquitur
607 4736 770 4818 Apostolus
794 4739 832 4800 de
854 4743 991 4804 omuibus
1016 4742 1140 4818 quidem
1194 4754 1266 4796 mm
1283 4738 1358 4812 elui·
1382 4735 1508 4796 P0¹²li¹¹i
1524 4735 1602 4796 ‘inim
1619 4735 1731 4799 Ῑῑῖθῑθ
1747 4737 1864 4810 hwffl'·

444 4826 512 4905 rjus
528 4827 675 4904 peccarim
697 4823 750 4884 scd
772 4827 955 4905 potissimum
980 4837 1010 4891 st
1025 4830 1142 4890 directo
1238 4823 1300 4903 Qui
1322 4833 1423 4883 autom
1441 4842 1501 4881 non
1516 4818 1625 4884 farore
1647 4822 1829 4898 bacmos.
1846 4813 1886 4886 *i

443 4908 484 4972 de
498 4909 559 4972 illis
574 4913 716 4990 operibus
732 4912 796 4990 sjas
812 4916 905 4989 malis,
922 4917 1032 4995 quibus
1048 4936 1139 4979 cona·
1194 4919 1292 4971 lemen
1315 4929 1382 4970 000]
1406 4905 1542 4991 periculo
1565 4908 1762 4975 seduttiouia
1785 4913 1838 4984 aui,
1853 4905 1899 4968 b·

442 5003 492 5058 tur
521 4996 675 5063 destruere
704 4996 868 5068 doctrinam
898 4999 1019 5078 ΟΙιι-ῑιιὶ,
1059 5004 1137 5075 Nup
1193 4997 1348 5064 miliariter
1368 5004 1506 5058 vereatur
1521 5014 1591 5083 eum
1607 4996 1774 5064 hamadeo
1788 4997 1899 5084 aliqu,
