4442 5825
750 584 914 647 mersum
929 587 1018 647 ason
1032 586 1147 647 tason.
1181 585 1266 647 sne.
1286 586 1327 643 rs·
1682 595 1755 667 trs

347 763 439 829 mult
458 760 630 841 &castior
658 784 695 827 se
716 764 743 827 ai
761 763 876 831 dirtsrn
897 775 1011 831 assata
1065 765 1156 847 Quod
1169 766 1298 831 arbitror
1311 764 1445 829 vohisse
1459 764 1583 841 Pamin,
1612 772 1673 829 tam
1686 764 1757 827 Flo·

347 848 502 917 tlreobo:
527 852 563 915 st
583 856 620 913 irs
641 854 777 930 pereatis
799 856 859 931 as't,·
884 862 1011 917 nonest
1064 855 1175 917 rentiai
1191 852 1337 929 Consilii,
1359 873 1449 934 qnam
1467 852 1647 915 Tridentini.
1684 850 1759 921 Illos

347 936 503 1001 dulsonm
516 939 582 1000 sine
603 941 747 1019 peccatis
785 940 926 1019 Denique
942 960 1009 1019 pro·
1064 941 1195 1023 quiden,
1210 960 1302 1020 quum
1318 940 1456 1003 effectum
1470 939 1562 1019 hujus
1576 939 1759 1005 sacramenti

347 1034 444 1087 sstsx
467 1024 583 1100 verbis,
610 1045 689 1106 qnae
710 1025 825 1088 lcrmse
848 1026 946 1087 locum
960 1027 1010 1089 hs·
1064 1035 1201 1091 statuunt
1226 1029 1257 1091 in
1283 1046 1395 1107 genere
1421 1029 1531 1089 mantis
1556 1027 1760 1102 mesenen,

347 1118 405 1175 sat:
425 1112 576 1188 lpaoacat
591 1113 648 1174 tibs'
663 1115 841 1187 Dominus,
855 1113 1012 1191 quidquid
1065 1116 1141 1174 istos
1165 1123 1282 1185 actem,
1308 1135 1400 1195 quem
1426 1113 1568 1175 effectum
1590 1112 1647 1175 hac
1672 1121 1760 1192 parte

347 1196 475 1275 diputatt
491 1218 553 1276 par
578 1203 683 1261 nisam
707 1207 763 1261 etc.
801 1201 878 1263 Nam
905 1201 1011 1262 delicti
1064 1200 1262 1279 significatum
1277 1210 1430 1282 exponunt
1452 1219 1506 1279 per
1520 1202 1650 1278 gratiam
1664 1198 1757 1279 Spiri-

347 1282 466 1351 satum
485 1287 603 1351 minora
625 1296 751 1367 paucius
776 1287 940 1365 significari
963 1306 1009 1349 so·
1064 1295 1112 1349 tus
1128 1289 1239 1361 sancti,
1266 1289 1352 1367 cnjus
1372 1288 1473 1353 unctio
1495 1286 1622 1360 delicta,
1649 1288 1674 1347 si
1696 1306 1760 1366 qua

347 1370 611 1452 ntiafleriptaris.
1065 1376 1127 1434 sint
1140 1372 1240 1434 adhuc
1255 1373 1423 1455 expianda,
1440 1394 1476 1434 ac
1487 1373 1603 1452 peccati
1614 1371 1759 1453 reliquias

361 1456 453 1521 Porro
468 1458 540 1533 ιιι,
564 1458 675 1541 quibus
697 1460 912 1521 inconveniens
925 1458 1009 1519 ride·
1064 1461 1218 1539 abstergit.
1251 1460 1329 1523 biam
1352 1461 1408 1523 etsi
1430 1459 1571 1523 delictum
1593 1460 1692 1525 ιιιιιι
1706 1460 1759 1520 ιιι·

347 1543 510 1625 aaliquod
520 1546 928 1609 Sacramentuminstitutnm
943 1564 1011 1605 ease
1064 1542 1138 1626 qnid
1166 1549 1196 1611 ‘m
1221 1547 1386 1627 Scripturis
1412 1546 1583 1627 dgrriticase
1610 1545 1759 1623 uideatur,

347 1628 587 1697 immissionem
615 1640 810 1714 peecatorum
837 1631 1010 1707 venialium,
1064 1652 1154 1713 qnam
1171 1644 1337 1712 peccatum,
1355 1654 1416 1697 ιοι
1431 1642 1531 1697 tamen
1547 1633 1585 1697 ds
1599 1633 1673 1694 solis
1688 1634 1758 1695 dici-

347 1718 427 1781 sibus
442 1719 602 1800 expiandis
623 1720 684 1783 alia
705 1728 765 1783 tam
787 1719 882 1781 multa
896 1728 966 1781 sunt
980 1720 1011 1779 in
1063 1728 1112 1781 tur
1128 1719 1314 1796 venialibus3
1330 1720 1384 1784 ssd
1400 1722 1490 1783 etism
1503 1719 1643 1785 mortalia
1653 1720 1759 1787 saltem

347 1812 453 1885 rupta
483 1807 632 1879 remedia,
657 1814 780 1887 putant,
803 1814 936 1885 peccatu
960 1805 1011 1866 hie
1064 1825 1115 1881 ea,
1142 1825 1219 1886 qnae
1246 1827 1301 1887 par
1323 1808 1522 1887 ignorantiam
1544 1806 1745 1871 inerintcom

347 1890 446 1973 tlallspi
459 1912 571 1974 pransa
591 1895 801 1957 inclinationes
825 1913 863 1955 ex
878 1893 1010 1973 peccatis
1062 1893 1163 1965 missa,
1179 1892 1404 1973 complectitur,
1419 1904 1453 1955 ut
1466 1895 1628 1957 rideantur
1642 1894 1759 1969 Patres,

347 1976 452 2051 listas,
474 1998 550 2059 qaas
565 1989 718 2061 tamquam
732 1989 925 2061 peccatorum
941 1979 1008 2041 reli·
1064 1998 1156 2059 quum
1182 1981 1298 2041 delicto
1324 1982 1493 2055 nominant,
1521 1982 1694 2061 respexisse
1720 1936 1759 2043 sd

347 2065 405 2129 rias
418 2064 554 2146 abstergi
568 2069 675 2131 dicunt
689 2067 843 2131 bscsacra
858 2068 1009 2139 unctione,
1063 2066 1148 2129 illum
1177 2066 1292 2127 Psalmi
1326 2069 1373 2131 18.
1404 2068 1599 2133 versiculum:
1633 2069 1759 2133 Delicta

347 2148 408 2232 bus
430 2153 596 2233 significari
618 2155 675 2219 boc
697 2154 766 2214 loco
786 2173 841 2233 per
861 2154 1007 2217 remissio·
1063 2156 1133 2231 quis
1154 2155 1327 2229 intellipit?
1352 2155 1393 2217 ab
1416 2156 1544 2219 occultis
1564 2158 1641 2219 meir
1662 2174 1759 2219 mars·

347 2249 596 2321 npesratmm
632 2241 666 2305 si
680 2242 772 2316 enim,
799 2248 879 2301 teste
894 2238 1009 2322 Cyrillo
1063 2240 1106 2301 dn
1125 2259 1183 2303 mc.

347 2324 411 2387 bt.
433 2326 465 2387 in
479 2326 570 2389 Josn.
593 2349 661 2408 cap.
678 2329 746 2403 17..
771 2346 876 2389 sscrse
891 2326 1008 2389 ιιιιιιι-
1105 2324 1194 2387 Unde
1208 2336 1240 2389 et
1254 2326 1470 2401 conditionem,
1485 2348 1565 2408 quas
1580 2327 1661 2409 apud
1677 2330 1758 2409 apo·

347 2414 419 2477 'stiae
444 2412 539 2494 digna
566 2417 717 2496 perceptio
750 2412 838 2477 sedat
863 2415 895 2476 in
923 2413 1009 2475 nobie
1062 2413 1172 2477 stolum
1187 2423 1247 2477 est:
1274 2417 1352 2477 siin
1366 2418 1502 2493 pecccts'r
1515 2419 1575 2491 sit,
1599 2436 1658 2477 non
1674 2418 1758 2479 omit·

347 2502 498 2565 rssisntem
511 2500 712 2565 membrorum
724 2510 891 2563 soenorum
902 2502 1010 2581 legem,
1063 2508 1130 2563 tunt
1144 2508 1295 2580 tamquam
1314 2522 1374 2565 non
1396 2503 1615 2575 neeessariam,
1639 2502 1692 2567 sad
1707 2523 1758 2567 ext

347 2586 395 2651 ml.
423 2587 546 2649 obstare
566 2589 703 2664 videtur,
736 2608 794 2670 qno
817 2588 918 2650 minus
938 2586 1010 2649 bnis
1063 2597 1195 2668 ponunt,
1221 2588 1364 2650 dicendo:
1389 2590 1425 2650 st
1450 2608 1531 2667 quae
1555 2596 1630 2653 runc
1655 2590 1760 2651 adbuc

347 2684 508 2739 menso
530 2674 680 2741 tribuatur
701 2693 861 2756 pravarum
884 2673 1008 2741 inclina·
1064 2675 1244 2751 expiando,
1281 2675 1362 2755 qnod
1392 2676 1484 2737 etiam
1514 2676 1552 2739 de
1583 2675 1760 2743 mortalibus

347 2761 835 2911 ιιιιιιιΜ
850 2762 1009 2836 Μ
1062 2761 1759 2929 inclementiorem

1531 2872 1564 2911 rr.

356 2935 473 2998 Rursus
503 2936 555 2998 alii
593 2935 632 3000 de
668 2937 801 3019 peccatis
830 2934 1010 2996 mortalibus
1064 2934 1226 3015 quemodo
1249 2935 1284 2996 fit
1306 2945 1495 3016 peccatorum
1519 2939 1660 3018 expiatio.
1694 2939 1760 3000 Nec

347 3021 493 3102 ιιιιιιιιι
513 3033 685 3104 exponunt,
706 3042 787 3104 quae
809 3043 864 3102 par
886 3023 1009 3085 oblivio·
1063 3020 1203 3095 dubium,
1218 3024 1308 3103 quin,
1334 3022 1510 3086 mortalibus
1525 3023 1624 3106 quoad
1640 3026 1759 3106 eulpam

347 3127 383 3174 ιι
395 3119 451 3172 aut
463 3111 663 3189 ignorantiam
679 3109 762 3191 apud
776 3108 963 3170 sacerdotem
980 3109 1009 3168 in
1063 3111 1210 3182 remissis,
1236 3128 1327 3189 saepe
1348 3112 1545 3190 gravissimae
1570 3121 1760 3174 reserventur

347 3196 504 3260 nlassione
518 3199 729 3260 armamentali
751 3217 811 3258 non
826 3195 946 3257 inerant
960 3194 1010 3256 de·
1064 3215 1182 3275 poenae
1198 3193 1326 3257 luendae
1342 3198 1393 3270 iis,
1417 3199 1470 3275 qni
1486 3219 1545 3262 non
1561 3200 1635 3260 satis
1651 3198 1759 3279 dignos

347 3291 403 3348 era
434 3281 511 3346 Sunt
534 3286 611 3346 euim
636 3283 774 3346 mortalia
794 3281 944 3363 quendem
961 3301 1008 3342 oo·
1063 3283 1200 3344 fecerunt
1214 3281 1329 3343 fructus
1352 3285 1564 3362 poenitentiae.
1601 3283 1693 3366 Quod
1715 3288 1757 3348 in·

347 3369 410 3446 tra,
430 3371 463 3432 in
485 3370 597 3449 quibua
618 3370 757 3451 plerique
770 3369 896 3432 haerent
911 3368 1008 3430 rudio-
1064 3369 1146 3430 dicat
1168 3368 1283 3430 Panlns
1304 3368 1402 3432 reor.
1430 3373 1479 3431 12.
1502 3371 1621 3434 dicens:
1648 3373 1692 3436 Et
1706 3373 1759 3434 lsr-

347 3473 378 3530 s,
410 3457 545 3520 menime
575 3457 684 3538 quibus
708 3455 788 3520 bon'c
815 3456 899 3519 deest
928 3456 1010 3516 insti·
1062 3473 1152 3534 prom
1169 3456 1285 3518 multos
1308 3474 1346 3516 ec
1366 3458 1423 3530 iis,
1447 3460 1503 3538 qui
1518 3466 1593 3518 anta
1607 3477 1758 3536 peccave·

347 3543 388 3604 tio
415 3549 449 3606 et
473 3563 547 3606 cura
567 3552 737 3623 pastorum,
764 3562 832 3603 cnm
855 3544 914 3605 sint
936 3542 1009 3602 alio·
1063 3548 1159 3617 rant,
1187 3549 1216 3602 et
1231 3560 1298 3604 nors
1312 3551 1445 3619 eperunt
1457 3548 1688 3621 poenitentiam
1703 3564 1759 3608 sss·

347 3629 489 3698 thome
509 3630 691 3708 veluntatie3
717 3627 828 3709 quibus
854 3628 1010 3709 probabile
1061 3647 1121 3706 per
1135 3630 1342 3691 immunditia
1357 3638 1411 3692 ete.
1434 3631 1483 3692 Ex
1495 3629 1607 3709 quibus
1619 3634 1759 3698 omnibns

347 3723 377 3790 t,
399 3735 456 3798 par
471 3717 529 3778 boc
542 3717 769 3779 Sacramentum
784 3715 928 3778 divinitus
941 3735 1008 3796 pro·
1063 3715 1257 3794 intelligitur,
1284 3735 1374 3795 quam
1397 3718 1437 3777 sit
1458 3717 1515 3778 boc
1537 3719 1686 3780 unctionis
1702 3718 1757 3782 aa·

347 3821 412 3868 sum
426 3823 497 3866 esse
510 3803 686 3868 remedium.
1063 3813 1246 3864 crementum
1262 3802 1392 3877 infirmis,
1408 3823 1484 3885 qnos
1496 3824 1588 3883 saepe
1599 3804 1758 3870 multorum

358 3887 499 3971 Deniqne
513 3899 600 3965 sunt,
615 3892 668 3970 qni
683 3890 722 3951 de
736 3887 907 3952 venialibus
921 3889 1009 3948 inter
1062 3898 1165 3952 reatus
1179 3898 1302 3970 gravat,
1325 3890 1457 3951 salutare
1478 3913 1514 3954 ac
1529 3892 1650 3958 minime
1664 3892 1757 3972 negli-

347 3985 481 4052 atmtnr,
504 3998 566 4040 non
580 3977 836 4056 quibuscumque,
860 3973 916 4038 sed
930 3993 1008 4034 eras·
1062 3974 1203 4057 gendum.

347 4063 439 4128 snbus
453 4073 485 4128 et
498 4084 558 4126 non
573 4063 771 4144 quotidianis,
793 4061 936 4144 sqnibus
951 4061 1008 4123 sol·
1105 4063 1177 4124 dam
1190 4061 1532 4145 qnodaddnntpeerati
1545 4064 1688 4146 reliquias
1701 4065 1758 4127 bac

347 4149 466 4213 nasibi
481 4170 590 4212 cavere
605 4151 706 4212 solent
716 4148 923 4230 perfectiores
945 4145 1009 4210 Sed
1061 4151 1205 4210 unctione
1227 4149 1375 4230 abstergi
1401 4152 1570 4232 significare
1588 4152 1759 4228 voluerunt,

347 4237 430 4302 tuli.
446 4237 583 4302 lacobus
598 4237 780 4318 generaliter
794 4236 927 4298 nominet
940 4254 1007 4316 pec·
1061 4255 1091 4295 nr
1084 4233 1213 4309 'lellor,
1237 4238 1328 4298 etiam
1343 4235 1383 4298 sd
1398 4238 1547 4300 tollendis
1562 4249 1613 4302 aut
1627 4241 1758 4304 minuen-

347 4331 396 4398 aa.
420 4344 482 4388 non
497 4334 623 4406 apparet
643 4327 735 4397 ratio,
762 4343 816 4385 rur
830 4321 882 4384 vel
898 4319 938 4383 sd
953 4319 1009 4380 bec
1062 4320 1117 4384 das
1132 4322 1338 4385 inclinationes
1353 4344 1463 4406 pravas
1476 4328 1619 4407 exprimo
1632 4334 1758 4407 peccato

347 4429 407 4474 lus
421 4411 604 4486 venialium,
618 4410 668 4473 vel
684 4410 724 4472 ad
739 4409 816 4472 illud
829 4407 1009 4484 mortalium,
1062 4408 1199 4480 relictae,
1219 4410 1350 4490 aliisque
1365 4414 1496 4494 peccatis
1513 4410 1640 4474 subinde
1655 4412 1758 4476 confir·

347 4495 416 4566 iisd
431 4497 513 4562 rolm
533 4458 683 4584 perdendi
705 4497 930 4568 inclinationes,
955 4515 1007 4556 vo·
1061 4503 1173 4570 metas,
1193 4497 1249 4559 hoc
1264 4497 1489 4560 Sacramentum
1505 4499 1618 4562 velere.
1641 4499 1759 4562 Vocant

347 4583 453 4654 bulum
474 4585 533 4648 boc
552 4587 759 4666 restringatur.
799 4584 882 4666 Quin
907 4583 1009 4664 potius
1061 4592 1161 4643 sutem
1185 4584 1427 4660 abstersionem,
1454 4583 1620 4648 alludentes
1643 4585 1683 4648 ad
1698 4584 1758 4648 olei

347 4669 467 4738 lemnia
488 4673 709 4754 cujuscumque
730 4673 851 4752 generis
872 4676 1008 4750 peccata,
1061 4672 1295 4752 proprietatem,
1322 4690 1401 4754 qnae
1416 4680 1462 4732 est
1476 4671 1657 4752 abstergere
1695 4671 1758 4740 Sed

347 4779 397 4842 pp
397 4757 536 4824 ιιιοιιίι
570 4761 660 4822 etiam
697 4756 943 4821 inclinationibus
980 4765 1008 4816 et
1062 4755 1139 4818 haec
1153 4760 1228 4820 satie
1245 4757 1283 4818 ad
1299 4758 1527 4839 explicationem
1543 4759 1601 4819 loci
1616 4778 1756 4838 praesan-

347 4845 471 4912 metm
486 4846 620 4920 vitiosis,
643 4843 862 4908 extendendum
878 4841 1008 4918 videtur,
1063 4844 1110 4904 tie.
1148 4841 1291 4919 Caetera,
1319 4865 1395 4925 quac
1410 4844 1520 4906 adhoc
1535 4857 1687 4908 extremae
1702 4865 1756 4908 nn·

347 4942 460 4998 stanna
489 4931 615 4998 extendi
639 4943 739 5014 potest
767 4932 854 4994 salvs
881 4930 1008 4992 aliorum
1061 4931 1167 4992 ctionis
1196 4932 1422 4994 Sacramentum
1452 4932 1616 5012 pertinent,
1649 4931 1727 4992 ab'
1719 4934 1757 4996 ris

347 5029 566 5090 mutorum
576 5017 1008 5084 'sustitutionemueuessitsta
1060 5016 1206 5100 petenda,
1232 5020 1285 5100 qni
1312 5019 1352 5081 de
1376 5017 1575 5084 stramentis
1596 5017 1757 5123 Ecclesiae
