4442 5825
405 576 477 647 75⁶
907 570 1317 626 commonstraret.

397 745 580 808 rimandata
595 746 661 819 Dei,
680 766 758 826 quae
772 747 952 828 principalia
967 755 1043 819 eunt,
1061 754 1091 807 et
1144 767 1229 823 uem,
1252 748 1337 808 Rom.
1356 749 1394 821 7.,
1421 767 1619 829 consequens
1644 754 1700 820 cst,
1726 746 1768 807 ssli
1787 747 1830 806 tall

403 853 421 893 a
437 834 548 913 quibus
563 842 680 895 caetera
696 832 878 915 dependent,
902 834 1090 896 consideren-
1146 835 1232 906 levia,
1245 835 1343 896 facilia
1355 843 1387 894 et
1399 834 1596 896 delectabilia
1609 855 1680 896 ease
1693 835 1750 895 Dei
1762 854 1830 892 man·

402 929 452 979 tur
467 921 497 980 in
513 941 546 982 ae
561 922 643 1000 ipsis,
667 940 759 1000 quum
783 921 843 981 sint
857 921 1000 982 mandata
1016 923 1090 981 cari·
1144 920 1232 998 data3
1249 924 1384 1002 quamvis
1399 923 1550 983 interdum
1563 942 1655 1002 opus,
1672 920 1751 1001 qued
1763 940 1833 1000 prae·

403 1009 482 1080 tatis,
505 1028 566 1089 qua
590 1008 671 1067 Deus
693 1007 838 1088 diligatur
858 1017 983 1089 proptor
1001 1028 1034 1068 ee
1049 1009 1091 1088 ip·
1146 1009 1262 1088 cipitur,
1284 1008 1397 1068 habeat
1420 1008 1634 1070 difficultatem
1661 1028 1701 1068 ex
1723 1027 1773 1066 suo
1793 1027 1833 1085 ge·

403 1112 476 1167 aum,
491 1104 521 1154 et
537 1094 691 1174 proximus
706 1106 827 1174 propter
838 1095 946 1167 Deum,
961 1093 1019 1154 bac
1035 1096 1090 1153 uti·
1146 1114 1227 1155 nere.
1253 1095 1351 1175 Quale
1367 1104 1412 1154 est
1428 1115 1505 1175 opus
1523 1095 1681 1175 martyrii,
1704 1094 1782 1174 quud
1795 1102 1834 1153 ert

403 1199 460 1260 que
476 1183 592 1242 ratione
611 1190 732 1243 servato
746 1179 890 1242 facillima
906 1192 985 1242 aunt.
1012 1180 1093 1242 Nihil
1142 1199 1206 1258 pro
1215 1181 1376 1260 frutribus
1387 1186 1535 1245 unimam
1546 1202 1684 1259 ponere.
1704 1181 1835 1241 Versatur

402 1267 480 1326 euim
501 1287 555 1348 per
579 1266 751 1328 octacilius
775 1277 829 1342 est,
853 1288 945 1348 quum
965 1266 1092 1348 diligere
1147 1270 1226 1329 enim
1242 1271 1321 1328 eirca
1341 1276 1483 1330 terrorem
1499 1271 1619 1339 mortis,
1646 1269 1701 1348 qui
1723 1289 1780 1326 non
1794 1286 1832 1326 su·

400 1351 448 1427 id,
477 1353 558 1434 quod
581 1361 627 1414 eet
651 1373 764 1414 summe
788 1354 951 1435 diligibilc‚
979 1353 1009 1415 id
1037 1364 1091 1427 eet,
1146 1364 1266 1434 petatur
1281 1357 1347 1415 sine
1366 1354 1468 1417 labore
1485 1367 1516 1416 et
1532 1356 1688 1416 molestia.
1712 1355 1749 1413 Id
1765 1352 1834 1432 quud

400 1458 546 1501 summum
561 1440 680 1513 bonurn,
701 1442 800 1502 Deum
816 1444 929 1522 ipsum3
953 1447 1037 1502 etex
1055 1461 1092 1502 ea
1147 1443 1235 1502 etiam
1255 1443 1286 1501 in
1309 1443 1373 1522 ipso
1390 1441 1509 1503 Christo
1533 1443 1638 1503 locum
1659 1441 1771 1513 habuit,
1794 1441 1833 1500 eui

400 1525 562 1589 dilectione
587 1525 711 1606 diligere
738 1529 828 1589 etiem
853 1538 989 1603 caetera,
1015 1547 1093 1608 quae
1147 1537 1248 1589 tamen
1273 1528 1395 1608 aliquod
1423 1527 1600 1589 mandatum
1625 1529 1731 1588 Patria
1753 1546 1834 1608 grave

400 1612 454 1674 ille
466 1614 610 1695 praecipit
618 1613 714 1693 diligi,
724 1625 752 1675 et
759 1615 867 1689 facere,
881 1634 1091 1696 quaecumque
1146 1623 1198 1676 out
1214 1615 1332 1675 difficile
1348 1615 1453 1689 fuisse,
1468 1615 1555 1675 nefas
1573 1624 1623 1675 eat
1639 1614 1750 1675 dicere.

400 1702 558 1781 praecipit,
581 1709 615 1761 ut
635 1700 788 1763 faciamus.
813 1702 929 1763 Eadem
945 1704 1022 1762 ratio
1038 1709 1090 1774 eat,
1189 1702 1267 1763 Sunt
1280 1711 1378 1762 autem
1402 1702 1539 1762 omnibus
1559 1703 1657 1781 juatie
1675 1712 1705 1760 et
1720 1702 1832 1761 caritate

399 1788 425 1847 ai
452 1789 637 1868 comparatio
663 1789 717 1848 liat
739 1788 946 1850 mandatorum
966 1787 1025 1849 Dei
1052 1785 1091 1848 ad
1145 1787 1207 1848 Dei
1228 1789 1374 1868 praeditis
1397 1789 1500 1849 facilia
1522 1789 1580 1848 Dei
1606 1788 1764 1862 mandata,
1784 1808 1832 1846 non

399 1895 463 1947 uua,
486 1874 594 1956 quales
616 1873 729 1937 conditi
752 1895 854 1936 eumue
877 1876 909 1935 in
928 1876 1023 1956 primo
1039 1895 1089 1955 pa·
1145 1874 1661 1956 tamenaequalitcr‚sedeomagie
1674 1876 1832 1948 autminus

399 1969 494 2036 rente,
509 1960 606 2035 idest,
622 1962 731 2041 integri
743 1971 774 2022 ot
784 1963 866 2036 recti,
883 1971 913 2023 et
925 1960 1089 2022 secundum
1147 1982 1204 2042 quo
1220 1962 1289 2042 plne
1305 1964 1442 2023 minusue
1463 1961 1657 2042 profecerint
1673 1964 1702 2021 iu
1719 1962 1832 2021 caritate

399 2069 502 2109 omnes
517 2049 634 2108 animae
649 2050 840 2128 corporisque
852 2050 931 2109 vires
943 2049 1009 2107 Deo
1024 2068 1089 2128 per·
1146 2057 1177 2110 et
1193 2049 1321 2128 justitia.
1353 2049 1448 2111 Sensu
1467 2049 1533 2128 jam
1557 2049 1716 2128 explicatu
1743 2048 1832 2108 facilia

399 2134 478 2196 fecte
503 2134 647 2214 subjecti3
670 2135 805 2216 denique
828 2136 941 2195 similes
965 2134 1090 2215 angelis,
1146 2155 1213 2196 esee
1232 2135 1292 2195 Dei
1307 2136 1455 2209 mandata,
1479 2156 1590 2215 nempe
1602 2136 1701 2215 justia
1721 2134 1830 2195 bomini·

400 2223 453 2302 qui
467 2222 510 2283 sic
532 2222 644 2283 conditi
668 2222 794 2296 fuerunt,
817 2232 850 2282 ut
865 2220 1001 2302 perfecta
1016 2221 1089 2282 dile·
1146 2221 1209 2295 bue,
1231 2221 1323 2302 idque
1343 2225 1462 2284 rationo
1483 2224 1640 2294 caritatis,
1662 2242 1725 2302 qna
1747 2223 1831 2283 Deum

317 2315 322 2319 ’
400 2311 500 2369 ctione
512 2308 579 2368 Dco
591 2308 797 2370 adhaererent.
823 2309 880 2370 Hie
895 2310 974 2370 euim
989 2308 1091 2369 facille
1145 2307 1281 2392 diligunt,
1304 2309 1391 2369 docet
1413 2307 1556 2389 Synodue
1571 2308 1758 2370 Tridentina
1778 2309 1831 2368 locu

400 2395 438 2457 ab
461 2397 545 2456 initio
568 2396 660 2457 fuisso
683 2396 741 2456 Dei
770 2395 920 2468 mandata,
941 2414 1030 2456 nemu
1046 2415 1090 2456 aa·
1144 2404 1317 2458 memorato.
1355 2396 1431 2457 Cum
1458 2398 1538 2456 enim
1566 2396 1718 2456 dixisset:
1747 2396 1831 2470 cajo

398 2503 456 2544 uae
472 2482 580 2544 mentia
604 2481 729 2543 dubitet.
754 2480 846 2562 Quod
868 2484 894 2542 ei
916 2502 988 2543 vero
1012 2503 1088 2542 com·
1144 2484 1303 2543 mundata
1316 2487 1431 2559 eructu
1444 2490 1611 2556 nunaunt,
1630 2487 1830 2558 cujuajuoaa

397 2572 540 2652 parentur
570 2567 609 2628 ad
638 2579 775 2629 naturam
806 2567 935 2629 bominis
965 2578 1090 2648 peccato
1144 2587 1242 2630 ruuee
1258 2576 1301 2630 eat
1324 2575 1353 2629 et
1368 2588 1448 2631 unua
1463 2570 1542 2643 leue,
1570 2591 1627 2649 pru
1644 2567 1829 2630 rationemb

397 2657 546 2727 vitiatam,
563 2657 606 2716 aie
621 2655 746 2716 affectae
759 2655 863 2734 procul
877 2654 969 2715 dubio
985 2657 1090 2734 grauia
1140 2657 1257 2736 junxit:
1280 2658 1342 2736 Qui
1363 2659 1448 2717 euim
1467 2662 1544 2716 runt
1565 2655 1633 2732 filii
1655 2658 1729 2731 Dei,
1751 2656 1829 2717 curc-

398 2751 469 2805 aunt
490 2762 525 2802 ac
546 2741 686 2802 difficilia.
720 2742 845 2820 Semper
871 2743 949 2801 eninr
976 2742 1006 2801 in
1033 2741 1090 2801 hac
1143 2751 1225 2804 uum
1242 2743 1397 2820 dilipuut5
1413 2745 1588 2820 quioutem
1603 2742 1749 2820 diligerent
1760 2761 1828 2813 eum,

400 2838 528 2890 naturae
540 2829 731 2907 corruptione
742 2846 817 2888 curo
829 2829 1019 2904 concupiscit
1030 2828 1090 2887 ud·
1143 2836 1180 2890 ut
1201 2830 1332 2905 ipsemet
1353 2836 1500 2904 terretur,
1527 2838 1664 2890 servunt
1686 2845 1829 2891 sermone

401 2934 510 2979 ceretu
530 2917 689 2991 spiritum,
716 2923 753 2975 ut
774 2933 852 2989 nou,
875 2934 1089 2992 quaecumque
1144 2920 1220 2991 eius,
1237 2918 1342 2997 utiquo
1358 2937 1397 2977 ex
1414 2915 1585 2988 dilectione,
1611 2938 1695 2997 quae
1712 2925 1828 2995 praestat

399 3003 555 3074 volumus,
571 3002 631 3062 illu
646 3003 816 3080 suciamus,
834 3001 901 3062 Gal.
919 3001 946 3060 b.
1143 3002 1326 3063 facilitatem.
1357 3005 1397 3063 Et
1418 3002 1540 3084 quidem
1564 3005 1682 3082 optime
1705 3003 1829 3063 convenit

440 3088 643 3149 Veruntamen
665 3088 764 3149 adhuc
788 3086 1088 3167 subdistinguendum
1142 3089 1189 3149 hic
1205 3091 1435 3150 commentarius
1458 3089 1525 3148 loco
1545 3092 1714 3169 praesenti,
1738 3087 1828 3149 ubido

397 3184 450 3237 eat.
480 3174 578 3234 Aliter
600 3176 678 3236 enim
702 3173 885 3253 loquendum
909 3174 947 3234 de
970 3175 1089 3234 bomine
1141 3175 1211 3236 filiis
1224 3177 1283 3235 Dei
1297 3195 1392 3235 sermo
1408 3183 1461 3247 eat,
1477 3174 1516 3235 (le
1529 3175 1686 3256 quibuset
1699 3178 1826 3237 continuo

396 3260 527 3324 nundum
539 3270 643 3321 renato
656 3280 711 3340 per
723 3259 833 3321 Christi
846 3261 983 3339 gratiam,
1000 3260 1089 3320 aliter
1142 3262 1407 3341 subjungiturvico
1415 3260 1605 3341 probationis
1615 3284 1623 3320 τ
1634 3266 1748 3337 Omne,
1758 3259 1828 3339 quod

397 3349 436 3411 de
451 3356 564 3407 renato.
587 3348 666 3406 Nam
682 3348 871 3427 airespectna
886 3347 938 3406 fiet
954 3346 992 3405 ad
1009 3366 1087 3418 eum,
1141 3355 1256 3410 nutum
1278 3356 1321 3409 eat
1344 3367 1383 3410 eu·
1405 3350 1489 3423 Deo,
1517 3350 1650 3410 uincere
1674 3348 1828 3411 munduca.

397 3436 450 3516 qui
470 3433 603 3495 nondum
624 3435 654 3493 in
679 3430 800 3493 Christe
820 3442 942 3493 renatus
965 3434 1012 3505 ait,
1035 3429 1087 3492 sed
1142 3437 1190 3496 De
1204 3434 1261 3494 hoc
1277 3434 1383 3496 eodem
1402 3444 1578 3514 argumento
1596 3435 1722 3516 legatur
1737 3438 1826 3515 Augu·

395 3520 496 3584 adhue
506 3541 525 3580 a
536 3520 633 3600 gratia
644 3520 705 3580 Dei
719 3518 845 3591 alicnus,
860 3520 930 3579 huic
946 3517 1088 3579 mandata
1142 3523 1239 3582 atinus
1261 3521 1312 3581 lib.
1333 3519 1372 3581 de
1385 3530 1494 3581 natura
1518 3530 1549 3581 et
1563 3525 1674 3601 gratia,
1699 3543 1765 3603 cap.
1787 3521 1827 3581 43.

394 3608 455 3668 Dei
462 3606 592 3667 l‘atemur
603 3608 711 3686 gravia
722 3625 796 3680 ease,
809 3613 840 3665 et
852 3605 983 3685 quedam
996 3624 1087 3664 sensu
1142 3611 1193 3671 68.
1210 3615 1240 3667 et
1255 3609 1305 3669 69.
1321 3617 1351 3667 et
1366 3606 1417 3667 lib.
1441 3607 1480 3668 de
1495 3606 1692 3687 perfectione
1703 3610 1829 3689 justitiae

394 3692 608 3773 impossibilia3
625 3693 780 3773 qnodnon
795 3691 920 3752 obscure
935 3691 1088 3771 significat
1142 3695 1222 3754 circa
1243 3693 1388 3766 modium,
1412 3694 1484 3753 item
1507 3693 1572 3755 Leo
1596 3696 1687 3777 Papa
1709 3711 1829 3757 sermore

394 3778 509 3842 Ooneil.
527 3778 664 3839 'Prideut
686 3798 760 3839 sees.
779 3779 807 3838 6.
827 3798 892 3858 cap.
912 3781 971 3851 14,
993 3796 1087 3856 egena
1141 3780 1170 3840 5.
1194 3780 1233 3841 de
1248 3779 1498 3859 quadragesima
1527 3781 1627 3842 Porro
1651 3785 1679 3844 ri
1699 3780 1829 3844 mandata

394 3864 431 3926 de
457 3864 659 3947 possibilitate
685 3864 904 3926 observationis
931 3864 1084 3924 mandatu·
1140 3868 1198 3927 Dei
1219 3865 1332 3927 bomini
1350 3866 1516 3945 justificato
1540 3870 1657 3947 gravia
1677 3889 1739 3931 non
1764 3873 1828 3935 auct

393 3972 459 4014 rum
475 3953 543 4032 Dei.
567 3951 600 4013 Si
617 3972 687 4013 raro
707 3963 862 4031 respectus
884 3953 923 4011 ait
937 3951 976 4010 ad
992 3950 1085 4010 homi·
1140 3952 1233 4012 multo
1257 3955 1354 4014 minue
1371 3954 1399 4014 ei
1418 3961 1489 4014 aunt
1511 3955 1740 4034 impossibilia3
1762 3948 1828 4036 quud
1872 4006 1873 4010 ,

393 4059 460 4100 uem
475 4038 537 4117 jam
551 4039 581 4098 in
598 4037 716 4099 Christo
738 4046 886 4111 renatum,
909 4046 939 4097 et
953 4055 1007 4116 per
1023 4038 1086 4114 ojus
1139 4038 1229 4100 hodio
1244 4038 1355 4101 docent
1375 4040 1504 4112 sectarii,
1529 4060 1665 4119 quornm
1679 4042 1760 4103 barre
1774 4059 1827 4102 rer

392 4127 520 4205 gratiam
536 4133 712 4184 renouatum
728 4144 764 4184 ac
781 4124 985 4202 justificatum,
1007 4124 1084 4202 pati·
1141 4127 1263 4186 tentiam
1290 4127 1479 4186 anathemate
1501 4125 1714 4190 condemnant
1737 4130 1828 4190 Para

345 4214 348 4223 '
391 4220 440 4272 tur
455 4209 578 4291 quidem
595 4209 756 4270 illeadbuc
772 4207 977 4271 difficultatem
993 4210 1022 4269 in
1036 4210 1086 4268 via
1140 4212 1325 4287 Tridentini,
1352 4221 1414 4273 tam
1443 4213 1474 4273 in
1500 4211 1628 4275 decretu
1655 4214 1828 4297 supradicto.

391 4296 599 4358 mandatorum
629 4297 705 4368 Dei,
735 4306 860 4377 proptor
889 4295 1083 4356 rebellionem
1140 4318 1230 4379 quam
1247 4320 1313 4359 can.
1332 4302 1380 4360 18.
1399 4298 1537 4378 ejusdem
1554 4303 1714 4363 sessionis.

391 4386 488 4444 carnis
511 4383 657 4444 adversus
679 4384 825 4462 spiritum,
849 4391 882 4441 ut
897 4383 954 4442 hac
970 4383 1085 4442 ratione
1183 4388 1212 4446 4.
1238 4388 1396 4464 Quonim
1417 4404 1520 4461 omne,
1543 4389 1635 4463 quod
1657 4398 1772 4451 nutum
1793 4390 1828 4448 ad

392 4489 459 4530 cum
474 4470 573 4530 Paulo
589 4469 689 4530 dicere
704 4468 828 4528 debeat:
859 4471 928 4545 Euo
944 4469 1085 4529 earnalis
1139 4489 1177 4532 eu·
1192 4475 1271 4548 Deo,
1289 4475 1388 4533 vincet
1403 4472 1570 4533 mundum.
1589 4472 1748 4550 Ostendit,
1762 4476 1828 4536 nafis

391 4573 471 4629 oum,
489 4555 760 4617 emundarentur
773 4563 913 4631 peccato.
938 4554 1084 4633 Sedquia
1139 4577 1177 4618 ex
1201 4559 1267 4619 Deo
1290 4558 1434 4619 mandata
1453 4558 1512 4618 Dei
1537 4580 1600 4620 non
1626 4582 1697 4624 esre
1719 4561 1827 4643 gravia

392 4638 575 4703 voluntatem
587 4642 678 4702 habet
691 4642 830 4702 absolute
843 4642 1021 4702 conformem
1033 4663 1083 4702 vu·
1137 4664 1209 4704 sane
1232 4644 1270 4705 ob
1294 4644 1349 4705 hoc
1375 4647 1483 4723 ipsum,
1510 4649 1583 4725 quia
1612 4651 1681 4710 nati
1709 4658 1778 4711 aunt
1796 4662 1827 4708 ax

390 4723 498 4786 lentati
506 4730 679 4802 divinae,'ut
687 4749 753 4789 cum
761 4728 863 4789 eodem
874 4728 1018 4809 Apostolo
1028 4729 1083 4789 ibi·
1136 4731 1211 4802 Deo,
1228 4733 1301 4812 quie
1315 4732 1368 4792 filii
1382 4732 1447 4804 Dei,
1464 4733 1536 4812 quia
1552 4733 1660 4797 Deum
1675 4745 1713 4797 ut
1725 4745 1826 4819 petr!

391 4807 458 4870 dem
473 4811 574 4873 dicore
598 4816 709 4894 possit:
733 4816 901 4876 Consentio
925 4813 986 4890 leui
1010 4817 1080 4892 Dei,
1136 4814 1274 4897 diligunt
1310 4820 1366 4880 Eat
1388 4827 1490 4878 autom
1517 4820 1665 4898 probatio
1686 4817 1826 4883 uolitat·

391 4902 543 4972 quonium
552 4900 636 4960 botta
646 4908 696 4974 eat,
704 4903 848 4962 etiterum
859 4925 865 4961 :
877 4902 1083 4964 Oorcdelector
1135 4903 1264 4983 duplexr
1277 4904 1374 4966 altera
1383 4924 1423 4965 ex
1431 4907 1600 4967 universali
1613 4910 1825 4990 signorum

390 4980 453 5057 leui
477 4986 538 5045 Dei
567 4988 740 5048 secundum
767 4991 953 5050 interiorem
978 4990 1081 5050 homi·
1134 4988 1229 5051 altera
1263 5011 1303 5068 ex
1332 4989 1535 5072 generalitate
1571 4995 1752 5075 significata
1782 5007 1825 5075 p!
