4442 5825
429 589 514 656 ott
812 606 814 611 ,
952 575 1184 632 munerarios
1202 575 1233 630 n
1251 576 1318 631 crr.
1335 576 1375 632 ur.

438 777 550 842 passus
580 752 639 815 luit
667 774 722 834 pro
750 753 877 831 injustis.
914 751 985 813 Non
1012 751 1135 813 dubium
1187 753 1347 828 offensum,
1370 754 1537 847 propitium
1557 754 1676 832 reddit,
1701 755 1875 840 dumqueai

437 854 552 916 umen,
579 842 651 923 quin
666 840 704 901 de
721 843 861 921 passione
876 842 980 900 mortie
995 839 1136 920 loquatur
1187 839 1356 902 militudine
1371 862 1485 903 morum
1509 851 1540 902 et
1559 843 1727 905 affectuum
1743 844 1810 906 Deo
1823 865 1876 925 pro·

437 933 563 1007 Petrus3
589 928 719 988 maxime
734 926 918 1007 quiaaddit:
945 927 1047 989 semel.
1085 926 1136 986 Sic
1187 929 1318 1007 pinquos
1334 928 1414 991 facit

438 1021 516 1080 anim
540 1024 570 1076 et
584 1015 698 1076 Penlns
720 1015 805 1075 Rom.
822 1018 867 1076 6.:
894 1016 1027 1074 Peocnto
1046 1030 1135 1073 mor-
1230 1015 1442 1092 Mostitlcotua
1456 1017 1583 1094 quidem
1598 1036 1723 1092 coras,
1745 1017 1877 1094 vivifico·

438 1103 708 1176 montcornet,
736 1108 767 1160 et
789 1100 884 1161 Hebr.
900 1105 946 1163 9.:
971 1104 1035 1162 Per
1054 1119 1134 1176 pro·
1187 1108 1238 1161 tus
1253 1109 1358 1162 antem
1374 1106 1497 1180 spiritu.
1531 1103 1583 1165 Sic
1605 1104 1677 1184 lego
1702 1124 1744 1166 ex
1767 1104 1878 1185 caatigr

437 1194 549 1270 prium
579 1191 767 1264 sanguinem
800 1190 948 1248 introivit
976 1189 1069 1247 ansel
1097 1188 1134 1246 iss
1186 1189 1267 1248 tione
1290 1191 1441 1264 Romane,
1469 1210 1536 1252 cnm
1563 1192 1649 1271 prius
1676 1193 1709 1252 in
1736 1190 1877 1271 plerisque

438 1285 566 1352 motta,
583 1278 753 1335 etiterum:
782 1274 923 1335 Ohrhtass
937 1276 1031 1335 semel
1045 1274 1134 1334 ohlo·
1187 1273 1272 1335 libris
1292 1275 1466 1338 haberetur:
1490 1278 1719 1355 Mortiflcntos,
1738 1278 1877 1357 vivifico

438 1374 489 1428 sos
522 1371 584 1438 est,'
624 1362 668 1422 nd
704 1361 879 1422 multos-asor
917 1361 1134 1423 schonrisndo
1188 1369 1244 1436 tos,
1261 1365 1433 1424 accusetivo
1446 1363 1563 1442 plurali.
1588 1365 1654 1425 Sed
1665 1383 1775 1427 veram
1787 1364 1875 1426 laetio

435 1459 576 1530 peceato.
613 1448 675 1509 Sed
698 1457 727 1508 et
747 1448 841 1528 Syrus
856 1447 913 1508 hoc
929 1448 996 1508 loco
1009 1451 1134 1524 passio-
1187 1468 1254 1508 nem
1271 1447 1397 1527 probent
1413 1458 1472 1510 tem
1490 1449 1615 1524 Greeca,
1632 1470 1730 1532 qnam
1745 1451 1876 1532 Syriam

438 1559 512 1602 nen
527 1538 638 1599 mortis
652 1537 809 1615 expressit„
1187 1535 1353 1615 faventque
1371 1538 1471 1597 Latini
1493 1537 1616 1598 codices
1630 1537 1722 1600 MSS.
1740 1537 1876 1619 probatio

484 1627 551 1686 Pro
563 1625 715 1702 peccetis,
739 1621 875 1701 intellige
892 1620 1050 1682 abolendis
1068 1622 1133 1700 ipsa
1186 1642 1248 1692 res,
1279 1631 1310 1682 et
1325 1632 1440 1686 veteres
1456 1622 1698 1685 concordantiae.
1734 1625 1796 1686 His
1811 1623 1876 1685 adde

439 1711 549 1775 Christi
566 1711 720 1790 passione,
744 1709 829 1768 velut
844 1708 992 1770 solutione
1008 1725 1133 1788 poenae,
1187 1708 1321 1769 Graecos
1346 1713 1507 1790 scriptores
1538 1709 1728 1777 clementem
1756 1711 1876 1773 Alexan

439 1818 521 1880 quae
536 1818 590 1879 pro
605 1797 665 1856 illis
681 1794 855 1856 debebatur.
894 1796 931 1856 Id
947 1796 1024 1856 enim
1041 1794 1131 1872 signi·
1186 1794 1304 1855 drinnm
1320 1797 1369 1857 lib.
1387 1799 1414 1857 6.
1431 1797 1555 1870 Sirone,
1576 1797 1790 1877 Epiphaniam
1810 1798 1876 1859 luet.

439 1887 511 1947 licet
539 1885 589 1945 hic
618 1904 733 1944 sermo:
763 1883 905 1944 Christus
937 1899 1050 1958 passus
1079 1887 1131 1953 est,
1186 1882 1236 1942 hl.
1268 1894 1296 1942 et
1323 1886 1371 1943 77.
1402 1891 1432 1944 et
1461 1881 1677 1945 Oecnmeninm
1712 1886 1746 1947 in
1784 1905 1876 1947 consa

439 1980 584 2035 mortuus
600 1979 642 2031 est
662 1988 724 2046 pro
743 1973 886 2046 peccatis.
924 1968 984 2031 Sed
1005 1987 1132 2048 qnorum
1171 1967 1250 2028 .Imo
1267 1980 1296 2029 ct
1310 1970 1452 2044 Latinos,
1471 1971 1694 2052 Hieronymum
1711 1973 1747 2032 in
1763 1971 1876 2034 desaiac

439 2056 596 2141 peccetis?
621 2057 800 2132 Multorum
825 2066 858 2116 ut
872 2056 1002 2117 Penlnm
1014 2052 1132 2134 jamdi-
1185 2075 1251 2135 cup.
1275 2056 1341 2129 54„
1369 2057 1422 2118 nbi
1445 2079 1514 2137 pro:
1538 2057 1774 2136 mortificatus,
1799 2060 1875 2140 legit:

439 2155 558 2208 centem
573 2144 748 2217 andivimus,
764 2143 853 2203 idest
868 2143 1038 2213 electorum,
1054 2142 1134 2201 sicut
1187 2146 1317 2218 occiana,
1344 2144 1497 2205 'Ruffinnm
1512 2146 1543 2205 in
1558 2163 1665 2224 expos.
1682 2145 1833 2226 symboli,
1851 2155 1876 2206 et

441 2243 472 2294 et
493 2236 557 2314 ipee
579 2233 724 2292 Dominus
745 2229 835 2289 dicit:
861 2232 923 2291 Hie
942 2236 985 2290 est
1005 2230 1134 2304 sanguis
1186 2230 1390 2309 Augustinum
1406 2251 1491 2291 serm.
1515 2235 1564 2292 14.
1588 2231 1627 2292 de
1651 2233 1759 2294 verbis
1783 2237 1875 2314 apert

439 2338 543 2397 merse,
566 2321 622 2396 qni
637 2337 696 2395 pso
712 2317 838 2393 multis,
860 2316 891 2377 id
914 2326 959 2378 eet
974 2337 1027 2396 pro
1043 2317 1132 2374 omni·
1185 2336 1251 2397 cap.
1270 2319 1318 2377 16.
1336 2327 1365 2376 et
1379 2318 1474 2398 Epist.
1492 2322 1542 2381 99.
1566 2319 1680 2400 Quare,
1697 2321 1873 2400 praetermis

438 2408 495 2470 hus
519 2407 638 2478 electis,
662 2404 843 2484 effundetur
862 2407 899 2464 in
920 2405 1132 2465 restrictionem
1185 2404 1227 2463 eis
1256 2423 1355 2464 eorum
1386 2407 1620 2479 commentariis,
1657 2408 1713 2488 qui
1741 2406 1875 2487 pluralem

435 2501 656 2572 peccotomm,
686 2492 792 2553 Matth.
814 2494 869 2561 26.
907 2492 989 2551 Dicit
1018 2498 1133 2549 entem:
1185 2509 1342 2551 numerum
1357 2491 1506 2570 legerunt,
1519 2492 1874 2573 velutimpertinentibua

438 2583 550 2655 umal,
566 2589 600 2640 ut
615 2580 774 2641 efficaciam
790 2581 894 2638 mortis
910 2575 1020 2637 Christi
1035 2575 1132 2636 docle—
1186 2597 1275 2637 verae
1291 2577 1426 2638 lectionis
1448 2598 1569 2641 aeneum
1593 2583 1811 2661 requiramus,
1833 2580 1874 2659 qai

439 2679 502 2740 ret,
533 2685 610 2747 quae
635 2686 708 2739 une,
737 2685 794 2728 nec
821 2685 962 2746 nmquam
989 2660 1132 2732 iterante,
1185 2664 1248 2724 fere
1264 2664 1376 2744 pendet
1398 2664 1435 2724 ab
1455 2665 1610 2726 intellectu
1631 2668 1798 2729 vocabulis
1821 2668 1872 2743 tpi-

439 2754 523 2815 valet
538 2753 577 2813 ad
592 2753 692 2813 omnia
707 2754 838 2812 omnium
861 2749 1048 2812 saeculorum
1063 2767 1133 2828 pcc·
1185 2753 1260 2811 situ.
1285 2749 1414 2827 Quidem
1430 2753 1511 2812 enim
1521 2756 1673 2829 spiritum
1687 2755 1872 2836 interpreter

440 2849 509 2902 csta
525 2838 663 2899 delenda.
686 2840 826 2919 Denique
844 2836 942 2899 addit:
955 2841 1059 2913 justus
1071 2854 1133 2913 pro
1186 2848 1235 2900 tur
1245 2838 1294 2897 vel
1308 2836 1504 2911 divinitatem,
1516 2839 1565 2898 vel
1574 2839 1725 2920 Spiritum
1734 2850 1874 2914 sanctem

440 2931 577 3003 injustis,
589 2925 629 2987 ad
644 2925 874 2987 confirmandum
886 2926 1133 2994 exhortationem,
1186 2926 1237 2986 alii
1252 2945 1325 2986 vero
1341 2927 1468 2985 animem
1484 2925 1606 3000 Christi,
1621 2926 1663 2986 dc
1678 2948 1745 3008 qua
1759 2929 1875 2990 moriens

439 3024 474 3076 nt
489 3015 569 3088 dlxi3
592 3033 722 3074 necnon
744 3011 783 3073 ad
802 3010 1065 3073 commendendam
1082 3012 1131 3070 im·
1187 3012 1264 3072 dixit
1279 3012 1376 3072 Petri:
1399 3014 1441 3072 In
1464 3032 1580 3074 monus
1601 3020 1678 3074 titos
1700 3013 1874 3078 commorit

439 3120 570 3163 mensam
584 3098 698 3162 Christi
709 3120 781 3179 erga
793 3120 847 3159 noe
859 3100 1029 3159 ceritatem:
1048 3099 1134 3174 Quo·
1186 3101 1332 3175 spiritum
1349 3118 1452 3159 mcum
1461 3144 1470 3174 ,
1490 3102 1564 3161 Luc.
1581 3101 1631 3162 99.

438 3192 540 3264 stium,
568 3207 638 3248 cnm
665 3188 770 3248 odiant
793 3194 971 3263 peccatores
993 3202 1133 3258 ememus,
1231 3186 1325 3246 Priori
1341 3185 1429 3246 modo
1451 3204 1556 3248 sensus
1578 3194 1640 3247 eet:
1660 3185 1726 3267 Qui
1744 3186 1873 3256 Christus

437 3294 501 3354 pso
516 3275 606 3336 nohis
621 3280 765 3336 mortuus
780 3281 841 3348 sat,
857 3274 941 3333 Rom.
958 3274 986 3335 h.
1186 3270 1257 3332 dnm
1274 3280 1433 3350 peteretur,
1449 3293 1537 3333 carne
1552 3272 1685 3353 quidem,
1701 3293 1797 3356 quam
1810 3293 1872 3336 mot·

489 3364 529 3424 Ut
539 3380 598 3424 stoa
610 3361 821 3438 offerretDso.
845 3361 989 3439 Offerrst,
1003 3355 1133 3418 Graece:
1187 3359 1277 3418 telem
1293 3365 1323 3418 et
1339 3358 1483 3420 infirmem
1497 3361 1637 3439 gerebat,
1662 3362 1784 3424 occisus
1799 3365 1875 3421 ruat

438 3441 633 3527 προςαγάγη,
649 3449 835 3521 adduceret,
863 3447 978 3507 scilicet
993 3444 1132 3505 aberren·
1187 3453 1335 3521 mortuns3
1349 3445 1404 3508 sed
1420 3447 1528 3507 virtute
1540 3444 1719 3520 divinitatis,
1736 3468 1817 3528 quaa
1830 3463 1874 3527 ptr

439 3546 504 3613 tes3
519 3537 598 3597 sicin
611 3534 687 3596 dixit
702 3537 803 3613 capite
817 3531 1025 3613 praecedenti:
1047 3533 1133 3593 Ern—
1185 3540 1309 3594 mortem
1336 3531 1375 3592 al>
1400 3551 1436 3593 eo
1462 3553 1522 3593 non
1554 3532 1612 3592 fcit
1637 3544 1805 3614 separata,
1835 3530 1874 3591 rel

438 3625 480 3685 tte
504 3625 585 3684 siorst
617 3641 689 3683 oves
721 3628 880 3697 mamm
908 3619 963 3680 aad
991 3620 1134 3678 concessi
1187 3615 1281 3698 (qnod
1305 3616 1384 3679 idern
1405 3615 1461 3695 est)
1485 3620 1596 3679 virtute
1620 3618 1757 3701 Spiritus
1782 3619 1875 3688 sanci,

439 3712 510 3772 estis
524 3727 611 3772 stunc
626 3710 669 3770 od
680 3715 842 3786 pastorem
857 3715 911 3768 sto.
946 3706 1134 3784 Augustinus
1186 3704 1355 3765 vivificatus
1370 3714 1430 3779 est,
1457 3704 1547 3766 idest
1561 3706 1601 3765 ad
1615 3707 1712 3768 vitem
1727 3707 1873 3768 rema&-

438 3796 490 3859 lib.
508 3801 536 3857 1.
551 3794 590 3857 de
605 3804 718 3875 peccet
734 3814 806 3857 mer.
829 3794 985 3855 etremise.
1000 3812 1065 3871 cap.
1082 3792 1132 3850 97.
1187 3799 1244 3851 tus.
1282 3791 1331 3851 Sic
1346 3789 1553 3866 Oecumenius,
1568 3799 1599 3852 et
1613 3792 1693 3854 locis
1704 3793 1772 3872 jam
1787 3792 1873 3854 citat's

439 3884 517 3947 etin
531 3884 632 3963 Epist.
648 3886 698 3944 99.
713 3883 757 3942 sic
776 3882 864 3961 legit:
895 3883 935 3943 Ut
954 3897 1012 3939 atos
1027 3877 1134 3937 oddu-
1186 3877 1385 3958 Augustinus.
1436 3878 1513 3939 Item
1544 3878 1733 3942 Athanasius
1764 3901 1784 3941 a
1811 3878 1874 3941 Vsa

439 3978 492 4032 ent
514 3970 559 4029 od
581 3971 693 4030 Deum.
731 3968 957 4028 Potesttamen
982 3965 1133 4025 adductio
1185 3964 1270 4025 Beda
1285 3962 1442 4043 allegatus.
1467 3962 1680 4026 Convenithie
1694 3983 1874 4028 sensum·

438 4057 569 4135 intelligi
592 4076 645 4136 per
667 4052 787 4114 modum
813 4054 970 4116 oblationis
992 4060 1024 4113 et
1045 4051 1133 4127 doni;
1186 4072 1230 4124 eo,
1245 4050 1325 4130 quod
1341 4051 1456 4112 Paulus
1472 4051 1575 4113 scribit
1593 4049 1632 4112 de
1647 4049 1873 4114 cudentes.

438 4140 589 4225 quomodo
609 4142 734 4222 legimus
757 4143 870 4222 passim
891 4143 919 4200 in
942 4141 1080 4201 Levitico
1103 4146 1135 4198 et
1186 4138 1257 4199 ult:
1280 4139 1363 4200 Nom
1384 4142 1440 4199 etsi
1461 4139 1650 4217 sanctificus
1672 4147 1719 4201 cst
1735 4159 1778 4203 a
1791 4138 1874 4218 infit*

439 4229 581 4291 ilumeris
597 4227 636 4287 de
651 4225 836 4288 adducendis
859 4228 963 4288 hostiis
986 4225 1024 4286 ad
1047 4224 1131 4286 offer·
1184 4228 1311 4299 mitotc,
1327 4226 1381 4285 ssd
1395 4228 1528 4288 visites
1542 4231 1662 4287 metesa
1677 4229 1752 4289 Dei

436 4314 572 4378 rendum.
610 4314 752 4376 oenoe·
773 4316 875 4389 onim,
901 4317 944 4373 eit
966 4311 1132 4383 Hesseline,
1228 4312 1394 4372 Posteriori
1408 4311 1497 4374 modo
1519 4320 1621 4393 potest
1634 4314 1766 4395 intelligi
1780 4311 1874 4390 cisii-

433 4421 527 4466 stasne
547 4402 640 4479 offert
662 4418 719 4461 tros
734 4402 803 4461 Deo
825 4407 990 4476 tomqmm
1011 4399 1133 4475 sacriti-
1184 4406 1273 4461 catos
1295 4401 1429 4474 spirito,
1456 4399 1529 4479 qnia
1549 4399 1718 4462 secundum
1740 4403 1874 4483 spiritu,

439 4493 541 4563 mm,
557 4488 634 4549 dnm
649 4487 756 4563 oratio
772 4505 832 4547 aare
846 4488 1132 4562 concupiscentiam
1186 4484 1277 4546 idest
1293 4486 1422 4546 enimam
1438 4505 1497 4547 non
1510 4494 1556 4545 cst
1566 4497 1713 4561 mortuns,
1728 4487 1786 4549 sed
1797 4490 1874 4550 νὶιιι

438 4585 582 4640 stostrom
608 4573 799 4650 mortificem
825 4576 861 4635 ia
887 4574 1001 4650 futoro
1027 4580 1132 4632 anum
1186 4573 1355 4653 permensit.
1389 4572 1467 4634 Nam
1485 4573 1648 4650 mitificare
1664 4594 1720 4655 pro
1734 4593 1790 4649 eo,
1805 4568 1873 4656 qaod

439 4663 533 4742 offert
555 4670 719 4739 nmquam
740 4660 977 4733 holocaustum,
1002 4659 1133 4735 quondo
1186 4668 1234 4719 est
1248 4661 1352 4719 vivum
1369 4678 1507 4732 servare,
1522 4681 1581 4720 non
1593 4661 1751 4736 occidere,
1767 4660 1873 4742 phrasi·

439 4752 499 4810 toti
524 4752 604 4827 patri
632 4755 698 4810 toto
730 4746 823 4806 corde
852 4748 923 4807 Deo
952 4749 1132 4807 sarciemus.
1186 4745 1608 4827 estScriptnrae,nt1Reg.
1625 4750 1695 4809 ih:
1727 4749 1874 4812 Visanest

439 4835 629 4917 Quamquam
645 4831 808 4914 simplicior
822 4850 927 4894 sensns
941 4840 1003 4905 eet,
1029 4832 1068 4892 ab
1084 4852 1132 4892 ec·
1184 4833 1349 4894 mulierem
1365 4851 1433 4894 non
1445 4834 1628 4911 moifleohut
1640 4836 1765 4912 Dauid,
1779 4838 1873 4898 ethi·

440 4920 507 4982 dem
521 4929 644 4982 anctore
658 4918 795 4992 traditus,
813 4919 962 4981 Christum
979 4918 1017 4979 ad
1033 4917 1133 4980 Deum
1187 4924 1232 4980 h:
1266 4921 1306 4981 Ut
1329 4928 1523 4997 asportarent
1550 4923 1700 5000 insontes
1726 4941 1815 4998 suos,
1839 4936 1873 4981 as

439 5027 495 5069 nos
508 5006 670 5080 adducere,
685 5005 846 5079 dnmeum,
861 5006 899 5067 ob
912 5016 1036 5085 peccate
1046 5006 1133 5067 nobis
1186 5007 1436 5084 vivificarentur.
1474 5006 1537 5069 Sed
1567 5010 1646 5089 qnid
1674 5004 1871 5092 magnnm'
