4442 5825
772 551 936 660 ressonis
953 593 993 650 so
1011 593 1176 651 nurus
1211 594 1294 651 vnis.
1316 595 1434 650 m-rr.

372 770 543 854 requisivit,
565 779 600 832 ut
613 770 704 852 paulo
724 778 794 851 post
809 769 926 834 dieitur.
949 774 1071 835 Inven-

372 868 435 920 tum
452 867 555 920 sutem
571 858 640 921 ideo
655 859 736 931 dicit,
759 868 793 920 ut
807 859 874 919 vult
889 860 1070 940 chrysosto-

371 965 451 1019 mus,
475 947 549 1026 quia
570 966 619 1007 res
642 956 707 1007 erat
729 946 855 1008 difficilis
878 957 911 1008 et
932 950 1071 1027 pretiose,

373 1053 530 1114 quamque
555 1053 642 1094 nemo
669 1033 746 1094 alius
771 1036 904 1114 reperire
930 1037 1070 1114 potuerit

371 1119 426 1181 Vel
450 1119 521 1180 ideo
544 1123 652 1200 potius,
675 1128 710 1179 ut
732 1121 893 1200 significet,
916 1120 1071 1183 Christum

372 1226 436 1270 ene
457 1215 581 1268 nesure
602 1207 816 1288 redemptionis
839 1208 995 1278 resolutis
1017 1229 1069 1269 eu·

373 1303 504 1371 iterem
530 1295 609 1357 sieut
631 1293 751 1357 locutus
773 1305 819 1356 est
845 1315 911 1375 cap.
936 1298 965 1356 2.
990 1295 1070 1356 Nem

372 1383 421 1462 qui
438 1400 489 1443 res
505 1401 601 1443 noves
622 1382 788 1457 inveniunt,
810 1391 950 1445 auctores
966 1402 1071 1444 eurum

372 1478 529 1530 voantur.

410 1555 505 1616 Hree
529 1562 679 1635 postrema
704 1556 823 1636 periodi
845 1575 916 1636 pars
937 1557 1072 1637 applicet

372 1641 491 1704 Christo
506 1645 651 1722 quintam,
674 1661 801 1723 umque
818 1652 998 1724 postremum
1014 1644 1069 1703 eir·

372 1730 580 1792 amsundrm
605 1731 747 1791 Asrouici
777 1731 953 1803 ministerii,
990 1748 1070 1811 quas

372 1826 435 1878 erat
458 1815 498 1879 de
522 1836 567 1892 eo,
591 1819 677 1895 eujus
695 1819 801 1897 gratia
827 1816 968 1878 Pontifex
991 1818 1071 1877 enim

371 1905 542 1966 herculeus
569 1905 753 1965 oblationem
777 1902 908 1966 faciebat
930 1925 984 1985 pro
1007 1903 1070 1965 suis

373 1999 399 2051 et
427 1992 536 2073 populi
566 1991 695 2071 peccatis
725 1991 900 2072 expiandis,
931 1990 1070 2052 Christus

372 2097 425 2140 sus
452 2078 608 2139 oblatione
635 2087 790 2139 aeternam
816 2079 929 2140 invenit
954 2078 1069 2139 redem-

372 2168 513 2248 ptionem
538 2165 599 2226 Ubi
611 2164 726 2246 duplex
737 2165 887 2227 indicatur
900 2167 1068 2227 discrimen.

372 2250 480 2326 Unum,
498 2250 651 2314 Christum
666 2274 727 2314 non
743 2273 796 2332 pro
808 2256 879 2327 suis,
894 2255 973 2314 sicut
987 2254 1068 2333 lega·

373 2340 406 2402 lte
421 2340 570 2422 pontifex,
593 2339 647 2400 sed
670 2348 785 2401 tuntum
809 2361 863 2418 pro
877 2341 985 2401 alienis
1001 2360 1069 2419 pec·

373 2431 447 2489 catis
459 2429 642 2488 sucrificium
653 2427 807 2488 obtulisse.
821 2427 968 2502 Alterum,
985 2427 1069 2489 Chri·

372 2517 410 2577 rti
431 2516 614 2576 sacrificium
637 2513 770 2576 valuisse
792 2514 831 2575 ad
854 2525 1004 2576 aeternam
1025 2534 1069 2574 ve·

373 2602 598 2684 demptionem
621 2623 682 2663 non
696 2601 766 2662 item
783 2602 962 2663 sucrificium
975 2603 1070 2661 Aaro-

372 2691 482 2753 uicum.
506 2688 544 2749 ld
557 2691 636 2750 enim
648 2689 875 2770 intelligendum
890 2689 1073 2769 relinquitur

372 2797 409 2839 ex
424 2775 579 2838 antithesi.

416 2868 467 2929 13.
491 2865 528 2927 Si
540 2867 626 2925 cuim
637 2866 767 2940 sanquis
775 2865 936 2925 hircorum
953 2870 982 2924 et
997 2870 1071 2926 tuu-

372 2970 497 3027 rosusm,
522 2960 552 3012 et
567 2954 648 3012 duit
663 2953 784 3013 vitulae
800 2970 946 3028 uspersus
961 2954 1070 3028 inqui·

371 3048 467 3103 rutae
478 3040 654 3116 sanctificat
666 3040 709 3097 ud
724 3041 982 3099 rotundationem
998 3058 1071 3099 cur·

372 3131 431 3190 rsit.
459 3127 604 3187 Probatio
620 3133 667 3186 est
681 3127 754 3204 ejus,
778 3127 861 3207 quod
877 3128 1012 3206 proxime
1027 3127 1070 3186 di·

372 3214 799 3290 ritroeternuredemptione
808 3218 950 3276 inventu.
958 3212 1071 3275 Graece

373 3322 432 3364 non
448 3312 513 3362 est:
530 3319 687 3377 aspersus,
705 3300 776 3361 sed:
800 3319 979 3378 asperseris,
995 3289 1071 3379 p‘uv-

374 3384 520 3464 τίζουσα,
552 3388 705 3467 trahitque
734 3408 833 3450 escum
863 3391 1071 3448 accusativum

373 3477 628 3556 subsequentem:
651 3479 848 3552 inquinatos,
872 3495 1003 3555 eumque
1025 3494 1070 3536 se-

373 3573 462 3644 parat
476 3584 496 3622 a
510 3561 618 3624 verbo:
642 3562 826 3638 sanctificat.
862 3562 952 3643 Quod
974 3570 1006 3624 et
1027 3563 1071 3621 vi·

373 3649 445 3713 dere
460 3657 506 3709 est
522 3651 553 3709 iu
574 3652 715 3710 versione
732 3651 867 3729 Syriaca.
896 3649 986 3729 Quae
1007 3650 1070 3730 qui·

373 3736 441 3799 dum
456 3736 548 3797 lectio
563 3736 690 3797 multum
706 3736 782 3797 lucis
797 3736 896 3798 adfert
911 3738 980 3799 huic
994 3736 1068 3818 peri·

373 3843 479 3905 copae.
502 3823 573 3883 Nou
596 3825 675 3884 enim
699 3826 791 3885 sentit
810 3824 981 3905 Apostolus,
1004 3843 1070 3884 ssu·

372 3914 498 3992 guinem
514 3910 661 3971 hircorum
678 3921 708 3971 et
719 3920 870 3973 murorum
886 3912 1072 3972 sanctificare

373 4001 580 4076 inquinatos,
603 3997 686 4079 quod
707 3998 822 4060 Graece
845 4006 909 4059 est:
931 4016 1072 4060 commu·

372 4089 508 4159 amator,
525 4084 555 4144 id
572 4097 618 4144 est
633 4105 693 4157 eos,
717 4087 769 4165 qni
784 4084 1002 4146 immunditiam
1018 4084 1071 4144 sli-

373 4192 466 4255 quam
491 4172 621 4252 legalem
648 4183 870 4234 contraxerant.
902 4173 981 4231 Nam
1004 4192 1071 4233 san·

372 4261 442 4341 guis
459 4259 629 4320 animalium
647 4260 825 4320 fundebatur
838 4258 877 4319 ad
890 4259 1072 4339 expiendum

373 4355 509 4429 paccata,
526 4346 637 4408 nonad
649 4346 798 4409 tollendas
815 4346 930 4425 legales
947 4349 1069 4406 immuu-

373 4432 476 4496 ditias.
499 4433 549 4493 Ad
571 4434 651 4494 hunc
675 4437 751 4496 enim
774 4453 860 4494 usum
882 4433 1073 4513 peculiariter

373 4522 515 4583 instituta
536 4529 600 4581 erat
622 4541 702 4601 aqua
726 4522 905 4599 aspersionis
921 4521 1074 4581 commista

374 4609 477 4670 einero
491 4626 605 4669 vaccae
619 4609 713 4670 rufae.

418 4693 481 4756 Sed
509 4694 581 4756 ordo
615 4697 778 4756 sententiae
805 4712 976 4772 sensusque
1004 4694 1073 4754 talis

374 4790 439 4845 ests
463 4781 554 4861 Quod
576 4783 602 4842 si
618 4785 741 4862 sanguis
765 4791 915 4841 taurorum
931 4789 962 4839 et
977 4779 1073 4841 hireo-

374 4888 449 4941 mm,
473 4877 504 4929 et
518 4870 595 4929 einis
616 4870 731 4930 vitulae
754 4888 844 4946 super
859 4868 1028 4948 inquinatos
1043 4874 1074 4928 et

374 4955 545 5020 inmundos
560 4975 699 5035 aspersus
723 4954 924 5017 sanctificavit
938 4953 1073 5016 homines

374 5042 416 5105 ud
439 5041 701 5117 emundationem,
727 5042 861 5106 Graece:
882 5046 1073 5119 puritatem,

1746 601 1817 671 211

1381 716 1394 746 Ι

1125 774 1239 852 cernis;
1262 773 1387 853 sanguis
1406 772 1527 855 quidem
1546 771 1719 834 animalium
1734 791 1819 852 prse-

1125 869 1208 922 stuns
1230 862 1275 932 iis,
1299 882 1352 941 pro
1373 861 1480 942 quibus
1505 859 1616 921 oblatio
1639 859 1745 933 fiebat,
1768 879 1819 920 ex·
1861 858 1864 862 “

1124 950 1287 1028 piationem
1310 958 1501 1028 peecatorum
1523 947 1668 1028 legalem,
1690 965 1753 1027 quu
1775 948 1821 1007 ni·

1123 1036 1231 1096 mirum
1254 1034 1331 1114 legis
1346 1035 1589 1096 comminationes
1605 1033 1816 1109 suaderentur,

1125 1123 1307 1184 conscientia
1322 1142 1394 1183 vero
1409 1125 1586 1202 neutiquam
1598 1120 1819 1194 emundaretur,

1125 1228 1206 1290 quae
1220 1209 1345 1290 proinde
1369 1207 1498 1271 carnalis
1514 1217 1544 1270 ot
1559 1219 1685 1270 exterus
1703 1215 1821 1269 tuntum

1125 1304 1191 1359 eret
1213 1295 1400 1377 purificati03
1422 1298 1497 1357 cinis
1520 1306 1620 1357 sutem
1642 1293 1755 1357 vitulae
1773 1315 1819 1356 as·

1125 1402 1238 1464 persus,
1261 1382 1476 1445 immunditiem
1497 1382 1606 1445 tollens
1621 1381 1724 1443 itidem
1739 1380 1819 1462 lega-

1123 1471 1184 1531 lem
1201 1478 1232 1531 et
1246 1479 1408 1542 externum,
1432 1490 1493 1550 qua
1513 1469 1755 1551 impediebantur
1769 1469 1820 1530 ho·

1124 1557 1229 1631 mines,
1250 1577 1290 1618 ne
1305 1558 1356 1618 vel
1372 1560 1465 1619 sacris
1480 1558 1667 1630 interessent,
1690 1555 1739 1620 rel
1754 1576 1821 1618 cum

1126 1644 1194 1705 aliis
1216 1654 1476 1718 conversarentur,
1499 1647 1617 1706 enimse
1639 1663 1712 1704 sero
1735 1662 1820 1705 mun·

1126 1732 1229 1792 ditiem
1256 1731 1369 1792 nullam
1395 1731 1561 1795 conferens.
1595 1731 1644 1792 De
1663 1732 1821 1812 'sanguine

1125 1827 1296 1891 taurorum,
1320 1819 1372 1899 qui
1394 1819 1596 1881 offerebantur
1617 1839 1672 1898 pru
1694 1826 1820 1899 peceato
1910 1881 1912 1884 ,

1125 1905 1299 1979 sacerdotis,
1323 1913 1355 1966 et
1369 1904 1528 1981 hircorum,
1551 1906 1604 1986 qui
1628 1925 1682 1986 pro
1696 1913 1819 1985 peccato

1123 1992 1236 2075 populi,
1258 1991 1343 2053 locus
1365 2001 1411 2052 est
1432 1994 1530 2055 Levit.
1549 1993 1577 2053 9.
1593 2002 1625 2053 et
1641 1996 1700 2068 16,
1723 1992 1763 2053 ds
1779 1994 1818 2055 ei·

1123 2100 1196 2142 nere
1222 2099 1333 2141 vaccae
1360 2079 1446 2142 rufae
1472 2088 1504 2140 et
1528 2100 1610 2161 aque
1635 2080 1821 2160 aspersionis

1123 2167 1212 2228 Num.
1224 2171 1271 2229 19.
1288 2166 1448 2228 Manifeste
1456 2175 1558 2228 autem
1569 2168 1658 2228 docet
1669 2167 1716 2227 hic
1729 2165 1819 2243 locus,

1124 2255 1197 2334 quid
1213 2253 1378 2335 Apostolus
1400 2254 1510 2323 sentiat
1529 2253 1567 2315 de
1584 2256 1694 2315 virtute
1708 2254 1819 2315 sacrifi·

1124 2343 1237 2402 ciorum
1264 2349 1295 2401 et
1318 2342 1571 2404 caeremoniarum
1593 2342 1702 2402 veteris
1728 2341 1820 2421 legis,

1124 2447 1203 2509 quus
1229 2447 1278 2488 res
1304 2428 1434 2508 amplius
1457 2429 1550 2487 etiam
1571 2429 1689 2509 petobit
1712 2446 1752 2491 ex
1775 2447 1819 2488 se·

1124 2515 1287 2596 questibus
1303 2515 1392 2594 hujus
1407 2515 1507 2594 Epist.

1167 2601 1329 2663 Caeterum
1358 2601 1434 2662 illud
1461 2601 1603 2663 lectorem
1628 2622 1689 2663 non
1710 2603 1819 2677 turbet,

1124 2688 1207 2768 quod
1232 2690 1289 2751 hoc
1315 2689 1380 2750 loce
1406 2696 1516 2750 tauros
1537 2686 1619 2749 dicat
1644 2689 1817 2770 Apostolus,

1124 2795 1202 2856 quos
1217 2777 1306 2857 paulo
1322 2786 1393 2838 ante
1407 2777 1542 2854 ouum
1558 2795 1595 2836 ac
1610 2796 1722 2852 rursus,
1736 2774 1819 2858 quod

1124 2864 1259 2925 vitulum
1280 2883 1336 2925 seu
1353 2867 1515 2945 juvencam
1538 2865 1678 2941 nominet,
1703 2863 1821 2928 Graece

1124 2942 1266 3028 δάμαλιν,
1290 2972 1379 3034 quarn
1401 2952 1505 3012 Moses
1526 2971 1654 3014 vaccum
1677 2953 1820 3033 appellet.

1124 3037 1203 3098 Nam
1229 3041 1260 3099 iu
1286 3039 1349 3113 his,
1379 3048 1502 3120 propter
1527 3047 1657 3102 aetatum
1683 3040 1820 3115 confinia,

1124 3124 1296 3205 frequenter
1324 3126 1450 3187 alterum
1480 3146 1535 3206 pro
1564 3126 1660 3187 altero
1690 3129 1819 3208 ponitur.

1124 3211 1173 3272 Ita
1194 3214 1291 3274 Lucus
1313 3212 1379 3274 Act
1397 3215 1448 3273 20.
1471 3214 1645 3292 Eutychum
1660 3214 1815 3279 Troadeu·

1124 3318 1188 3361 sem
1202 3298 1291 3376 inodo
1314 3295 1444 3374 νεανίαν,
1468 3301 1708 3377 adolescentem,
1731 3300 1819 3363 modo

1124 3381 1236 3462 uuida,
1249 3406 1399 3463 puerum,
1415 3394 1512 3450 vocat
1534 3387 1635 3468 Atque
1650 3388 1728 3450 hunc
1742 3389 1819 3450 seri-

1123 3483 1231 3555 pturee
1260 3494 1371 3535 morem
1401 3474 1536 3555 pluribus
1568 3475 1716 3555 exemplis
1742 3474 1819 3538 bene

1124 3560 1258 3621 declarat
1280 3561 1402 3623 Rihera.
1434 3562 1622 3642 Quousquem
1644 3563 1819 3643 Apostolus,

1125 3668 1180 3728 pro
1197 3667 1293 3710 vacco
1316 3648 1448 3711 scribens
1464 3650 1609 3724 vitulum,
1634 3659 1758 3712 secutus
1772 3659 1819 3712 est

1125 3734 1240 3809 Lxx,
1268 3738 1321 3816 qui
1348 3726 1496 3813 δάμαλιν,
1524 3734 1555 3796 id
1580 3745 1626 3797 est
1647 3741 1818 3813 mosacum

1125 3823 1351 3884 transtulerunt
1374 3822 1436 3884 Sed
1453 3832 1482 3883 et
1493 3822 1677 3885 Hebraicum
1692 3825 1818 3886 vocabu·

1125 3908 1188 3969 lum
1204 3919 1334 3971 sentem
1351 3930 1412 3970 nou
1427 3908 1614 3971 determinat.
1637 3912 1724 3973 Haec
1739 3914 1819 3973 enim

1125 4016 1164 4057 ex
1180 3996 1333 4075 adjunctis
1353 3996 1546 4078 intelligitur:
1570 4001 1723 4077 Praecipe
1746 4000 1821 4077 tiliis

1125 4083 1246 4159 lsrael,
1273 4085 1372 4164 inquit
1394 4085 1541 4145 Dominus
1566 4085 1606 4147 ad
1627 4086 1759 4159 Morem,
1784 4094 1821 4149 ut

1125 4171 1290 4231 adduceret
1305 4171 1349 4230 ad
1370 4178 1400 4231 te
1421 4190 1551 4233 vaccam
1574 4175 1686 4251 rusum
1707 4177 1820 4236 aetatis

1125 4261 1278 4334 inteprue,
1302 4262 1338 4318 ia
1360 4277 1425 4335 quo
1440 4260 1590 4322 uallauit
1612 4264 1740 4324 maculo
1755 4272 1821 4338 otc,

1125 4345 1178 4406 ubi
1193 4366 1247 4426 pro
1263 4364 1370 4421 veura,
1391 4347 1442 4407 alii
1452 4352 1636 4424 juvencam,
1653 4350 1706 4411 alii
1722 4350 1821 4412 buett-

1127 4432 1204 4509 lum,
1221 4432 1273 4493 alii
1283 4436 1427 4508 jucicem
1442 4435 1552 4496 Latine
1566 4436 1703 4498 reddunt.

1171 4524 1220 4583 14.
1255 4522 1382 4599 Quarto
1409 4524 1509 4597 mauis
1535 4527 1666 4600 scepsis
1692 4524 1820 4597 Gbrirti,

1126 4609 1253 4685 quipse·
1268 4609 1425 4683 Spiritum
1447 4617 1591 4671 mortum
1608 4616 1702 4671 semet
1717 4612 1821 4687 ipsum

1128 4693 1242 4755 obtulit
1255 4695 1495 4756 immaculatum
1513 4698 1590 4757 Deo.
1605 4697 1822 4775 Argumentum

1126 4787 1205 4843 esta
1220 4782 1325 4842 minori
1340 4781 1427 4841 simul
1443 4790 1474 4841 et
1485 4801 1503 4840 a
1514 4784 1714 4863 proportione,
1730 4782 1822 4863 paulo

1126 4876 1195 4948 post
1219 4888 1239 4928 a
1265 4867 1353 4930 nohis
1378 4866 1601 4946 explicandum.
1638 4869 1677 4932 In
1706 4868 1823 4932 Graeco

1126 4975 1187 5015 non
1218 4953 1345 5035 legitur:
1383 4956 1447 5015 Per
1474 4956 1632 5029 Spiritum
1660 4964 1821 5032 sanctum,

1126 5040 1197 5104 esdr
1223 5059 1284 5117 per
1304 5043 1453 5117 spiritum
1475 5046 1662 5121 artemam,
1684 5063 1739 5125 pro
1761 5062 1823 5123 quo

1548 5139 1619 5207 lt*
