4442 5825
772 626 992 690 trutbertus
1010 626 1178 683 ultumos.
1211 628 1296 683 tutte.
1313 628 1338 682 d.
1355 627 1381 681 7.
1493 678 1497 685 ,
1720 634 1791 705 145

353 804 510 877 missiones,
535 822 612 884 qnss
632 803 663 866 in
679 803 791 866 Genesi
812 806 949 886 legimne
973 804 1045 866 Jsm
1099 805 1236 867 bomines
1256 804 1426 866 bominibus
1450 827 1499 880 ee,
1526 824 1606 885 quse
1628 805 1707 866 bone
1726 813 1797 866 suut

353 892 422 949 euim
439 889 555 950 dictum
577 900 642 951 erst
661 893 689 950 ei
705 912 723 951 s
739 892 869 953 Domino
886 890 960 953 Gen.
979 894 1046 952 12:
1099 902 1133 954 et
1152 892 1312 966 relatiuis,
1336 901 1497 972 precentur
1511 912 1530 952 e
1545 893 1620 953 Deo.
1654 890 1716 953 Sed
1738 892 1795 952 boc

352 977 481 1038 Faciam
497 983 528 1036 tc
542 982 713 1053 tepentem
729 997 891 1054 maenum,
909 986 938 1038 et
953 979 1047 1038 bene·
1100 978 1263 1040 secundum
1278 998 1373 1058 genus
1388 999 1505 1040 rursum
1517 977 1631 1059 duplex
1646 988 1702 1038 est.
1725 977 1796 1038 Alis

353 1063 453 1124 dicem
465 1062 536 1137 tibi,
552 1072 582 1124 et
593 1065 802 1141 mcpnilicebo
814 1081 932 1125 nomeu
944 1073 1046 1139 tuum,
1100 1085 1233 1144 numque
1246 1066 1388 1141 culperis
1399 1074 1445 1127 est
1454 1066 1632 1135 benedictio,
1650 1064 1688 1126 ud
1704 1083 1795 1145 qnsm

353 1153 472 1227 erisque
488 1148 688 1228 benedictum
711 1154 800 1212 item:
816 1155 857 1212 In
872 1158 903 1211 te
919 1151 1046 1212 bencdi-
1100 1151 1208 1212 sufficit
1223 1154 1339 1212 suimus
1362 1151 1469 1213 serens
1485 1160 1517 1213 et
1530 1151 1710 1227 benevolum
1737 1150 1798 1210 slis

352 1243 460 1297 untur
485 1239 658 1298 uniuersae
688 1241 893 1314 copnotioecs
922 1245 1046 1312 terruc;
1100 1239 1250 1314 solennis,
1266 1237 1306 1298 sd
1322 1258 1411 1316 quem
1427 1239 1589 1318 requiritur
1603 1237 1796 1325 velotlicium

354 1333 378 1382 et
406 1342 477 1401 esp.
511 1327 578 1384 te:
615 1325 747 1385 Ootncm
777 1333 912 1399 mam,
950 1342 1045 1401 quum
1100 1324 1270 1406 publicum,
1285 1324 1335 1386 vel
1352 1327 1524 1386 auotoritas.

353 1412 522 1485 conspicis,
538 1408 596 1468 tibi
610 1409 692 1471 dubo
708 1419 738 1470 et
752 1414 865 1471 semini
879 1418 934 1470 tuo
949 1427 1047 1487 usquc
1144 1409 1241 1471 Priori
1256 1410 1344 1471 modo
1360 1430 1419 1471 non
1441 1404 1535 1472 solum
1558 1413 1689 1488 majores
1704 1411 1796 1470 mine·

353 1497 948 1574 irscsupitcruum3fcciumqucscmcn
956 1504 1046 1557 tuum
1099 1497 1196 1570 ribus,
1220 1517 1326 1557 rerum
1348 1499 1438 1557 etium
1461 1497 1606 1578 aequales
1620 1495 1797 1576 aequalibus

354 1586 427 1642 sicut
440 1583 608 1659 pulverem
625 1591 729 1643 terrm
744 1592 800 1644 etc.
1100 1590 1132 1642 et
1146 1583 1274 1643 minores
1288 1582 1453 1660 majoribus
1469 1584 1658 1650 benedicunt.
1686 1582 1751 1642 Imo
1767 1589 1798 1640 et

312 1699 314 1705 ·
391 1673 420 1728 7.
446 1671 525 1730 Sine
549 1670 619 1729 ullu
647 1677 752 1730 cutem
783 1670 1047 1741 contradictione,
1101 1673 1186 1748 pueri
1200 1670 1406 1730 Hebraeorum
1418 1671 1475 1729 boe
1486 1690 1599 1750 genere
1613 1669 1796 1730 benedictio·
1888 1691 1894 1703 ·

355 1757 434 1832 quod
449 1759 560 1815 minus
575 1762 636 1830 cst,
662 1774 684 1815 a
698 1759 828 1817 meliore
843 1756 1047 1817 benedicitur.
1100 1757 1148 1814 nis
1171 1775 1243 1836 erge
1268 1755 1419 1816 Christum
1441 1759 1488 1816 usi
1514 1765 1598 1828 sunt,
1624 1753 1747 1836 quondo
1769 1755 1798 1814 ei

356 1843 629 1917 Contradicts'oue,
653 1842 683 1901 id
699 1851 747 1903 est
761 1843 975 1904 controversie.
998 1840 1048 1901 Sic
1101 1840 1363 1903 ecelemevemntr
1379 1844 1555 1920 Heronem
1573 1853 1605 1904 et
1615 1843 1737 1904 Simeon
1752 1858 1796 1900 se·

356 1931 427 1987 euim
442 1927 572 1989 eundem
592 1949 693 1989 vocem
718 1928 865 1990 Grsecem
887 1929 979 1989 vertit
1000 1946 1047 1985 ce·
1100 1948 1160 1988 nex
1176 1948 1249 2008 erge
1264 1929 1391 1990 Murism
1413 1939 1445 1989 et
1458 1930 1590 2010 Josepb,
1616 1926 1737 2009 quaudo
1755 1927 1797 1985 eis

357 2016 409 2094 pite
424 2016 583 2095 superiori.
607 2017 647 2076 Et
661 2017 741 2096 quod
757 2015 919 2076 hebernus:
946 2034 966 2074 a
981 2031 1048 2072 mc·
1099 2013 1262 2088 benedixit,
1279 2015 1353 2076 Luc.
1371 2019 1409 2088 2.,
1425 2025 1454 2076 et
1473 2015 1636 2078 seeundum
1652 2013 1798 2095 quendem
1885 2050 1893 2066 ι

358 2102 446 2177 licre,
475 2103 529 2163 slii
550 2112 687 2163 vertunt:
713 2122 735 2162 u
757 2107 878 2178 majore
885 2147 895 2177 ,
917 2101 981 2162 vel:
1008 2100 1048 2161 ab
1101 2104 1192 2161 etism
1221 2121 1294 2181 erge
1323 2121 1446 2182 puerum
1475 2103 1593 2164 desum.
1638 2099 1799 2163 Posteriori

360 2207 403 2267 eo,
420 2190 510 2270 quod
523 2193 695 2263 mujuecst.
727 2190 828 2250 Minus
843 2191 924 2250 euim
940 2187 1049 2247 dicitnr
1101 2191 1188 2251 modo
1212 2191 1338 2268 primum
1366 2189 1486 2268 quidem
1512 2187 1691 2262 secerdotes,
1722 2198 1796 2247 tum·

359 2288 488 2360 respectu
500 2279 632 2360 majoris.
655 2277 807 2357 Interpres
823 2275 1049 2357 'Pheopbylscti
1101 2297 1190 2356 quum
1207 2278 1334 2337 ministri
1350 2286 1380 2337 et
1396 2279 1499 2336 ricerii
1516 2276 1591 2346 Dei,
1616 2273 1800 2335 benedicunt

360 2365 522 2426 trsnstulit:
546 2385 566 2426 u
578 2366 709 2444 potiori.
745 2362 880 2426 Graecus
894 2383 1047 2444 compere-
1101 2364 1222 2444 populo,
1238 2365 1370 2424 sicuteis
1384 2375 1573 2444 praeceptum
1585 2362 1742 2422 iuitNum.
1760 2361 1797 2433 6.,

361 2456 429 2516 brus
457 2448 636 2531 κρείττονος
665 2452 704 2513 ed
730 2453 804 2512 brec
831 2454 930 2514 omnis
959 2449 1049 2512 iecile
1102 2447 1696 2530 praescriptsetismverborumformuls,
1709 2462 1800 2527 quem

361 2551 441 2618 petet.
464 2539 563 2600 .Illud
594 2540 692 2601 obiter
720 2539 882 2613 sdmeueo,
911 2523 1050 2621 quemvis
1102 2547 1309 2617 sequerentur.
1332 2536 1422 2598 Unde
1436 2545 1467 2597 et
1481 2548 1577 2598 rstsm
1592 2555 1696 2596 eorum
1710 2533 1799 2595 bene·

361 2624 440 2688 dictio
460 2630 569 2688 minos
591 2628 682 2687 etism
703 2628 734 2687 in
749 2624 868 2687 Graeco
892 2628 931 2687 sit
951 2623 1051 2685 neutri
1103 2622 1264 2684 dictionem
1279 2644 1311 2684 se
1324 2623 1511 2697 habiturum,
1526 2623 1675 2684 Dominus
1690 2619 1800 2681 ibidem

361 2716 488 2791 generis,
516 2711 675 2794 obliquum
694 2723 791 2773 temen
810 2714 939 2774 meliore
961 2713 1050 2771 etism
1103 2710 1396 2793 pollicetur,dieenr:
1412 2711 1801 2787 Iuveccbuutqucucmcn

361 2800 517 2863 ieGrseco
534 2818 624 2879 posse
646 2799 686 2859 ed
708 2809 868 2878 utrumque
890 2818 986 2879 geum
1001 2816 1050 2856 sc·
1103 2816 1207 2859 mcum
1223 2816 1319 2874 super
1339 2798 1422 2875 tilios
1440 2798 1564 2872 Israel,
1591 2804 1620 2857 ct
1635 2813 1691 2872 cpe
1706 2794 1801 2856 bene·

360 2885 552 2961 commodari,
573 2896 713 2947 neutrum
735 2887 849 2948 scilieet
868 2895 899 2946 et
912 2884 1050 2948 musculi·
1103 2883 1208 2945 dicum
1225 2887 1276 2945 eis.
1300 2885 1375 2947 Item
1391 2881 1543 2960 Christus,
1558 2885 1689 2945 emnium
1702 2899 1800 2942 secer·

361 2994 431 3035 uum
463 2973 511 3034 Ac
525 2974 604 3034 torte
618 2975 730 3034 rectius
753 2968 948 3033 masculinnm
963 2971 1051 3033 intel·
1106 2969 1208 3031 dotum
1225 2992 1374 3042 summus,
1390 2971 1448 3032 bec
1462 2970 1551 3032 modo
1566 2969 1717 3031 benedixit
1733 2986 1800 3045 per·

359 3059 463 3141 igitur
502 3060 582 3121 llum
605 3062 665 3120 etsi
688 3080 748 3120 uon
775 3060 870 3121 solum
898 3077 1053 3137 percense,
1104 3057 1201 3131 velie,
1224 3059 1317 3119 Murci
1337 3060 1401 3129 10.,
1420 3067 1451 3118 ct
1466 3057 1620 3137 discipulis
1636 3057 1713 3130 suis,
1728 3056 1801 3116 Lne

358 3147 402 3209 sed
418 3157 450 3207 et
470 3166 521 3208 res
543 3146 778 3218 benedicuntur,
809 3144 988 3208 benedicere
1009 3152 1051 3203 ts·
1107 3148 1156 3206 24.
1180 3144 1299 3206 Deinde
1314 3146 1465 3224 pertinent
1486 3143 1545 3205 buc
1565 3142 1802 3214 benedictiones,

357 3254 420 3295 nen
437 3234 560 3314 proprie
576 3232 671 3293 solius
687 3252 835 3312 personne
854 3242 908 3293 est
942 3231 1053 3311 Iteque
1105 3232 1216 3309 quibus
1235 3230 1323 3291 Issse
1346 3241 1377 3291 et
1399 3230 1497 3292 Jecob
1521 3230 1590 3291 tiliis
1609 3227 1801 3291 benedixisse

355 3321 472 3381 nslimr
488 3339 509 3380 u
524 3320 666 3394 meliore,
681 3319 749 3380 vel:
765 3338 787 3379 o
801 3324 944 3397 nscjor03
963 3337 1052 3399 quem
1105 3317 1248 3396 leguntur
1263 3316 1339 3379 Gen.
1356 3318 1406 3377 et.
1422 3325 1453 3377 et
1468 3317 1537 3391 48.;
1561 3336 1676 3377 necnon
1699 3334 1734 3374 es
1749 3312 1800 3374 be·

355 3427 419 3467 eum
443 3408 587 3467 &semor
617 3405 658 3466 cb
681 3425 734 3480 cc,
764 3406 851 3483 quod
872 3410 977 3481 urujsss
1000 3411 1052 3466 cst
1106 3404 1247 3474 nedietio,
1263 3421 1324 3483 qus
1338 3402 1481 3465 Selomou
1492 3402 1682 3463 benedixisse
1693 3399 1803 3478 legitur

355 3492 450 3554 Porro
465 3494 624 3573 perspicus
643 3501 688 3552 est
702 3492 842 3573 Apostoli
863 3498 1052 3572 arguments·
1105 3493 1186 3553 omni
1201 3489 1360 3551 Ecclesiae
1374 3488 1486 3562 Isrsbl,
1510 3488 1539 3549 id
1562 3498 1611 3551 est
1635 3486 1747 3569 populo
1762 3483 1802 3546 sd

354 3582 404 3640 tie.
443 3579 547 3640 llinor
561 3589 623 3651 est,
650 3580 704 3658 qui
721 3577 925 3652 benedicitur,
950 3580 1054 3659 mejer,
1106 3577 1325 3640 dedicstienem
1340 3576 1447 3657 templi
1464 3583 1655 3656 congregato.

354 3668 407 3745 qui
420 3665 594 3742 benedicit,
621 3667 707 3746 etqui
723 3663 947 3726 Melchisedech
961 3666 1051 3728 bene
1149 3664 1342 3727 turrheno
1363 3664 1561 3745 posteriorem
1583 3661 1703 3725 modum
1717 3667 1803 3722 extre

355 3751 436 3814 dixit
458 3751 616 3827 Abrsbe03
644 3771 716 3831 ergo
739 3759 785 3811 est
807 3771 844 3812 ee
863 3752 967 3832 major.
1004 3751 1054 3811 Ex
1106 3752 1338 3813 controversiam
1355 3759 1417 3822 est,
1433 3748 1477 3823 id,
1493 3747 1689 3829 quodminus
1704 3754 1803 3819 est,s

355 3858 417 3919 qus
426 3838 622 3899 conclusione
632 3837 706 3918 quid
717 3837 845 3898 ulterius
856 3838 958 3918 colligi
971 3837 1054 3909 relit,
1106 3838 1220 3917 majore
1248 3835 1401 3914 benedici3
1432 3836 1505 3897 licet
1531 3837 1701 3915 continget,
1726 3852 1803 3905 eum,

350 3927 413 4003 jem
437 3944 531 4006 suprs
555 3925 700 3999 diximus,
727 3933 757 3985 et
779 3925 846 4005 ipse
868 3925 959 4005 psulo
986 3930 1056 4005 post
1106 3927 1160 4005 qui
1177 3923 1228 3985 rel
1244 3923 1355 3995 officio,
1378 3922 1430 3985 vel
1445 3925 1622 3986 auetoritste
1636 3921 1732 3999 major
1747 3926 1802 3992 est,

353 4012 481 4090 aperiet.
853 4007 856 4011 ’
1106 4020 1141 4072 ut
1155 4009 1333 4070 benedicere
1355 4011 1467 4088 possit,
1493 4009 1561 4069 eliis
1583 4006 1719 4088 pertibus
1735 4024 1804 4069 esse

395 4097 459 4159 Sed
476 4097 559 4159 dieet
573 4098 701 4178 uliquis:
723 4096 880 4178 Quomodo
904 4099 970 4158 sine
984 4116 1053 4157 con·
1107 4098 1267 4169 minorem,
1293 4104 1327 4155 ut
1341 4098 1498 4157 ssuetitste
1521 4094 1572 4158 vel
1587 4096 1723 4175 potentis
1737 4111 1803 4154 sse·

357 4185 508 4245 muressis
521 4204 627 4246 remur
642 4194 704 4257 est,
720 4183 766 4256 id,
790 4183 872 4263 quod
887 4186 985 4244 minus
1000 4191 1055 4255 est,
1108 4182 1211 4244 culsri.
1244 4180 1334 4263 Quod
1350 4190 1450 4244 eutem
1461 4255 1462 4258 Ἴ
1473 4181 1530 4243 bec
1545 4180 1632 4242 medo
1649 4178 1803 4242 Melchise-

356 4290 377 4330 ι
391 4271 511 4349 srsjere
521 4269 675 4345 benedici3
691 4290 782 4350 quum
798 4280 829 4330 et
839 4271 976 4331 homines
987 4269 1055 4330 Deo
1107 4268 1186 4330 decb
1213 4268 1400 4331 benedixerit
1430 4268 1586 4344 Abrsbse,
1610 4266 1803 4330 menifestum

356 4356 551 4430 benedicent,
574 4366 604 4417 et
625 4360 754 4417 minores
777 4355 940 4436 majoribus
962 4373 1056 4436 ssepe
1107 4365 1206 4418 estex
1221 4355 1364 4429 historie,
1390 4364 1453 4416 tum
1472 4358 1543 4437 quis
1566 4354 1743 4417 describitur
1757 4372 1804 4413 ss·

352 4443 628 4525 ismpreeentur,
638 4442 716 4524 quod
727 4440 983 4504 estbenedieerei
997 4443 1055 4504 Re·
1107 4442 1214 4504 cerdes
1229 4442 1288 4503 Dei
1303 4441 1449 4515 altissimi,
1464 4450 1528 4503 tum
1544 4444 1617 4522 quie
1630 4441 1759 4503 decimes
1775 4440 1804 4499 ei

356 4529 511 4610 spondeo,
526 4538 722 4608 prseteresm
733 4529 979 4603 benedictionem,
995 4549 1055 4610 qus
1107 4527 1193 4591 dedit
1208 4527 1372 4589 Abrabam.

354 4618 441 4677 Deus
453 4616 634 4677 benedicere
646 4617 755 4677 dicitur
764 4618 918 4690 creaturis,
934 4615 1055 4696 quando
1151 4614 1240 4696 Quod
1255 4633 1328 4675 vero
1344 4613 1485 4693 objicitur
1509 4635 1528 4676 s
1550 4611 1717 4684 nonnullis,
1743 4611 1802 4673 lio·

354 4706 400 4763 eis
420 4704 589 4778 benefecit,
611 4702 725 4784 duplex
749 4719 816 4764 esee
837 4702 1055 4764 benedictionis
1106 4721 1227 4762 menum
1243 4701 1419 4762 Pontificem
1440 4702 1607 4763 consecrari
1623 4699 1662 4760 eb
1676 4699 1803 4780 Episco-

353 4792 501 4869 genesin
515 4788 687 4870 scripturis.
718 4788 771 4848 Est
787 4791 866 4850 enim
883 4788 1055 4850 benedictio
1107 4808 1146 4867 po
1162 4788 1309 4860 Ostiensi,
1337 4796 1367 4847 et
1381 4787 1648 4868 Arcbiepiseopum
1663 4787 1702 4849 sb
1717 4786 1804 4866 Elpis·

353 4874 456 4937 lsudis
472 4881 502 4935 et
517 4877 679 4955 puberum
695 4876 829 4948 sotionis,
844 4895 905 4953 que
920 4874 1056 4935 homines
1107 4876 1191 4953 copis
1213 4874 1424 4950 suffregsneis,
1458 4885 1488 4934 et
1510 4893 1617 4954 eorpus
1639 4873 1805 4934 Dominis

352 4960 456 5023 Deum
472 4961 658 5024 benedicere
668 4960 816 5023 dicuutur.
845 4964 902 5023 Est
916 4968 948 5020 et
962 4960 1056 5020 benc·
1108 4960 1281 5036 sucerdote3
1297 4980 1333 5021 sc
1347 4958 1490 5039 preinde,
1506 4958 1587 5038 quod
1602 4960 1700 5041 majus
1715 4967 1771 5033 est,
1785 4977 1806 5019 s

356 5049 457 5111 didio
479 5049 580 5109 bunne
602 5050 841 5129 impreestionis,
863 5045 1058 5129 qus-seilicet
1109 5047 1228 5110 minore
1250 5043 1390 5110 benedici
1414 5044 1504 5107 etiem
1526 5046 1646 5110 solenni
1666 5045 1805 5110 benedic·

408 5146 765 5189 “instituentium
859 5146 861 5148 ’
1562 5152 1608 5216 m
