4442 5825
787 595 949 653 svnrosss
966 596 1006 651 so
1023 596 1188 652 manos
1218 595 1302 651 vsvs.
1320 596 1345 648 r.
1664 605 1667 609 ·
1710 596 1785 667 235

371 770 1040 854 upcsonuretertur,praesertimdneum;
1089 774 1163 835 teris
1192 772 1313 836 oraculo
1339 770 1444 834 divino
1469 767 1559 831 fidam
1587 767 1785 830 abnuentibus

371 858 600 940 quenadmodum
623 869 655 921 et
674 879 784 921 nomen
806 862 833 920 ei
856 860 1040 940 respondens
1090 869 1181 943 atque
1210 859 1285 921 illud
1312 857 1587 930 contemnentibus,
1615 857 1679 938 ipse
1705 856 1787 916 solus

371 939 500 1023 riis'deta,
523 966 577 1028 pro
599 965 661 1028 qua
681 950 893 1007 reuerentiam
913 945 1041 1026 legimns
1090 947 1226 1009 credidit.
1260 946 1307 1007 Ad
1335 963 1445 1007 orcam
1469 945 1597 1005 reiuuut
1620 943 1786 1023 Theophy·

371 1053 415 1115 ap.
428 1036 456 1095 b.
470 1031 569 1107 Addo,
583 1032 667 1114 quod
677 1052 784 1115 parum
795 1033 950 1095 commode
962 1033 1040 1095 idem
1089 1035 1188 1095 lactus
1203 1043 1233 1095 et
1248 1032 1459 1105 Oecnmeuins,
1481 1050 1537 1092 neo
1558 1050 1619 1092 non
1633 1030 1787 1105 Erasmus,

371 1140 407 1182 uc
416 1119 537 1181 verbnm
548 1139 617 1181 cum
629 1121 854 1200 praepositione
868 1110 947 1197 περὶ,
962 1140 1041 1202 quas
1090 1130 1151 1182 tam
1166 1122 1198 1182 in
1213 1121 1400 1203 paraphrasi,
1422 1138 1514 1199 quam
1537 1119 1569 1179 in
1583 1119 1732 1192 versione,
1756 1118 1789 1177 in

371 1204 509 1269 r(iraeco
525 1215 579 1282 est,
602 1208 794 1269 construitur.
818 1209 958 1288 Denique
973 1227 1039 1269 con·
1091 1227 1169 1288 qua,
1195 1217 1229 1268 ut
1251 1205 1476 1286 ambiguitatem
1500 1204 1635 1279 tolleret,
1658 1204 1788 1266 relativo

371 1295 505 1357 saionem
516 1314 554 1355 ac
564 1312 687 1356 sonsum
702 1300 901 1355 memoratum
915 1293 1042 1374 Syriaca
1090 1313 1201 1356 orcum
1216 1294 1392 1373 adscripsit:
1405 1311 1466 1370 par
1479 1310 1575 1370 quum
1588 1309 1696 1352 orcum
1709 1309 1787 1353 coa·

371 1380 501 1443 tanslatio
531 1379 632 1461 palam
661 1379 799 1457 exhibet,
842 1389 877 1439 ut
904 1382 1042 1441 nimirum
1091 1379 1257 1443 dcmnoos't
1281 1379 1450 1441 mundum.
1472 1379 1515 1440 Ut
1536 1377 1584 1439 hic
1605 1379 1647 1438 sit
1665 1396 1791 1439 sensus:

371 1467 540 1549 iudicans,
562 1467 639 1542 liud
661 1466 818 1529 defuturo
834 1467 948 1528 diluvio
964 1466 1041 1527 divi·
1092 1468 1169 1542 Nos,
1190 1466 1259 1528 dum
1274 1487 1328 1548 pro
1344 1465 1443 1528 salute
1462 1484 1536 1526 suae
1560 1464 1665 1527 domus
1687 1484 1789 1525 arsam

371 1555 426 1615 itss
439 1552 634 1627 admonitum,
646 1554 740 1634 ipsius
753 1555 813 1615 Dei
828 1555 931 1614 timore
946 1575 982 1614 ac
996 1573 1042 1614 re·
1092 1557 1254 1615 immensae
1276 1554 1363 1615 molis
1378 1552 1515 1626 fabricat,
1538 1561 1568 1614 et
1589 1554 1621 1613 iu
1643 1572 1678 1613 eo
1699 1571 1790 1632 opere

371 1638 1042 1722 miaoorreptum,ieciess,quodseqnitur:
1092 1641 1203 1701 multos
1218 1661 1314 1702 annos
1338 1641 1493 1714 consumit,
1515 1639 1616 1721 palam
1637 1638 1731 1700 verbo
1747 1638 1789 1698 la·

392 1729 525 1806 aptavit
554 1745 664 1789 orcum
701 1730 737 1789 in
766 1728 899 1789 saluum
930 1728 1044 1789 domus
1093 1736 1204 1809 ctoque
1232 1746 1370 1802 mouens,
1403 1725 1597 1787 metuendum
1623 1745 1691 1787 ease
1716 1723 1789 1786 dilu·

371 1832 431 1877 ssr.
454 1818 599 1892 Aptooit,
623 1812 719 1874 idest
741 1817 908 1896 apparavit,
930 1822 1042 1877 exstru-
1092 1815 1191 1889 vium,
1218 1815 1441 1876 executionem
1462 1813 1635 1875 hominibus
1657 1811 1791 1885 abstulit,

371 1899 542 1975 ffiGraece
564 1893 782 1963 κατεσκεύασε.
804 1901 862 1969 Διὶ,
875 1901 954 1963 hanc
976 1922 1040 1981 par·
1094 1920 1210 1983 eosque
1233 1903 1334 1974 exitio,
1357 1902 1438 1984 quod
1462 1899 1611 1962 credendo
1634 1909 1666 1960 et
1688 1901 1790 1981 poeui-

371 1996 410 2051 Ι
421 1986 597 2051 reiemndns
611 1995 658 2048 est
671 1987 820 2049 ablativus
834 1989 906 2067 tide,
929 1990 1044 2076 positus
1094 1991 1218 2049 tentiam
1235 1988 1353 2069 agendo
1365 2007 1548 2070 praecavere
1559 1986 1710 2061 nolebant,
1726 1985 1790 2067 dig·

371 2074 434 2137 'aiio
459 2077 637 2137 amuntha
663 2076 744 2137 atde
769 2079 906 2153 optavit,
933 2074 964 2136 id
991 2084 1045 2149 cst,
1093 2096 1148 2137 nos
1164 2077 1274 2155 arguit
1300 2076 1361 2136 Hic
1376 2094 1481 2138 sensus
1503 2094 1564 2135 non
1584 2074 1681 2136 solum
1696 2073 1793 2134 textui

371 2158 488 2224 flecma
502 2169 596 2242 atque
610 2160 758 2242 impulsus
774 2181 809 2223 ea
823 2162 884 2224 fids
904 2183 965 2245 qua
979 2183 1042 2224 cro·
1094 2163 1318 2224 convenientior
1337 2170 1392 2236 eet,
1414 2181 1518 2223 verum
1542 2164 1630 2223 etiam
1648 2160 1793 2222 antithesi

371 2242 451 2322 labat,
470 2267 544 2309 vera
559 2266 635 2324 esse,
656 2267 737 2329 quae
751 2249 839 2313 Deus
854 2252 913 2330 ipsi
929 2249 1043 2311 revela·
1095 2247 1226 2331 quadam
1238 2249 1418 2328 jucundior:
1441 2251 1550 2310 Arcam
1565 2248 1646 2324 lecit,
1668 2269 1730 2329 qua
1745 2246 1790 2308 sa·

371 2343 442 2408 mot,
463 2354 565 2396 arcam
579 2335 749 2410 fabricavit,
773 2355 834 2418 qua
848 2338 990 2413 domum,
1013 2335 1045 2397 id
1094 2336 1207 2398 millam
1229 2355 1314 2397 suam
1337 2337 1484 2410 servavit,
1506 2342 1536 2396 et
1558 2334 1703 2396 mundum
1723 2354 1791 2396 con·

371 2428 414 2495 Ι,
438 2419 585 2484 familiam
613 2440 701 2482 suam
726 2442 764 2484 ex
789 2433 858 2485 octo
887 2424 1046 2487 animabus
1094 2423 1259 2486 demum-it

371 2517 545 2582 mam,
560 2508 600 2570 ab
614 2527 761 2590 aquarum
776 2511 971 2573 inundatione
985 2531 1046 2572 ser·
1139 2511 1231 2571 Porro
1248 2510 1402 2572 decorum
1418 2508 1639 2583 incredulitate,
1662 2511 1713 2592 qui
1727 2509 1792 2571 lue·

371 2605 436 2657 ruet
463 2598 642 2670 immunem,
672 2597 716 2657 uti
743 2596 853 2677 legitur
879 2598 988 2660 Genea
1016 2599 1045 2658 6.
1095 2606 1165 2658 runt
1179 2606 1313 2679 tempore
1329 2597 1405 2672 Not,
1421 2598 1478 2659 etsi
1495 2597 1596 2658 lioses
1612 2606 1716 2677 aperto
1729 2618 1791 2660 non

371 2676 441 2763 bd
463 2682 526 2742 hnc
547 2681 647 2743 adfert
668 2682 844 2745 Ambrosius
865 2684 1046 2748 catherinus
1095 2686 1239 2760 meminit,
1261 2705 1311 2746 res
1333 2692 1435 2745 tamen
1448 2685 1515 2764 ipsa
1533 2682 1675 2764 loquitur,
1698 2687 1793 2747 incre·

371 2766 554 2849 asorepuc,
569 2768 726 2845 scribente,
741 2769 839 2832 Adam
855 2773 1047 2851 praedixisse,
1097 2770 1186 2832 dulos
1206 2770 1425 2853 praedicationi
1447 2771 1515 2833 Not
1535 2769 1636 2832 inissa
1663 2771 1742 2833 Nam
1766 2772 1793 2834 si

371 2856 456 2918 udi
481 2857 682 2918 vastationem
704 2856 797 2919 semel
821 2867 916 2940 atque
940 2860 1047 2921 iterum
1095 2857 1303 2934 credidissent,
1319 2859 1503 2939 ntiqueejus
1515 2858 1679 2922 monitiset
1694 2877 1792 2922 exem·

371 2939 428 3017 hs,
451 2944 548 3023 primo
569 2964 624 3025 per
645 2963 743 3023 aquas
767 2945 892 3021 diluvii,
914 2943 1047 3008 secundo
1094 2945 1146 3028 plo
1162 2948 1314 3008 cavissent
1329 2944 1505 3026 periculum.
1538 2946 1578 3006 Et
1593 2944 1713 3026 quidem
1728 2945 1794 3007 ida

371 3029 519 3109 pignam
543 3030 576 3091 in
589 3029 706 3091 ultimis
720 3030 842 3094 diebus:
865 3032 905 3095 ad
920 3052 1046 3115 apocry-
1096 3034 1190 3094 Patro
1215 3033 1361 3113 Apostolo
1384 3052 1560 3111 expressum
1583 3041 1630 3093 est
1655 3037 1670 3093 1
1695 3033 1794 3115 Epist

371 3111 631 3194 pbsnarrationes
643 3117 840 3197 rejiciendum
854 3128 937 3201 puto.
955 3118 1048 3201 Quod
1097 3124 1143 3185 a:
1170 3122 1242 3199 Qui,
1266 3121 1372 3200 inquit,
1393 3120 1552 3181 increduli
1572 3120 1708 3197 sacrarat
1730 3121 1794 3181 oii-

371 3219 426 3264 mo
445 3202 547 3278 addit,
569 3203 655 3278 uos,
680 3223 748 3265 eam
772 3206 963 3287 prophetiam
985 3205 1047 3267 dds
1097 3207 1246 3285 quondo,
1274 3206 1406 3285 quando
1429 3206 1629 3284 respectabat
1649 3207 1712 3267 Dei
1730 3226 1794 3284 po·

371 3287 534 3368 nplsxnm,
555 3291 704 3351 meruisse
717 3308 895 3373 responsum
910 3293 1047 3374 accipere
1096 3296 1210 3355 ticatio
1236 3288 1292 3369 (sic
1318 3293 1398 3354 onim
1424 3288 1597 3370 legendnm)
1622 3297 1660 3354 tra
1686 3293 1795 3354 diebus

371 3373 460 3449 ilico,
475 3374 558 3457 quod
573 3378 615 3437 ita
636 3376 770 3438 tutorum
790 3388 889 3453 met,
914 3379 1047 3459 ideoqns
1095 3382 1175 3457 Nod,
1198 3399 1270 3441 cum
1290 3379 1511 3458 fabricaretur
1525 3397 1613 3439 orco.
1636 3379 1796 3460 Significat

371 3457 490 3537 uum,
504 3471 538 3523 ut
552 3472 739 3527 construeret
754 3485 855 3527 arcam
869 3468 902 3528 in
918 3467 1047 3529 salntem
1096 3467 1154 3528 boc
1168 3470 1265 3547 ipsum
1281 3465 1429 3540 Christus,
1444 3485 1538 3547 quum
1554 3465 1636 3539 dicit,
1651 3485 1712 3539 eos,
1731 3486 1792 3527 om·

371 3563 428 3610 nas
441 3549 565 3628 domus,
587 3551 676 3631 quasi
692 3549 731 3612 de
745 3551 805 3614 hac
819 3552 889 3627 fide,
905 3573 967 3636 qua
980 3552 1049 3614 Not
1097 3556 1151 3616 nia
1165 3553 1254 3614 solita
1275 3552 1431 3626 iacientes,
1455 3572 1515 3613 non
1531 3555 1720 3631 cognovisse,
1742 3550 1793 3612 do·

371 3631 483 3697 nlidic
502 3637 702 3716 praedictioni
723 3640 813 3720 primi
834 3642 984 3721 parentis,
1005 3638 1047 3700 lo·
1097 3660 1155 3702 nee
1168 3642 1252 3702 venit
1267 3639 1415 3702 diluvium
1429 3648 1461 3700 et
1475 3638 1547 3722 tulit
1561 3657 1672 3714 omnes,
1687 3638 1794 3700 Matth

371 3729 461 3800 prou
489 3721 671 3804 Apostolus:
706 3725 746 3786 ab
783 3726 878 3808 ipsius
908 3724 1048 3808 Apostoli
1098 3729 1150 3789 24.

371 3814 450 3870 rute
464 3828 587 3889 prorsus
608 3810 742 3873 alienum
759 3821 815 3887 cst,
836 3815 888 3894 qui
909 3815 976 3875 aine
996 3811 1049 3874 du·
1140 3815 1185 3876 Et
1195 3816 1350 3889 jutitiae,
1367 3829 1448 3890 φασι
1461 3830 1522 3888 pes·
1534 3812 1630 3889 fldem
1646 3818 1700 3886 sat,
1717 3813 1794 3873 huc·

371 3891 414 3968 fla
432 3895 510 3957 sient
524 3898 557 3958 in
571 3901 698 3960 caeteris
720 3900 867 3974 omnihus,
889 3919 970 3981 quaa
990 3900 1048 3961 hoo
1097 3919 1149 3962 res
1164 3908 1208 3962 est
1222 3903 1395 3962 institutus.
1418 3897 1547 3959 Graece:
1562 3900 1606 3960 st
1621 3903 1697 3974 ejus,
1712 3917 1795 3977 quoe

371 3981 451 4060 apte
471 3992 694 4058 commemorat,
716 3985 758 4045 ita
778 3987 811 4046 in
825 3985 883 4047 hac
907 3994 994 4067 parte
1009 3985 1048 4048 ad
1097 3988 1271 4049 secundum
1285 3988 1381 4065 tidem
1396 3993 1451 4059 cst,
1468 3988 1615 4060 josdtiuc
1629 3986 1737 4063 fuctus
1752 3993 1796 4047 est

371 4059 503 4130 Uariam
516 4090 622 4133 sacrae
636 4071 808 4153 Scripturas
823 4074 955 4154 respicit
1098 4075 1215 4135 haeres.
1249 4077 1406 4148 Justitio,
1437 4090 1520 4149 quoe
1544 4090 1603 4149 per
1627 4073 1721 4151 pidem
1746 4071 1795 4132 vel

395 4153 915 4246 saewumdamncvismandam.
928 4160 1048 4220 Dictio=
1097 4161 1272 4222 seeundum
1293 4161 1386 4239 pidem
1411 4166 1470 4233 cst,
1491 4161 1606 4220 notatio
1630 4168 1677 4220 est
1703 4179 1796 4221 verae

371 4241 985 4414 meditulliis
998 4245 1049 4392 12¹
1094 4244 1795 4413 stituit?,litttttlttt‘isst

371 4399 455 4483 issi<
469 4413 588 4479 Graece
611 4426 746 4494 vocatur,
769 4420 926 4482 foeminini
947 4429 1049 4481 umen
1098 4439 1165 4481 rum
1175 4422 1326 4501 justitiam
1340 4427 1498 4492 sectantes,
1520 4418 1617 4480 mults
1632 4420 1751 4481 dissorit
1764 4420 1797 4479 in

371 4502 473 4578 tussia
493 4508 549 4564 est.
573 4503 623 4567 Ad
645 4507 780 4568 sulutem
801 4507 879 4569 nulli
901 4504 1049 4583 referunt3
1099 4507 1247 4587 Epistolis
1270 4508 1310 4569 ad
1331 4507 1418 4569 Bona
1442 4513 1472 4566 et
1493 4504 1533 4567 ad
1548 4505 1649 4568 Galat
1672 4514 1701 4566 et
1722 4524 1796 4566 non·

371 4583 511 4664 lissam
533 4589 675 4670 Aquinas
697 4601 729 4655 et
751 4593 914 4673 cajetanus
939 4602 971 4654 et
996 4593 1050 4654 alii
1099 4593 1184 4656 nulla
1199 4594 1238 4656 ad
1253 4593 1332 4655 Phil.
1357 4613 1423 4674 cap.
1439 4593 1469 4653 3.
1495 4592 1554 4653 Est
1568 4594 1647 4654 enim
1663 4611 1699 4653 ea
1708 4592 1798 4671 justi·

371 4661 418 4734 ke
428 4675 542 4749 latini,
565 4674 711 4740 iacientes
733 4679 813 4741 huno
827 4699 963 4742 senmrn:
990 4680 1051 4741 Per
1100 4682 1152 4756 tis,
1168 4701 1249 4761 qnae
1263 4702 1317 4762 per
1329 4679 1419 4742 fidem
1434 4678 1594 4752 obtinetur,
1614 4678 1683 4739 sine
1698 4679 1796 4759 opori-

371 4773 443 4838 μ
462 4760 554 4824 fidem
576 4762 730 4839 mnndum,
757 4765 788 4828 id
811 4776 875 4842 eat,
900 4766 1049 4848 reliquum
1099 4767 1156 4828 bus
1170 4768 1256 4849 legis,
1280 4766 1379 4840 idest,
1402 4768 1469 4828 sine
1484 4765 1547 4826 ullo
1562 4766 1668 4826 merito
1683 4772 1796 4828 uosho

371 4862 513 4910 '⁸⁸¹¹'
529 4852 1050 5021 ·⁸⁰tt,ttl·²t”tl;il⁰ttt
1099 4851 1797 5021 :tistitus‘titt’tttflttttl.

371 5015 466 5098 Bai
480 5020 625 5086 vidum
635 5028 871 5109 conparatione,
886 5026 966 5106 dum,
981 5046 1049 5089 oas-
1102 5029 1183 5091 taria
1205 5047 1267 5091 non
1286 5025 1473 5110 praecedunt
1488 5025 1724 5108 justificandam,
1742 5024 1803 5088 sed
