4442 5825
392 589 469 659 m
630 538 633 543 ’
897 535 1263 640 communionum.
1280 582 1320 640 iu.

391 766 558 840 sequuntur
580 758 793 838 justificatum,
819 770 854 820 at
875 760 1006 842 loquitur
1029 761 1088 822 du·
1138 762 1246 842 placet,
1263 771 1297 822 ut
1311 760 1498 840 intelligatur
1511 757 1622 820 allusio
1637 777 1697 840 qua

392 847 530 926 guntinus
544 847 595 907 lib.
610 846 725 908 deiide
740 857 771 907 et
782 868 862 928 oper.
875 868 942 928 cap.
956 850 1005 908 14.
1021 848 1090 908 Hoc
1137 849 1331 928 Scripturam,
1347 867 1424 927 qnae
1439 848 1541 906 statim
1557 855 1629 925 post
1643 865 1697 906 ver

392 943 448 1006 est,
473 935 602 1013 gratiam
618 933 684 1008 Dei,
708 954 769 1014 qus
788 954 844 995 nos
866 945 1002 1008 renovat,
1028 955 1089 995 non
1137 937 1265 997 nuntiati
1281 935 1386 996 diluvii
1409 942 1543 1005 testatur,
1569 933 1637 994 Nos
1660 953 1696 993 co

391 1019 584 1100 praecedunt,
607 1020 662 1081 sed
678 1030 853 1101 sequuntur,
874 1029 1006 1102 suntque
1022 1022 1087 1099 ejus
1137 1024 1219 1083 mino
1252 1025 1365 1102 justum
1398 1030 1490 1099 atque
1520 1019 1689 1100 perfectum

392 1105 528 1167 effectus.
549 1107 651 1167 Prima
665 1119 766 1168 auteur
782 1108 878 1187 gratia
893 1108 966 1169 fidas
983 1115 1037 1169 est
1137 1111 1224 1190 quasi
1239 1129 1277 1170 ex
1297 1130 1331 1169 eo
1348 1110 1461 1188 justum
1483 1107 1566 1181 velit,
1590 1107 1697 1186 quiaI

428 1192 606 1273 Quosensn
618 1194 709 1273 bajus
721 1195 861 1272 justitiae
872 1193 977 1255 heres
988 1195 1087 1255 sectus
1137 1198 1220 1255 vinni
1237 1196 1427 1274 praedicenti
1439 1192 1606 1254 crediderit.
1632 1193 1697 1273 Qua

391 1278 510 1340 dissue
531 1279 617 1352 Nou,
639 1279 802 1342 dubitatur.
832 1283 933 1343 Latini
954 1281 1021 1343 iere
1046 1283 1088 1340 sic
1138 1281 1250 1342 dictum
1276 1293 1323 1344 est
1345 1281 1383 1342 de
1408 1278 1560 1341 vocabulo
1586 1282 1697 1341 haereo

390 1367 579 1446 intelligunt:
606 1367 710 1446 Atque
733 1369 777 1427 ita
797 1366 896 1429 factus
919 1379 966 1429 sst
982 1368 1087 1428 haeres
1136 1378 1264 1448 sumpto,
1289 1368 1444 1449 probabile
1466 1370 1558 1427 etiam
1581 1368 1614 1426 fit
1630 1385 1697 1428 exe

387 1453 525 1532 justitiae
549 1455 793 1534 praecedentium
815 1464 934 1535 patrum
956 1473 1086 1527 snorum,
1136 1457 1281 1534 sequitur,
1304 1457 1355 1517 nbi
1378 1454 1518 1513 similiter
1539 1453 1697 1515 haeredita

391 1560 519 1620 eamque
534 1540 752 1601 haereditatem
766 1543 799 1601 iu
812 1560 846 1601 se
861 1550 890 1602 et
904 1540 1019 1600 familia
1030 1559 1087 1601 sua
1136 1544 1258 1622 proprie
1273 1544 1349 1603 sumi
1365 1549 1490 1601 constat

391 1628 588 1688 conservavit-
612 1634 643 1687 et
672 1626 709 1687 ed
740 1636 878 1708 posteros
915 1629 1086 1699 transmisit,
1180 1632 1208 1690 8.
1232 1630 1324 1705 Fide,
1347 1632 1403 1705 qui
1420 1634 1553 1689 vacatur
1568 1626 1697 1686 Adraha

390 1713 507 1794 alioqui
531 1712 646 1774 diluvio
669 1715 842 1794 perituram.
865 1715 942 1774 Nam
966 1723 1088 1796 praeter
1136 1714 1274 1776 divitia
1297 1717 1512 1788 loaumeuirc,
1537 1732 1629 1790 quem
1647 1732 1697 1774 aci

391 1820 458 1863 eum
478 1800 598 1878 justitio
619 1801 734 1861 nullum
761 1800 894 1863 habebat
918 1801 1086 1861 haeredem.
1136 1810 1205 1862 erat
1220 1806 1255 1863 ia
1270 1803 1505 1864 haereditatem.
1530 1801 1607 1860 Tria
1622 1820 1697 1879 posu

392 1889 503 1950 Omnis
537 1890 655 1964 quippe
680 1906 756 1949 caro
782 1896 971 1965 corruperat
1000 1891 1087 1949 uiam
1135 1888 1188 1969 ple
1198 1890 1350 1967 justornm
1366 1890 1481 1969 primae
1496 1889 1603 1946 aetatis
1618 1908 1697 1948 muni

391 1993 593 2051 euamtuper
607 1982 737 2050 terram,
754 1974 863 2037 Genea.
881 1978 908 2036 6.
934 1975 995 2035 Hic
1009 1994 1086 2034 com·
1134 1975 1275 2037 initiante
1298 1977 1460 2050 diluvium
1483 1994 1564 2034 nune
1584 1973 1623 2033 ad
1644 1994 1697 2057 seq

390 2064 554 2122 marturius
569 2071 657 2141 urget
671 2064 821 2142 propriam
840 2060 1084 2141 significationem
1135 2072 1265 2125 aetatum
1277 2065 1378 2142 justos
1394 2060 1562 2133 descendit,
1577 2061 1607 2120 in
1624 2061 1697 2140 quib

390 2147 538 2210 haeredis.
560 2148 603 2208 Et
614 2148 711 2210 videri
724 2156 823 2228 potest
836 2150 864 2210 ei
876 2148 988 2222 favern,
1004 2147 1086 2230 quod
1135 2171 1207 2232 ceps
1229 2161 1277 2212 eet
1298 2149 1467 2222 Abraham,
1489 2149 1623 2209 omnium
1647 2168 1697 2209 cre

390 2234 500 2296 ibidem
515 2236 665 2296 Dominus
681 2235 754 2296 dicit
768 2235 806 2295 ad
824 2235 899 2308 Nou,
921 2234 1086 2296 secundum
1135 2248 1229 2317 pater,
1252 2239 1331 2297 sicut
1346 2256 1414 2297 enm
1429 2235 1598 2316 appellavit
1612 2236 1697 2296 Rom.

390 2322 509 2384 Lxx:
530 2325 575 2384 Et
588 2330 730 2384 statuam
745 2330 965 2384 teatamarum
982 2341 1085 2382 meum
1136 2345 1209 2385 voro
1225 2326 1257 2385 in
1272 2325 1340 2402 ejus
1351 2323 1410 2383 fide
1423 2322 1662 2383 commendanda
1673 2344 1697 2402 p:

390 2412 434 2488 ad
449 2419 485 2472 te.
509 2409 589 2470 Nam
611 2418 799 2483 testamento,
815 2411 882 2490 quis
898 2410 1087 2470 constituitur
1136 2411 1265 2491 amplius
1287 2413 1467 2482 immoratur,
1491 2409 1574 2489 quod
1598 2412 1691 2469 totins

389 2498 508 2559 haeres.
530 2497 644 2558 Verum
656 2517 692 2557 eo
704 2497 771 2558 lnce
788 2506 1008 2570 tentamentum,
1024 2496 1085 2556 He·
1136 2499 1341 2559 Hebraeorum
1358 2507 1440 2558 esset
1454 2497 1640 2565 Patriarcba.
1657 2516 1694 2557 eu

389 2584 642 2661 braicezfoedus,
656 2584 738 2663 quod
749 2583 999 2644 Dousiecitcum
1011 2583 1087 2656 Nou,
1136 2588 1292 2646 missiones
1316 2585 1418 2644 fectae
1440 2585 1566 2644 fueraut.
1599 2584 1697 2662 Quis

390 2692 452 2733 non
463 2672 603 2750 justitiae
618 2672 834 2751 propagandae
853 2671 1009 2750 promissio
1023 2669 1088 2741 fuit,
1136 2672 1253 2733 Graece
1268 2665 1467 2748 καλούμενος,
1484 2670 1678 2749 participium
1694 2692 1697 2748 j

391 2758 444 2819 sed
487 2756 685 2818 conservandi
724 2757 843 2838 generis
878 2756 917 2817 eb
956 2758 1089 2817 instante
1135 2763 1177 2820 tie
1189 2760 1349 2838 temporis3
1362 2758 1480 2818 tametsi
1491 2776 1546 2836 per
1557 2760 1697 2836 praeterit

391 2846 492 2906 exitio.
1136 2855 1237 2905 terant
1258 2845 1326 2905 eiii:
1349 2846 1411 2924 {ide
1435 2850 1565 2905 uocatus
1580 2845 1697 2904 Abi-abr

435 2932 586 3013 Quocirca
604 2930 656 2991 alii
675 2931 889 2993 Hebraismum
910 2930 959 2991 bic
980 2950 1086 3010 agnos·
1137 2936 1219 2995 divit
1233 2941 1299 3005 etc,
1315 2943 1349 2993 nt
1363 2935 1482 2992 vocatio
1493 2933 1659 3010 jussionem
1676 2935 1697 2992 si

392 3029 477 3093 aunt,
503 3038 564 3099 quo
589 3020 698 3078 baares
719 3019 899 3097 generaliter
926 3027 1089 3096 usurpatur
1137 3041 1173 3082 ac
1189 3039 1296 3081 sensns
1318 3022 1372 3079 sit:
1395 3019 1557 3091 Abraham,
1581 3039 1683 3079 cuma

390 3128 446 3187 pro
462 3125 645 3187 possessore,
661 3115 692 3166 at
706 3106 871 3166 haeredem
886 3106 958 3183 fieri
972 3124 1026 3184 pro
1042 3124 1087 3177 eu,
1137 3116 1254 3169 caretur
1276 3127 1313 3167 ac
1329 3107 1486 3186 juberetur
1507 3108 1590 3165 exire
1613 3108 1654 3166 de
1668 3112 1697 3165 te

391 3192 473 3276 qnod
498 3202 545 3254 est
566 3192 694 3271 adipisci
716 3210 771 3252 sen
798 3194 941 3274 consequi
963 3191 1087 3271 aliquid,
1137 3196 1276 3273 paruisse
1290 3195 1419 3254 vocanti.
1443 3192 1571 3253 Sensum
1595 3191 1697 3253 hunci

391 3299 581 3361 quocumque
606 3281 672 3356 jure
691 3298 745 3339 sen
769 3279 867 3353 modo,
891 3278 977 3339 velut
998 3277 1087 3357 hujus
1137 3300 1207 3341 cure
1229 3279 1331 3359 prodit
1345 3280 1474 3359 Syriaca
1494 3280 1605 3338 versio.
1628 3281 1696 3339 Eun

390 3368 548 3449 Epistulae
570 3387 636 3445 cap.
662 3370 705 3440 1.,
730 3365 784 3426 ubi
806 3364 930 3425 dicitra:
958 3368 1089 3444 Quanto
1136 3367 1231 3428 bunut
1247 3367 1478 3446 sI‘beophylucto
1494 3374 1525 3425 et
1541 3363 1697 3426 Oecnmen

391 3455 591 3534 differentias
610 3470 690 3530 prae
713 3453 778 3512 iliis
800 3471 918 3514 aamea
940 3453 1087 3512 baeredi-
1138 3473 1177 3513 ex
1192 3472 1294 3513 eorum
1315 3454 1417 3514 verbis
1439 3460 1520 3513 certo
1535 3452 1637 3531 ooiiigi
1656 3473 1695 3512 no

390 3546 481 3603 tavit.
499 3542 599 3620 Igitur
610 3540 640 3600 bi
652 3560 711 3600 nou
724 3536 808 3599 aliud
818 3539 997 3619 Apostolum
1009 3539 1090 3598 velle
1136 3541 1182 3599 Ac
1198 3557 1345 3601 sanevuou
1368 3559 1475 3618 parum
1492 3540 1520 3599 ei
1535 3538 1636 3598 obstat
1659 3559 1697 3619 pn

391 3626 495 3689 dhare
522 3628 725 3699 arbitrantur,
759 3645 852 3706 quem
880 3625 1088 3686 Patriarobsm
1136 3636 1170 3686 ut
1185 3629 1259 3699 dixi,
1282 3629 1424 3707 temporis
1446 3626 1648 3706 participium,
1672 3645 1697 3706 qi

390 3714 463 3789 Nou,
479 3714 551 3774 dnm
564 3734 603 3774 ox
614 3712 684 3785 fids,
700 3731 761 3791 qua
772 3712 840 3772 Deo
853 3711 988 3785 credidit,
1004 3720 1087 3792 apta·
1137 3722 1217 3774 recte
1239 3724 1357 3774 vertas:
1380 3732 1451 3774 aum
1476 3720 1662 3785 vocaretur,
1687 3731 1697 3773 i

390 3803 437 3861 rit
451 3819 551 3861 arcam
568 3801 599 3861 in
618 3799 745 3860 salntem
760 3796 868 3859 domus
883 3815 967 3871 suae,
985 3818 1087 3859 conse-
1137 3808 1288 3876 vorata,
1310 3809 1343 3860 ut
1365 3808 1468 3860 noster
1489 3799 1561 3859 iecit
1583 3801 1697 3879 interpr

391 3892 492 3948 cutum
507 3905 574 3947 esse
585 3887 743 3965 justitiam,
767 3904 847 3967 quae
862 3894 909 3945 est
923 3904 978 3966 per
992 3884 1089 3959 fidem,
1137 3886 1262 3948 deerant
1277 3886 1413 3965 ejusdem
1436 3885 1520 3947 verbi
1535 3885 1655 3946 Graeca
1676 3905 1697 3966 p

391 3982 484 4053 atque
498 3993 536 4035 ax
551 3973 613 4035 tide
630 3974 827 4051 justificatum
847 3971 951 4046 fuisse,
974 3972 1090 4032 scilicet
1139 3975 1326 4052 praeteritum
1358 3983 1478 4053 tempus
1513 3973 1696 4051 significanti

392 4079 429 4122 es
444 4063 568 4134 ratione,
591 4079 654 4139 qne
671 4058 854 4138 justificatus
872 4058 981 4139 legitur
995 4058 1089 4119 Abra·
1139 4050 1209 4128 bei<
1224 4072 1254 4121 et
1266 4051 1467 4137 κεκλημένος,
1484 4058 1597 4138 quibus
1609 4067 1696 4119 utere

391 4145 469 4221 hem,
494 4146 613 4207 dicente
627 4148 798 4225 Scriptura:
826 4145 968 4208 eredidit
982 4146 1090 4207 Abra·
1139 4146 1242 4222 stolus,
1263 4150 1289 4209 ei
1303 4146 1335 4208 id
1351 4146 1451 4207 dicere
1474 4147 1627 4216 voluisset,
1651 4161 1697 4224 qn

391 4234 466 4296 tam
481 4234 561 4307 Deo,
586 4241 615 4293 et
636 4240 821 4309 reputatum
845 4240 889 4293 cst
910 4231 961 4292 illi
979 4232 1090 4306 adiu·
1139 4233 1215 4294 haec
1231 4235 1348 4295 versioe
1364 4233 1528 4294 Abrabam
1545 4239 1697 4293 vocaturi

392 4322 523 4395 stitiam,
539 4318 649 4381 Genoe.
667 4319 717 4380 15.
740 4319 811 4379 Non
826 4322 904 4380 enini
917 4320 1021 4398 prima,
1036 4317 1095 4380 aad
1182 4320 1307 4380 Rectius
1330 4321 1434 4399 itaque
1457 4317 1697 4380 Theodoretus·

390 4408 531 4470 munds
540 4406 721 4484 justificatio
741 4406 932 4486 significaturi
955 4424 1016 4486 qua
1037 4425 1094 4487 per.
1141 4407 1214 4466 item
1236 4406 1408 4479 Anselmus,
1430 4406 1465 4466 B.
1483 4406 1629 4478 Thomas,
1653 4404 1697 4466 ali

392 4496 635 4575 egregiumapns
647 4492 716 4553 fidei
729 4493 852 4571 justitia
863 4494 1020 4572 utriusque
1030 4512 1095 4553 uon
1140 4494 1196 4553 tini
1207 4502 1339 4567 censent,
1352 4492 1697 4569 itlndzqaroocatartt

392 4580 489 4643 scium
504 4580 658 4642 malama
672 4598 709 4639 ac
723 4580 859 4659 probata,
878 4597 985 4640 verium
1002 4579 1094 4640 eum
1141 4578 1251 4641 dictum
1267 4598 1336 4640 esse
1348 4585 1471 4659 propter
1489 4581 1688 4640 mutationem

391 4677 480 4729 aucta
502 4687 601 4729 caram
616 4666 687 4727 Deo
706 4666 814 4742 fuerit3
839 4664 1092 4743 quemadmodum
1141 4665 1217 4727 cim
1230 4668 1310 4727 enim
1321 4667 1442 4727 Abram
1454 4667 1536 4747 prius
1548 4673 1697 4727 vocarem

393 4754 579 4816 nundinas
600 4753 687 4814 Rom.
708 4754 738 4813 4.
771 4753 905 4815 Sensum
927 4751 1006 4813 bunc
1025 4752 1092 4813 bre·
1140 4754 1216 4813 bam
1239 4753 1387 4833 appellari
1403 4753 1508 4833 jussus
1529 4761 1582 4827 est,
1606 4767 1697 4829 piscat

391 4843 472 4902 viter
486 4852 516 4903 et
530 4840 642 4901 diserte
657 4838 751 4901 tradit
762 4837 1020 4919 '1¹beophylactus,
1035 4858 1093 4900 nec
1141 4842 1224 4919 quit,
1243 4848 1377 4916 patrem·
1394 4841 1573 4901 multarum
1592 4842 1697 4914 pantio

392 4928 523 5009 amplius
549 4928 598 4988 hic
623 4924 799 5007 urgendum:
816 4926 935 5006 putarit
958 4922 1091 5007 chyro-
1140 4930 1230 4988 stitui
1252 4935 1291 4987 tr.
1318 4926 1424 5007 detque
1439 4922 1601 4987 boemodo
1617 4923 1697 4988 urse

392 5022 521 5079 samua
540 5012 719 5095 quemne
733 5014 887 5095 :parido
899 5011 1093 5076 nobiset'un
1139 5007 1290 5092 λούμενος
1309 5016 1429 5094 passim
1452 5013 1605 5093 aecipitm·
1622 5012 1697 5094 spat
