4442 5825
389 580 465 651 424
922 573 1157 631 commentus
1174 573 1206 631 ιιι
1222 575 1289 631 ω.
1306 575 1336 629 ιι.
1363 604 1367 611 -

434 751 483 811 18.
506 749 568 813 sod
589 750 670 811 dicet
692 753 778 829 quis:
807 751 965 829 Totidem
980 752 1083 830 bobes,
1138 755 1215 814 enim
1239 761 1338 834 potest
1358 750 1437 814 fides
1461 751 1595 829 ostendi,

390 847 419 900 st
434 838 735 917 conspersiones
757 836 936 920 corrigendi
956 839 1083 914 codices,
1138 841 1231 902 ribus.

389 928 420 989 in
436 924 546 1005 quibus
562 923 660 986 edbue
674 925 800 1005 legitur:
815 927 900 987 dicit.
933 926 990 986 Est
1004 927 1084 987 enim
1181 928 1333 1000 Erasmus,
1349 928 1457 987 tamin
1474 935 1595 988 onnotst

389 1005 459 1093 ipsi
488 1010 619 1085 Graece,
654 1010 745 1073 tutori
774 1013 917 1093 temporis
949 1012 1083 1075 verbum.
1138 1016 1168 1074 in
1184 1014 1377 1095 paraphrasi,
1392 1014 1451 1073 huc
1467 1014 1561 1076 aliurn
1577 1014 1595 1074 ir

387 1099 454 1161 Ner
468 1106 568 1160 tomen
584 1100 743 1178 oeoupstio
768 1108 828 1173 est,
849 1107 883 1160 ut
904 1098 1000 1160 formo
1023 1119 1083 1162 sor·
1138 1101 1231 1161 Putet
1259 1103 1355 1172 enim,
1385 1100 1535 1162 Jseobum
1562 1121 1595 1180 pr

389 1187 485 1247 monis
502 1205 573 1267 pree
588 1205 622 1246 se
636 1184 714 1247 ferre
728 1186 864 1261 videtum
882 1184 937 1247 sod
952 1186 1082 1247 iutrodn·
1138 1188 1364 1268 colloquentes,
1389 1206 1516 1267 quornm
1532 1188 1594 1249 ulte

389 1275 430 1336 eit
443 1271 608 1355 Apostolus
629 1293 712 1350 enm,
735 1274 788 1353 qui
803 1292 896 1353 opero
910 1272 1016 1345 babet,
1040 1276 1083 1335 in·
1138 1283 1187 1335 tus
1203 1273 1338 1356 negligat
1349 1294 1458 1355 opere3
1474 1274 1550 1335 slter
1562 1296 1595 1356 op

389 1359 548 1421 enitentem
572 1361 615 1434 ei,
646 1361 699 1439 qui
726 1359 814 1421 tidem
836 1360 932 1439 joetst
958 1379 1085 1438 opernm
1137 1362 1213 1438 fide;
1240 1372 1333 1442 utque
1356 1362 1406 1421 bie
1432 1362 1476 1422 iili
1492 1361 1589 1422 dicet:

388 1465 521 1520 vernus,
551 1466 587 1506 ue
613 1445 758 1509 dicentem
787 1446 865 1508 hoen
894 1444 1001 1507 verbs:
1036 1449 1086 1509 Tu
1138 1448 1208 1524 bes3
1231 1449 1271 1508 sit
1286 1448 1342 1508 hoo
1357 1448 1412 1508 tibi
1428 1450 1509 1508 setis.
1542 1448 1583 1508 Et

389 1533 610 1612 Mousbada,
637 1541 669 1594 st
683 1554 762 1617 quse
778 1542 958 1617 sequuntur,
985 1541 1018 1592 ιιι
1032 1554 1086 1615 per
1138 1534 1213 1611 boo;
1229 1536 1285 1596 hoe
1297 1535 1370 1595 milri
1386 1538 1460 1596 estis
1476 1544 1531 1596 est.
1556 1535 1595 1596 Dr

388 1621 464 1683 hsoo
480 1619 634 1694 ostendet,
654 1622 782 1683 inaniter
796 1620 879 1681 illurn
896 1619 933 1681 de
947 1619 1006 1681 fido
1021 1621 1084 1701 glo·
1138 1622 1212 1683 feeit
1233 1624 1394 1702 utriusque
1418 1621 1512 1682 verbs
1539 1620 1595 1683 ret'r

389 1708 463 1771 risri
477 1706 558 1788 spud
573 1707 724 1783 homines,
747 1708 856 1788 quibus
878 1727 943 1768 eum
959 1706 1085 1788 probare
1140 1709 1196 1769 eit:
1212 1706 1425 1769 Ostendemibi
1437 1708 1526 1770 tidem
1539 1719 1592 1770 tus

388 1817 451 1858 non
462 1802 570 1875 potest.
592 1794 672 1856 llam
684 1814 790 1856 sensus
805 1802 865 1857 est:
881 1794 990 1855 Merito
1003 1795 1087 1857 diest
1140 1796 1171 1857 id
1187 1804 1239 1868 est,
1256 1793 1343 1856 iactis
1359 1797 1435 1875 ipsis
1453 1795 1544 1870 doce,
1560 1804 1592 1855 te

389 1882 488 1943 bonus
503 1878 692 1943 Christianus
708 1881 808 1963 siqui
824 1880 916 1944 iidem
932 1880 990 1941 sibi
1006 1902 1085 1941 erro·
1140 1891 1169 1943 et
1185 1903 1242 1961 ogo
1266 1883 1423 1943 ostendam
1450 1882 1505 1943 tibi
1528 1903 1566 1943 ex
1590 1909 1595 1937 ι

390 1978 445 2053 pst
457 1970 523 2029 siue
538 1968 694 2049 operibns:
718 1968 769 2031 'l'u
784 1967 876 2030 fidem
892 1966 1002 2043 lebes3
1028 1988 1087 2028 non
1141 1989 1245 2030 meam.
1278 1968 1336 2031 sed
1352 1970 1455 2029 multis
1471 1970 1569 2031 modis
1585 1991 1595 2050 1

391 2076 486 2137 nsgo;
505 2064 538 2115 st
552 2074 609 2137 ego
626 2076 717 2137 opem
731 2055 838 2117 babeo.
1141 2058 1323 2137 terpretetio.
1348 2055 1490 2129 Primum,
1507 2057 1581 2137 quis

435 2142 570 2207 Ostende
584 2144 662 2205 mibi
675 2142 771 2220 fldem
794 2151 884 2205 suom
898 2144 965 2203 siue
981 2146 1088 2219 operi·
1140 2153 1256 2204 tentum
1273 2144 1345 2204 insit
1361 2142 1553 2224 loquentem,
1576 2159 1595 2203 e

392 2232 467 2310 bus5
493 2237 523 2292 et
537 2249 594 2307 epo
617 2230 778 2292 ostersdom
802 2230 860 2291 sibi
881 2247 919 2291 es
942 2229 1088 2305 operibus
1142 2232 1211 2313 quis
1228 2231 1311 2291 nulle
1332 2229 1379 2290 hio
1402 2229 1595 2311 disputetior

391 2317 486 2396 tidem
496 2337 607 2380 meum.
632 2316 936 2380 Grueossiehubent:
954 2316 1087 2379 Ostende
1141 2320 1208 2379 sins
1223 2316 1299 2395 fid03
1313 2337 1385 2378 nem
1401 2316 1439 2377 nd
1456 2316 1595 2378 fidelesb

391 2406 469 2467 mibi
490 2405 585 2483 fldem
607 2412 696 2466 tuum
721 2424 759 2468 es
782 2403 928 2483 operibus
950 2406 1031 2478 tuis,
1059 2410 1088 2464 et
1140 2425 1195 2467 uso
1220 2405 1300 2464 nllus
1326 2424 1423 2467 sermo
1447 2404 1588 2484 dirigitur

391 2493 621 2571 monstrosam
634 2491 900 2569 tibiexoperibus
910 2491 1086 2569 meiradem
1139 2492 1204 2552 sole
1219 2490 1326 2552 hubent
1342 2510 1443 2570 opero.
1479 2491 1595 2551 Praetor

391 2598 505 2641 meum.
539 2581 729 2661 Quamquam
755 2579 786 2640 in
812 2576 965 2639 nonnullis
988 2597 1086 2641 exem·
1141 2582 1203 2652 nit,
1227 2578 1377 2639 Jaeobnrn
1401 2578 1432 2638 in
1446 2598 1502 2638 sue
1517 2597 1595 2656 persi

391 2665 967 2748 pluribusGrseoisprioriloeolegitur:
984 2655 1086 2739 ἐκτὸς,
1141 2661 1297 2742 Erasmus)
1314 2665 1431 2725 dicere:
1454 2667 1524 2741 Epo
1549 2673 1595 2727 ost

390 2774 462 2835 pro:
477 2746 514 2815 is
528 2754 605 2828 τῶν,
621 2762 655 2814 ιιι
668 2756 746 2815 verti
763 2754 874 2833 possit:
896 2753 964 2812 sine
980 2754 1087 2829 operi·
1141 2753 1288 2831 operibus
1317 2752 1411 2829 tidem
1438 2770 1552 2812 mcum.

393 2842 457 2903 bus.
479 2841 520 2901 Et
536 2842 579 2901 ite
593 2840 704 2922 legisse
724 2838 845 2902 videtur
859 2840 1009 2919 interpres
1022 2837 1086 2897 vul·
1142 2840 1256 2911 disum,
1284 2858 1388 2900 sensus
1403 2840 1459 2901 iste
1473 2839 1595 2900 nonnisi

393 2937 497 3007 petus,
513 2949 569 2990 nse
582 2949 643 2990 non
654 2928 800 3010 Syriacae
816 2929 965 2990 versionis
976 2934 1086 2987 unctor.
1142 2926 1239 2988 lenter
1247 2946 1285 2988 ex
1297 2927 1399 2988 verbis
1412 2926 1552 3006 Apostoli
1565 2947 1595 2988 es

391 3013 470 3076 Num
484 3013 645 3078 Bedonon
659 3016 760 3096 attigit
774 3015 852 3076 hene
866 3023 989 3095 portem.
1027 3014 1084 3075 Ve·
1143 3034 1203 3096 que
1218 3013 1301 3075 nulio
1316 3015 1382 3075 loco
1399 3013 1564 3075 habendus.

392 3123 457 3164 rum
479 3101 553 3176 milri
575 3110 715 3184 suspeete
741 3109 786 3163 est
810 3122 848 3163 es
872 3100 972 3163 lentio.
1009 3100 1088 3182 uam
1186 3100 1245 3162 Sed
1268 3120 1412 3182 quaeres,
1436 3122 1496 3181 quo
1521 3109 1593 3181 pset

392 3182 487 3260 luri<
501 3210 556 3271 pro
570 3193 638 3252 sisse
648 3209 794 3272 nusquam
806 3197 932 3269 sppsret
947 3190 979 3250 in
993 3189 1088 3249 saeris
1141 3187 1319 3249 ostendatur
1347 3187 1437 3260 fidos,
1477 3208 1544 3247 com
1583 3208 1595 3249 ι

392 3277 502 3350 literis,
532 3274 586 3339 sed
612 3275 676 3338 fere
702 3296 818 3357 semper
844 3278 875 3336 in
902 3275 1020 3338 Grseoo
1043 3284 1089 3335 est
1141 3275 1235 3336 mults
1250 3275 1361 3336 fuciunt
1378 3294 1471 3356 opere
1486 3295 1573 3348 rere,

392 3355 510 3443 χωρὶς,
548 3363 695 3426 interdum
737 3355 828 3437 ἄνευ,
865 3382 1088 3444 nonnumqusm
1141 3362 1228 3423 bonu.
1267 3363 1466 3442 Respondes,
1492 3362 1593 3423 Jacob

394 3443 488 3531 ἄτερ,
515 3458 548 3514 ιιι
563 3450 636 3512 Lus
661 3451 712 3512 22.
728 3449 821 3511 semel
843 3457 874 3511 et
896 3452 1011 3511 iterum.
1049 3450 1090 3509 Et
1143 3469 1320 3531 comperero
1335 3448 1409 3510 dnos
1428 3449 1515 3509 fidem
1532 3447 1594 3509 Cirr

392 3537 512 3622 quidem
529 3540 709 3619 praepositio
724 3527 892 3616 χωρῑςιιοο
907 3539 972 3619 ipso
989 3537 1089 3617 sepite
1142 3545 1253 3611 tentes,
1281 3557 1405 3616 qnorum
1429 3535 1507 3597 alter
1530 3558 1595 3617 oper

392 3628 423 3688 in
438 3625 631 3708 sequentibus
642 3626 732 3686 tertio
746 3625 904 3703 repetitor:
920 3622 1090 3704 eodemque
1142 3624 1265 3685 sessioni
1289 3632 1508 3697 consentanee,
1529 3624 1595 3685 site.

392 3712 520 3781 babetur
540 3713 626 3774 Rom.
650 3713 679 3774 3.
696 3721 726 3773 et
740 3713 786 3785 4..
812 3711 863 3772 nbi
884 3709 923 3772 de
944 3711 1087 3789 justifies·
1142 3733 1176 3773 so
1193 3711 1318 3785 dooere,
1334 3731 1417 3784 eum,
1439 3712 1490 3791 qni
1508 3731 1595 3788 opero

392 3802 475 3863 tione
490 3820 530 3862 ex
544 3799 604 3862 fide
623 3799 689 3862 sine
710 3798 851 3879 operibus
866 3797 979 3859 Psnlns
995 3796 1086 3859 disse·
1142 3820 1233 3881 quem
1249 3799 1414 3880 profitetur,
1431 3797 1589 3859 ostendere

392 3888 439 3950 rit.
473 3888 614 3966 Denique
638 3885 792 3949 soiendum
810 3892 871 3958 ost,
898 3885 979 3966 apud
994 3884 1087 3947 Oseu-
1142 3885 1221 3967 qnod
1241 3908 1301 3947 non
1324 3894 1439 3965 potest,
1467 3886 1519 3967 qni
1543 3905 1595 3965 ops

391 3975 523 4036 menium
546 3982 577 4036 et
598 3975 630 4036 in
652 3975 759 4036 codiee
779 3971 944 4034 Veronensi
960 3972 1088 4045 Graeco,
1142 3983 1305 4053 utcumque
1341 3972 1431 4033 fidem
1468 3973 1595 4053 protitee

392 4058 1088 4227 tibitibititttstlt‘uioltlti
1141 4059 1397 4208 illidit*
1415 4058 1595 4208 iiiiii

737 4192 744 4206 ·
1395 4191 1402 4220 ι

391 4242 498 4309 mom,
515 4242 545 4297 es
559 4252 615 4311 epo
631 4234 793 4298 ostendam
811 4241 866 4294 ete.
1141 4233 1316 4303 ostendunt,
1348 4239 1400 4292 sut
1427 4231 1587 4294 ostendere

434 4320 495 4384 Sed
510 4321 587 4383 bsee
600 4322 763 4384 lectionum
773 4321 904 4381 varietus
915 4319 946 4380 in
958 4318 1086 4383 eundem
1140 4318 1227 4381 tidem
1251 4341 1312 4381 non
1333 4320 1518 4400 profitentur.
1559 4319 1595 4380 Et

391 4408 454 4472 iere
475 4428 593 4470 sensum
616 4408 774 4470 concurrit
807 4407 886 4468 Nom
909 4425 1013 4467 sensus
1031 4415 1087 4481 est,
1141 4427 1232 4487 opem
1247 4406 1327 4469 bons
1344 4406 1594 4468 Christianorum

391 4494 495 4570 fidem,
522 4494 603 4577 qnod
618 4496 647 4556 iu
663 4496 762 4558 animo
784 4494 894 4566 istest,
920 4492 1039 4554 ostendi
1055 4504 1087 4554 ot
1140 4492 1281 4553 videntur
1303 4494 1397 4565 bons,
1420 4513 1595 4574 pogsnornn

391 4581 577 4647 manifestari
591 4582 672 4660 opud
685 4581 822 4642 homines
836 4599 897 4640 non
912 4599 1011 4659 posse,
1030 4582 1088 4641 uiri
1140 4582 1237 4641 restis
1264 4591 1316 4641 est.
1367 4580 1452 4641 Haeo
1479 4583 1557 4642 enirn
1583 4601 1595 4642 r

390 4689 445 4752 per
460 4689 551 4750 opere
566 4669 702 4730 sensibus
717 4666 894 4747 sonspiens3
920 4666 1087 4745 eujusmodi
1140 4669 1210 4728 steti
1225 4667 1272 4728 vel
1289 4668 1460 4731 necessitati
1476 4671 1559 4728 vitre
1572 4688 1594 4749 p

390 4765 460 4818 sunt
475 4775 565 4837 opero
580 4752 803 4817 misericordias
813 4753 960 4834 proximis
974 4753 1086 4832 impen-
1142 4754 1219 4815 ultra
1233 4756 1432 4835 porriguntur.
1469 4752 1573 4827 Unde,
1589 4777 1595 4815 ι

391 4862 434 4904 ss.
456 4840 589 4904 Proinde
604 4861 682 4915 soni,
697 4842 750 4920 qui
762 4837 852 4902 tidem
867 4839 933 4899 sine
948 4840 1088 4919 operibus
1139 4862 1198 4902 non
1225 4841 1368 4903 sbdiosnt
1394 4841 1511 4902 occultu
1537 4839 1595 4904 ded

392 4925 516 5003 bsbsst,
546 4925 659 4990 frustra
681 4926 814 5008 jectam,
844 4923 926 5007 quod
955 4934 1088 5007 nequest
1139 4928 1241 5009 quitur
1270 4928 1385 4990 Penius
1420 4927 1586 5009 Apostolus

393 5011 563 5075 ostendere.
598 5013 718 5100 Estque
732 5032 829 5078 sermo
844 5012 999 5120 irosriens:⁶
1016 5011 1087 5075 Non
1137 5014 1195 5076 Illo
1211 5035 1301 5090 sero,
1316 5014 1377 5081 lide
1393 5014 1592 5082 intentionem
