4442 5825
397 596 472 664 m
894 589 1262 647 mussusseusucrr.
1280 593 1341 647 uu.

435 765 507 827 Jsm
530 765 628 826 simile
648 764 724 846 quid
746 766 834 826 etiam
856 764 896 826 de
911 765 1033 828 Davido
1047 767 1087 827 le·
1142 771 1251 831 dietor
1265 779 1316 830 est.
1340 769 1632 846 Melioris,'Grseee
1652 764 1831 848 κρείττονος,

392 854 499 934 gimue
524 853 638 915 seilicet
653 861 807 914 ostensem
823 874 859 914 ao
875 856 1087 934 praescriptam
1142 878 1203 917 vox
1230 856 1352 918 diversa
1376 877 1393 916 e
1416 857 1628 937 praecedente.
1660 859 1763 919 'l'anto
1788 877 1833 919 ex·

392 942 421 1000 ei
432 938 525 1000 fuisse
536 938 678 999 divinitus
690 939 787 1000 ideam
800 940 974 1001 exstruendi
986 940 1088 1020 templi
1142 945 1300 1005 cellentins
1315 953 1367 1016 est,
1382 946 1490 1023 inquit,
1505 944 1707 1007 ssoerdotium
1723 944 1833 1019 Chr-‘eti

393 1035 425 1087 et
446 1045 587 1087 vesorum
607 1028 681 1105 ejus.
713 1028 766 1087 Ait
787 1029 873 1099 enim,
902 1047 970 1086 eum
990 1027 1028 1087 de
1050 1028 1088 1087 iis
1142 1039 1253 1112 quanto
1283 1032 1390 1091 melius
1417 1042 1462 1092 est
1490 1041 1726 1105 testamentum,
1757 1033 1834 1111 eujus

391 1114 571 1195 loqueretur,
587 1114 809 1193 Paralipomen.
820 1116 887 1174 te:
904 1115 1022 1175 Omnia
1032 1131 1088 1175 ve·
1142 1121 1206 1198 ipse
1228 1116 1376 1177 mediator
1399 1128 1446 1178 eet
1460 1127 1491 1179 et
1514 1121 1710 1181 interesseor.
1741 1118 1834 1179 Saea*

392 1208 512 1262 seems&
536 1203 654 1276 seripto
680 1218 780 1261 mona
804 1201 939 1262 Domini
961 1202 1004 1261 od
1026 1219 1087 1275 me,
1142 1203 1221 1264 dotis
1238 1206 1317 1264 enim
1340 1205 1467 1265 officium
1483 1215 1537 1278 est,
1561 1205 1751 1266 intercedere
1768 1208 1836 1267 iuter

391 1296 430 1348 at
449 1288 657 1363 intelliperem
682 1291 836 1348 universo
860 1305 958 1363 opera
982 1305 1087 1348 exem·
1141 1291 1243 1350 Deum
1258 1301 1289 1351 et
1305 1291 1449 1364 homines,
1464 1301 1496 1352 et
1507 1301 1596 1372 paets
1611 1295 1693 1352 inter
1706 1311 1762 1353 eos
1776 1313 1836 1353 eon

390 1377 502 1451 piaris.
525 1375 576 1434 Ex
591 1373 639 1435 his
655 1393 728 1452 ergo
742 1375 868 1454 primum
883 1382 976 1452 petet,
999 1384 1088 1434 vetus
1142 1385 1232 1437 venta
1258 1376 1353 1437 oblati
1375 1379 1518 1438 sacrificii
1540 1381 1718 1438 ceremonia
1739 1380 1835 1440 eones·

390 1461 468 1521 illud
482 1460 685 1521 sacerdotium
706 1479 760 1540 per
775 1462 875 1519 omnia
893 1460 1086 1540 figurativum
1141 1483 1239 1540 mare;
1262 1473 1325 1523 tum
1341 1484 1463 1545 operam
1487 1464 1568 1536 dere,
1593 1473 1628 1524 ut
1643 1466 1761 1526 divinia
1776 1486 1834 1546 pro

390 1548 493 1609 tuisse
518 1547 639 1607 Debent
654 1549 732 1607 euim
748 1547 864 1626 figurae
880 1549 1015 1626 coaptari
1031 1566 1085 1607 suo
1140 1550 1239 1610 missis
1261 1550 1397 1612 homines
1421 1553 1579 1628 potiantur.
1603 1551 1712 1630 Quare
1728 1562 1835 1631 quanto

391 1635 644 1715 exemplarium
658 1643 770 1694 eontra..
796 1633 916 1694 Deinde
938 1634 1086 1713 significe-
1140 1644 1231 1716 psete
1256 1637 1383 1698 meliore
1412 1638 1523 1698 inerint
1553 1649 1584 1698 et
1610 1641 1841 1717 praestantiore,-

391 1732 447 1795 tur‚
464 1722 532 1782 illas
546 1720 641 1782 fnisse
653 1719 764 1800 figuras
779 1739 876 1780 rerum
893 1723 1086 1795 coelestium
1140 1732 1224 1783 tanto
1240 1724 1441 1784 secerdotium
1463 1727 1561 1804 ipsum
1581 1727 1710 1805 majoris
1727 1727 1834 1786 senam

390 1809 421 1870 id
436 1810 516 1871 euim
530 1809 596 1868 vuit
612 1808 765 1887 exemplar
780 1809 810 1867 in
826 1817 928 1868 monte
943 1816 1085 1867 monstre-
1140 1811 1303 1888 dignitatis,
1318 1821 1550 1872 consentaneum
1567 1820 1621 1871 est
1654 1815 1835 1874 Testamen-

391 1904 464 1956 tum.
494 1895 581 1955 Mons
604 1894 716 1973 quippe
738 1894 814 1954 eoeii
834 1895 1085 1973 significationem
1140 1906 1206 1957 tem
1230 1906 1320 1956 voest
1341 1897 1446 1957 foedus
1469 1917 1523 1960 eeu
1546 1907 1680 1977 paetum,
1704 1900 1834 1980 quodie

390 1983 496 2053 hebet,
524 1990 558 2041 ut
578 1980 688 2041 Pselm.
714 1985 760 2042 3.:
783 1982 826 2042 Et
852 1983 1017 2042 exaudivit
1038 2000 1086 2039 me
1140 1986 1294 2063 proposito
1310 1995 1355 2045 est
1373 1984 1424 2044 lex
1448 2004 1514 2043 enm
1531 1988 1697 2064 promissis,
1723 1983 1834 2047 Grsees

391 2070 431 2130 de
450 2076 558 2130 monte
579 2074 688 2128 saneto
702 2086 775 2142 seso,
800 2076 831 2126 et
852 2071 917 2128 le:
944 2071 1020 2148 Quis
1034 2086 1086 2127 re·
1140 2064 1283 2147 διαθήκη.
1321 2073 1371 2132 De
1397 2091 1458 2150 qua
1488 2091 1563 2132 vooe
1586 2073 1679 2152 plura
1705 2072 1833 2134 disemus

392 2161 526 2236 quiesset
547 2159 583 2217 irs
603 2162 710 2215 monte
731 2162 840 2216 sasseto
862 2156 942 2215 teo?
969 2166 1000 2215 et
1016 2158 1084 2217 ib:
1140 2156 1218 2216 inire
1231 2159 1261 2215 in
1276 2161 1374 2239 eapite
1389 2168 1544 2237 sequente.

391 2248 469 2326 Quis
481 2245 628 2304 ascendet
643 2245 679 2302 irs
693 2249 833 2302 orontem
849 2242 1006 2303 Domini?
1183 2241 1338 2304 Christum
1365 2247 1456 2324 igitur
1479 2254 1569 2304 vocat
1591 2247 1757 2322 melioris,
1782 2246 1832 2307 boe

435 2335 463 2394 6.
497 2333 592 2393 Nisae
616 2337 722 2390 autera
755 2330 867 2389 meiius
888 2333 1017 2390 sortitas
1042 2335 1086 2388 est
1140 2341 1197 2400 est,
1220 2333 1291 2390 novi
1312 2335 1491 2392 testamenti
1513 2332 1833 2415 mediatoremque

390 2424 611 2484 ministerium.
634 2417 759 2492 Melies,
774 2414 908 2477 Greeoet
932 2416 1086 2494 differere-
1140 2415 1279 2477 Christus
1300 2417 1387 2478 velat
1402 2419 1460 2478 Dei
1484 2418 1522 2478 ed
1543 2438 1599 2479 nos
1622 2420 1832 2500 interpresuo·

390 2510 464 2584 titss,
487 2509 545 2568 hoa
566 2516 620 2577 est,
644 2503 855 2564 eeoelierstirss.
878 2502 928 2564 sie
950 2524 1024 2582 esp„
1041 2508 1086 2563 1.:
1139 2523 1210 2563 vum
1233 2502 1346 2577 foedus,
1368 2503 1449 2584 quod
1472 2505 1558 2565 Deus
1580 2506 1743 2568 nobiseum
1765 2509 1833 2569 inita

391 2599 518 2677 Quanto
545 2593 744 2670 differentias
767 2607 850 2664 prae
875 2590 939 2648 illis
967 2604 1086 2650 nomem
1141 2589 1353 2668 dignatusest,
1370 2590 1408 2650 ad
1424 2592 1601 2667 noeettulit‚
1624 2595 1776 2668 sonabis,
1789 2613 1832 2655 ve

392 2683 612 2744 haereditavit.
635 2679 773 2742 Sortitus
795 2686 903 2748 eutem,
925 2675 957 2737 id
973 2684 1020 2737 est
1033 2696 1085 2737 ne·
1142 2676 1187 2735 lut
1209 2676 1361 2757 legislator
1382 2678 1485 2738 eDeo
1508 2679 1605 2753 datus,
1627 2682 1832 2763 promulgavit

391 2777 457 2831 otus
468 2779 522 2841 eet,
534 2768 671 2834 obtinuit,
682 2762 819 2825 Graece:
835 2756 996 2839 τετύχηκε,
1007 2780 1086 2823 eoa·
1142 2762 1232 2842 Quod
1255 2765 1379 2842 quidem
1392 2767 1539 2844 praestitit
1553 2765 1649 2826 multo
1665 2770 1831 2847 perfectius

391 2859 464 2934 ripis
478 2858 515 2917 ei
539 2854 588 2915 Ne
610 2855 681 2933 quis
703 2850 750 2910 hie
772 2852 950 2931 imaginetur
970 2848 1087 2928 aliquid
1141 2870 1232 2932 quam
1246 2850 1347 2911 Moses
1369 2853 1401 2910 in
1415 2855 1513 2911 veteri
1534 2860 1730 2928 testamento,
1754 2857 1838 2935 eujus·

391 2944 429 3004 de
452 2943 598 3012 sortibus,
623 2937 715 3021 quale
740 2936 815 2998 nibil
837 2947 884 2998 est
906 2939 938 2997 in
960 2937 1085 2999 Graeco.
1141 2939 1206 3017 ipse
1220 2937 1369 2998 mediator
1383 2938 1449 3000 fuit.
1476 2939 1556 3000 Nam
1571 2939 1715 3003 Christus
1730 2962 1833 3004 nom

390 3031 488 3092 Docte
500 3027 620 3110 quidem
630 3027 663 3086 B.
674 3023 810 3085 'Pbomus
822 3033 956 3096 annotat,
969 3024 1086 3084 electio·
1141 3033 1356 3085 testamentum
1378 3045 1432 3085 suo
1453 3027 1549 3105 ipsius
1572 3032 1728 3107 sangnine
1743 3029 1834 3091 sanxit

390 3138 459 3180 nem
474 3117 610 3178 divinam
626 3116 657 3173 in
672 3110 834 3191 seripturis
850 3112 951 3171 vocari
967 3117 1086 3182 sortem,
1140 3120 1171 3171 et
1186 3111 1382 3184 confirmavit,
1406 3124 1499 3193 atque
1514 3114 1654 3193 ejusdem
1669 3116 1833 3178 oeetsmmti

390 3213 425 3264 ut
444 3204 556 3284 prea
582 3206 625 3261 1.:
650 3201 742 3263 eom
767 3199 873 3260 vocati
897 3215 1021 3272 mmas,
1050 3217 1086 3258 eo
1139 3200 1286 3277 promisse
1300 3219 1355 3278 per
1376 3199 1578 3260 obedientiam
1594 3210 1625 3262 et
1639 3202 1833 3264 humilitates

391 3289 480 3372 quod.
502 3290 555 3351 ubi
571 3287 670 3349 defieit
684 3286 846 3346 humanum
861 3284 1018 3362 judicium,
1039 3304 1085 3344 eo·
1139 3286 1288 3366 passionis
1310 3305 1345 3345 so
1360 3289 1464 3346 mortis
1485 3305 1559 3347 snae
1574 3287 1664 3349 nobie
1678 3289 1834 3352 effluens

391 3377 474 3441 leant
495 3378 631 3437 homines
647 3394 681 3434 se
697 3372 835 3433 conferre
854 3370 893 3431 ed
908 3370 1086 3431 eleetionem
1139 3374 1309 3451 promeruit.
1334 3373 1377 3431 At
1390 3373 1490 3433 Moses
1513 3382 1600 3435 vetus
1622 3383 1836 3439 testamentus

392 3475 424 3528 et
438 3465 661 3545 dispositionem
680 3459 830 3534 divinam3
853 3458 931 3518 siout
945 3457 1086 3536 Apostoli
1140 3457 1294 3519 dedicavit
1308 3460 1340 3518 in
1354 3462 1500 3539 sanguine
1523 3460 1632 3534 alieno,
1657 3463 1780 3526 seilioet
1792 3481 1831 3525 os·

391 3553 525 3615 iecerunt
549 3554 579 3611 in
600 3546 740 3628 eligendo
757 3544 948 3623 Coepostolo,
972 3546 1038 3604 Aet.
1058 3548 1084 3603 1.
1139 3546 1264 3605 eisorum
1289 3544 1480 3622 suimeiium3
1504 3546 1648 3628 idemque
1670 3551 1705 3611 in
1731 3558 1832 3613 ter-sn

392 3638 454 3701 Sed
470 3658 506 3699 ee
522 3637 677 3698 annotatio
693 3632 846 3713 praesenti
861 3630 926 3691 looo
941 3651 1002 3690 non
1018 3651 1084 3691 eon·
1139 3630 1293 3704 Chenaan,
1316 3652 1398 3711 qrrae
1420 3633 1483 3693 illie
1506 3635 1670 3714 praecipue
1684 3640 1832 3717 promitis·

391 3729 479 3808 graie
495 3724 585 3804 Quod
597 3723 705 3782 attinet
718 3718 756 3779 ed
769 3725 946 3789 contextum,
962 3735 1084 3795 respon·
1138 3719 1235 3791 betur,
1258 3737 1314 3779 neo
1337 3720 1480 3799 populum
1503 3719 1676 3796 introduxit,
1696 3744 1757 3788 nse
1777 3725 1833 3806 ipss

392 3812 444 3874 d'et
457 3814 531 3873 baec
547 3830 616 3890 pars
630 3807 674 3868 illi
690 3805 854 3885 superiori:
872 3804 907 3865 er·
922 3820 995 3878 erpo
1012 3812 1085 3864 esset
1139 3804 1255 3884 ingredi
1271 3807 1375 3884 potuit.
1400 3806 1503 3880 Porro,
1519 3806 1601 3886 qaod
1612 3807 1711 3870 dixit:
1727 3812 1833 3874 meiit-

390 3918 487 3978 ευριπ
500 3905 631 3971 merom,
651 3913 709 3957 neo
723 3901 799 3954 esset
812 3891 974 3967 soomdos3
997 3893 1085 3969 quasi
1138 3895 1183 3952 ris
1196 3895 1386 3967 testamenti,
1407 3892 1554 3953 declarat:

391 3986 504 4048 diseret
532 3984 598 4045 bie:
635 3982 730 4061 Atqui
756 3978 896 4041 saeerdos
922 3987 968 4038 est
993 3977 1086 4056 juxta
1182 3980 1273 4057 Quod
1288 3981 1324 4040 isa
1338 3980 1523 4040 melioribus
1537 3985 1833 4056 repromissionibus

391 4073 599 4136 testimonium
614 4068 757 4144 Devidis;
780 4067 832 4128 sed
855 4066 946 4144 longe
960 4063 1086 4125 meliore
1137 4068 1301 4126 semitam·
1311 4074 1363 4125 est.
1383 4068 1484 4127 'Panto
1496 4065 1639 4128 videlieet
1650 4070 1833 4142 melioribus,

392 4182 429 4222 se
457 4159 676 4241 praestantiore
702 4156 804 4234 potius
833 4150 1009 4214 sacerdotio.
1047 4149 1084 4212 Id
1137 4160 1249 4231 quanto
1264 4154 1381 4230 potiora
1395 4164 1465 4213 eunt
1480 4154 1622 4215 coelestia
1632 4159 1831 4228 terrsnhas·

391 4248 468 4318 euim
476 4255 565 4308 vocat
576 4245 797 4315 ministerima,
809 4239 952 4300 videlieet
960 4257 1083 4309 eaerum,
1138 4247 1222 4297 terne
1245 4237 1372 4308 caducis
1391 4240 1555 4319 spiritualia
1572 4243 1757 4305 ermetem
1772 4244 1833 4306 nee

391 4333 509 4396 Greeee
529 4324 728 4408 λειτουργίαν.
759 4328 848 4388 Hane
871 4328 964 4386 etiam
986 4343 1083 4385 secer·
1137 4324 1833 4406 namquediffereetiaesuntprornissorumnuri

392 4419 466 4481 dotii
489 4420 703 4501 praestantiam
724 4424 844 4495 poteret
864 4431 903 4473 ex
914 4414 980 4490 jem
995 4410 1084 4470 diotie
1137 4414 1309 4472 testamenti
1326 4433 1362 4473 ao
1375 4415 1492 4474 veteris.
1515 4413 1613 4488 Adde,
1639 4417 1727 4496 quod
1742 4420 1833 4500 ipsa!

391 4507 558 4577 ostendere,
581 4505 652 4585 quie
674 4511 738 4563 erst
759 4499 915 4581 exemplar
937 4500 969 4559 in
982 4506 1085 4559 monte
1137 4499 1214 4576 legis
1237 4498 1487 4576 observationem,
1514 4520 1574 4580 qua
1596 4507 1779 4582 pervenitur
1798 4500 1833 4565 sd

390 4603 597 4664 monstratum,
612 4590 644 4652 id
659 4598 706 4651 est
720 4589 868 4664 ooeleste;
892 4586 945 4648 sed
960 4586 1082 4665 amplio-
1137 4584 1191 4645 iile
1206 4584 1333 4646 meliore·
1344 4590 1499 4666 promisse,
1518 4587 1605 4648 nobis
1622 4600 1759 4668 praestat
1772 4599 1831 4671 gue-

389 4683 430 4743 ria
456 4681 612 4741 doetrinae
641 4695 734 4737 eausa
762 4676 890 4736 transire
917 4674 1014 4734 voluit
1043 4672 1082 4733 ad
1137 4673 1180 4731 tia
1194 4675 1265 4732 novi
1276 4675 1453 4734 testamenti.
1471 4673 1629 4753 Siquidem
1642 4686 1674 4736 et
1686 4679 1755 4758 ipsa
1769 4695 1831 4740 eou-

389 4770 571 4828 mentionem
585 4764 766 4836 teetsmenti‚
790 4772 882 4843 etque
901 4781 938 4822 ex
954 4780 989 4820 eo
1005 4778 1084 4820 nova
1137 4761 1251 4819 tinetur
1270 4759 1327 4818 sub
1349 4761 1554 4841 promissione,
1575 4763 1668 4822 aienti
1691 4785 1764 4826 mox
1785 4763 1830 4825 ds·

389 4855 650 4934 argumentatione
671 4849 814 4929 probare,
840 4849 922 4931 quod
943 4848 1082 4909 instituit
1137 4846 1216 4906 oebit
1231 4865 1271 4906 ex
1285 4846 1429 4908 Jeremia
1451 4847 1534 4908 Nihil
1553 4857 1655 4909 autem
1672 4849 1737 4913 tels
1751 4868 1837 4932 psat·

390 4941 461 5003 Hoo
474 4948 528 5011 est,
545 4938 625 5018 quod
641 4939 791 5015 sequitur:
1137 4934 1212 4992 stitit
1238 4942 1291 4993 sut
1315 4944 1468 5012 proestare
1494 4938 1595 5015 potuit
1620 4944 1840 5000 testamentum·

434 5030 561 5108 Quanto
590 5033 619 5086 et
643 5026 785 5086 melioris
807 5025 989 5086 testamenti
1013 5039 1082 5082 me·
1136 5028 1232 5092 vetus,
1244 5022 1394 5100 quonism,
1406 5023 1463 5083 etei
1473 5022 1585 5084 fuerint
1596 5023 1831 5107 eliquitempssa
