4442 5825
704 573 870 629 tristatus
886 574 926 629 Ab
944 572 1109 629 mesos
1144 572 1289 629 imit.
1307 574 1351 627 24.
1675 577 1749 645 349

357 771 370 813 r
384 769 456 815 eam
481 751 647 832 accipimus
670 750 708 812 ds
730 752 868 813 omnibus
891 751 1004 812 anima·
1054 768 1138 812 susm
1154 770 1241 832 opem
1257 771 1294 812 ac
1308 748 1509 831 patrocinium
1524 746 1610 808 nobis
1625 765 1684 808 non
1700 745 1751 807 de-

366 838 525 919 justorum
541 837 758 920 perfectorum,
784 840 837 919 qui
854 836 1005 919 usquead
1052 845 1181 918 negent3
1208 839 1314 919 utique
1334 837 1498 897 valiturum
1519 855 1575 916 per
1599 852 1684 908 eum,
1711 834 1750 895 de

357 943 485 1007 stupae,
512 945 572 1007 quo
588 925 663 987 bseo
677 925 716 987 ab
735 926 879 1007 Apostolo
895 925 1004 985 scribe·
1054 945 1115 1006 quo
1131 926 1282 1007 sequitur:

357 1020 434 1087 stur,
448 1014 642 1093 emigrarant
1097 1014 1147 1074 at.
1172 1015 1214 1074 Et
1240 1013 1419 1073 testamenti
1439 1013 1518 1071 rsooi
1542 1008 1748 1069 mediatorem

357 1098 408 1161 iad
435 1099 587 1180 quomodo
607 1101 765 1178 perfectos
785 1100 849 1159 sive
872 1117 1005 1159 cousum-
1053 1104 1174 1163 Jesum.
1213 1100 1334 1160 Dicitur
1355 1102 1451 1162 Jeaas
1472 1099 1551 1158 novi
1572 1096 1752 1156 testamenti

357 1196 403 1251 tes
415 1196 523 1260 uocet,
538 1187 672 1248 dubitari
682 1195 800 1267 posset,
816 1204 885 1246 cum
900 1187 931 1245 in
947 1184 1006 1244 fine
1053 1186 1220 1260 mediator,
1234 1188 1307 1266 quia
1318 1204 1429 1245 norum
1442 1192 1661 1255 testamentum,
1670 1178 1752 1262 quod

357 1274 414 1337 stis
428 1275 592 1355 superioris
608 1273 731 1347 dixerit,
758 1293 810 1334 eos
825 1291 928 1333 omues
945 1292 1005 1331 uon
1053 1273 1137 1333 Deus
1152 1274 1307 1334 nobiscnm
1323 1270 1613 1350 statueredignstua
1628 1277 1683 1341 est,
1697 1286 1749 1329 ve·

357 1360 474 1422 anobis
494 1361 762 1434 consummandos,
788 1362 847 1421 nisi
869 1379 923 1420 nos
939 1377 1004 1418 eem
1054 1360 1098 1420 lut
1124 1360 1183 1421 Dei
1207 1364 1353 1441 interpres
1378 1358 1418 1419 ad
1443 1377 1498 1419 nos
1520 1356 1636 1430 attulit,
1663 1362 1695 1415 et
1718 1362 1752 1415 ut

357 1447 523 1509 bitationem
545 1448 787 1509 dissolvissemus
810 1446 915 1507 eodem
929 1445 1004 1505 loco.
1055 1446 1209 1526 legislator
1223 1446 1443 1528 promulgavit,
1466 1444 1543 1505 sieut
1563 1443 1636 1505 alibi
1651 1440 1750 1504 deols·

357 1536 449 1596 simus
464 1537 559 1610 euim,
585 1545 618 1597 et
638 1535 687 1596 hic
708 1535 884 1615 repetimus,
906 1534 1006 1612 justos
1054 1542 1151 1594 ratum
1177 1543 1230 1594 est
1268 1534 1316 1596 Ad
1343 1534 1421 1594 bunc
1446 1533 1625 1605 accessisse,
1651 1531 1751 1610 eique,

357 1623 442 1682 trita
457 1621 615 1683 defunctos
627 1622 823 1683 consummari
840 1618 1006 1680 secundum
1054 1630 1206 1701 tamquam
1222 1622 1355 1682 membra
1378 1620 1484 1700 capiti,
1504 1628 1659 1698 coaptatos
1674 1635 1751 1689 esse,

357 1709 441 1782 iuss,
467 1709 591 1789 quaudo
617 1708 734 1771 scilicet
759 1727 861 1770 eorum
888 1707 1007 1767 animae
1054 1710 1204 1769 maximae
1220 1708 1375 1788 dignitatis
1390 1715 1470 1777 erat,
1496 1706 1586 1767 simul
1601 1714 1633 1767 et
1647 1724 1767 1765 conso-⁴

357 1814 401 1857 sss
415 1795 463 1858 bic
478 1805 567 1857 vocat
586 1792 731 1874 spiritus)
745 1797 775 1856 in
791 1795 907 1856 coelum
923 1811 1003 1854 rece·
1054 1795 1183 1855 lationis.
1219 1797 1419 1855 Accesserant
1446 1801 1546 1854 autem
1571 1812 1625 1873 per
1652 1791 1751 1865 fidem,

357 1882 481 1943 melers
495 1883 556 1944 Dei
571 1886 688 1945 visione
703 1884 838 1943 beantur.
876 1881 935 1940 Por
949 1880 1007 1939 boc
1055 1891 1136 1943 certa
1158 1890 1305 1962 concepta
1329 1880 1455 1953 fiducia,
1481 1879 1562 1960 quod
1587 1900 1642 1962 per
1668 1878 1751 1939 illum

357 1970 393 2031 ltu
415 1971 475 2050 ipsi
497 1970 576 2048 justi
600 1970 822 2051 synecdochice
847 1968 948 2049 portici
976 1976 1008 2026 et
1054 1969 1248 2030 mediatorem
1264 1968 1446 2049 amplissima
1459 1967 1548 2044 bons,
1562 1955 1642 2028 boso
1658 1975 1751 2028 testa·

357 2059 509 2117 ssummsri
539 2057 694 2131 dicuutur,
732 2057 763 2117 id
792 2065 837 2117 est
867 2056 1007 2135 accipere
1054 2066 1155 2117 mento
1170 2058 1325 2137 promissa,
1341 2057 1528 2116 consecuturi
1542 2064 1652 2116 meent.
1675 2054 1752 2115 Nam

357 2146 595 2207 summationem
609 2146 718 2217 statui,
734 2145 766 2205 in
782 2162 843 2223 quo
858 2150 941 2216 snut,
957 2162 1004 2202 sc·
1054 2144 1126 2204 ideo
1141 2145 1218 2204 noui
1241 2145 1419 2204 tentamenti
1443 2143 1601 2205 mediator
1619 2149 1681 2219 est,
1707 2143 1752 2202 in·

357 2228 534 2293 nodatam.
572 2230 650 2293 Cum
674 2231 751 2292 enim
774 2233 882 2291 mortui
901 2232 961 2290 siut
976 2236 1007 2289 ot
1054 2233 1123 2311 quit
1136 2250 1201 2311 cap.
1219 2234 1257 2304 9.,
1274 2238 1308 2292 ut
1320 2230 1562 2307 promissionem
1578 2233 1751 2306 accipiant,

357 2336 382 2379 ss
401 2317 595 2396 corporibus,
620 2317 753 2380 nondum
775 2318 819 2377 eis
838 2325 1007 2396 competere
1054 2321 1110 2396 qai
1125 2320 1230 2379 uocati
1250 2325 1343 2394 sant,
1371 2325 1522 2378 aeternae
1536 2318 1752 2378 baereditatis.

357 2412 410 2467 test
433 2404 488 2464 ilia
507 2405 661 2484 justornm
687 2405 840 2466 hominum
866 2403 1005 2464 absoluta
1097 2407 1141 2467 Et
1165 2408 1333 2481 torpuistis
1359 2408 1582 2481 aspersiones.
1620 2404 1751 2465 Graece:

357 2494 545 2564 munatio,
567 2491 606 2554 de
628 2512 690 2573 qua
713 2512 810 2553 sermo
833 2498 880 2552 est
894 2492 925 2551 in
940 2510 1006 2569 cap.
1054 2495 1098 2555 Et
1124 2495 1311 2568 sanquinem
1338 2494 1540 2569 aspersionis.
1581 2491 1684 2571 Atque
1710 2492 1753 2551 ita

357 2576 447 2639 need.
1054 2581 1194 2659 legerunt
1216 2578 1467 2660 Theopbylactus
1490 2588 1520 2639 et
1542 2576 1751 2641 Oecumenius.

358 2663 443 2727 Valet
456 2666 550 2745 igitur
569 2663 619 2725 hic
638 2665 723 2726 locus
745 2664 785 2726 sd
807 2665 1005 2725 confirmatio·
1054 2667 1134 2728 Num
1151 2665 1387 2747 chrysostomus
1406 2674 1439 2727 et
1453 2666 1666 2727 Theodoretns
1681 2665 1752 2746 quid

357 2770 379 2813 a
405 2751 574 2813 estboliose
602 2750 774 2825 doctrinae,
799 2770 879 2833 quae
907 2751 1006 2824 tradit,
1054 2754 1199 2834 legerint,
1227 2773 1265 2815 ex
1291 2773 1392 2814 eorum
1407 2755 1626 2814 commentsriis
1641 2772 1702 2815 non
1716 2752 1752 2814 li·

357 2839 425 2901 irs·
446 2839 598 2919 justorum
625 2840 714 2921 plene
739 2847 880 2920 purgatas
905 2840 1006 2899 statim
1056 2851 1136 2922 quet.
1168 2840 1209 2900 At
1223 2860 1295 2902 sero
1310 2840 1392 2922 Syra
1412 2841 1511 2901 versio
1526 2847 1672 2901 consonat
1685 2859 1752 2902 cum

357 2926 427 2988 utta
441 2926 483 2987 sd
497 2927 599 2987 Deum
617 2926 698 2988 clsre
713 2926 886 2988 videndum.
920 2926 1007 2986 Haec
1057 2948 1110 3002 eo,
1126 2928 1206 3008 quod
1223 2937 1268 2989 est
1283 2931 1314 2989 in
1330 2928 1455 2989 Latinis.
1477 2929 1513 2989 ln
1528 2928 1639 3009 quibus
1654 2936 1753 2989 tamen

357 3013 391 3074 in
403 3021 451 3074 est
459 3013 612 3093 justorum
630 3013 793 3076 secundum
809 3015 923 3075 animas
939 3034 1006 3074 con·
1056 3016 1200 3095 suspicari
1217 3016 1322 3086 liceat,
1346 3016 1423 3076 bano
1446 3034 1569 3076 casuum
1589 3023 1751 3076 commuta-
1770 3034 1772 3038 ·

357 3102 477 3162 matio.
515 3099 607 3161 Valet
635 3103 727 3162 etism
754 3101 794 3162 sd
821 3098 1007 3180 probandum
1056 3104 1165 3162 donem
1180 3101 1292 3163 isctsm
1302 3122 1342 3163 ex
1357 3102 1416 3162 elio
1431 3101 1507 3173 loco,
1522 3103 1575 3183 qui
1591 3110 1639 3163 est
1655 3107 1671 3163 l
1685 3102 1752 3164 Pet.

357 3188 523 3267 spatarium.
556 3186 673 3250 Dicens
689 3188 784 3249 enim:
810 3191 941 3265 spiritus
950 3192 1007 3262 ,ia-
1059 3195 1102 3262 1.,
1119 3190 1172 3250 ubi
1187 3190 1329 3269 legimus:
1357 3191 1571 3265 aspersionem
1586 3191 1754 3266 sanaainis

357 3289 425 3336 nas
451 3274 687 3352 perfectorum,
714 3274 860 3349 ostendit,
887 3275 1007 3354 sliquos
1055 3280 1138 3339 Jesss
1154 3278 1278 3339 Christi.
1308 3274 1465 3355 Siquidem
1480 3275 1549 3335 huic
1563 3275 1630 3336 loco
1644 3276 1754 3337 melius

357 3377 381 3422 ts
396 3362 524 3442 spiritus
542 3362 692 3439 iustorum
715 3361 845 3422 nondum
861 3361 1006 3442 periecto-
1056 3366 1176 3424 omnino
1199 3363 1328 3444 quadret
1350 3361 1471 3423 Graece
1492 3362 1596 3437 lectio,
1621 3364 1753 3424 maxime

357 3465 386 3508 ι.
419 3447 484 3529 Qui
497 3446 622 3530 quidem
643 3470 705 3511 uon
731 3448 784 3508 alii
808 3459 892 3521 sunt,
918 3469 1007 3529 quum
1056 3461 1178 3531 propter
1201 3449 1248 3523 id,
1274 3448 1356 3528 qnod
1378 3451 1516 3530 sequitur
1541 3448 1579 3509 de
1604 3450 1752 3530 sanguine

357 3551 389 3594 ss
397 3533 520 3613 justitia
533 3533 591 3595 Dei
614 3542 782 3597 mmorstur
795 3556 832 3596 ac
847 3537 962 3597 detinet
977 3536 1009 3595 in
1056 3536 1135 3598 Abel
1162 3537 1311 3619 loquente.
1350 3535 1543 3617 Quamquam
1568 3536 1607 3597 ad
1633 3556 1750 3597 sensum

357 3622 434 3692 suis,
460 3639 497 3682 se
519 3620 603 3701 quod
624 3621 723 3683 adhuc
741 3621 931 3703 purgandum
955 3622 1007 3683 ali·
1056 3645 1116 3685 non
1130 3626 1175 3685 ita
1190 3623 1316 3684 multum
1338 3624 1477 3694 interest,
1506 3633 1604 3684 utrum
1626 3623 1752 3701 legatur,

357 3704 537 3768 libabant.
1056 3712 1185 3772 utinm
1201 3712 1412 3790 intelligamus.
1448 3711 1506 3771 Est
1527 3718 1627 3771 sutem
1643 3710 1751 3771 allusio

357 3791 1007 3877 isdqnomedoHebreeiadjustorumper·
1056 3797 1096 3858 ad
1126 3800 1281 3879 sanguinis
1310 3797 1526 3877 aspersionem,
1556 3818 1633 3878 quae
1661 3796 1754 3858 fiebat

357 3885 458 3942 terum
472 3882 594 3962 spiritus
605 3882 815 3944 uocauerant?
829 3883 945 3962 Utique
955 3903 1010 3965 per
1056 3893 1192 3965 tempore
1207 3886 1317 3946 veteris
1340 3888 1520 3945 testamenti.
1554 3884 1616 3946 Sed
1637 3903 1705 3945 cum
1721 3885 1753 3945 iu

357 3965 485 4040 ritatem,
509 3987 572 4047 qus
594 3968 656 4029 illis
677 3970 955 4050 conjungebantur,
980 3979 1009 4030 et
1056 3970 1162 4033 Exodo
1189 3971 1305 4032 duobus
1329 3971 1403 4031 locis
1430 3972 1541 4032 mentio
1562 3971 1616 4032 ilat
1637 3972 1751 4052 aspersi

357 4071 492 4135 sspesn,
518 4073 581 4135 qua
609 4055 647 4115 ad
675 4056 801 4117 eandem
831 4056 1008 4119 felicitatem
1056 4060 1227 4137 sanguinis,
1253 4058 1536 4138 scilicetesp.1‘t.,
1564 4060 1616 4119 ubi
1631 4057 1669 4120 de
1684 4078 1750 4120 san-

357 4139 497 4220 titubant.
529 4141 580 4204 Ex
605 4141 716 4221 quibus
742 4151 828 4223 putet
853 4144 1008 4205 distinctio
1055 4147 1148 4226 guine
1157 4148 1227 4226 agni
1236 4143 1388 4225 paschalis
1395 4144 1579 4223 jubebantur
1590 4145 1644 4206 filii
1657 4145 1752 4206 ieratil

357 4225 402 4304 Ιιι
414 4229 510 4308 partis
531 4229 570 4289 ab
594 4229 664 4289 ills:
689 4231 734 4292 Et
748 4232 920 4292 Ecclesiam
935 4234 1007 4307 pri·
1054 4251 1215 4312 aspergere
1243 4231 1497 4312 superliminaris
1515 4231 1687 4306 domorum,
1721 4240 1753 4293 et

357 4315 493 4376 fluorem
515 4322 570 4376 sto.
611 4315 690 4376 Nam
712 4316 815 4378 ibide
837 4317 1006 4379 bominibus
1054 4339 1121 4399 cap.
1138 4321 1204 4393 st,
1227 4319 1279 4380 ubi
1294 4331 1364 4399 post
1378 4318 1476 4378 datam
1492 4319 1590 4398 legem
1605 4328 1753 4393 narratur,

357 4417 403 4460 ns
427 4409 493 4474 est,
521 4402 573 4462 bic
594 4400 634 4464 de
655 4403 830 4479 animabus,
860 4404 1006 4485 simulque
1054 4405 1304 4486 quemadmodum
1326 4405 1429 4465 Moses
1454 4404 1493 4468 de
1513 4408 1620 4467 ritulis
1643 4405 1753 4467 oblatis

357 4485 397 4550 tis
424 4488 573 4563 innuitur,
604 4507 642 4550 ex
668 4490 838 4552 bominibus
869 4494 900 4551 in
926 4500 1006 4552 terra
1054 4493 1228 4572 sauguinem
1241 4493 1416 4572 resperserit
1428 4494 1458 4553 in
1469 4494 1618 4574 populum,
1630 4492 1752 4554 dixerit·

357 4575 430 4636 sisto
440 4574 650 4646 militantibus,
666 4586 698 4637 et
709 4579 867 4639 animabus
879 4580 910 4639 in
922 4578 1005 4638 coelo
1054 4599 1130 4659 que:
1161 4582 1223 4641 Hie
1249 4588 1293 4640 est
1321 4583 1453 4655 suaeuis
1480 4582 1636 4658 foederis,
1667 4580 1753 4657 qaod

357 4679 375 4724 s
388 4659 512 4724 cbristo
525 4663 736 4742 regnantibus,
758 4683 846 4725 anem
863 4668 1003 4726 constitui
1051 4669 1176 4744 pepipit
1192 4669 1351 4728 Dominus
1363 4668 1539 4728 vcoiscam:
1553 4666 1684 4728 dubitari
1698 4687 1751 4748 po-

357 4745 489 4828 tlssiam;
513 4760 549 4809 ut
564 4749 690 4829 proinde
704 4772 757 4830 per
772 4755 925 4812 caritatem
942 4771 1003 4812 mu·
1053 4753 1172 4824 tested
1185 4764 1284 4813 utrum
1295 4755 1419 4814 istorum
1431 4755 1569 4833 respiciat
1579 4753 1752 4834 Apostolus.

357 4836 411 4900 rsit
425 4837 579 4917 utrimque
588 4840 769 4910 cummunio,
785 4858 845 4919 qus
860 4840 908 4907 iit,
925 4849 958 4898 ut
974 4848 1006 4899 et
1096 4841 1238 4916 Plerique
1253 4843 1403 4913 sentiunt,
1422 4859 1458 4900 ac
1473 4859 1547 4902 sane
1561 4841 1770 4922 probabilius,

357 4920 489 4984 tiliarum
500 4933 671 4984 uncturum
683 4926 848 4986 animarum
860 4926 1005 5006 suffragia
1053 4934 1114 4999 est,
1136 4926 1175 4987 ad
1193 4928 1249 4988 hoo
1272 4931 1421 5008 posterius
1437 4947 1505 4988 eum
1521 4930 1683 5008 respicere,
1700 4948 1750 4989 ua·

357 5010 471 5090 stjura
486 5005 645 5072 amicitiae
658 5012 861 5092 requirsmus,
883 5020 916 5075 et
932 5011 1004 5073 illae
1046 5014 1099 5094 jus
1109 5014 1175 5094 jam
1190 5022 1281 5075 antea
1304 5034 1370 5095 cap.
1387 5018 1416 5077 9.
1432 5015 1615 5077 mentionem
1630 5014 1751 5079 iecerat.
