4442 5825
718 584 881 649 vistulae
898 594 938 649 m
956 594 1120 650 massas
1154 592 1239 649 ΜΒ.
1259 596 1298 650 17.
1319 596 1358 649 18.
1652 599 1726 671 375

371 768 584 831 mutavero
606 789 712 832 sensus
733 773 793 832 iste
814 791 917 832 sanam
932 773 975 832 in·
1028 779 1065 833 sat
1078 778 1234 848 qementss
1254 772 1289 831 id
1309 772 1444 850 fodant.
1468 769 1558 851 Quod
1573 773 1600 833 si
1614 771 1723 833 refera-

371 857 476 931 :adam
492 858 628 937 requirit.
650 856 777 919 Constat
794 859 882 932 enim,
906 858 973 918 aub-
1029 867 1078 918 tur
1091 857 1131 918 ad
1154 859 1293 919 verbum:
1315 858 1520 935 pervipilant,
1545 858 1631 934 juxta
1646 880 1724 920 com·

371 960 418 1005 um
435 940 579 1004 malitiam
601 964 663 1005 non
683 964 773 1024 posse
792 945 862 1022 jure
878 946 972 1024 impu·
1028 965 1146 1005 munem
1171 947 1405 1025 expositionem,
1432 964 1538 1005 seusus
1560 954 1620 1006 est:
1643 946 1722 1006 Nam

375 1026 456 1091 banis
484 1028 647 1111 praefectis
683 1031 722 1090 ad
755 1030 972 1091 detractionem
1027 1051 1083 1092 nec
1109 1033 1196 1093 vobis
1219 1031 1352 1112 expedit,
1378 1029 1447 1091 illos
1468 1051 1536 1091 cum
1560 1031 1664 1093 dolore
1685 1053 1722 1092 sc

371 1114 434 1177 stis
462 1116 540 1176 liam
566 1121 782 1195 unusquisquis
802 1123 973 1195 propriam
1026 1120 1140 1196 gemitu
1155 1118 1283 1198 vigilare
1298 1120 1458 1196 provobis.
1476 1118 1625 1197 Quamvis
1641 1119 1721 1179 enim

371 1202 449 1263 sdsm
471 1206 606 1279 accipiat
627 1205 799 1265 seeundum
814 1224 905 1266 suum
923 1205 972 1263 lc·
1026 1204 1086 1264 illis
1098 1226 1157 1266 non
1171 1205 1260 1265 liceat
1269 1203 1434 1266 vindictam
1447 1213 1589 1284 expetere
1604 1213 1723 1266 vestrae

371 1304 403 1364 tt,
424 1287 519 1350 icor.
533 1294 571 1362 3,
586 1312 645 1351 nou
661 1290 825 1351 secundum
841 1291 972 1351 fructum
1026 1290 1258 1365 inobedientiae,
1282 1293 1364 1351 Deus
1387 1302 1488 1351 tamen
1513 1310 1614 1352 eorum
1629 1293 1721 1372 gemi-

371 1372 404 1437 is
436 1376 505 1437 lion
533 1378 627 1456 igitur
656 1379 885 1437 existimandum
916 1386 969 1450 est,
1026 1387 1088 1438 tum
1104 1379 1256 1453 exaudiet,
1272 1387 1302 1437 et
1317 1398 1370 1457 pro
1386 1379 1447 1438 illis
1462 1377 1629 1438 ulciscetur.
1656 1378 1721 1458 Ipsi

371 1478 417 1522 uss
431 1481 537 1523 seusus
558 1467 715 1524 memorati
731 1466 903 1543 significare
918 1484 970 1521 vo·
1026 1483 1145 1544 quoque
1169 1473 1318 1543 potestate
1333 1484 1396 1538 sua,
1420 1485 1510 1546 quam
1527 1464 1664 1525 Christus
1680 1466 1722 1524 eis

371 1546 499 1619 thonos
521 1558 665 1629 pastores,
691 1570 757 1611 cum
781 1553 972 1631 pervenerint
1025 1550 1156 1624 tradidit,
1169 1561 1288 1612 utentur
1300 1549 1457 1612 adversum
1469 1571 1533 1611 vos.
1556 1551 1610 1611 Sin
1622 1559 1721 1612 autem

371 1632 462 1695 ibunsl
478 1634 597 1708 Christi,
613 1638 663 1697 vel
678 1657 744 1698 reos
760 1639 904 1716 agendos,
921 1636 970 1696 vel
1024 1636 1175 1698 referatur
1191 1636 1228 1699 ad
1246 1659 1311 1699 eam
1334 1647 1464 1719 partem:
1488 1641 1645 1698 rationem
1658 1655 1720 1713 pro

371 1723 544 1783 umercede
564 1723 785 1804 periclitatoros
806 1744 881 1797 esse,
906 1743 970 1803 pro·
1024 1725 1195 1786 animabus
1209 1730 1320 1787 vestris
1334 1726 1503 1799 reddituri,
1522 1744 1628 1785 sensus
1644 1726 1719 1784 erit:

371 1809 485 1889 equod
508 1829 580 1871 ovea
602 1810 762 1871 habuerint
775 1812 872 1871 minus
888 1809 969 1870 dicto
1023 1810 1269 1892 Haudquaquam
1292 1812 1379 1873 vobis
1402 1812 1539 1890 expedit,
1563 1811 1630 1871 illos
1653 1831 1719 1872 cum

371 1894 515 1972 mamad
523 1895 680 1978 dupliciter
690 1896 859 1976 hujusmodi
870 1897 970 1977 glossa
1023 1900 1136 1976 gemitu
1162 1900 1305 1959 rationem
1330 1899 1457 1960 reddere
1482 1918 1537 1979 pro
1561 1898 1719 1961 animabus

371 1983 544 2061 tsxplicari.
568 1984 635 2045 Uno
650 1985 747 2058 modo,
771 1986 796 2044 si
812 1983 969 2064 suppleas:
1023 1986 1140 2043 vestris.
1164 1985 1202 2044 Id
1218 1987 1297 2046 enim
1313 1994 1393 2046 esset
1412 1989 1530 2064 signum
1546 1985 1716 2048 inobedien-

371 2074 432 2129 tam
448 2077 493 2130 sat
507 2073 543 2133 irs
559 2071 656 2146 vobis,
679 2074 707 2132 ss‘
723 2072 809 2150 sorte
821 2073 968 2147 pereatis.
1023 2072 1084 2130 tiae
1098 2080 1220 2132 vestrae
1236 2081 1268 2132 et
1283 2071 1468 2149 perditionis.

373 2166 469 2215 restra
487 2158 616 2232 perditio
638 2157 751 2219 faceret
769 2158 837 2218 illos
852 2176 970 2236 gemere
1066 2156 1230 2218 Adducens
1256 2158 1336 2219 huuc
1351 2158 1490 2239 Apostoli
1516 2160 1615 2219 locum
1631 2160 1716 2219 Pros-

371 2242 492 2301 riclitari
519 2245 550 2305 in
572 2244 622 2306 die
644 2244 814 2306 reddendae
834 2245 968 2315 rationis,
1023 2264 1076 2322 per
1092 2244 1158 2305 libr.
1175 2247 1203 2303 2.
1220 2245 1258 2304 de
1277 2247 1340 2304 vita
1363 2254 1508 2324 contemp.
1524 2265 1588 2325 cap.
1606 2247 1644 2320 3,
1667 2266 1718 2326 po

371 2327 490 2388 erdium
516 2332 666 2412 inspector
688 2332 774 2390 Deus
795 2331 894 2403 sciret,
918 2348 969 2389 eos
1022 2338 1133 2390 strema
1157 2330 1248 2390 verba
1270 2332 1377 2391 recitet
1399 2332 1515 2410 absque
1540 2333 1716 2411 negatione:

391 2423 478 2475 extra
500 2418 629 2497 culpam.
665 2418 715 2478 Sic
739 2416 867 2496 intelligi
894 2417 970 2477 solet
1023 2419 1092 2477 Hoc
1114 2421 1197 2478 enim
1226 2418 1352 2494 expedit
1378 2419 1483 2492 vobis,
1511 2428 1540 2479 et
1561 2416 1655 2478 refert
1677 2418 1717 2478 ad

371 2500 442 2581 apa
458 2504 504 2563 4.:
531 2505 635 2565 Nolite
658 2507 847 2565 contristere
862 2505 969 2580 Spiri—
1022 2501 1115 2563 illud:
1137 2511 1174 2565 ut
1196 2523 1266 2564 cum
1282 2505 1403 2580 quadie
1426 2507 1483 2565 hoc
1496 2506 1631 2582 [amant.
1654 2503 1715 2566 Sed

371 2596 512 2664 mam,
534 2592 649 2651 scilicet
671 2599 816 2670 quantum
837 2592 868 2649 in
882 2589 969 2649 vobis
1021 2589 1196 2652 mendosam
1213 2610 1281 2652 esse
1296 2592 1467 2665 lectionem,
1490 2591 1608 2653 Graeca
1626 2590 1716 2651 facile

371 2694 413 2735 sm
428 2677 581 2756 pacando
597 2696 664 2737 eum
676 2699 695 2738 a
706 2677 793 2737 vohis
808 2676 967 2756 expellitis.
1022 2679 1210 2750 convincunt,
1235 2680 1265 2739 iu
1281 2678 1394 2755 quibus
1410 2686 1455 2739 est
1475 2699 1535 2740 una
1551 2680 1716 2758 composita

371 2770 413 2823 ter
449 2765 546 2843 accipi
575 2773 675 2844 potest
712 2763 765 2824 de·
778 2764 969 2824 frustratione
1022 2764 1129 2824 dictio:
1155 2756 1348 2840 ἀλυσιτελὲς,
1372 2767 1496 2826 inutile.
1519 2764 1607 2826 Unde
1628 2764 1716 2845 pleri·

371 2850 562 2930 isujuspiam,
575 2850 656 2932 quod
667 2850 851 2913 accidentale
859 2858 969 2910 vocant
1022 2870 1081 2932 que
1096 2859 1232 2913 vertum:
1248 2853 1318 2914 Hoc
1333 2855 1416 2914 enim
1432 2854 1547 2915 inutile
1562 2859 1606 2914 est
1622 2852 1715 2915 vobis.

371 2938 434 3016 ogi.
460 2936 539 2997 Nam
555 2940 644 3018 quasi
659 2946 781 3018 gement
796 2940 827 2998 in
842 2938 968 2998 redden·
1023 2938 1214 3019 Quamquam
1226 2939 1289 2999 fieri
1301 2949 1408 3020 potest,
1421 2942 1611 3022 utquaedam
1624 2940 1715 3002 Grae-

371 3023 451 3084 tione
468 3023 645 3103 Praepositi,
668 3028 730 3104 qui,
754 3045 818 3085 cum
841 3025 968 3084 multum
1022 3046 1058 3086 ca
1071 3024 1248 3087 habuerint:
1265 3019 1436 3103 λυσιτελὲς,
1453 3030 1563 3088 omissa
1575 3029 1713 3107 privante

371 3110 486 3182 ruerint,
508 3133 569 3171 nou
591 3122 691 3173 mmen
714 3111 856 3191 gaudium
873 3112 967 3190 perci·
1021 3113 1170 3189 particula
1186 3105 1223 3189 ἀς
1245 3115 1336 3191 juxta
1358 3134 1449 3195 qoam
1472 3114 1631 3175 lectionem
1646 3134 1713 3194 pro·

380 3217 420 3258 σι
450 3195 550 3258 fructu
575 3197 705 3272 laboris,
731 3201 911 3260 consistente
937 3199 968 3258 in
1021 3199 1070 3260 cul
1093 3199 1183 3260 dubio
1205 3200 1365 3261 referenda
1387 3209 1468 3262 esset
1488 3200 1561 3262 haec
1583 3221 1652 3280 pars
1675 3198 1714 3260 ‘ad

371 3307 378 3344 ι
414 3286 642 3346 conversatione
678 3295 707 3345 et
744 3286 968 3366 perseverantia
1021 3286 1113 3347 illud:
1129 3305 1199 3348 eum
1215 3287 1334 3361 quadie
1347 3288 1464 3364 [οοονο.

371 3401 390 3444 ι,
420 3371 531 3449 quibus
557 3372 749 3450 praefuerint.
785 3371 895 3434 Similis
921 3379 970 3431 est
1066 3376 1115 3435 18.
1139 3374 1235 3435 Orate
1248 3392 1309 3450 pro
1324 3375 1422 3435 roobia
1445 3374 1617 3454 Apostolus,
1633 3393 1714 3434 more

379 3458 413 3519 in
429 3457 485 3537 Ep.
502 3462 529 3519 2.
554 3459 685 3522 «loannis
702 3459 841 3537 Apostoli
863 3478 968 3518 secun·
1020 3480 1083 3533 suo,
1106 3459 1163 3520 sub
1183 3460 1270 3521 finem
1292 3461 1449 3539 Epistulae
1472 3461 1660 3523 commendat
1682 3479 1715 3520 se

371 3545 517 3605 actionem
534 3545 699 3606 Graecum:
726 3546 835 3606 Videte
851 3553 968 3606 vosmet
1020 3546 1157 3627 precibus
1180 3567 1299 3621 sarram,
1322 3548 1361 3607 ad
1384 3568 1460 3629 quos
1483 3549 1594 3609 scribit
1630 3547 1712 3608 lusa·

388 3632 495 3711 inquit,
518 3652 558 3693 rac
578 3634 764 3709 perdamus,
787 3650 869 3710 quac
891 3650 968 3708 ope·
1020 3637 1106 3695 niont
1129 3654 1200 3714 ergo
1222 3635 1373 3707 haeretici,
1395 3634 1465 3695 dum
1481 3636 1645 3707 clamitant,
1668 3635 1713 3694 in·

371 3735 486 3795 umus,-
509 3719 564 3779 scd
584 3727 621 3780 ut
643 3720 816 3781 mercedem
838 3720 968 3791 planum
1016 3722 1128 3800 jurium
1143 3740 1198 3782 nos
1213 3720 1313 3782 tacere
1325 3720 1444 3782 Christo
1457 3722 1625 3795 Mediatori,
1641 3740 1713 3802 quo·

371 3807 477 3866 omos
499 3803 616 3866 Eodem
638 3816 763 3887 spectat,
786 3805 866 3888 quod
889 3808 966 3866 Pau·
1021 3809 1079 3868 ties
1094 3809 1227 3868 vicissim
1244 3808 1371 3867 Paulum
1391 3829 1427 3868 ac
1442 3819 1580 3870 caeteros
1596 3816 1715 3869 sanctos

371 3909 415 3964 os,
442 3890 523 3971 apud
544 3912 620 3971 quos
644 3913 710 3954 cnm
733 3912 841 3974 magno
866 3892 969 3952 fructu
1020 3913 1167 3973 rogamus,
1183 3893 1332 3954 diceutes:
1348 3896 1444 3956 Orate
1458 3915 1519 3972 pro
1534 3896 1631 3957 nebu.
1658 3895 1715 3954 Po·

371 3985 473 4050 :vsrat
494 3987 528 4038 ut
545 3978 760 4059 Philippenses
783 3989 814 4040 et
836 3980 968 4040 Thessa·
1022 3981 1083 4042 suit
1106 3989 1205 4042 alitum
1230 3980 1346 4058 plurale
1368 4003 1421 4062 pro
1444 3983 1598 4061 singulari,
1625 3983 1716 4042 mobis

371 4083 455 4138 inses,
470 4074 559 4124 vocat
574 4085 761 4143 spumarum
774 4067 969 4143 stpirudium
1022 4088 1076 4147 pro
1097 4086 1166 4144 ms:
1189 4066 1270 4148 qnod
1293 4067 1392 4149 liquet
1414 4088 1452 4129 ex
1474 4069 1575 4130 verbis
1589 4088 1716 4148 sequen-

371 4155 464 4227 rium,
481 4154 644 4228 ttplories
655 4172 819 4229 coronam,
836 4152 968 4232 Philipp.
1022 4154 1110 4224 tibus,
1127 4174 1205 4233 quse
1220 4155 1259 4216 ad
1270 4156 1365 4235 ipsius
1381 4175 1540 4235 personam
1557 4158 1715 4236 pertinent.

371 4239 474 4300 l'hess.
492 4243 520 4300 2.
543 4238 687 4300 videlicet
707 4239 746 4299 sd
762 4240 842 4301 diem
858 4239 970 4300 adven·
1067 4241 1264 4319 Oonddtmus
1283 4244 1378 4318 raim,
1402 4246 1479 4321 quio
1501 4244 1616 4304 bonam
1640 4261 1718 4304 cors-

371 4326 462 4386 amiui
477 4325 649 4403 respiciens,
665 4328 740 4388 sicut
756 4329 821 4407 ipso
837 4327 972 4406 explicat
1023 4331 1186 4389 seientiam
1213 4330 1377 4405 habemas,
1408 4333 1445 4390 irc
1470 4331 1616 4392 omnibus
1642 4330 1718 4390 beris

371 4411 512 4473 'lorilooo
527 4413 586 4490 iam
600 4415 700 4473 citato.
724 4412 895 4494 Exquibus
910 4415 972 4490 jam
1024 4415 1163 4477 volcmtm
1191 4420 1384 4477 conversuri.
1418 4415 1569 4478 Orandum
1597 4414 1718 4497 quidem

394 4507 542 4577 apparet,
572 4519 661 4581 qoam
688 4499 737 4560 hic
762 4519 885 4572 sensus,
916 4499 973 4560 etsi
1025 4522 1079 4582 pro
1102 4503 1250 4576 omnibus,
1275 4504 1348 4582 quia
1369 4505 1477 4564 caritm
1500 4502 1539 4564 ad
1563 4522 1666 4564 omnes
1685 4521 1719 4562 se

371 4585 493 4657 uloaior,
519 4605 579 4645 non
603 4586 840 4667 improbabiliter
862 4585 972 4647 adscri-
1025 4587 1176 4664 extendit:
1206 4588 1261 4650 scd
1287 4589 1333 4650 illi
1358 4592 1455 4670 magis
1480 4590 1538 4651 hoc
1563 4597 1720 4664 merentur,

389 4671 460 4732 huic
480 4671 564 4748 loco:
596 4675 723 4734 maxime
745 4693 838 4754 quum
863 4673 972 4733 allusio
1026 4695 1093 4736 cum
1118 4675 1228 4753 quibus
1243 4685 1290 4736 est
1304 4677 1439 4737 caritatis
1455 4677 1632 4750 communio,
1656 4677 1720 4758 qui·

371 4759 379 4821 l
399 4757 630 4838 dispensatores,
652 4780 671 4819 s
686 4762 795 4840 quibus
818 4759 887 4821 dum
910 4760 972 4820 exi·
1027 4783 1088 4841 que
1109 4762 1208 4824 honae
1223 4765 1304 4825 vitae
1324 4763 1471 4843 exemplis
1486 4763 1654 4824 Ecclesiam
1670 4781 1719 4824 se·

372 4867 389 4906 r
424 4847 557 4907 rationes
587 4865 660 4907 suae
697 4846 972 4920 administrationis,
1026 4849 1159 4910 diticant.
1184 4849 1292 4911 'Palem
1308 4870 1342 4911 se
1357 4849 1488 4912 declarat
1509 4849 1637 4925 Paulus,
1660 4867 1720 4909 me

371 4931 395 4994 ri
408 4931 515 5006 solent,
534 4933 560 4992 si
575 4932 648 5013 quid
662 4934 792 4994 Domino
808 4935 908 5014 periit.
1026 4935 1112 4997 desta
1127 4944 1236 5009 tamem
1259 4936 1329 4997 dum
1345 4939 1441 4998 utitur
1456 4937 1597 4999 vocibus:
1621 4937 1720 5014 coad-

371 5022 487 5083 ssrslm
498 5037 567 5082 moa
578 5021 704 5097 expedit
716 5021 812 5082 cobis.
835 5020 973 5083 Scilicet:
1026 5023 1132 5084 dimus
1142 5032 1174 5083 et
1185 5022 1331 5086 volema.
1348 5023 1439 5105 Quod
1451 5044 1522 5107 ergo
1534 5023 1619 5088 dicit:
1636 5025 1721 5088 Oca-
