4442 5825
390 582 466 667 4⁴53
496 683 502 693 Ι
906 536 1142 646 muuuurssms'
1159 590 1192 646 u
1209 591 1275 645 csr.
1293 591 1322 644 u.

391 767 576 850 exproiesso
587 766 803 828 dimerserunt
826 764 916 848 Quod
930 787 1086 849 argumen·
1140 768 1337 832 confessionis
1368 765 1541 846 exemplum
1571 763 1738 824 babemus·

391 865 455 915 tum
478 856 568 916 etiam
590 874 609 915 a
631 855 718 915 nobis
741 855 903 935 aliquando
925 864 1088 918 tractatum
1141 857 1304 937 Gregorio,
1335 855 1435 935 quiin
1457 855 1519 914 fine
1541 870 1661 912 suorum
1676 850 1768 910 nor.-

390 941 447 1002 fnit
467 943 500 1003 in
523 945 634 1023 scripto
665 961 759 1022 super
780 943 956 1018 Magistrum
985 942 1037 1003 lib.
1058 947 1087 1006 4.
1141 945 1306 1024 profitetur,
1322 962 1355 1002 se
1370 950 1562 1022 peccatorum
1578 957 1696 999 suorum
1709 954 1768 996 rt:

391 1029 459 1089 diat.
476 1030 526 1091 23.
559 1029 658 1089 Multa
679 1029 720 1089 ibi
742 1029 871 1090 diximus
895 1028 934 1089 de
953 1038 1087 1109 peccato·
1140 1030 1282 1092 fratribus
1298 1031 1459 1109 detegere,
1485 1036 1521 1088 ut
1541 1027 1580 1087 ab
1596 1024 1657 1086 illis
1670 1024 1768 1085 rubri

390 1133 456 1176 rum
470 1116 619 1196 reliquiis,
635 1136 670 1177 ac
685 1116 764 1176 inter
780 1135 831 1177 aas
847 1124 998 1195 torporem
1015 1136 1086 1197 quo·
1141 1120 1288 1178 orationis
1306 1116 1443 1195 recipiat.
1477 1116 1594 1195 Estque
1616 1111 1704 1186 hujus
1722 1129 1768 1171 et

390 1220 452 1282 que
466 1204 634 1283 posuimus,
651 1221 709 1263 non
726 1205 779 1282 qui
795 1204 837 1261 ait
852 1221 889 1262 ex
904 1204 1023 1276 morbo,
1051 1206 1088 1265 de
1140 1206 1233 1265 sionis
1249 1201 1398 1285 quaedam
1411 1201 1540 1262 formula
1555 1200 1730 1280 quotidiana
1748 1196 1768 1255 i

391 1307 453 1369 quo
468 1308 558 1370 supra
572 1292 604 1350 in
619 1289 751 1351 secundo
768 1290 890 1363 effectu,
910 1290 964 1351 sed
980 1293 1033 1372 qui
1049 1310 1088 1352 ex
1141 1291 1223 1372 qnod
1239 1301 1311 1353 ante
1333 1291 1442 1350 missae
1463 1289 1626 1349 Introitum
1648 1282 1768 1346 sacerdo

392 1385 525 1455 peccato.
1141 1381 1280 1439 minister
1298 1376 1355 1437 sibi
1380 1385 1483 1437 mutuo
1505 1382 1633 1457 peccata
1655 1372 1768 1432 conitar

437 1466 485 1524 16.
510 1462 713 1540 Ounfltcmini
725 1480 799 1539 erpo
811 1462 1001 1524 alterutrum
1013 1481 1086 1541 peo-
1140 1475 1321 1546 mutuasque
1335 1472 1445 1543 petunt
1459 1470 1489 1522 et
1503 1461 1635 1523 reddunt
1649 1461 1768 1520 oratioue

392 1556 465 1610 outo
490 1557 606 1611 uestro.
655 1549 840 1610 Particulam
872 1569 946 1625 erpo
972 1547 1088 1610 Graeca
1184 1553 1279 1613 Porro
1305 1571 1365 1611 nou
1390 1551 1480 1630 pauci
1502 1547 1655 1609 Catholici
1681 1546 1768 1626 scripto

391 1656 451 1697 non
467 1637 595 1711 habent,
620 1637 679 1696 nisi
701 1656 797 1717 pauca
814 1637 969 1716 quaedam.
1005 1637 1087 1697 'Pau-
1140 1640 1374 1720 interpretantur
1387 1637 1468 1698 hunc
1482 1636 1581 1697 locum
1598 1633 1638 1694 de
1653 1632 1768 1693 oonien'

390 1730 453 1784 tum
463 1725 542 1784 enirn
551 1724 671 1804 legunt:
684 1723 888 1800 confitemini
896 1726 1087 1784 alterutrum
1140 1736 1334 1807 peccatorum
1360 1722 1593 1793 sacramentali,
1620 1739 1700 1801 quae
1723 1717 1767 1781 sril

389 1818 538 1889 peccato,
569 1829 621 1871 seu
651 1813 748 1870 mavis
777 1811 901 1880 delicta.
946 1810 1026 1869 Nam
1057 1813 1087 1870 in
1140 1814 1221 1893 apud
1238 1833 1288 1874 eos
1304 1812 1370 1886 fiat,
1396 1812 1493 1891 quiin
1508 1809 1648 1869 Ecclesia
1662 1814 1768 1886 potesta

391 1898 511 1961 Graeco
526 1918 586 1958 non
599 1905 645 1956 est
664 1890 836 1975 ἁμαρτίας,
849 1905 992 1976 peccota,
1008 1896 1087 1978 qood
1140 1899 1251 1960 habent
1277 1898 1444 1959 remittendi
1470 1907 1500 1958 et
1526 1895 1681 1957 retinendi
1706 1910 1768 1975 pest

391 1987 422 2047 in
439 1993 525 2066 parte
539 1982 753 2065 praecedente,
772 1984 826 2044 scd
841 1977 1086 2063 παραπτώματα,
1141 1987 1232 2050 Josu.
1258 1988 1307 2048 20.
1345 1985 1479 2047 Cenaent
1501 1986 1599 2056 enim,
1628 1982 1664 2042 B.
1691 1978 1768 2042 Jaool

392 2072 518 2149 lapsus,
545 2079 671 2146 erratu,
698 2092 763 2131 cum
780 2075 846 2151 quis
862 2093 918 2152 per
932 2071 1086 2131 infirmito-
1141 2075 1394 2135 commonefacere
1428 2071 1535 2131 fideles
1561 2066 1768 2130 servandxslt

391 2168 452 2220 tom
467 2169 519 2219 sut
540 2159 740 2238 ignorantiam
763 2170 885 2239 peccat,
909 2167 941 2218 ut
958 2157 1024 2219 Gal.
1041 2160 1086 2218 6.;
1141 2180 1232 2241 quam
1259 2161 1393 2222 sciebant
1418 2180 1437 2218 a
1462 2157 1586 2218 Christo
1613 2156 1768 2237 praescript

390 2248 426 2310 ur·
439 2254 691 2324 praeoccupatus
704 2247 807 2323 suerit
821 2248 913 2307 domo
929 2250 964 2306 tn
979 2247 1087 2323 atiquo
1141 2257 1183 2323 ut,
1198 2267 1275 2327 quos
1290 2248 1476 2309 conscientia
1487 2255 1679 2324 peccatorum
1691 2258 1768 2322 grass

392 2334 515 2396 delicto.
549 2335 687 2394 Tametsi
713 2333 759 2392 his
781 2334 952 2394 nominibus
972 2331 1086 2393 inditio·
1140 2356 1194 2416 pro
1209 2354 1310 2396 eornm
1327 2335 1502 2414 expiatione
1524 2331 1563 2391 ad
1587 2330 1768 2412 presbyteros

390 2430 490 2482 rentur
505 2422 581 2483 alias
602 2430 723 2481 utuntur
738 2420 892 2501 Apostoli,
915 2420 1088 2480 nominatim
1141 2425 1205 2483 sius
1219 2424 1359 2494 vicarios,
1375 2428 1572 2481 recurrerent
1595 2415 1768 2498 ldquebocJ

388 2506 508 2572 Paulus
529 2510 614 2569 Rom.
632 2510 660 2570 5.
696 2507 761 2566 Nec
779 2506 946 2569 verisimile
969 2515 1029 2579 est,
1053 2507 1087 2564 Β.
1140 2518 1379 2591 peropportuno,
1415 2509 1466 2568 ubi
1496 2505 1535 2566 de
1566 2506 1694 2566 infimis
1722 2520 1768 2583 sgr

390 2594 541 2657 Jscobum
558 2597 589 2656 in
603 2596 694 2673 hujus
720 2594 777 2654 loci
801 2604 943 2656 contexto
968 2596 1006 2656 de
1021 2594 1088 2655 eliis
1141 2597 1214 2659 Cum
1231 2600 1308 2658 enim
1325 2595 1421 2656 morbi
1445 2594 1625 2672 plerumque
1646 2610 1686 2651 ex
1708 2608 1768 2670 peer

391 2691 421 2745 et
447 2683 514 2743 aliis
540 2684 669 2763 peccatis
694 2682 794 2761 loqui3
821 2683 993 2763 praesertim
1020 2700 1087 2740 cum
1141 2682 1294 2757 accidant,
1324 2683 1430 2742 merito
1459 2689 1622 2740 monentur
1654 2678 1768 2749 infirmi,

391 2788 462 2850 pars
473 2771 531 2830 ista
543 2769 734 2851 praecedenti
746 2770 954 2849 quadantenus
966 2787 1087 2846 respon·
1140 2778 1211 2831 ente
1240 2772 1340 2830 omnia
1371 2787 1438 2829 sese
1472 2774 1665 2847 peccatorum
1703 2767 1768 2825 vinu

392 2856 472 2918 dost
509 2855 586 2918 Sunt
601 2866 698 2917 autem
715 2855 805 2935 hujus
820 2856 989 2938 Apostolici
1004 2875 1086 2936 prae·
1141 2859 1268 2938 praevia
1294 2877 1396 2918 eorum
1423 2853 1627 2927 confessione,
1659 2859 1759 2913 curent

393 2947 473 3024 cepti
503 2955 565 3005 tres
595 2947 816 3025 expositiones,
853 2964 956 3005 omnes
983 2943 1087 3023 aliquo
1141 2944 1312 3005 solvendos.
1346 2945 1464 3004 Favent
1485 2943 1555 3004 buic
1577 2940 1767 3022 expositioni

392 3031 480 3093 modo
496 3029 677 3112 probabiles.
1140 3051 1235 3111 genes
1250 3031 1328 3092 bom.
1345 3034 1373 3091 2.
1390 3032 1421 3090 in
1437 3030 1533 3090 Levit
1559 3037 1592 3089 et
1606 3027 1768 3107 corycum

434 3117 568 3199 Quidem
591 3118 764 3198 intelligunt
786 3117 824 3178 de
847 3138 884 3179 ea
899 3123 1087 3198 peccatorum
1141 3119 1192 3179 lib.
1209 3120 1237 3178 3.
1256 3120 1295 3179 de
1310 3117 1490 3190 sacerdotio,
1505 3118 1558 3196 qui
1574 3116 1671 3176 rerba
1681 3115 1715 3175 B.
1730 3112 1768 3175 Je

391 3207 594 3277 contorsione,
622 3225 683 3286 que
705 3205 823 3285 culpam
847 3212 1032 3285 agnoscunt,
1058 3210 1088 3263 et
1141 3207 1274 3285 proxime
1304 3202 1533 3284 praecedentia:
1570 3204 1606 3264 ur·
1641 3204 1679 3261 in
1704 3217 1768 3279 pest

390 3294 508 3354 veniam
526 3301 632 3372 petunt
648 3291 751 3352 fideles
767 3291 805 3351 ab
821 3293 874 3365 iis,
891 3310 967 3371 quos
984 3290 1088 3370 aliqua
1139 3294 1256 3370 fuerit,
1273 3293 1476 3351 remittentur
1494 3293 1533 3364 ci,
1550 3287 1768 3369 acceperuntd

391 3380 505 3458 injuria
519 3379 700 3455 affecerunt3
726 3380 771 3439 uti
787 3378 958 3439 faciendum
974 3379 1086 3456 praeci·
1141 3389 1335 3460 pcccatorum
1349 3379 1533 3450 remissione,
1550 3396 1611 3456 que
1629 3376 1665 3435 ur
1679 3374 1768 3436 ruin‘!

391 3467 437 3547 pit
466 3464 602 3526 Christus
631 3466 737 3526 Mutth.
765 3466 793 3524 5.
823 3466 882 3526 illis
911 3463 1023 3524 verbis:
1053 3465 1088 3525 st
1142 3466 1338 3527 sacerdotum.
1377 3464 1474 3525 Juxta
1494 3483 1587 3543 quam
1610 3463 1768 3542 intelligent

391 3553 578 3615 reeordatus
591 3555 712 3630 fueris,
732 3557 808 3630 quta
821 3554 927 3630 frater
941 3559 1015 3610 tuus
1029 3552 1087 3610 lra-
1142 3562 1211 3633 apte
1226 3552 1418 3631 subjungitur
1433 3551 1531 3624 istud,
1547 3561 1705 3629 tamquam
1718 3548 1768 3610 dar

393 3640 443 3702 bct
457 3640 582 3718 aliquid
596 3641 766 3701 aduersum
781 3646 829 3715 tc,·
853 3639 951 3712 uode,
975 3656 1087 3698 recon-
1141 3641 1274 3701 sessione
1300 3638 1510 3699 sarrsmcntali
1539 3636 1671 3697 dictum:
1702 3637 1768 3715 cosp

392 3728 502 3789 ciliurc
529 3729 630 3805 fratri
659 3735 723 3787 tuo.
760 3727 799 3785 Et
829 3727 898 3803 quia
928 3723 1087 3784 multorum
1142 3730 1223 3788 mini
1238 3745 1311 3801 erpo
1326 3733 1380 3786 etc.
1402 3724 1482 3785 Nam
1502 3732 1532 3783 et
1548 3724 1768 3784 consemionisx

390 3822 513 3876 mutuae
528 3822 598 3873 eunt
613 3814 741 3893 injuriae
757 3821 787 3872 et
801 3814 950 3885 offensae,
976 3811 1088 3884 dicunt,
1142 3813 1325 3874 sacerdotem
1358 3811 1518 3872 faciendae
1547 3808 1699 3891 Origenes
1732 3827 1768 3872 su

392 3901 572 3982 Apostolum
584 3899 709 3979 jubere,
728 3909 760 3959 ut
776 3919 827 3960 eas
842 3909 944 3960 mutuo
960 3897 1089 3959 libenter
1142 3900 1208 3962 locu
1225 3901 1337 3960 diserte
1353 3900 1496 3961 meminit.

392 3996 423 4048 et
436 3990 583 4048 latesmur
599 3997 628 4048 et
643 3987 854 4048 condonemus.
1186 3982 1768 4066 CaeterumapertissimeVenerabilisB

437 4075 498 4135 Alii
514 4074 645 4147 malunt,
673 4094 736 4135 eam
753 4074 881 4154 intelligi
897 4080 1089 4153 peccatorum
1142 4081 1203 4135 tam
1216 4076 1372 4155 superiora
1383 4072 1486 4146 verba,
1503 4092 1596 4151 quarn
1607 4073 1668 4132 ista
1679 4089 1768 4154 expo

393 4160 619 4234 confessionem,
633 4181 693 4242 qua
708 4172 835 4243 peccata
845 4168 1020 4238 reteguntur
1030 4159 1087 4220 ira·
1143 4161 1360 4222 confessionem
1376 4169 1584 4239 peccatorum,
1601 4177 1681 4241 quae
1693 4175 1768 4222 matu

391 4248 505 4324 trrbus,
528 4248 649 4329 petendi
664 4249 781 4309 consilii
800 4248 850 4307 rel
865 4247 969 4308 auxilii
983 4265 1087 4307 causo:
1142 4247 1284 4309 iaciendo
1299 4249 1352 4320 sit,
1379 4246 1523 4321 adstruit3
1550 4251 1768 4327 quamquam!

393 4334 522 4409 consilii,
533 4344 566 4395 ut
581 4356 670 4416 quum
682 4336 739 4396 viri
747 4334 917 4416 spirituales
930 4335 1087 4395 consulun-
1143 4336 1270 4396 cundem
1286 4335 1503 4414 expositionem
1516 4353 1535 4392 s
1549 4333 1640 4394 nobis
1651 4331 1764 4396 autu

392 4429 442 4484 tur
455 4421 495 4483 de
509 4421 620 4484 morbis
633 4431 824 4502 peccatorum
840 4420 980 4482 curandis
996 4429 1090 4501 etque
1142 4424 1248 4482 miscet
1263 4421 1399 4500 inhujus
1414 4421 1508 4501 partis
1533 4421 1752 4484 commentario

392 4511 590 4591 inposterum
616 4508 781 4585 evitandis3
804 4509 879 4569 sicut
901 4507 1089 4569 intellexisse
1143 4510 1221 4569 eninr
1237 4509 1358 4568 scribit:
1374 4509 1416 4569 In
1431 4510 1665 4569 tarnatensis
1679 4503 1768 4570 tuot

391 4595 511 4659 videtur
533 4597 729 4677 Augustinus,
751 4614 805 4655 seu
826 4597 965 4677 quisquis
987 4603 1090 4655 auctor
1143 4614 1204 4657 osse
1227 4595 1388 4671 dometio,
1417 4602 1455 4655 ut
1480 4595 1676 4672 quotidiam
1696 4595 1768 4658 les!

391 4683 481 4748 Hom.
497 4683 546 4743 12.
562 4684 639 4744 inter
654 4683 722 4759 50.;
736 4682 849 4756 auxilii,
862 4702 952 4762 quum
965 4680 1089 4742 fratrum
1140 4688 1272 4759 peccota
1288 4683 1481 4743 alterutrum
1500 4681 1726 4760 coaequalibus
1736 4685 1768 4746 ω’

392 4772 604 4832 intercessione
626 4771 745 4832 venium
761 4769 905 4849 consequi
920 4771 1089 4850 cupimusa
1142 4778 1284 4843 reamur,
1316 4787 1486 4846 canemque
1508 4769 1704 4846 quotidiano
1726 4775 1768 4832 ul

392 4857 470 4919 Deo.
503 4858 602 4940 Quam
623 4877 744 4918 causam
760 4877 819 4918 non
835 4856 961 4916 obscure
977 4854 1086 4935 signifi·
1142 4874 1213 4917 mus
1228 4858 1373 4917 motione
1393 4856 1526 4917 salvari.
1562 4857 1669 4919 Porro
1683 4851 1768 4936 ovd

395 4945 475 5005 ecrit
486 4943 659 5026 Apostolus,
671 4943 743 5004 dum
755 4941 927 5020 subjunxit:
944 4944 987 5003 Et
1002 4949 1090 5003 orote
1143 4943 1252 5020 leprae
1267 4944 1505 5006 immunditiam
1517 4951 1616 5022 ,Μία
1627 4931 1768 5022 lrpcu'

391 5049 455 5110 pro
469 5034 624 5109 toourm,
639 5039 677 5094 ut
690 5032 867 5093 rotoemtnt
904 5028 1089 5108 Hujusmodl
1142 5031 1211 5092 doti
1219 5031 1570 5109 pundomueotqucod
1582 5025 1768 5110 ψευδῆ
