<?xml version="1.0" encoding="UTF-8"?>
<!DOCTYPE html PUBLIC "-//W3C//DTD XHTML 1.0 Transitional//EN"
    "http://www.w3.org/TR/xhtml1/DTD/xhtml1-transitional.dtd">
<html xmlns="http://www.w3.org/1999/xhtml" xml:lang="en" lang="en">
 <head>
  <title>
</title>
<meta http-equiv="Content-Type" content="text/html;charset=utf-8" />
  <meta name='ocr-system' content='tesseract 3.04.00' />
  <meta name='ocr-capabilities' content='ocr_page ocr_carea ocr_par ocr_line ocrx_word'/>
</head>
<body>
  <div class='ocr_page' id='page_1' title='image "./guilielmiestiii01estigoog_0679.png"; bbox 0 0 4442 5825; ppageno 0'>
   <div class='ocr_carea' id='block_1_1' title="bbox 620 592 1690 669">
    <p class='ocr_par' dir='ltr' id='par_1_1' title="bbox 620 592 1690 669">
     <span class='ocr_line' id='line_1_1' title="bbox 620 592 1690 669; baseline -0.005 -19"><span class='ocrx_word' id='word_1_1' title='bbox 620 594 838 653; x_wconf 75' lang='lat' dir='ltr'><strong><em>rennuens</em></strong></span> <span class='ocrx_word' id='word_1_2' title='bbox 854 593 943 651; x_wconf 83' lang='lat' dir='ltr'><strong><em>essu</em></strong></span> <span class='ocrx_word' id='word_1_3' title='bbox 958 593 1061 649; x_wconf 74' lang='lat' dir='ltr'><strong><em>sunus</em></strong></span> <span class='ocrx_word' id='word_1_4' title='bbox 1094 592 1180 648; x_wconf 86' lang='lat' dir='ltr'><strong><em>rme.</em></strong></span> <span class='ocrx_word' id='word_1_5' title='bbox 1199 594 1319 649; x_wconf 79' lang='lat' dir='ltr'><strong><em>su-as.</em></strong></span> <span class='ocrx_word' id='word_1_6' title='bbox 1616 600 1690 669; x_wconf 68' lang='lat' dir='ltr'><strong><em>m</em></strong></span> 
     </span>
    </p>
   </div>
   <div class='ocr_carea' id='block_1_2' title="bbox 371 768 1692 1111">
    <p class='ocr_par' dir='ltr' id='par_1_2' title="bbox 387 768 1692 856">
     <span class='ocr_line' id='line_1_2' title="bbox 387 768 1692 856; baseline -0.005 -20"><span class='ocrx_word' id='word_1_7' title='bbox 387 781 475 856; x_wconf 80' lang='lat' dir='ltr'><strong><em>purte</em></strong></span> <span class='ocrx_word' id='word_1_8' title='bbox 500 774 600 835; x_wconf 77' lang='lat' dir='ltr'><strong><em>notari</em></strong></span> <span class='ocrx_word' id='word_1_9' title='bbox 626 772 747 836; x_wconf 83' lang='lat' dir='ltr'><strong><em>videtur</em></strong></span> <span class='ocrx_word' id='word_1_10' title='bbox 770 773 874 836; x_wconf 81' lang='lat' dir='ltr'><strong><em>sobole</em></strong></span> <span class='ocrx_word' id='word_1_11' title='bbox 899 772 945 834; x_wconf 84' lang='lat' dir='ltr'><strong><em>Si·</em></strong></span> <span class='ocrx_word' id='word_1_12' title='bbox 998 772 1124 833; x_wconf 86' lang='lat' dir='ltr'><strong><em>Letinos</em></strong></span> <span class='ocrx_word' id='word_1_13' title='bbox 1146 769 1334 832; x_wconf 73' lang='lat' dir='ltr'><strong>trimembris.</strong></span> <span class='ocrx_word' id='word_1_14' title='bbox 1364 768 1430 830; x_wconf 85' lang='lat' dir='ltr'><strong><em>Nec</em></strong></span> <span class='ocrx_word' id='word_1_15' title='bbox 1453 771 1571 831; x_wconf 91' lang='lat' dir='ltr'><strong><em>omnino</em></strong></span> <span class='ocrx_word' id='word_1_16' title='bbox 1585 768 1692 851; x_wconf 87' lang='lat' dir='ltr'><strong><em>liquet,</em></strong></span> 
     </span>
    </p>

    <p class='ocr_par' dir='ltr' id='par_1_3' title="bbox 371 856 1692 1111">
     <span class='ocr_line' id='line_1_3' title="bbox 999 856 1692 920; baseline -0.003 0"><span class='ocrx_word' id='word_1_17' title='bbox 999 859 1059 920; x_wconf 86' lang='lat' dir='ltr'><strong><em>utri</em></strong></span> <span class='ocrx_word' id='word_1_18' title='bbox 1073 859 1252 920; x_wconf 71' lang='lat' dir='ltr'>sinceriores</span> <span class='ocrx_word' id='word_1_19' title='bbox 1267 859 1335 918; x_wconf 81' lang='lat' dir='ltr'><strong><em>sint</em></strong></span> <span class='ocrx_word' id='word_1_20' title='bbox 1349 857 1406 917; x_wconf 81' lang='lat' dir='ltr'><strong><em>Est</em></strong></span> <span class='ocrx_word' id='word_1_21' title='bbox 1416 866 1515 917; x_wconf 85' lang='lat' dir='ltr'><strong><em>sutem</em></strong></span> <span class='ocrx_word' id='word_1_22' title='bbox 1527 858 1557 918; x_wconf 92' lang='lat' dir='ltr'><strong><em>iu</em></strong></span> <span class='ocrx_word' id='word_1_23' title='bbox 1566 856 1692 918; x_wconf 74' lang='lat' dir='ltr'><strong><em>Graecis</em></strong></span> 
     </span>
     <span class='ocr_line' id='line_1_4' title="bbox 382 942 1691 1025; baseline -0.005 -16"><span class='ocrx_word' id='word_1_24' title='bbox 382 948 506 1009; x_wconf 83' lang='lat' dir='ltr'><strong><em>Vosmet</em></strong></span> <span class='ocrx_word' id='word_1_25' title='bbox 527 948 612 1024; x_wconf 81' lang='lat' dir='ltr'><strong><em>ipsos</em></strong></span> <span class='ocrx_word' id='word_1_26' title='bbox 636 950 674 1009; x_wconf 89' lang='lat' dir='ltr'><strong><em>in</em></strong></span> <span class='ocrx_word' id='word_1_27' title='bbox 695 947 862 1009; x_wconf 69' lang='lat' dir='ltr'><strong><em>dilectione</em></strong></span> <span class='ocrx_word' id='word_1_28' title='bbox 885 948 947 1007; x_wconf 88' lang='lat' dir='ltr'><strong><em>Dei</em></strong></span> <span class='ocrx_word' id='word_1_29' title='bbox 998 948 1140 1006; x_wconf 83' lang='lat' dir='ltr'><strong><em>varietus</em></strong></span> <span class='ocrx_word' id='word_1_30' title='bbox 1161 944 1240 1004; x_wconf 79' lang='lat' dir='ltr'><strong><em>Num</em></strong></span> <span class='ocrx_word' id='word_1_31' title='bbox 1256 943 1339 1025; x_wconf 91' lang='lat' dir='ltr'><strong><em>quod</em></strong></span> <span class='ocrx_word' id='word_1_32' title='bbox 1354 944 1386 1004; x_wconf 92' lang='lat' dir='ltr'><strong><em>in</em></strong></span> <span class='ocrx_word' id='word_1_33' title='bbox 1400 942 1535 1023; x_wconf 87' lang='lat' dir='ltr'><strong><em>pluribus</em></strong></span> <span class='ocrx_word' id='word_1_34' title='bbox 1550 942 1691 1004; x_wconf 87' lang='lat' dir='ltr'><strong><em>babetur:</em></strong></span> 
     </span>
     <span class='ocr_line' id='line_1_5' title="bbox 371 1022 1691 1111; baseline -0.005 -16"><span class='ocrx_word' id='word_1_35' title='bbox 371 1058 381 1095; x_wconf 68' lang='grc' dir='ltr'>ι</span> <span class='ocrx_word' id='word_1_36' title='bbox 417 1035 541 1095; x_wconf 84' lang='lat' dir='ltr'><strong><em>Vosmet</em></strong></span> <span class='ocrx_word' id='word_1_37' title='bbox 562 1037 656 1111; x_wconf 84' lang='lat' dir='ltr'><strong><em>ipsos,</em></strong></span> <span class='ocrx_word' id='word_1_38' title='bbox 684 1035 790 1096; x_wconf 87' lang='lat' dir='ltr'><strong><em>iterum</em></strong></span> <span class='ocrx_word' id='word_1_39' title='bbox 815 1032 946 1095; x_wconf 61' lang='lat' dir='ltr'><strong><em>Graecei</em></strong></span> <span class='ocrx_word' id='word_1_40' title='bbox 999 1022 1139 1107; x_wconf 74' lang='grc' dir='ltr'>ἐλεεῖτε,</span> <span class='ocrx_word' id='word_1_41' title='bbox 1166 1033 1374 1107; x_wconf 71' lang='lat' dir='ltr'><strong><em>miseramini,</em></strong></span> <span class='ocrx_word' id='word_1_42' title='bbox 1399 1031 1431 1090; x_wconf 90' lang='lat' dir='ltr'><strong><em>in</em></strong></span> <span class='ocrx_word' id='word_1_43' title='bbox 1456 1031 1607 1091; x_wconf 75' lang='lat' dir='ltr'><strong>nonnullis</strong></span> <span class='ocrx_word' id='word_1_44' title='bbox 1629 1038 1691 1090; x_wconf 87' lang='lat' dir='ltr'><strong><em>est:</em></strong></span> 
     </span>
    </p>
   </div>
   <div class='ocr_carea' id='block_1_3' title="bbox 370 1109 1695 5102">
    <p class='ocr_par' dir='ltr' id='par_1_4' title="bbox 370 1109 1695 5102">
     <span class='ocr_line' id='line_1_6' title="bbox 371 1109 1691 1201; baseline -0.002 -20"><span class='ocrx_word' id='word_1_45' title='bbox 371 1137 382 1189; x_wconf 88' lang='lat'>:</span> <span class='ocrx_word' id='word_1_46' title='bbox 391 1164 403 1196; x_wconf 94' lang='lat'><strong><em>,</em></strong></span> <span class='ocrx_word' id='word_1_47' title='bbox 429 1130 462 1181; x_wconf 86' lang='lat' dir='ltr'><strong><em>ut</em></strong></span> <span class='ocrx_word' id='word_1_48' title='bbox 486 1122 565 1181; x_wconf 82' lang='lat' dir='ltr'><strong><em>verti</em></strong></span> <span class='ocrx_word' id='word_1_49' title='bbox 586 1123 700 1201; x_wconf 87' lang='lat' dir='ltr'><strong><em>possit:</em></strong></span> <span class='ocrx_word' id='word_1_50' title='bbox 727 1138 782 1182; x_wconf 85' lang='lat' dir='ltr'><strong><em>uos</em></strong></span> <span class='ocrx_word' id='word_1_51' title='bbox 801 1123 946 1183; x_wconf 84' lang='lat' dir='ltr'><strong><em>inuicem.</em></strong></span> <span class='ocrx_word' id='word_1_52' title='bbox 998 1109 1158 1196; x_wconf 75' lang='grc' dir='ltr'>ἐλέγχετε,</span> <span class='ocrx_word' id='word_1_53' title='bbox 1173 1122 1298 1196; x_wconf 78' lang='lat' dir='ltr'><strong><em>urpuite</em></strong></span> <span class='ocrx_word' id='word_1_54' title='bbox 1313 1116 1575 1195; x_wconf 73' lang='lat' dir='ltr'><strong><em>selredurpuite5</em></strong></span> <span class='ocrx_word' id='word_1_55' title='bbox 1591 1136 1691 1198; x_wconf 90' lang='lat' dir='ltr'><strong><em>quem-</em></strong></span> 
     </span>
     <span class='ocr_line' id='line_1_7' title="bbox 371 1203 1691 1285; baseline -0.002 -19"><span class='ocrx_word' id='word_1_56' title='bbox 371 1225 389 1267; x_wconf 89' lang='lat' dir='ltr'><strong><em>s</em></strong></span> <span class='ocrx_word' id='word_1_57' title='bbox 412 1208 513 1267; x_wconf 83' lang='lat' dir='ltr'><strong><em>versio</em></strong></span> <span class='ocrx_word' id='word_1_58' title='bbox 536 1226 658 1269; x_wconf 89' lang='lat' dir='ltr'><strong><em>sensum</em></strong></span> <span class='ocrx_word' id='word_1_59' title='bbox 677 1207 770 1269; x_wconf 85' lang='lat' dir='ltr'><strong><em>habet</em></strong></span> <span class='ocrx_word' id='word_1_60' title='bbox 782 1226 946 1268; x_wconf 85' lang='lat' dir='ltr'><strong><em>accommo-</em></strong></span> <span class='ocrx_word' id='word_1_61' title='bbox 998 1203 1160 1267; x_wconf 87' lang='lat' dir='ltr'><strong><em>sdmodum</em></strong></span> <span class='ocrx_word' id='word_1_62' title='bbox 1175 1215 1207 1267; x_wconf 89' lang='lat' dir='ltr'><strong><em>et</em></strong></span> <span class='ocrx_word' id='word_1_63' title='bbox 1221 1204 1435 1266; x_wconf 86' lang='lat' dir='ltr'><strong><em>Oscumenium</em></strong></span> <span class='ocrx_word' id='word_1_64' title='bbox 1452 1205 1572 1284; x_wconf 88' lang='lat' dir='ltr'><strong><em>legisse,</em></strong></span> <span class='ocrx_word' id='word_1_65' title='bbox 1588 1223 1691 1285; x_wconf 80' lang='lat' dir='ltr'><strong><em>quum-</em></strong></span> 
     </span>
     <span class='ocr_line' id='line_1_8' title="bbox 371 1290 1694 1375; baseline -0.002 -22"><span class='ocrx_word' id='word_1_66' title='bbox 371 1293 442 1353; x_wconf 67' lang='lat' dir='ltr'><strong><em>ism</em></strong></span> <span class='ocrx_word' id='word_1_67' title='bbox 465 1301 494 1354; x_wconf 92' lang='lat' dir='ltr'><strong><em>et</em></strong></span> <span class='ocrx_word' id='word_1_68' title='bbox 517 1296 677 1375; x_wconf 87' lang='lat' dir='ltr'><strong><em>nosipsos,</em></strong></span> <span class='ocrx_word' id='word_1_69' title='bbox 699 1303 730 1355; x_wconf 92' lang='lat' dir='ltr'><strong><em>et</em></strong></span> <span class='ocrx_word' id='word_1_70' title='bbox 744 1293 798 1354; x_wconf 84' lang='lat' dir='ltr'><strong><em>ulii</em></strong></span> <span class='ocrx_word' id='word_1_71' title='bbox 812 1293 899 1368; x_wconf 83' lang='lat' dir='ltr'><strong><em>alios,</em></strong></span> <span class='ocrx_word' id='word_1_72' title='bbox 914 1294 948 1355; x_wconf 91' lang='lat' dir='ltr'><strong><em>in</em></strong></span> <span class='ocrx_word' id='word_1_73' title='bbox 998 1293 1045 1353; x_wconf 82' lang='lat' dir='ltr'><strong><em>vis</em></strong></span> <span class='ocrx_word' id='word_1_74' title='bbox 1060 1300 1159 1353; x_wconf 85' lang='lat' dir='ltr'><strong><em>textus</em></strong></span> <span class='ocrx_word' id='word_1_75' title='bbox 1174 1292 1333 1371; x_wconf 75' lang='lat' dir='ltr'><strong><em>adjunctus</em></strong></span> <span class='ocrx_word' id='word_1_76' title='bbox 1348 1291 1438 1352; x_wconf 81' lang='lat' dir='ltr'><strong><em>aliter</em></strong></span> <span class='ocrx_word' id='word_1_77' title='bbox 1452 1291 1571 1365; x_wconf 80' lang='lat' dir='ltr'><strong><em>babeat,</em></strong></span> <span class='ocrx_word' id='word_1_78' title='bbox 1585 1290 1694 1372; x_wconf 81' lang='lat' dir='ltr'><strong><em>probet</em></strong></span> 
     </span>
     <span class='ocr_line' id='line_1_9' title="bbox 371 1379 1691 1458; baseline -0.002 -18"><span class='ocrx_word' id='word_1_79' title='bbox 371 1381 494 1441; x_wconf 85' lang='lat' dir='ltr'><strong><em>lectione</em></strong></span> <span class='ocrx_word' id='word_1_80' title='bbox 515 1400 636 1442; x_wconf 80' lang='lat' dir='ltr'><strong><em>seruere</em></strong></span> <span class='ocrx_word' id='word_1_81' title='bbox 656 1379 800 1443; x_wconf 92' lang='lat' dir='ltr'><strong><em>debemus</em></strong></span> <span class='ocrx_word' id='word_1_82' title='bbox 814 1381 947 1456; x_wconf 87' lang='lat' dir='ltr'><strong><em>monitis,</em></strong></span> <span class='ocrx_word' id='word_1_83' title='bbox 998 1380 1063 1458; x_wconf 88' lang='lat' dir='ltr'><strong><em>ejus</em></strong></span> <span class='ocrx_word' id='word_1_84' title='bbox 1078 1380 1323 1453; x_wconf 67' lang='lat' dir='ltr'><strong><em>commentarium</em></strong></span> <span class='ocrx_word' id='word_1_85' title='bbox 1339 1386 1373 1438; x_wconf 92' lang='lat' dir='ltr'><strong><em>ut</em></strong></span> <span class='ocrx_word' id='word_1_86' title='bbox 1383 1396 1490 1441; x_wconf 89' lang='lat' dir='ltr'><strong><em>sensus</em></strong></span> <span class='ocrx_word' id='word_1_87' title='bbox 1501 1379 1592 1458; x_wconf 89' lang='lat' dir='ltr'><strong><em>primi</em></strong></span> <span class='ocrx_word' id='word_1_88' title='bbox 1602 1397 1691 1439; x_wconf 90' lang='lat' dir='ltr'><strong><em>mem·</em></strong></span> 
     </span>
     <span class='ocr_line' id='line_1_10' title="bbox 370 1464 1690 1548; baseline -0.002 -22"><span class='ocrx_word' id='word_1_89' title='bbox 370 1467 395 1527; x_wconf 92' lang='lat' dir='ltr'><strong><em>is</em></strong></span> <span class='ocrx_word' id='word_1_90' title='bbox 410 1474 438 1526; x_wconf 91' lang='lat' dir='ltr'><strong><em>st</em></strong></span> <span class='ocrx_word' id='word_1_91' title='bbox 453 1466 610 1548; x_wconf 82' lang='lat' dir='ltr'><strong><em>exemplis.</em></strong></span> <span class='ocrx_word' id='word_1_92' title='bbox 998 1465 1043 1526; x_wconf 91' lang='lat' dir='ltr'><strong><em>bri</em></strong></span> <span class='ocrx_word' id='word_1_93' title='bbox 1067 1468 1124 1526; x_wconf 87' lang='lat' dir='ltr'><strong><em>sit:</em></strong></span> <span class='ocrx_word' id='word_1_94' title='bbox 1161 1467 1250 1527; x_wconf 85' lang='lat' dir='ltr'><strong><em>Alios</em></strong></span> <span class='ocrx_word' id='word_1_95' title='bbox 1270 1465 1399 1543; x_wconf 86' lang='lat' dir='ltr'><strong><em>quidem</em></strong></span> <span class='ocrx_word' id='word_1_96' title='bbox 1422 1464 1616 1542; x_wconf 80' lang='lat' dir='ltr'><strong><em>disputando</em></strong></span> <span class='ocrx_word' id='word_1_97' title='bbox 1638 1482 1690 1524; x_wconf 78' lang='lat' dir='ltr'><strong><em>re·</em></strong></span> 
     </span>
     <span class='ocr_line' id='line_1_11' title="bbox 371 1552 1692 1634; baseline -0.002 -21"><span class='ocrx_word' id='word_1_98' title='bbox 371 1555 426 1613; x_wconf 87' lang='lat' dir='ltr'><strong><em>ium</em></strong></span> <span class='ocrx_word' id='word_1_99' title='bbox 435 1561 644 1627; x_wconf 75' lang='lat' dir='ltr'><strong><em>tsmsnutrsm</em></strong></span> <span class='ocrx_word' id='word_1_100' title='bbox 654 1552 945 1634; x_wconf 83' lang='lat' dir='ltr'><strong><em>intelligatdileetio·</em></strong></span> <span class='ocrx_word' id='word_1_101' title='bbox 998 1552 1153 1628; x_wconf 77' lang='lat' dir='ltr'><strong><em>despuite.</em></strong></span> <span class='ocrx_word' id='word_1_102' title='bbox 1176 1553 1254 1615; x_wconf 81' lang='lat' dir='ltr'><strong><em>Sunt</em></strong></span> <span class='ocrx_word' id='word_1_103' title='bbox 1268 1554 1357 1627; x_wconf 90' lang='lat' dir='ltr'><strong><em>enim,</em></strong></span> <span class='ocrx_word' id='word_1_104' title='bbox 1373 1554 1427 1633; x_wconf 89' lang='lat' dir='ltr'><strong><em>qui</em></strong></span> <span class='ocrx_word' id='word_1_105' title='bbox 1440 1573 1509 1627; x_wconf 79' lang='lat' dir='ltr'><strong><em>uon,</em></strong></span> <span class='ocrx_word' id='word_1_106' title='bbox 1524 1553 1583 1611; x_wconf 92' lang='lat' dir='ltr'><strong><em>nisi</em></strong></span> <span class='ocrx_word' id='word_1_107' title='bbox 1597 1553 1692 1620; x_wconf 80' lang='lat' dir='ltr'><strong><em>muni·¹</em></strong></span> 
     </span>
     <span class='ocr_line' id='line_1_12' title="bbox 371 1638 1693 1720; baseline -0.004 -19"><span class='ocrx_word' id='word_1_108' title='bbox 371 1641 411 1716; x_wconf 87' lang='lat' dir='ltr'><strong><em>si;</em></strong></span> <span class='ocrx_word' id='word_1_109' title='bbox 433 1659 503 1700; x_wconf 90' lang='lat' dir='ltr'><strong><em>num</em></strong></span> <span class='ocrx_word' id='word_1_110' title='bbox 520 1660 601 1714; x_wconf 82' lang='lat' dir='ltr'><strong><em>eam,</em></strong></span> <span class='ocrx_word' id='word_1_111' title='bbox 624 1660 686 1720; x_wconf 85' lang='lat' dir='ltr'><strong><em>qus</em></strong></span> <span class='ocrx_word' id='word_1_112' title='bbox 699 1661 753 1703; x_wconf 91' lang='lat' dir='ltr'><strong><em>uos</em></strong></span> <span class='ocrx_word' id='word_1_113' title='bbox 768 1642 865 1702; x_wconf 89' lang='lat' dir='ltr'><strong><em>Deum</em></strong></span> <span class='ocrx_word' id='word_1_114' title='bbox 881 1639 946 1700; x_wconf 90' lang='lat' dir='ltr'><strong><em>dili·</em></strong></span> <span class='ocrx_word' id='word_1_115' title='bbox 999 1640 1076 1699; x_wconf 83' lang='lat' dir='ltr'><strong><em>iests</em></strong></span> <span class='ocrx_word' id='word_1_116' title='bbox 1090 1641 1207 1701; x_wconf 87' lang='lat' dir='ltr'><strong><em>ratione</em></strong></span> <span class='ocrx_word' id='word_1_117' title='bbox 1221 1639 1362 1712; x_wconf 87' lang='lat' dir='ltr'><strong><em>convicti,</em></strong></span> <span class='ocrx_word' id='word_1_118' title='bbox 1385 1638 1493 1700; x_wconf 86' lang='lat' dir='ltr'><strong><em>cedunt</em></strong></span> <span class='ocrx_word' id='word_1_119' title='bbox 1506 1639 1637 1710; x_wconf 73' lang='lat' dir='ltr'><strong><em>veritati,</em></strong></span> <span class='ocrx_word' id='word_1_120' title='bbox 1662 1644 1693 1697; x_wconf 89' lang='lat' dir='ltr'><strong><em>et</em></strong></span> 
     </span>
     <span class='ocr_line' id='line_1_13' title="bbox 391 1724 1693 1807; baseline -0.002 -20"><span class='ocrx_word' id='word_1_121' title='bbox 391 1746 514 1807; x_wconf 84' lang='lat' dir='ltr'><strong><em>unqua</em></strong></span> <span class='ocrx_word' id='word_1_122' title='bbox 537 1746 591 1787; x_wconf 93' lang='lat' dir='ltr'><strong><em>nos</em></strong></span> <span class='ocrx_word' id='word_1_123' title='bbox 614 1727 713 1807; x_wconf 83' lang='lat' dir='ltr'><strong><em>diligit</em></strong></span> <span class='ocrx_word' id='word_1_124' title='bbox 737 1729 828 1788; x_wconf 91' lang='lat' dir='ltr'><strong><em>Deus.</em></strong></span> <span class='ocrx_word' id='word_1_125' title='bbox 867 1727 947 1788; x_wconf 80' lang='lat' dir='ltr'><strong><em>Sene</em></strong></span> <span class='ocrx_word' id='word_1_126' title='bbox 998 1725 1036 1786; x_wconf 88' lang='lat' dir='ltr'><strong><em>sb</em></strong></span> <span class='ocrx_word' id='word_1_127' title='bbox 1052 1745 1153 1787; x_wconf 89' lang='lat' dir='ltr'><strong><em>errore</em></strong></span> <span class='ocrx_word' id='word_1_128' title='bbox 1167 1725 1313 1787; x_wconf 72' lang='lat' dir='ltr'><strong><em>recedant</em></strong></span> <span class='ocrx_word' id='word_1_129' title='bbox 1344 1725 1393 1786; x_wconf 88' lang='lat' dir='ltr'><strong><em>De</em></strong></span> <span class='ocrx_word' id='word_1_130' title='bbox 1408 1727 1518 1807; x_wconf 91' lang='lat' dir='ltr'><strong><em>quibus</em></strong></span> <span class='ocrx_word' id='word_1_131' title='bbox 1534 1734 1565 1785; x_wconf 89' lang='lat' dir='ltr'><strong><em>et</em></strong></span> <span class='ocrx_word' id='word_1_132' title='bbox 1579 1724 1693 1785; x_wconf 88' lang='lat' dir='ltr'><strong><em>Paulus</em></strong></span> 
     </span>
     <span class='ocr_line' id='line_1_14' title="bbox 371 1812 1692 1895; baseline 0 -23"><span class='ocrx_word' id='word_1_133' title='bbox 371 1812 509 1874; x_wconf 79' lang='lat' dir='ltr'><strong><em>utralibet</em></strong></span> <span class='ocrx_word' id='word_1_134' title='bbox 524 1813 660 1894; x_wconf 82' lang='lat' dir='ltr'><strong><em>intelligi,</em></strong></span> <span class='ocrx_word' id='word_1_135' title='bbox 676 1816 787 1895; x_wconf 91' lang='lat' dir='ltr'><strong><em>quippe</em></strong></span> <span class='ocrx_word' id='word_1_136' title='bbox 802 1813 898 1875; x_wconf 82' lang='lat' dir='ltr'><strong><em>sliers</em></strong></span> <span class='ocrx_word' id='word_1_137' title='bbox 909 1833 947 1873; x_wconf 84' lang='lat' dir='ltr'><strong><em>ex</em></strong></span> <span class='ocrx_word' id='word_1_138' title='bbox 998 1814 1151 1893; x_wconf 75' lang='lat' dir='ltr'><strong><em>Episcopo</em></strong></span> <span class='ocrx_word' id='word_1_139' title='bbox 1165 1814 1315 1895; x_wconf 77' lang='lat' dir='ltr'><strong><em>praecipit</em></strong></span> <span class='ocrx_word' id='word_1_140' title='bbox 1330 1813 1393 1873; x_wconf 77' lang='lat' dir='ltr'><strong><em>Tit.</em></strong></span> <span class='ocrx_word' id='word_1_141' title='bbox 1411 1817 1447 1888; x_wconf 90' lang='grc'><strong><em>1.,</em></strong></span> <span class='ocrx_word' id='word_1_142' title='bbox 1468 1830 1529 1887; x_wconf 82' lang='lat' dir='ltr'><strong><em>eos,</em></strong></span> <span class='ocrx_word' id='word_1_143' title='bbox 1545 1814 1600 1888; x_wconf 80' lang='lat' dir='ltr'><strong><em>qui</em></strong></span> <span class='ocrx_word' id='word_1_144' title='bbox 1615 1830 1692 1872; x_wconf 86' lang='lat' dir='ltr'><strong><em>eon·</em></strong></span> 
     </span>
     <span class='ocr_line' id='line_1_15' title="bbox 371 1898 1692 1982; baseline -0.002 -22"><span class='ocrx_word' id='word_1_145' title='bbox 371 1901 533 1960; x_wconf 80' lang='lat' dir='ltr'><strong><em>recessuris</em></strong></span> <span class='ocrx_word' id='word_1_146' title='bbox 549 1902 749 1982; x_wconf 79' lang='lat' dir='ltr'><strong><em>concoquitur.</em></strong></span> <span class='ocrx_word' id='word_1_147' title='bbox 778 1901 948 1981; x_wconf 89' lang='lat' dir='ltr'><strong><em>Utrumque</em></strong></span> <span class='ocrx_word' id='word_1_148' title='bbox 998 1901 1176 1976; x_wconf 83' lang='lat' dir='ltr'><strong><em>trodicunt,</em></strong></span> <span class='ocrx_word' id='word_1_149' title='bbox 1200 1919 1343 1975; x_wconf 69' lang='lat' dir='ltr'><strong><em>urguere.</em></strong></span> <span class='ocrx_word' id='word_1_150' title='bbox 1372 1900 1442 1960; x_wconf 86' lang='lat' dir='ltr'><strong><em>Nou</em></strong></span> <span class='ocrx_word' id='word_1_151' title='bbox 1464 1900 1542 1959; x_wconf 85' lang='lat' dir='ltr'><strong><em>enirn</em></strong></span> <span class='ocrx_word' id='word_1_152' title='bbox 1557 1898 1616 1959; x_wconf 95' lang='lat' dir='ltr'><strong><em>hoc</em></strong></span> <span class='ocrx_word' id='word_1_153' title='bbox 1631 1917 1692 1959; x_wconf 91' lang='lat' dir='ltr'><strong><em>om·</em></strong></span> 
     </span>
     <span class='ocr_line' id='line_1_16' title="bbox 395 1985 1695 2068; baseline 0 -22"><span class='ocrx_word' id='word_1_154' title='bbox 395 1985 524 2046; x_wconf 88' lang='lat' dir='ltr'><strong><em>includit</em></strong></span> <span class='ocrx_word' id='word_1_155' title='bbox 542 1985 617 2047; x_wconf 84' lang='lat' dir='ltr'><strong><em>heac</em></strong></span> <span class='ocrx_word' id='word_1_156' title='bbox 632 1989 798 2068; x_wconf 79' lang='lat' dir='ltr'><strong><em>expositio:</em></strong></span> <span class='ocrx_word' id='word_1_157' title='bbox 822 1986 946 2048; x_wconf 84' lang='lat' dir='ltr'><strong><em>Conser-</em></strong></span> <span class='ocrx_word' id='word_1_158' title='bbox 998 1987 1082 2046; x_wconf 88' lang='lat' dir='ltr'><strong><em>nium</em></strong></span> <span class='ocrx_word' id='word_1_159' title='bbox 1097 1996 1151 2059; x_wconf 77' lang='lat' dir='ltr'><strong><em>est,</em></strong></span> <span class='ocrx_word' id='word_1_160' title='bbox 1166 1985 1221 2048; x_wconf 89' lang='lat' dir='ltr'><strong><em>sed</em></strong></span> <span class='ocrx_word' id='word_1_161' title='bbox 1233 1986 1396 2048; x_wconf 90' lang='lat' dir='ltr'><strong><em>doctorum.</em></strong></span> <span class='ocrx_word' id='word_1_162' title='bbox 1412 1987 1461 2047; x_wconf 88' lang='lat' dir='ltr'><strong><em>De</em></strong></span> <span class='ocrx_word' id='word_1_163' title='bbox 1472 1986 1695 2066; x_wconf 76' lang='lat' dir='ltr'><strong><em>significatione</em></strong></span> 
     </span>
     <span class='ocr_line' id='line_1_17' title="bbox 371 2064 1693 2154; baseline 0.002 -25"><span class='ocrx_word' id='word_1_164' title='bbox 371 2094 392 2133; x_wconf 70' lang='lat' dir='ltr'><strong><em>»s</em></strong></span> <span class='ocrx_word' id='word_1_165' title='bbox 406 2075 494 2154; x_wconf 88' lang='lat' dir='ltr'><strong><em>ipsos,</em></strong></span> <span class='ocrx_word' id='word_1_166' title='bbox 518 2074 586 2134; x_wconf 82' lang='lat' dir='ltr'><strong><em>eivs</em></strong></span> <span class='ocrx_word' id='word_1_167' title='bbox 601 2093 656 2134; x_wconf 85' lang='lat' dir='ltr'><strong><em>vos</em></strong></span> <span class='ocrx_word' id='word_1_168' title='bbox 672 2077 809 2146; x_wconf 78' lang='lat' dir='ltr'><strong><em>invicem,</em></strong></span> <span class='ocrx_word' id='word_1_169' title='bbox 825 2075 856 2134; x_wconf 93' lang='lat' dir='ltr'><strong><em>in</em></strong></span> <span class='ocrx_word' id='word_1_170' title='bbox 873 2075 944 2134; x_wconf 81' lang='lat' dir='ltr'><strong><em>ami·</em></strong></span> <span class='ocrx_word' id='word_1_171' title='bbox 999 2072 1110 2135; x_wconf 83' lang='lat' dir='ltr'><strong><em>Graeci</em></strong></span> <span class='ocrx_word' id='word_1_172' title='bbox 1132 2073 1290 2135; x_wconf 80' lang='lat' dir='ltr'><strong><em>vocabuli:</em></strong></span> <span class='ocrx_word' id='word_1_173' title='bbox 1312 2064 1542 2151; x_wconf 78' lang='grc' dir='ltr'>διακρινόμενοι,</span> <span class='ocrx_word' id='word_1_174' title='bbox 1564 2072 1693 2134; x_wconf 82' lang='lat' dir='ltr'><strong><em>diximus</em></strong></span> 
     </span>
     <span class='ocr_line' id='line_1_18' title="bbox 382 2159 1693 2241; baseline -0.001 -20"><span class='ocrx_word' id='word_1_175' title='bbox 382 2162 481 2240; x_wconf 83' lang='lat' dir='ltr'><strong><em>grstia</em></strong></span> <span class='ocrx_word' id='word_1_176' title='bbox 497 2159 565 2219; x_wconf 90' lang='lat' dir='ltr'><strong><em>Dei.</em></strong></span> <span class='ocrx_word' id='word_1_177' title='bbox 598 2161 649 2220; x_wconf 83' lang='lat' dir='ltr'><strong><em>Sic</em></strong></span> <span class='ocrx_word' id='word_1_178' title='bbox 663 2168 693 2221; x_wconf 92' lang='lat' dir='ltr'><strong><em>et</em></strong></span> <span class='ocrx_word' id='word_1_179' title='bbox 708 2161 781 2222; x_wconf 89' lang='lat' dir='ltr'><strong><em>alibi</em></strong></span> <span class='ocrx_word' id='word_1_180' title='bbox 798 2160 945 2220; x_wconf 89' lang='lat' dir='ltr'><strong><em>interdum</em></strong></span> <span class='ocrx_word' id='word_1_181' title='bbox 999 2159 1120 2239; x_wconf 81' lang='lat' dir='ltr'><strong><em>sliquid</em></strong></span> <span class='ocrx_word' id='word_1_182' title='bbox 1150 2180 1242 2240; x_wconf 73' lang='lat' dir='ltr'><strong><em>supra</em></strong></span> <span class='ocrx_word' id='word_1_183' title='bbox 1265 2160 1305 2221; x_wconf 87' lang='lat' dir='ltr'><strong><em>sd</em></strong></span> <span class='ocrx_word' id='word_1_184' title='bbox 1327 2179 1446 2220; x_wconf 86' lang='lat' dir='ltr'><strong><em>versum</em></strong></span> <span class='ocrx_word' id='word_1_185' title='bbox 1473 2163 1521 2234; x_wconf 84' lang='grc'><strong><em>9.,</em></strong></span> <span class='ocrx_word' id='word_1_186' title='bbox 1547 2167 1578 2220; x_wconf 91' lang='lat' dir='ltr'><strong><em>et</em></strong></span> <span class='ocrx_word' id='word_1_187' title='bbox 1603 2160 1693 2241; x_wconf 83' lang='lat' dir='ltr'><strong><em>plura</em></strong></span> 
     </span>
     <span class='ocr_line' id='line_1_19' title="bbox 371 2245 1694 2327; baseline 0 -21"><span class='ocrx_word' id='word_1_188' title='bbox 371 2266 395 2306; x_wconf 87' lang='grc' dir='ltr'>,ιι</span> <span class='ocrx_word' id='word_1_189' title='bbox 428 2255 473 2306; x_wconf 90' lang='lat' dir='ltr'><strong><em>est</em></strong></span> <span class='ocrx_word' id='word_1_190' title='bbox 498 2245 580 2327; x_wconf 86' lang='lat' dir='ltr'><strong><em>epod</em></strong></span> <span class='ocrx_word' id='word_1_191' title='bbox 607 2248 785 2326; x_wconf 83' lang='lat' dir='ltr'><strong><em>interpretes</em></strong></span> <span class='ocrx_word' id='word_1_192' title='bbox 812 2248 947 2327; x_wconf 87' lang='lat' dir='ltr'><strong><em>acceptio</em></strong></span> <span class='ocrx_word' id='word_1_193' title='bbox 998 2246 1363 2321; x_wconf 81' lang='lat' dir='ltr'><strong><em>Ron.14‚1.nu1sin0.</em></strong></span> <span class='ocrx_word' id='word_1_194' title='bbox 1386 2246 1452 2307; x_wconf 85' lang='lat' dir='ltr'><strong><em>Nec</em></strong></span> <span class='ocrx_word' id='word_1_195' title='bbox 1467 2246 1595 2307; x_wconf 82' lang='lat' dir='ltr'><strong><em>arbitror</em></strong></span> <span class='ocrx_word' id='word_1_196' title='bbox 1610 2257 1694 2307; x_wconf 86' lang='lat' dir='ltr'><strong><em>recte</em></strong></span> 
     </span>
     <span class='ocr_line' id='line_1_20' title="bbox 371 2332 1693 2413; baseline -0.002 -20"><span class='ocrx_word' id='word_1_197' title='bbox 371 2335 398 2393; x_wconf 86' lang='lat' dir='ltr'><strong><em>is</em></strong></span> <span class='ocrx_word' id='word_1_198' title='bbox 411 2335 473 2394; x_wconf 87' lang='lat' dir='ltr'><strong><em>Dei</em></strong></span> <span class='ocrx_word' id='word_1_199' title='bbox 479 2357 492 2409; x_wconf 95' lang='lat'><strong><em>,·</em></strong></span> <span class='ocrx_word' id='word_1_200' title='bbox 516 2341 550 2393; x_wconf 90' lang='lat' dir='ltr'><strong><em>ut</em></strong></span> <span class='ocrx_word' id='word_1_201' title='bbox 563 2333 648 2394; x_wconf 82' lang='lat' dir='ltr'><strong><em>Rom.</em></strong></span> <span class='ocrx_word' id='word_1_202' title='bbox 665 2335 693 2410; x_wconf 82' lang='lat' dir='ltr'><strong><em>b,</em></strong></span> <span class='ocrx_word' id='word_1_203' title='bbox 709 2336 738 2396; x_wconf 82' lang='lat'><strong><em>5.</em></strong></span> <span class='ocrx_word' id='word_1_204' title='bbox 755 2342 784 2394; x_wconf 92' lang='lat' dir='ltr'><strong><em>et</em></strong></span> <span class='ocrx_word' id='word_1_205' title='bbox 799 2335 828 2407; x_wconf 87' lang='lat'><strong><em>8,</em></strong></span> <span class='ocrx_word' id='word_1_206' title='bbox 853 2335 901 2395; x_wconf 83' lang='lat'><strong><em>35.</em></strong></span> <span class='ocrx_word' id='word_1_207' title='bbox 918 2342 948 2394; x_wconf 90' lang='lat' dir='ltr'><strong><em>et</em></strong></span> <span class='ocrx_word' id='word_1_208' title='bbox 1000 2335 1077 2393; x_wconf 81' lang='lat' dir='ltr'><strong><em>verti</em></strong></span> <span class='ocrx_word' id='word_1_209' title='bbox 1091 2352 1195 2412; x_wconf 91' lang='lat' dir='ltr'><strong><em>posse:</em></strong></span> <span class='ocrx_word' id='word_1_210' title='bbox 1217 2333 1439 2409; x_wconf 79' lang='lat' dir='ltr'><strong><em>dijudicantes,</em></strong></span> <span class='ocrx_word' id='word_1_211' title='bbox 1455 2342 1489 2393; x_wconf 93' lang='lat' dir='ltr'><strong><em>ut</em></strong></span> <span class='ocrx_word' id='word_1_212' title='bbox 1503 2332 1628 2413; x_wconf 85' lang='lat' dir='ltr'><strong><em>quidam</em></strong></span> <span class='ocrx_word' id='word_1_213' title='bbox 1642 2352 1693 2393; x_wconf 80' lang='lat' dir='ltr'><strong><em>vo-</em></strong></span> 
     </span>
     <span class='ocr_line' id='line_1_21' title="bbox 371 2419 1693 2501; baseline -0.001 -20"><span class='ocrx_word' id='word_1_214' title='bbox 371 2439 413 2481; x_wconf 91' lang='lat' dir='ltr'><strong><em>em</em></strong></span> <span class='ocrx_word' id='word_1_215' title='bbox 430 2423 449 2480; x_wconf 76' lang='lat'><strong>2</strong></span> <span class='ocrx_word' id='word_1_216' title='bbox 466 2419 575 2481; x_wconf 87' lang='lat' dir='ltr'><strong><em>Tbess.</em></strong></span> <span class='ocrx_word' id='word_1_217' title='bbox 593 2424 621 2494; x_wconf 88' lang='grc'><strong><em>3,</em></strong></span> <span class='ocrx_word' id='word_1_218' title='bbox 638 2421 667 2480; x_wconf 83' lang='lat' dir='ltr'><strong><em>b.</em></strong></span> <span class='ocrx_word' id='word_1_219' title='bbox 1000 2419 1081 2496; x_wconf 80' lang='lat' dir='ltr'><strong><em>lunt3</em></strong></span> <span class='ocrx_word' id='word_1_220' title='bbox 1104 2440 1161 2481; x_wconf 90' lang='lat' dir='ltr'><strong><em>uec</em></strong></span> <span class='ocrx_word' id='word_1_221' title='bbox 1178 2428 1211 2480; x_wconf 92' lang='lat' dir='ltr'><strong><em>ut</em></strong></span> <span class='ocrx_word' id='word_1_222' title='bbox 1226 2424 1376 2501; x_wconf 88' lang='lat' dir='ltr'><strong><em>interpres</em></strong></span> <span class='ocrx_word' id='word_1_223' title='bbox 1389 2420 1532 2500; x_wconf 73' lang='lat' dir='ltr'><strong><em>vulgatus</em></strong></span> <span class='ocrx_word' id='word_1_224' title='bbox 1542 2442 1549 2478; x_wconf 79' lang='grc' dir='ltr'><strong>ε</strong></span> <span class='ocrx_word' id='word_1_225' title='bbox 1561 2419 1693 2494; x_wconf 72' lang='lat' dir='ltr'><strong><em>,iudico-</em></strong></span> 
     </span>
     <span class='ocr_line' id='line_1_22' title="bbox 375 2497 1693 2586; baseline -0.001 -20"><span class='ocrx_word' id='word_1_226' title='bbox 375 2507 432 2567; x_wconf 86' lang='lat' dir='ltr'><strong><em>bsu</em></strong></span> <span class='ocrx_word' id='word_1_227' title='bbox 458 2506 612 2586; x_wconf 72' lang='lat' dir='ltr'><strong><em>Scriptura</em></strong></span> <span class='ocrx_word' id='word_1_228' title='bbox 642 2518 674 2567; x_wconf 88' lang='lat' dir='ltr'><strong><em>et</em></strong></span> <span class='ocrx_word' id='word_1_229' title='bbox 702 2507 771 2567; x_wconf 85' lang='lat' dir='ltr'><strong><em>uliis</em></strong></span> <span class='ocrx_word' id='word_1_230' title='bbox 801 2505 947 2567; x_wconf 90' lang='lat' dir='ltr'><strong><em>similibus</em></strong></span> <span class='ocrx_word' id='word_1_231' title='bbox 999 2515 1064 2584; x_wconf 80' lang='lat' dir='ltr'><strong><em>tos,¹</em></strong></span> <span class='ocrx_word' id='word_1_232' title='bbox 1087 2508 1145 2567; x_wconf 85' lang='lat' dir='ltr'><strong><em>uisi</em></strong></span> <span class='ocrx_word' id='word_1_233' title='bbox 1161 2507 1239 2568; x_wconf 88' lang='lat' dir='ltr'><strong><em>forts</em></strong></span> <span class='ocrx_word' id='word_1_234' title='bbox 1253 2507 1305 2569; x_wconf 87' lang='lat' dir='ltr'><strong><em>ille</em></strong></span> <span class='ocrx_word' id='word_1_235' title='bbox 1320 2507 1411 2586; x_wconf 84' lang='lat' dir='ltr'><strong><em>legit:</em></strong></span> <span class='ocrx_word' id='word_1_236' title='bbox 1435 2497 1693 2584; x_wconf 68' lang='grc' dir='ltr'>διακρινομένους,</span> 
     </span>
     <span class='ocr_line' id='line_1_23' title="bbox 371 2591 1692 2675; baseline -0.001 -21"><span class='ocrx_word' id='word_1_237' title='bbox 371 2601 417 2654; x_wconf 89' lang='lat' dir='ltr'><strong><em>ter</em></strong></span> <span class='ocrx_word' id='word_1_238' title='bbox 439 2592 571 2664; x_wconf 89' lang='lat' dir='ltr'><strong><em>ostendi,</em></strong></span> <span class='ocrx_word' id='word_1_239' title='bbox 595 2591 739 2654; x_wconf 83' lang='lat' dir='ltr'><strong><em>adversus</em></strong></span> <span class='ocrx_word' id='word_1_240' title='bbox 762 2593 852 2672; x_wconf 84' lang='lat' dir='ltr'><strong><em>hujus</em></strong></span> <span class='ocrx_word' id='word_1_241' title='bbox 879 2594 947 2654; x_wconf 81' lang='lat' dir='ltr'><strong><em>sevi</em></strong></span> <span class='ocrx_word' id='word_1_242' title='bbox 1000 2593 1081 2674; x_wconf 90' lang='lat' dir='ltr'><strong><em>quod</em></strong></span> <span class='ocrx_word' id='word_1_243' title='bbox 1104 2595 1135 2653; x_wconf 94' lang='lat' dir='ltr'><strong><em>iu</em></strong></span> <span class='ocrx_word' id='word_1_244' title='bbox 1158 2593 1338 2675; x_wconf 84' lang='lat' dir='ltr'><strong><em>quibusdem</em></strong></span> <span class='ocrx_word' id='word_1_245' title='bbox 1361 2591 1487 2655; x_wconf 81' lang='lat' dir='ltr'><strong><em>Graecis</em></strong></span> <span class='ocrx_word' id='word_1_246' title='bbox 1508 2595 1622 2674; x_wconf 90' lang='lat' dir='ltr'><strong><em>reperit</em></strong></span> <span class='ocrx_word' id='word_1_247' title='bbox 1633 2593 1692 2653; x_wconf 86' lang='lat' dir='ltr'><strong><em>Ro·</em></strong></span> 
     </span>
     <span class='ocr_line' id='line_1_24' title="bbox 371 2678 1111 2755; baseline -0.001 -15"><span class='ocrx_word' id='word_1_248' title='bbox 371 2699 405 2755; x_wconf 78' lang='lat' dir='ltr'><strong><em>ss,</em></strong></span> <span class='ocrx_word' id='word_1_249' title='bbox 427 2680 554 2742; x_wconf 90' lang='lat' dir='ltr'><strong><em>liberum</em></strong></span> <span class='ocrx_word' id='word_1_250' title='bbox 569 2678 697 2742; x_wconf 91' lang='lat' dir='ltr'><strong><em>bominis</em></strong></span> <span class='ocrx_word' id='word_1_251' title='bbox 711 2680 873 2754; x_wconf 82' lang='lat' dir='ltr'><strong><em>arbitrium,</em></strong></span> <span class='ocrx_word' id='word_1_252' title='bbox 896 2681 948 2739; x_wconf 84' lang='lat' dir='ltr'><strong><em>vix</em></strong></span> <span class='ocrx_word' id='word_1_253' title='bbox 999 2680 1111 2742; x_wconf 87' lang='lat' dir='ltr'><strong><em>bertus.</em></strong></span> 
     </span>
     <span class='ocr_line' id='line_1_25' title="bbox 371 2764 1694 2829; baseline 0.002 -3"><span class='ocrx_word' id='word_1_254' title='bbox 371 2775 394 2826; x_wconf 83' lang='lat' dir='ltr'><strong><em>rt</em></strong></span> <span class='ocrx_word' id='word_1_255' title='bbox 415 2764 601 2828; x_wconf 84' lang='lat' dir='ltr'><strong><em>admoneam.</em></strong></span> <span class='ocrx_word' id='word_1_256' title='bbox 632 2767 690 2828; x_wconf 81' lang='lat' dir='ltr'><strong><em>Est</em></strong></span> <span class='ocrx_word' id='word_1_257' title='bbox 711 2770 788 2829; x_wconf 87' lang='lat' dir='ltr'><strong><em>enim</em></strong></span> <span class='ocrx_word' id='word_1_258' title='bbox 812 2765 868 2828; x_wconf 91' lang='lat' dir='ltr'><strong><em>hou</em></strong></span> <span class='ocrx_word' id='word_1_259' title='bbox 886 2785 945 2826; x_wconf 88' lang='lat' dir='ltr'><strong><em>om·</em></strong></span> <span class='ocrx_word' id='word_1_260' title='bbox 1035 2765 1375 2828; x_wconf 83' lang='lat' dir='ltr'><strong><em>Secundummembrum</em></strong></span> <span class='ocrx_word' id='word_1_261' title='bbox 1384 2765 1694 2828; x_wconf 83' lang='lat' dir='ltr'><strong><em>LetinueetGrsecse</em></strong></span> 
     </span>
     <span class='ocr_line' id='line_1_26' title="bbox 371 2851 1694 2934; baseline 0.002 -20"><span class='ocrx_word' id='word_1_262' title='bbox 371 2851 619 2925; x_wconf 71' lang='lat' dir='ltr'><strong><em>idmonitionibus</em></strong></span> <span class='ocrx_word' id='word_1_263' title='bbox 643 2854 901 2916; x_wconf 80' lang='lat' dir='ltr'><strong><em>exhortationibus</em></strong></span> <span class='ocrx_word' id='word_1_264' title='bbox 916 2862 947 2914; x_wconf 91' lang='lat' dir='ltr'><strong><em>et</em></strong></span> <span class='ocrx_word' id='word_1_265' title='bbox 1000 2852 1136 2915; x_wconf 88' lang='lat' dir='ltr'><strong><em>lectionis</em></strong></span> <span class='ocrx_word' id='word_1_266' title='bbox 1147 2874 1183 2915; x_wconf 91' lang='lat' dir='ltr'><strong><em>eo</em></strong></span> <span class='ocrx_word' id='word_1_267' title='bbox 1195 2862 1308 2915; x_wconf 84' lang='lat' dir='ltr'><strong><em>tentum</em></strong></span> <span class='ocrx_word' id='word_1_268' title='bbox 1322 2853 1429 2927; x_wconf 82' lang='lat' dir='ltr'><strong><em>differt,</em></strong></span> <span class='ocrx_word' id='word_1_269' title='bbox 1441 2853 1521 2934; x_wconf 89' lang='lat' dir='ltr'><strong><em>quod</em></strong></span> <span class='ocrx_word' id='word_1_270' title='bbox 1532 2856 1563 2916; x_wconf 93' lang='lat' dir='ltr'><strong><em>iu</em></strong></span> <span class='ocrx_word' id='word_1_271' title='bbox 1576 2853 1694 2917; x_wconf 74' lang='lat' dir='ltr'><strong><em>(iresca</em></strong></span> 
     </span>
     <span class='ocr_line' id='line_1_27' title="bbox 373 2940 1694 3021; baseline 0.002 -21"><span class='ocrx_word' id='word_1_272' title='bbox 373 2941 493 3002; x_wconf 89' lang='lat' dir='ltr'><strong><em>ionibus</em></strong></span> <span class='ocrx_word' id='word_1_273' title='bbox 509 2959 672 3001; x_wconf 87' lang='lat' dir='ltr'><strong><em>commune.</em></strong></span> <span class='ocrx_word' id='word_1_274' title='bbox 694 2943 740 3002; x_wconf 86' lang='lat' dir='ltr'><strong><em>Ne</em></strong></span> <span class='ocrx_word' id='word_1_275' title='bbox 754 2950 852 3002; x_wconf 85' lang='lat' dir='ltr'><strong><em>tumen</em></strong></span> <span class='ocrx_word' id='word_1_276' title='bbox 866 2940 946 3001; x_wconf 86' lang='lat' dir='ltr'><strong><em>selu·</em></strong></span> <span class='ocrx_word' id='word_1_277' title='bbox 1001 2940 1144 3001; x_wconf 87' lang='lat' dir='ltr'><strong><em>addatur:</em></strong></span> <span class='ocrx_word' id='word_1_278' title='bbox 1168 2944 1203 3002; x_wconf 90' lang='lat' dir='ltr'><strong><em>in</em></strong></span> <span class='ocrx_word' id='word_1_279' title='bbox 1218 2945 1340 3016; x_wconf 75' lang='lat' dir='ltr'><strong><em>timore,</em></strong></span> <span class='ocrx_word' id='word_1_280' title='bbox 1358 2940 1387 3001; x_wconf 89' lang='lat' dir='ltr'><strong><em>id</em></strong></span> <span class='ocrx_word' id='word_1_281' title='bbox 1403 2949 1456 3012; x_wconf 86' lang='lat' dir='ltr'><strong><em>est,</em></strong></span> <span class='ocrx_word' id='word_1_282' title='bbox 1471 2960 1525 3021; x_wconf 84' lang='lat' dir='ltr'><strong><em>por</em></strong></span> <span class='ocrx_word' id='word_1_283' title='bbox 1539 2943 1694 3017; x_wconf 71' lang='lat' dir='ltr'><strong><em>timorem</em></strong></span> 
     </span>
     <span class='ocr_line' id='line_1_28' title="bbox 371 3026 1694 3108; baseline 0.001 -21"><span class='ocrx_word' id='word_1_284' title='bbox 371 3028 454 3108; x_wconf 91' lang='lat' dir='ltr'><strong><em>iquid</em></strong></span> <span class='ocrx_word' id='word_1_285' title='bbox 484 3027 542 3088; x_wconf 91' lang='lat' dir='ltr'><strong><em>sibi</em></strong></span> <span class='ocrx_word' id='word_1_286' title='bbox 563 3026 693 3088; x_wconf 89' lang='lat' dir='ltr'><strong><em>liberum</em></strong></span> <span class='ocrx_word' id='word_1_287' title='bbox 720 3028 876 3089; x_wconf 83' lang='lat' dir='ltr'><strong><em>arbitrium</em></strong></span> <span class='ocrx_word' id='word_1_288' title='bbox 902 3046 948 3086; x_wconf 87' lang='lat' dir='ltr'><strong><em>sr-</em></strong></span> <span class='ocrx_word' id='word_1_289' title='bbox 1001 3045 1091 3108; x_wconf 83' lang='lat' dir='ltr'><strong><em>quam</em></strong></span> <span class='ocrx_word' id='word_1_290' title='bbox 1106 3028 1283 3107; x_wconf 82' lang='lat' dir='ltr'><strong><em>particulam</em></strong></span> <span class='ocrx_word' id='word_1_291' title='bbox 1307 3047 1362 3089; x_wconf 89' lang='lat' dir='ltr'><strong><em>nos</em></strong></span> <span class='ocrx_word' id='word_1_292' title='bbox 1384 3028 1486 3089; x_wconf 87' lang='lat' dir='ltr'><strong><em>Latini</em></strong></span> <span class='ocrx_word' id='word_1_293' title='bbox 1501 3027 1647 3089; x_wconf 86' lang='lat' dir='ltr'><strong><em>babemus</em></strong></span> <span class='ocrx_word' id='word_1_294' title='bbox 1662 3030 1694 3089; x_wconf 89' lang='lat' dir='ltr'><strong><em>in</em></strong></span> 
     </span>
     <span class='ocr_line' id='line_1_29' title="bbox 371 3113 1694 3194; baseline 0.002 -22"><span class='ocrx_word' id='word_1_295' title='bbox 371 3113 447 3192; x_wconf 84' lang='lat' dir='ltr'><strong><em>quod</em></strong></span> <span class='ocrx_word' id='word_1_296' title='bbox 463 3113 608 3174; x_wconf 84' lang='lat' dir='ltr'><strong><em>divinitus</em></strong></span> <span class='ocrx_word' id='word_1_297' title='bbox 623 3135 682 3176; x_wconf 92' lang='lat' dir='ltr'><strong><em>nou</em></strong></span> <span class='ocrx_word' id='word_1_298' title='bbox 697 3117 858 3194; x_wconf 84' lang='lat' dir='ltr'><strong><em>occeperit,</em></strong></span> <span class='ocrx_word' id='word_1_299' title='bbox 881 3113 948 3174; x_wconf 90' lang='lat' dir='ltr'><strong><em>ideo</em></strong></span> <span class='ocrx_word' id='word_1_300' title='bbox 1001 3115 1090 3174; x_wconf 89' lang='lat' dir='ltr'><strong><em>tertio</em></strong></span> <span class='ocrx_word' id='word_1_301' title='bbox 1120 3113 1240 3174; x_wconf 89' lang='lat' dir='ltr'><strong><em>demum</em></strong></span> <span class='ocrx_word' id='word_1_302' title='bbox 1269 3114 1408 3175; x_wconf 89' lang='lat' dir='ltr'><strong><em>membro.</em></strong></span> <span class='ocrx_word' id='word_1_303' title='bbox 1450 3114 1564 3176; x_wconf 81' lang='lat' dir='ltr'><strong><em>Sensus</em></strong></span> <span class='ocrx_word' id='word_1_304' title='bbox 1594 3123 1694 3175; x_wconf 85' lang='lat' dir='ltr'><strong><em>sutem</em></strong></span> 
     </span>
     <span class='ocr_line' id='line_1_30' title="bbox 371 3197 1693 3280; baseline 0.002 -21"><span class='ocrx_word' id='word_1_305' title='bbox 371 3201 410 3279; x_wconf 80' lang='lat' dir='ltr'><strong><em>git</em></strong></span> <span class='ocrx_word' id='word_1_306' title='bbox 425 3197 604 3280; x_wconf 82' lang='lat' dir='ltr'><strong><em>Apostolus:</em></strong></span> <span class='ocrx_word' id='word_1_307' title='bbox 1001 3209 1063 3262; x_wconf 86' lang='lat' dir='ltr'><strong><em>est:</em></strong></span> <span class='ocrx_word' id='word_1_308' title='bbox 1084 3199 1171 3262; x_wconf 73' lang='lat' dir='ltr'><strong><em>Alios</em></strong></span> <span class='ocrx_word' id='word_1_309' title='bbox 1193 3220 1281 3273; x_wconf 84' lang='lat' dir='ltr'><strong><em>vero,</em></strong></span> <span class='ocrx_word' id='word_1_310' title='bbox 1304 3204 1404 3263; x_wconf 85' lang='lat' dir='ltr'><strong><em>severi</em></strong></span> <span class='ocrx_word' id='word_1_311' title='bbox 1420 3201 1527 3280; x_wconf 87' lang='lat' dir='ltr'><strong><em>judicii</em></strong></span> <span class='ocrx_word' id='word_1_312' title='bbox 1542 3200 1636 3261; x_wconf 82' lang='lat' dir='ltr'><strong><em>divini</em></strong></span> <span class='ocrx_word' id='word_1_313' title='bbox 1651 3202 1693 3261; x_wconf 91' lang='lat' dir='ltr'><strong><em>in·</em></strong></span> 
     </span>
     <span class='ocr_line' id='line_1_31' title="bbox 371 3283 1695 3367; baseline 0.002 -21"><span class='ocrx_word' id='word_1_314' title='bbox 371 3294 523 3362; x_wconf 81' lang='lat' dir='ltr'><strong><em>pectantes</em></strong></span> <span class='ocrx_word' id='word_1_315' title='bbox 544 3288 795 3348; x_wconf 79' lang='lat' dir='ltr'><strong><em>misericordium</em></strong></span> <span class='ocrx_word' id='word_1_316' title='bbox 816 3288 948 3348; x_wconf 86' lang='lat' dir='ltr'><strong><em>Domini</em></strong></span> <span class='ocrx_word' id='word_1_317' title='bbox 1001 3306 1087 3348; x_wconf 90' lang='lat' dir='ltr'><strong><em>cusso</em></strong></span> <span class='ocrx_word' id='word_1_318' title='bbox 1114 3288 1219 3349; x_wconf 88' lang='lat' dir='ltr'><strong><em>timore</em></strong></span> <span class='ocrx_word' id='word_1_319' title='bbox 1254 3283 1306 3363; x_wconf 87' lang='lat' dir='ltr'><strong><em>(de</em></strong></span> <span class='ocrx_word' id='word_1_320' title='bbox 1332 3307 1391 3367; x_wconf 91' lang='lat' dir='ltr'><strong><em>quo</em></strong></span> <span class='ocrx_word' id='word_1_321' title='bbox 1413 3287 1528 3367; x_wconf 86' lang='lat' dir='ltr'><strong><em>judicio</em></strong></span> <span class='ocrx_word' id='word_1_322' title='bbox 1556 3288 1695 3367; x_wconf 79' lang='lat' dir='ltr'><strong><em>leguntur</em></strong></span> 
     </span>
     <span class='ocr_line' id='line_1_32' title="bbox 375 3371 1694 3455; baseline -0.001 -19"><span class='ocrx_word' id='word_1_323' title='bbox 375 3376 457 3436; x_wconf 83' lang='lat' dir='ltr'><strong><em>Jseu</em></strong></span> <span class='ocrx_word' id='word_1_324' title='bbox 473 3375 589 3436; x_wconf 77' lang='lat' dir='ltr'><strong><em>Obsisti</em></strong></span> <span class='ocrx_word' id='word_1_325' title='bbox 604 3377 640 3434; x_wconf 88' lang='lat' dir='ltr'><strong><em>in</em></strong></span> <span class='ocrx_word' id='word_1_326' title='bbox 655 3377 755 3434; x_wconf 84' lang='lat' dir='ltr'><strong><em>uitem</em></strong></span> <span class='ocrx_word' id='word_1_327' title='bbox 771 3382 947 3434; x_wconf 85' lang='lat' dir='ltr'><strong><em>ueternum.</em></strong></span> <span class='ocrx_word' id='word_1_328' title='bbox 1000 3374 1164 3455; x_wconf 84' lang='lat' dir='ltr'><strong><em>superiora,</em></strong></span> <span class='ocrx_word' id='word_1_329' title='bbox 1181 3383 1209 3434; x_wconf 91' lang='lat' dir='ltr'><strong><em>et</em></strong></span> <span class='ocrx_word' id='word_1_330' title='bbox 1224 3394 1303 3453; x_wconf 88' lang='lat' dir='ltr'><strong><em>quse</em></strong></span> <span class='ocrx_word' id='word_1_331' title='bbox 1318 3373 1427 3434; x_wconf 89' lang='lat' dir='ltr'><strong><em>Petrus</em></strong></span> <span class='ocrx_word' id='word_1_332' title='bbox 1444 3371 1570 3447; x_wconf 86' lang='lat' dir='ltr'><strong><em>scribit),</em></strong></span> <span class='ocrx_word' id='word_1_333' title='bbox 1592 3374 1694 3435; x_wconf 83' lang='lat' dir='ltr'><strong><em>saluos</em></strong></span> 
     </span>
     <span class='ocr_line' id='line_1_33' title="bbox 372 3459 1693 3541; baseline 0.002 -23"><span class='ocrx_word' id='word_1_334' title='bbox 372 3459 519 3520; x_wconf 78' lang='lat' dir='ltr'><strong><em>bristisrm</em></strong></span> <span class='ocrx_word' id='word_1_335' title='bbox 540 3459 766 3521; x_wconf 88' lang='lat' dir='ltr'><strong><em>commendatur</em></strong></span> <span class='ocrx_word' id='word_1_336' title='bbox 780 3481 816 3519; x_wconf 86' lang='lat' dir='ltr'><strong><em>cc</em></strong></span> <span class='ocrx_word' id='word_1_337' title='bbox 832 3462 947 3540; x_wconf 85' lang='lat' dir='ltr'><strong><em>praeci·</em></strong></span> <span class='ocrx_word' id='word_1_338' title='bbox 1001 3459 1108 3533; x_wconf 81' lang='lat' dir='ltr'><strong><em>facite,</em></strong></span> <span class='ocrx_word' id='word_1_339' title='bbox 1135 3468 1289 3541; x_wconf 76' lang='lat' dir='ltr'><strong><em>tamquam</em></strong></span> <span class='ocrx_word' id='word_1_340' title='bbox 1316 3480 1353 3520; x_wconf 80' lang='lat' dir='ltr'><strong><em>ex</em></strong></span> <span class='ocrx_word' id='word_1_341' title='bbox 1380 3462 1457 3540; x_wconf 86' lang='lat' dir='ltr'><strong><em>iguis</em></strong></span> <span class='ocrx_word' id='word_1_342' title='bbox 1483 3460 1622 3521; x_wconf 90' lang='lat' dir='ltr'><strong><em>incendio</em></strong></span> <span class='ocrx_word' id='word_1_343' title='bbox 1647 3481 1693 3521; x_wconf 85' lang='lat' dir='ltr'><strong><em>rs·</em></strong></span> 
     </span>
     <span class='ocr_line' id='line_1_34' title="bbox 374 3546 1693 3628; baseline 0.002 -22"><span class='ocrx_word' id='word_1_344' title='bbox 374 3566 437 3625; x_wconf 82' lang='lat' dir='ltr'><strong><em>qus</em></strong></span> <span class='ocrx_word' id='word_1_345' title='bbox 458 3547 597 3608; x_wconf 88' lang='lat' dir='ltr'><strong><em>nimirum</em></strong></span> <span class='ocrx_word' id='word_1_346' title='bbox 620 3548 684 3607; x_wconf 84' lang='lat' dir='ltr'><strong><em>vita</em></strong></span> <span class='ocrx_word' id='word_1_347' title='bbox 699 3555 823 3607; x_wconf 86' lang='lat' dir='ltr'><strong><em>ueterna</em></strong></span> <span class='ocrx_word' id='word_1_348' title='bbox 838 3549 881 3606; x_wconf 91' lang='lat' dir='ltr'><strong><em>sic</em></strong></span> <span class='ocrx_word' id='word_1_349' title='bbox 896 3566 944 3607; x_wconf 85' lang='lat' dir='ltr'><strong><em>ex·</em></strong></span> <span class='ocrx_word' id='word_1_350' title='bbox 1001 3548 1127 3627; x_wconf 89' lang='lat' dir='ltr'><strong><em>pientes.</em></strong></span> <span class='ocrx_word' id='word_1_351' title='bbox 1153 3547 1222 3609; x_wconf 86' lang='lat' dir='ltr'><strong><em>Hoc</em></strong></span> <span class='ocrx_word' id='word_1_352' title='bbox 1237 3546 1278 3607; x_wconf 88' lang='lat' dir='ltr'><strong><em>sd</em></strong></span> <span class='ocrx_word' id='word_1_353' title='bbox 1291 3567 1343 3607; x_wconf 87' lang='lat' dir='ltr'><strong><em>sos</em></strong></span> <span class='ocrx_word' id='word_1_354' title='bbox 1357 3548 1496 3628; x_wconf 85' lang='lat' dir='ltr'><strong><em>pertinet,</em></strong></span> <span class='ocrx_word' id='word_1_355' title='bbox 1512 3548 1574 3626; x_wconf 88' lang='lat' dir='ltr'><strong><em>qui,</em></strong></span> <span class='ocrx_word' id='word_1_356' title='bbox 1589 3546 1693 3627; x_wconf 84' lang='lat' dir='ltr'><strong><em>volup·</em></strong></span> 
     </span>
     <span class='ocr_line' id='line_1_35' title="bbox 372 3634 1692 3713; baseline 0.002 -22"><span class='ocrx_word' id='word_1_357' title='bbox 372 3651 409 3692; x_wconf 86' lang='lat' dir='ltr'><strong><em>ur</em></strong></span> <span class='ocrx_word' id='word_1_358' title='bbox 430 3654 485 3713; x_wconf 90' lang='lat' dir='ltr'><strong><em>pro</em></strong></span> <span class='ocrx_word' id='word_1_359' title='bbox 507 3634 593 3695; x_wconf 90' lang='lat' dir='ltr'><strong><em>bonis</em></strong></span> <span class='ocrx_word' id='word_1_360' title='bbox 616 3634 768 3713; x_wconf 87' lang='lat' dir='ltr'><strong><em>operibus,</em></strong></span> <span class='ocrx_word' id='word_1_361' title='bbox 791 3642 826 3692; x_wconf 90' lang='lat' dir='ltr'><strong><em>ut</em></strong></span> <span class='ocrx_word' id='word_1_362' title='bbox 849 3641 946 3694; x_wconf 83' lang='lat' dir='ltr'><strong><em>tumen</em></strong></span> <span class='ocrx_word' id='word_1_363' title='bbox 1001 3634 1114 3696; x_wconf 83' lang='lat' dir='ltr'><strong><em>tutibus</em></strong></span> <span class='ocrx_word' id='word_1_364' title='bbox 1129 3635 1270 3708; x_wconf 88' lang='lat' dir='ltr'><strong><em>immersi,</em></strong></span> <span class='ocrx_word' id='word_1_365' title='bbox 1292 3654 1353 3694; x_wconf 91' lang='lat' dir='ltr'><strong><em>nou</em></strong></span> <span class='ocrx_word' id='word_1_366' title='bbox 1367 3636 1561 3713; x_wconf 74' lang='lat' dir='ltr'><strong><em>acquiescunt</em></strong></span> <span class='ocrx_word' id='word_1_367' title='bbox 1575 3635 1692 3695; x_wconf 77' lang='lat' dir='ltr'><strong><em>ustioni</em></strong></span> 
     </span>
     <span class='ocr_line' id='line_1_36' title="bbox 371 3717 1693 3800; baseline 0.002 -21"><span class='ocrx_word' id='word_1_368' title='bbox 371 3727 443 3792; x_wconf 87' lang='lat' dir='ltr'><strong><em>tum,</em></strong></span> <span class='ocrx_word' id='word_1_369' title='bbox 467 3729 499 3781; x_wconf 91' lang='lat' dir='ltr'><strong><em>et</em></strong></span> <span class='ocrx_word' id='word_1_370' title='bbox 521 3717 602 3800; x_wconf 91' lang='lat' dir='ltr'><strong><em>quod</em></strong></span> <span class='ocrx_word' id='word_1_371' title='bbox 624 3721 690 3780; x_wconf 80' lang='lat' dir='ltr'><strong><em>vitu</em></strong></span> <span class='ocrx_word' id='word_1_372' title='bbox 714 3728 836 3779; x_wconf 85' lang='lat' dir='ltr'><strong><em>aeterua</em></strong></span> <span class='ocrx_word' id='word_1_373' title='bbox 862 3720 947 3781; x_wconf 92' lang='lat' dir='ltr'><strong><em>bonis</em></strong></span> <span class='ocrx_word' id='word_1_374' title='bbox 1001 3720 1095 3781; x_wconf 81' lang='lat' dir='ltr'><strong><em>&#39;Peles</em></strong></span> <span class='ocrx_word' id='word_1_375' title='bbox 1132 3722 1211 3782; x_wconf 91' lang='lat' dir='ltr'><strong><em>euim</em></strong></span> <span class='ocrx_word' id='word_1_376' title='bbox 1240 3728 1352 3781; x_wconf 89' lang='lat' dir='ltr'><strong><em>terrore</em></strong></span> <span class='ocrx_word' id='word_1_377' title='bbox 1380 3720 1586 3782; x_wconf 79' lang='lat' dir='ltr'><strong><em>commovendi</em></strong></span> <span class='ocrx_word' id='word_1_378' title='bbox 1615 3728 1693 3792; x_wconf 90' lang='lat' dir='ltr'><strong><em>sunt,</em></strong></span> 
     </span>
     <span class='ocr_line' id='line_1_37' title="bbox 370 3805 1691 3888; baseline 0.002 -24"><span class='ocrx_word' id='word_1_379' title='bbox 370 3825 395 3865; x_wconf 83' lang='lat' dir='ltr'><strong><em>rs</em></strong></span> <span class='ocrx_word' id='word_1_380' title='bbox 410 3806 602 3879; x_wconf 85' lang='lat' dir='ltr'><strong><em>retribuatur,</em></strong></span> <span class='ocrx_word' id='word_1_381' title='bbox 622 3816 654 3866; x_wconf 91' lang='lat' dir='ltr'><strong><em>et</em></strong></span> <span class='ocrx_word' id='word_1_382' title='bbox 667 3805 747 3887; x_wconf 91' lang='lat' dir='ltr'><strong><em>quod</em></strong></span> <span class='ocrx_word' id='word_1_383' title='bbox 762 3826 854 3885; x_wconf 83' lang='lat' dir='ltr'><strong><em>opera</em></strong></span> <span class='ocrx_word' id='word_1_384' title='bbox 869 3805 948 3867; x_wconf 85' lang='lat' dir='ltr'><strong><em>bonu</em></strong></span> <span class='ocrx_word' id='word_1_385' title='bbox 1001 3805 1092 3885; x_wconf 91' lang='lat' dir='ltr'><strong><em>idque</em></strong></span> <span class='ocrx_word' id='word_1_386' title='bbox 1106 3809 1387 3871; x_wconf 88' lang='lat' dir='ltr'><strong><em>commemoratione</em></strong></span> <span class='ocrx_word' id='word_1_387' title='bbox 1401 3809 1479 3888; x_wconf 88' lang='lat' dir='ltr'><strong><em>ignis</em></strong></span> <span class='ocrx_word' id='word_1_388' title='bbox 1493 3808 1608 3868; x_wconf 89' lang='lat' dir='ltr'><strong><em>aeterni</em></strong></span> <span class='ocrx_word' id='word_1_389' title='bbox 1623 3827 1691 3887; x_wconf 91' lang='lat' dir='ltr'><strong><em>pec·</em></strong></span> 
     </span>
     <span class='ocr_line' id='line_1_38' title="bbox 371 3892 1694 3974; baseline 0.002 -22"><span class='ocrx_word' id='word_1_390' title='bbox 371 3910 408 3965; x_wconf 87' lang='lat' dir='ltr'><strong><em>us,</em></strong></span> <span class='ocrx_word' id='word_1_391' title='bbox 423 3894 538 3971; x_wconf 73' lang='lat' dir='ltr'><strong><em>gratim</em></strong></span> <span class='ocrx_word' id='word_1_392' title='bbox 553 3892 816 3954; x_wconf 86' lang='lat' dir='ltr'><strong><em>etmisericordise</em></strong></span> <span class='ocrx_word' id='word_1_393' title='bbox 827 3893 947 3953; x_wconf 89' lang='lat' dir='ltr'><strong><em>Domini</em></strong></span> <span class='ocrx_word' id='word_1_394' title='bbox 1000 3893 1154 3954; x_wconf 85' lang='lat' dir='ltr'><strong><em>sutoribus</em></strong></span> <span class='ocrx_word' id='word_1_395' title='bbox 1176 3894 1313 3956; x_wconf 91' lang='lat' dir='ltr'><strong><em>omuibus</em></strong></span> <span class='ocrx_word' id='word_1_396' title='bbox 1335 3897 1518 3974; x_wconf 75' lang='lat' dir='ltr'><strong><em>praeparati.</em></strong></span> <span class='ocrx_word' id='word_1_397' title='bbox 1548 3894 1694 3974; x_wconf 77' lang='lat' dir='ltr'><strong><em>Quicum</em></strong></span> 
     </span>
     <span class='ocr_line' id='line_1_39' title="bbox 371 3978 1694 4062; baseline 0.002 -24"><span class='ocrx_word' id='word_1_398' title='bbox 371 3979 439 4039; x_wconf 83' lang='lat' dir='ltr'><strong><em>iesu</em></strong></span> <span class='ocrx_word' id='word_1_399' title='bbox 455 3978 566 4040; x_wconf 83' lang='lat' dir='ltr'><strong><em>Christi</em></strong></span> <span class='ocrx_word' id='word_1_400' title='bbox 581 3981 691 4041; x_wconf 83' lang='lat' dir='ltr'><strong><em>letatur</em></strong></span> <span class='ocrx_word' id='word_1_401' title='bbox 705 3986 868 4060; x_wconf 79' lang='lat' dir='ltr'><strong><em>acceptum.</em></strong></span> <span class='ocrx_word' id='word_1_402' title='bbox 1000 3978 1039 4039; x_wconf 85' lang='lat' dir='ltr'><strong><em>sb</em></strong></span> <span class='ocrx_word' id='word_1_403' title='bbox 1061 3980 1230 4059; x_wconf 89' lang='lat' dir='ltr'><strong><em>hujusmodi</em></strong></span> <span class='ocrx_word' id='word_1_404' title='bbox 1252 3982 1359 4043; x_wconf 89' lang='lat' dir='ltr'><strong><em>timore</em></strong></span> <span class='ocrx_word' id='word_1_405' title='bbox 1378 3982 1515 4062; x_wconf 86' lang='lat' dir='ltr'><strong><em>spiritum</em></strong></span> <span class='ocrx_word' id='word_1_406' title='bbox 1530 3978 1643 4041; x_wconf 92' lang='lat' dir='ltr'><strong><em>doloris</em></strong></span> <span class='ocrx_word' id='word_1_407' title='bbox 1658 4000 1694 4041; x_wconf 85' lang='lat' dir='ltr'><strong><em>ac</em></strong></span> 
     </span>
     <span class='ocr_line' id='line_1_40' title="bbox 371 4065 1694 4148; baseline 0.002 -24"><span class='ocrx_word' id='word_1_408' title='bbox 371 4066 421 4125; x_wconf 79' lang='lat'><strong><em>23.</em></strong></span> <span class='ocrx_word' id='word_1_409' title='bbox 445 4068 490 4127; x_wconf 83' lang='lat' dir='ltr'><strong><em>Et</em></strong></span> <span class='ocrx_word' id='word_1_410' title='bbox 503 4067 558 4128; x_wconf 82' lang='lat' dir='ltr'><strong><em>hos</em></strong></span> <span class='ocrx_word' id='word_1_411' title='bbox 572 4067 698 4144; x_wconf 79' lang='lat' dir='ltr'><strong><em>quidem</em></strong></span> <span class='ocrx_word' id='word_1_412' title='bbox 713 4069 838 4143; x_wconf 74' lang='lat' dir='ltr'><strong><em>aspicite</em></strong></span> <span class='ocrx_word' id='word_1_413' title='bbox 855 4065 946 4141; x_wconf 74' lang='lat' dir='ltr'><strong><em>iudi·</em></strong></span> <span class='ocrx_word' id='word_1_414' title='bbox 1000 4068 1202 4146; x_wconf 89' lang='lat' dir='ltr'><strong><em>poenitentiae</em></strong></span> <span class='ocrx_word' id='word_1_415' title='bbox 1214 4068 1392 4148; x_wconf 78' lang='lat' dir='ltr'><strong><em>concipiunt,</em></strong></span> <span class='ocrx_word' id='word_1_416' title='bbox 1407 4070 1530 4129; x_wconf 80' lang='lat' dir='ltr'><strong><em>servari</em></strong></span> <span class='ocrx_word' id='word_1_417' title='bbox 1541 4068 1694 4129; x_wconf 81' lang='lat' dir='ltr'><strong><em>dicuntur</em></strong></span> 
     </span>
     <span class='ocr_line' id='line_1_41' title="bbox 381 4153 1691 4236; baseline 0.004 -25"><span class='ocrx_word' id='word_1_418' title='bbox 381 4153 454 4213; x_wconf 86' lang='lat' dir='ltr'><strong><em>iilos</em></strong></span> <span class='ocrx_word' id='word_1_419' title='bbox 475 4171 552 4213; x_wconf 80' lang='lat' dir='ltr'><strong><em>uero</em></strong></span> <span class='ocrx_word' id='word_1_420' title='bbox 573 4154 711 4226; x_wconf 84' lang='lat' dir='ltr'><strong><em>sulcate,</em></strong></span> <span class='ocrx_word' id='word_1_421' title='bbox 735 4153 774 4213; x_wconf 90' lang='lat' dir='ltr'><strong><em>de</em></strong></span> <span class='ocrx_word' id='word_1_422' title='bbox 796 4157 868 4230; x_wconf 75' lang='lat' dir='ltr'><strong><em>igne</em></strong></span> <span class='ocrx_word' id='word_1_423' title='bbox 890 4172 946 4212; x_wconf 80' lang='lat' dir='ltr'><strong><em>ru·</em></strong></span> <span class='ocrx_word' id='word_1_424' title='bbox 1000 4154 1086 4215; x_wconf 86' lang='lat' dir='ltr'><strong><em>velut</em></strong></span> <span class='ocrx_word' id='word_1_425' title='bbox 1101 4173 1140 4215; x_wconf 79' lang='lat' dir='ltr'><strong><em>es</em></strong></span> <span class='ocrx_word' id='word_1_426' title='bbox 1155 4154 1303 4217; x_wconf 86' lang='lat' dir='ltr'><strong><em>incendio</em></strong></span> <span class='ocrx_word' id='word_1_427' title='bbox 1317 4156 1416 4232; x_wconf 79' lang='lat' dir='ltr'><strong><em>rapti,</em></strong></span> <span class='ocrx_word' id='word_1_428' title='bbox 1443 4154 1475 4216; x_wconf 92' lang='lat' dir='ltr'><strong><em>id</em></strong></span> <span class='ocrx_word' id='word_1_429' title='bbox 1490 4164 1546 4231; x_wconf 84' lang='lat' dir='ltr'><strong><em>est,</em></strong></span> <span class='ocrx_word' id='word_1_430' title='bbox 1562 4175 1599 4216; x_wconf 87' lang='lat' dir='ltr'><strong><em>ex</em></strong></span> <span class='ocrx_word' id='word_1_431' title='bbox 1615 4156 1691 4236; x_wconf 90' lang='lat' dir='ltr'><strong><em>peri·</em></strong></span> 
     </span>
     <span class='ocr_line' id='line_1_42' title="bbox 371 4240 1300 4320; baseline 0 -20"><span class='ocrx_word' id='word_1_432' title='bbox 371 4260 381 4299; x_wconf 81' lang='grc' dir='ltr'>ι</span> <span class='ocrx_word' id='word_1_433' title='bbox 419 4240 500 4300; x_wconf 81' lang='lat' dir='ltr'><strong><em>Aliis</em></strong></span> <span class='ocrx_word' id='word_1_434' title='bbox 522 4248 627 4301; x_wconf 87' lang='lat' dir='ltr'><strong><em>cutem</em></strong></span> <span class='ocrx_word' id='word_1_435' title='bbox 646 4241 838 4302; x_wconf 78' lang='lat' dir='ltr'><strong><em>miseremini</em></strong></span> <span class='ocrx_word' id='word_1_436' title='bbox 853 4243 889 4300; x_wconf 85' lang='lat' dir='ltr'><strong><em>in</em></strong></span> <span class='ocrx_word' id='word_1_437' title='bbox 904 4241 947 4299; x_wconf 91' lang='lat' dir='ltr'><strong><em>ti·</em></strong></span> <span class='ocrx_word' id='word_1_438' title='bbox 1000 4240 1065 4301; x_wconf 90' lang='lat' dir='ltr'><strong><em>oulo</em></strong></span> <span class='ocrx_word' id='word_1_439' title='bbox 1082 4241 1162 4320; x_wconf 91' lang='lat' dir='ltr'><strong><em>ignis</em></strong></span> <span class='ocrx_word' id='word_1_440' title='bbox 1178 4243 1300 4303; x_wconf 89' lang='lat' dir='ltr'><strong><em>aeterni.</em></strong></span> 
     </span>
     <span class='ocr_line' id='line_1_43' title="bbox 379 4325 1692 4406; baseline 0.002 -21"><span class='ocrx_word' id='word_1_441' title='bbox 379 4325 477 4387; x_wconf 89' lang='lat' dir='ltr'><strong><em>Docet</em></strong></span> <span class='ocrx_word' id='word_1_442' title='bbox 496 4325 603 4387; x_wconf 84' lang='lat' dir='ltr'><strong><em>fideles</em></strong></span> <span class='ocrx_word' id='word_1_443' title='bbox 615 4325 671 4387; x_wconf 92' lang='lat' dir='ltr'><strong><em>boc</em></strong></span> <span class='ocrx_word' id='word_1_444' title='bbox 681 4337 851 4406; x_wconf 76' lang='lat' dir='ltr'><strong><em>praecepto,</em></strong></span> <span class='ocrx_word' id='word_1_445' title='bbox 871 4346 945 4405; x_wconf 90' lang='lat' dir='ltr'><strong><em>qua·</em></strong></span> <span class='ocrx_word' id='word_1_446' title='bbox 1042 4327 1178 4387; x_wconf 85' lang='lat' dir='ltr'><strong><em>Tertium</em></strong></span> <span class='ocrx_word' id='word_1_447' title='bbox 1210 4329 1375 4390; x_wconf 87' lang='lat' dir='ltr'><strong><em>membrum</em></strong></span> <span class='ocrx_word' id='word_1_448' title='bbox 1399 4329 1529 4389; x_wconf 77' lang='lat' dir='ltr'><strong><em>Latinae</em></strong></span> <span class='ocrx_word' id='word_1_449' title='bbox 1555 4327 1692 4390; x_wconf 87' lang='lat' dir='ltr'><strong><em>lectionis</em></strong></span> 
     </span>
     <span class='ocr_line' id='line_1_44' title="bbox 371 4411 1692 4494; baseline 0.002 -21"><span class='ocrx_word' id='word_1_450' title='bbox 371 4431 411 4492; x_wconf 83' lang='lat' dir='ltr'><strong><em>gs</em></strong></span> <span class='ocrx_word' id='word_1_451' title='bbox 426 4411 553 4488; x_wconf 83' lang='lat' dir='ltr'><strong><em>irstres,</em></strong></span> <span class='ocrx_word' id='word_1_452' title='bbox 575 4413 613 4473; x_wconf 86' lang='lat' dir='ltr'><strong><em>ab</em></strong></span> <span class='ocrx_word' id='word_1_453' title='bbox 628 4413 840 4492; x_wconf 88' lang='lat' dir='ltr'><strong><em>impostoribus</em></strong></span> <span class='ocrx_word' id='word_1_454' title='bbox 856 4415 887 4474; x_wconf 93' lang='lat' dir='ltr'><strong><em>in</em></strong></span> <span class='ocrx_word' id='word_1_455' title='bbox 902 4433 944 4473; x_wconf 92' lang='lat' dir='ltr'><strong><em>er·</em></strong></span> <span class='ocrx_word' id='word_1_456' title='bbox 999 4411 1093 4474; x_wconf 85' lang='lat' dir='ltr'><strong><em>videri</em></strong></span> <span class='ocrx_word' id='word_1_457' title='bbox 1110 4422 1209 4492; x_wconf 82' lang='lat' dir='ltr'><strong><em>potest</em></strong></span> <span class='ocrx_word' id='word_1_458' title='bbox 1224 4413 1376 4494; x_wconf 77' lang='lat' dir='ltr'><strong><em>adjectum</em></strong></span> <span class='ocrx_word' id='word_1_459' title='bbox 1391 4417 1550 4475; x_wconf 85' lang='lat' dir='ltr'><strong><em>occasione</em></strong></span> <span class='ocrx_word' id='word_1_460' title='bbox 1564 4417 1692 4476; x_wconf 76' lang='lat' dir='ltr'><strong><em>verieta-</em></strong></span> 
     </span>
     <span class='ocr_line' id='line_1_45' title="bbox 371 4498 1693 4581; baseline 0.003 -22"><span class='ocrx_word' id='word_1_461' title='bbox 371 4498 518 4574; x_wconf 86' lang='lat' dir='ltr'><strong><em>inducios,</em></strong></span> <span class='ocrx_word' id='word_1_462' title='bbox 540 4519 645 4580; x_wconf 83' lang='lat' dir='ltr'><strong><em>gerere</em></strong></span> <span class='ocrx_word' id='word_1_463' title='bbox 666 4520 699 4561; x_wconf 91' lang='lat' dir='ltr'><strong><em>se</em></strong></span> <span class='ocrx_word' id='word_1_464' title='bbox 720 4498 859 4561; x_wconf 74' lang='lat' dir='ltr'><strong><em>debeant.</em></strong></span> <span class='ocrx_word' id='word_1_465' title='bbox 889 4500 947 4559; x_wconf 82' lang='lat' dir='ltr'><strong><em>Est</em></strong></span> <span class='ocrx_word' id='word_1_466' title='bbox 999 4501 1052 4572; x_wconf 89' lang='lat' dir='ltr'><strong><em>tis,</em></strong></span> <span class='ocrx_word' id='word_1_467' title='bbox 1075 4509 1223 4580; x_wconf 85' lang='lat' dir='ltr'><strong><em>quaeest</em></strong></span> <span class='ocrx_word' id='word_1_468' title='bbox 1246 4502 1278 4562; x_wconf 93' lang='lat' dir='ltr'><strong><em>in</em></strong></span> <span class='ocrx_word' id='word_1_469' title='bbox 1300 4500 1430 4576; x_wconf 77' lang='lat' dir='ltr'><strong><em>Graeco,</em></strong></span> <span class='ocrx_word' id='word_1_470' title='bbox 1454 4501 1492 4561; x_wconf 92' lang='lat' dir='ltr'><strong><em>de</em></strong></span> <span class='ocrx_word' id='word_1_471' title='bbox 1507 4520 1568 4581; x_wconf 86' lang='lat' dir='ltr'><strong><em>qus</em></strong></span> <span class='ocrx_word' id='word_1_472' title='bbox 1582 4500 1693 4563; x_wconf 84' lang='lat' dir='ltr'><strong><em>dictum</em></strong></span> 
     </span>
     <span class='ocr_line' id='line_1_46' title="bbox 376 4585 1692 4668; baseline 0.002 -21"><span class='ocrx_word' id='word_1_473' title='bbox 376 4587 523 4647; x_wconf 87' lang='lat' dir='ltr'><strong><em>sententia</em></strong></span> <span class='ocrx_word' id='word_1_474' title='bbox 546 4608 606 4648; x_wconf 89' lang='lat' dir='ltr'><strong><em>uon</em></strong></span> <span class='ocrx_word' id='word_1_475' title='bbox 628 4606 736 4666; x_wconf 86' lang='lat' dir='ltr'><strong><em>purum</em></strong></span> <span class='ocrx_word' id='word_1_476' title='bbox 762 4585 885 4647; x_wconf 84' lang='lat' dir='ltr'><strong><em>diversa</em></strong></span> <span class='ocrx_word' id='word_1_477' title='bbox 907 4586 945 4647; x_wconf 87' lang='lat' dir='ltr'><strong><em>ub</em></strong></span> <span class='ocrx_word' id='word_1_478' title='bbox 999 4595 1053 4647; x_wconf 86' lang='lat' dir='ltr'><strong><em>est.</em></strong></span> <span class='ocrx_word' id='word_1_479' title='bbox 1070 4585 1147 4648; x_wconf 83' lang='lat' dir='ltr'><strong><em>Cum</em></strong></span> <span class='ocrx_word' id='word_1_480' title='bbox 1160 4588 1239 4648; x_wconf 91' lang='lat' dir='ltr'><strong><em>euim</em></strong></span> <span class='ocrx_word' id='word_1_481' title='bbox 1251 4589 1283 4649; x_wconf 89' lang='lat' dir='ltr'><strong><em>in</em></strong></span> <span class='ocrx_word' id='word_1_482' title='bbox 1295 4587 1363 4649; x_wconf 84' lang='lat' dir='ltr'><strong><em>aliis</em></strong></span> <span class='ocrx_word' id='word_1_483' title='bbox 1378 4587 1540 4668; x_wconf 89' lang='lat' dir='ltr'><strong><em>legeretur:</em></strong></span> <span class='ocrx_word' id='word_1_484' title='bbox 1556 4592 1692 4665; x_wconf 77' lang='lat' dir='ltr'><strong><em>respuite,</em></strong></span> 
     </span>
     <span class='ocr_line' id='line_1_47' title="bbox 371 4671 1694 4756; baseline 0.002 -23"><span class='ocrx_word' id='word_1_485' title='bbox 371 4672 405 4733; x_wconf 89' lang='lat' dir='ltr'><strong><em>od</em></strong></span> <span class='ocrx_word' id='word_1_486' title='bbox 432 4674 464 4733; x_wconf 91' lang='lat' dir='ltr'><strong><em>in</em></strong></span> <span class='ocrx_word' id='word_1_487' title='bbox 490 4671 616 4734; x_wconf 84' lang='lat' dir='ltr'><strong><em>Grsecis</em></strong></span> <span class='ocrx_word' id='word_1_488' title='bbox 639 4671 757 4753; x_wconf 80' lang='lat' dir='ltr'><strong><em>legitur.</em></strong></span> <span class='ocrx_word' id='word_1_489' title='bbox 795 4674 845 4735; x_wconf 86' lang='lat' dir='ltr'><strong><em>Sic</em></strong></span> <span class='ocrx_word' id='word_1_490' title='bbox 866 4674 944 4734; x_wconf 87' lang='lat' dir='ltr'><strong><em>euim</em></strong></span> <span class='ocrx_word' id='word_1_491' title='bbox 999 4675 1029 4733; x_wconf 92' lang='lat' dir='ltr'><strong><em>in</em></strong></span> <span class='ocrx_word' id='word_1_492' title='bbox 1054 4672 1137 4734; x_wconf 86' lang='lat' dir='ltr'><strong><em>eliis:</em></strong></span> <span class='ocrx_word' id='word_1_493' title='bbox 1171 4677 1385 4750; x_wconf 81' lang='lat' dir='ltr'><strong><em>miseremini,</em></strong></span> <span class='ocrx_word' id='word_1_494' title='bbox 1416 4673 1538 4736; x_wconf 89' lang='lat' dir='ltr'><strong><em>sedulus</em></strong></span> <span class='ocrx_word' id='word_1_495' title='bbox 1567 4679 1694 4756; x_wconf 90' lang='lat' dir='ltr'><strong><em>scriptor</em></strong></span> 
     </span>
     <span class='ocr_line' id='line_1_48' title="bbox 371 4759 1691 4841; baseline 0.004 -22"><span class='ocrx_word' id='word_1_496' title='bbox 371 4781 376 4819; x_wconf 94' lang='lat'><strong>:</strong></span> <span class='ocrx_word' id='word_1_497' title='bbox 399 4760 444 4821; x_wconf 80' lang='lat' dir='ltr'><strong><em>st</em></strong></span> <span class='ocrx_word' id='word_1_498' title='bbox 457 4760 513 4820; x_wconf 82' lang='lat' dir='ltr'><strong><em>hos</em></strong></span> <span class='ocrx_word' id='word_1_499' title='bbox 526 4761 652 4837; x_wconf 84' lang='lat' dir='ltr'><strong><em>quidem</em></strong></span> <span class='ocrx_word' id='word_1_500' title='bbox 668 4762 865 4822; x_wconf 80' lang='lat' dir='ltr'><strong><em>miseramini</em></strong></span> <span class='ocrx_word' id='word_1_501' title='bbox 880 4761 945 4822; x_wconf 86' lang='lat' dir='ltr'><strong><em>dis·</em></strong></span> <span class='ocrx_word' id='word_1_502' title='bbox 997 4769 1157 4841; x_wconf 88' lang='lat' dir='ltr'><strong><em>utrumque</em></strong></span> <span class='ocrx_word' id='word_1_503' title='bbox 1171 4764 1281 4841; x_wconf 83' lang='lat' dir='ltr'><strong><em>posuit,</em></strong></span> <span class='ocrx_word' id='word_1_504' title='bbox 1295 4759 1400 4822; x_wconf 81' lang='lat' dir='ltr'><strong><em>additu</em></strong></span> <span class='ocrx_word' id='word_1_505' title='bbox 1415 4763 1503 4822; x_wconf 85' lang='lat' dir='ltr'><strong><em>etium</em></strong></span> <span class='ocrx_word' id='word_1_506' title='bbox 1518 4762 1589 4824; x_wconf 88' lang='lat' dir='ltr'><strong><em>huic</em></strong></span> <span class='ocrx_word' id='word_1_507' title='bbox 1602 4783 1691 4823; x_wconf 91' lang='lat' dir='ltr'><strong><em>mem·</em></strong></span> 
     </span>
     <span class='ocr_line' id='line_1_49' title="bbox 371 4847 1692 4928; baseline 0.002 -20"><span class='ocrx_word' id='word_1_508' title='bbox 371 4853 431 4923; x_wconf 64' lang='grc' dir='ltr'>νοις</span> <span class='ocrx_word' id='word_1_509' title='bbox 446 4847 502 4907; x_wconf 77' lang='lat' dir='ltr'><strong><em>bos</em></strong></span> <span class='ocrx_word' id='word_1_510' title='bbox 515 4854 622 4907; x_wconf 63' lang='lat' dir='ltr'><strong><em>ouum</em></strong></span> <span class='ocrx_word' id='word_1_511' title='bbox 636 4849 673 4908; x_wconf 85' lang='lat' dir='ltr'><strong><em>in</em></strong></span> <span class='ocrx_word' id='word_1_512' title='bbox 688 4848 944 4921; x_wconf 80' lang='lat' dir='ltr'><strong><em>timonesaluute,</em></strong></span> <span class='ocrx_word' id='word_1_513' title='bbox 998 4848 1051 4908; x_wconf 91' lang='lat' dir='ltr'><strong><em>bro</em></strong></span> <span class='ocrx_word' id='word_1_514' title='bbox 1077 4848 1246 4927; x_wconf 78' lang='lat' dir='ltr'><strong><em>particula:</em></strong></span> <span class='ocrx_word' id='word_1_515' title='bbox 1277 4850 1314 4909; x_wconf 88' lang='lat' dir='ltr'><strong><em>in</em></strong></span> <span class='ocrx_word' id='word_1_516' title='bbox 1340 4851 1453 4909; x_wconf 84' lang='lat' dir='ltr'><strong><em>timore</em></strong></span> <span class='ocrx_word' id='word_1_517' title='bbox 1463 4893 1474 4924; x_wconf 97' lang='lat'><strong><em>,</em></strong></span> <span class='ocrx_word' id='word_1_518' title='bbox 1509 4868 1589 4928; x_wconf 81' lang='lat' dir='ltr'><strong><em>quae</em></strong></span> <span class='ocrx_word' id='word_1_519' title='bbox 1615 4848 1692 4910; x_wconf 87' lang='lat' dir='ltr'><strong><em>iorte</em></strong></span> 
     </span>
     <span class='ocr_line' id='line_1_50' title="bbox 371 4933 1693 5016; baseline 0.005 -27"><span class='ocrx_word' id='word_1_520' title='bbox 371 4936 561 5010; x_wconf 69' lang='lat' dir='ltr'><strong><em>inspienter.</em></strong></span> <span class='ocrx_word' id='word_1_521' title='bbox 587 4933 696 5015; x_wconf 77' lang='lat' dir='ltr'><strong><em>Itaque</em></strong></span> <span class='ocrx_word' id='word_1_522' title='bbox 707 4935 794 5011; x_wconf 84' lang='lat' dir='ltr'><strong><em>juxte</em></strong></span> <span class='ocrx_word' id='word_1_523' title='bbox 811 4933 945 4995; x_wconf 78' lang='lat' dir='ltr'><strong><em>Graecos</em></strong></span> <span class='ocrx_word' id='word_1_524' title='bbox 998 4934 1131 4995; x_wconf 88' lang='lat' dir='ltr'><strong><em>secundo</em></strong></span> <span class='ocrx_word' id='word_1_525' title='bbox 1155 4934 1286 4996; x_wconf 87' lang='lat' dir='ltr'><strong><em>membro</em></strong></span> <span class='ocrx_word' id='word_1_526' title='bbox 1309 4936 1341 4995; x_wconf 91' lang='lat' dir='ltr'><strong><em>iu</em></strong></span> <span class='ocrx_word' id='word_1_527' title='bbox 1362 4934 1540 5016; x_wconf 82' lang='lat' dir='ltr'><strong><em>quibusdum</em></strong></span> <span class='ocrx_word' id='word_1_528' title='bbox 1567 4935 1693 4997; x_wconf 85' lang='lat' dir='ltr'><strong><em>Graecis</em></strong></span> 
     </span>
     <span class='ocr_line' id='line_1_51' title="bbox 397 5019 1693 5102; baseline 0.002 -20"><span class='ocrx_word' id='word_1_529' title='bbox 397 5021 546 5082; x_wconf 85' lang='lat' dir='ltr'><strong><em>sententis</em></strong></span> <span class='ocrx_word' id='word_1_530' title='bbox 571 5019 742 5082; x_wconf 90' lang='lat' dir='ltr'><strong><em>bimembris</em></strong></span> <span class='ocrx_word' id='word_1_531' title='bbox 769 5027 830 5094; x_wconf 88' lang='lat' dir='ltr'><strong><em>est,</em></strong></span> <span class='ocrx_word' id='word_1_532' title='bbox 852 5021 945 5099; x_wconf 83' lang='lat' dir='ltr'><strong><em>juxis</em></strong></span> <span class='ocrx_word' id='word_1_533' title='bbox 997 5020 1150 5081; x_wconf 88' lang='lat' dir='ltr'><strong><em>codicibus</em></strong></span> <span class='ocrx_word' id='word_1_534' title='bbox 1165 5021 1279 5095; x_wconf 83' lang='lat' dir='ltr'><strong><em>desrst,</em></strong></span> <span class='ocrx_word' id='word_1_535' title='bbox 1295 5021 1399 5102; x_wconf 85' lang='lat' dir='ltr'><strong><em>quales</em></strong></span> <span class='ocrx_word' id='word_1_536' title='bbox 1414 5022 1530 5084; x_wconf 81' lang='lat' dir='ltr'><strong><em>notauit</em></strong></span> <span class='ocrx_word' id='word_1_537' title='bbox 1544 5022 1693 5084; x_wconf 78' lang='lat' dir='ltr'><strong><em>liebertus</em></strong></span> 
     </span>
    </p>
   </div>
   <div class='ocr_carea' id='block_1_4' title="bbox 0 0 2226 5825">
    <p class='ocr_par' dir='ltr' id='par_1_5' title="bbox 0 0 2226 5825">
     <span class='ocr_line' id='line_1_52' title="bbox 0 0 2226 5825; baseline 0 0"><span class='ocrx_word' id='word_1_538' title='bbox 0 0 2226 5825; x_wconf 95' lang='lat' dir='ltr'><strong><em> </em></strong></span> 
     </span>
    </p>
   </div>
  </div>
 </body>
</html>
