4442 5825
754 602 1276 663 mmmfflmtmntoalttlu.
1313 603 1482 662 imit.
1767 617 1839 687 801

398 784 463 845 sive
477 781 609 842 nondum
626 782 791 855 conversis,
808 800 935 862 quornm
950 782 1095 843 uuumvis
1146 799 1205 843 rsoe
1219 781 1406 858 reliquimus
1421 786 1547 859 omnio,
1575 791 1605 844 et
1624 785 1722 845 secuti
1735 802 1843 845 mmna

397 872 438 930 ait
451 867 584 928 futurum
593 888 658 929 cum
667 866 810 930 sceudelo
821 869 1020 930 infirmorum:
1036 886 1095 929 moe
1147 874 1186 928 te.
1208 867 1381 951 Respondet
1397 869 1587 951 Venerabilis
1602 869 1686 930 Beda
1708 871 1754 931 his
1776 890 1841 932 rer-

397 955 543 1016 debemne
558 958 713 1032 maeipere
727 956 908 1032 istiusmodi
914 1000 925 1030 ,
946 972 1094 1036 pauperes
1138 955 1208 1033 ‚bist
1225 954 1259 1015 B.
1274 952 1418 1028 Joannes,
1439 959 1492 1035 qui
1508 958 1606 1017 omnia
1622 965 1744 1036 propter
1759 957 1840 1018 Chri·

397 1042 602 1114 Christianos,
625 1044 681 1120 qui
692 1059 755 1117 pro
777 1045 907 1103 momine
921 1049 1001 1107 Jern
1014 1059 1094 1120 pre·
1147 1048 1224 1102 emm
1240 1040 1408 1114 dimiserat,
1427 1044 1531 1123 jungit
1550 1063 1583 1104 se
1605 1062 1753 1122 personae
1769 1042 1840 1103 lide

397 1130 584 1205 ficiscuntur
599 1128 737 1209 quopiam
753 1128 829 1203 alio,
855 1131 920 1190 sive
934 1130 1006 1201 hac,
1028 1129 1095 1191 sive
1146 1128 1220 1187 lium
1235 1126 1370 1201 divitum,
1388 1139 1420 1189 nt
1435 1132 1479 1191 ita
1493 1150 1544 1189 eos
1560 1129 1665 1190 reddat
1681 1129 1842 1190 alacriores

399 1214 506 1276 illude
523 1234 616 1277 causa
632 1214 664 1275 id
686 1215 814 1288 iaciant,
842 1214 881 1276 de
904 1235 966 1295 qua
981 1215 1093 1276 dictum
1145 1212 1186 1274 ud
1200 1213 1402 1275 miserendum
1417 1216 1599 1297 pauperibus
1622 1227 1652 1276 st
1667 1217 1841 1295 peregrinis

397 1311 443 1362 est
472 1304 502 1361 in
533 1304 720 1382 expositione
742 1321 848 1362 versus
876 1301 1093 1382 praecedentis.
1146 1297 1208 1362 Sed
1224 1302 1393 1380 quaeritur,
1416 1302 1563 1383 quomodo
1586 1320 1684 1363 sermo
1700 1303 1841 1381 Apostoli

403 1391 443 1450 Ut
469 1395 688 1465 cooperatores
713 1390 809 1448 simm
833 1392 992 1461 ueritatis,
1025 1387 1093 1448 fidel
1145 1389 1304 1447 veritatem
1333 1388 1452 1449 hebeat.
1506 1390 1638 1465 Poterat,
1656 1389 1841 1466 responderi,

398 1476 526 1545 scilicet,
550 1495 638 1554 qnam
654 1475 730 1534 tales
752 1476 869 1537 vadunt
882 1477 1093 1537 annuntiatum
1146 1474 1324 1555 Apostolum
1340 1476 1371 1535 in
1393 1476 1440 1537 hia
1463 1476 1562 1539 verbis
1584 1477 1628 1534 uti
1647 1475 1745 1555 ligura
1765 1495 1840 1535 com-

398 1565 476 1621 inter
501 1573 623 1640 gentes,
647 1561 698 1621 vel
721 1581 812 1640 qnam
835 1560 912 1622 tales
933 1571 1002 1622 sunt
1027 1582 1092 1640 pro·
1146 1562 1312 1633 munionis,
1349 1561 1389 1621 de
1415 1581 1477 1640 qua
1505 1562 1624 1640 aliquid
1653 1561 1765 1622 dicttrm
1796 1570 1841 1621 est

396 1648 473 1708 fessi
498 1651 575 1708 inter
597 1649 721 1727 impios,
747 1649 836 1709 stiam
859 1669 927 1710 cum
948 1649 1093 1711 bonorum
1146 1647 1242 1727 Epist.
1256 1648 1283 1706 i.
1301 1667 1376 1709 vers.
1393 1652 1422 1710 8.
1438 1647 1493 1708 sub
1509 1649 1594 1709 finem
1610 1656 1743 1709 annotat.

398 1736 527 1795 omnium
546 1737 679 1813 jactura,
703 1743 734 1795 at
763 1754 829 1794 cum
856 1734 980 1810 exsili03
1002 1734 1094 1813 juxta
1190 1733 1249 1794 Sed
1265 1736 1366 1811 aptius
1382 1736 1421 1796 ad
1432 1755 1496 1799 rem
1505 1734 1744 1813 respondebitur,
1760 1735 1840 1813 Apo·

399 1820 477 1879 illud
502 1840 604 1880 sersus
631 1820 853 1901 praecedentis:
881 1826 944 1882 Pro
964 1824 1093 1881 nomine
1146 1820 1240 1879 stolos
1263 1840 1301 1880 cx
1324 1821 1426 1895 bonis,
1453 1841 1532 1898 quas
1555 1842 1573 1881 s
1596 1820 1737 1881 iidehbns
1756 1830 1841 1881 crant

401 1912 469 1982 ejus
483 1908 616 1985 profecti
630 1917 722 1985 aaut,
747 1907 807 1966 alio
823 1917 913 1988 atqrre
928 1909 989 1969 alio
1004 1906 1093 1967 modo
1146 1906 1247 1967 oblata
1269 1911 1301 1966 iu
1322 1928 1506 1968 communem
1525 1907 1722 1969 fraternitatis
1744 1927 1840 1979 nsum,

398 1993 593 2055 intellectum.
633 1996 693 2075 Qui
723 2004 819 2054 entem
846 1998 890 2055 sic
919 2003 1094 2074 cooperatur
1145 1996 1223 2054 sicut
1251 1993 1312 2053 alia
1342 1995 1566 2055 misericordias
1595 2014 1701 2072 opera,
1739 1995 1781 2053 ita
1810 2004 1842 2052 et

395 2081 533 2152 veritati,
559 2083 688 2159 accipiet
710 2103 728 2141 a
750 2081 818 2142 Deo
834 2081 1000 2142 mercedem
1018 2092 1092 2141 tam·
1145 2081 1249 2140 viatici
1279 2084 1514 2159 praestationem
1545 2088 1575 2140 st
1603 2079 1839 2162 hospitalitatem

396 2186 489 2246 qnam
505 2175 535 2227 et
550 2168 617 2245 ipse
633 2178 748 2246 portem
769 2167 880 2228 habeus
897 2169 927 2228 in
943 2168 999 2228 hoc
1014 2167 1092 2228 bono
1146 2186 1289 2227 sxsrcsrs
1313 2169 1459 2243 potuisse,
1486 2166 1627 2228 debuisse
1652 2178 1746 2242 atquc
1772 2187 1839 2227 con·

396 2273 507 2332 opere,
532 2252 602 2314 dum
619 2254 695 2315 illud
719 2254 875 2314 facientem
899 2252 985 2314 iuvet
1000 2263 1031 2313 et
1046 2274 1092 2313 su·
1145 2254 1291 2313 suevicae.
1321 2255 1399 2315 Nam
1422 2252 1556 2333 proiectu
1572 2254 1727 2333 Apostoli,
1750 2253 1838 2333 Epis·

396 2347 517 2400 steutst.
551 2344 612 2420 Qui
635 2344 747 2416 recipit
764 2342 958 2417 Prophetcm
980 2344 1016 2400 iss
1031 2359 1091 2400 rso-
1146 2360 1285 2417 copornm
1302 2342 1404 2417 primi,
1421 2343 1484 2401 soie
1497 2339 1761 2401 constitutionibus
1777 2337 1839 2399 cxi·

395 2429 482 2486 mine
504 2429 699 2503 Prophetae,
724 2427 896 2487 mercedem
916 2429 1092 2503 Prophetae
1145 2424 1256 2503 gebaut
1272 2427 1309 2485 ab
1326 2427 1496 2508 Episcopis,
1511 2435 1544 2485 nt
1556 2435 1656 2487 essent
1667 2424 1839 2509 hospitales,

395 2515 547 2588 occipiet;
572 2516 627 2590 qni
642 2516 754 2590 recipit
770 2517 891 2587 justum
911 2518 947 2575 iu
962 2517 1092 2575 nornine
1147 2513 1258 2573 lTim.
1275 2514 1320 2584 3.,
1345 2514 1408 2575 Tit.
1426 2519 1454 2574 1.
1488 2511 1584 2572 Addit
1604 2513 1840 2582 recteLiranns,

392 2602 491 2675 iusti,
516 2601 686 2661 mercedem
706 2604 785 2674 justi
808 2603 955 2678 accipiet,
980 2610 1012 2659 nt
1027 2620 1091 2679 pro·
1145 2598 1228 2678 qnod
1244 2600 1334 2658 etiam
1347 2600 1401 2673 illi,
1415 2602 1467 2675 qni
1479 2598 1591 2660 nullom
1604 2599 1748 2659 bonorum
1762 2617 1838 2658 com-

394 2687 488 2747 mittit
508 2687 655 2747 Dominus
678 2687 784 2747 Metth.
805 2690 852 2747 10.
890 2687 1018 2747 Pulchro
1035 2687 1091 2746 Ve-
1144 2688 1276 2747 monium
1306 2706 1407 2746 curam
1438 2686 1565 2759 habeut,
1602 2705 1672 2746 vere
1701 2684 1841 2744 dicuntur

394 2773 538 2834 notabilis
568 2773 651 2834 Beda
681 2773 738 2834 hoc
767 2774 848 2834 loco:
879 2775 997 2834 Divites
1026 2793 1092 2832 sese
1146 2772 1218 2831 talia
1233 2774 1263 2832 in
1280 2792 1426 2852 pauperos
1441 2773 1548 2844 facere,
1566 2770 1687 2849 quando
1702 2791 1756 2830 sun
1772 2771 1837 2830 hor·

396 2860 557 2922 virtutibus
573 2879 736 2941 pauperum
760 2861 930 2940 spiritualis
947 2859 1026 2921 dona
1041 2859 1090 2918 ha·
1145 2869 1209 2920 tatu
1223 2872 1399 2939 permovent
1415 2860 1525 2921 divites
1541 2859 1579 2920 sd
1595 2857 1774 2921 faciendum.

392 2948 530 3008 isontium
562 2950 711 3019 inserunt,
741 2948 812 3008 dom
844 2948 949 3008 iisdem
980 2949 1092 3008 sanctis
1189 2950 1217 3008 9.
1240 2948 1435 3023 scripsissem
1444 2946 1836 3026 forsitunllcclcrioe,·scei

393 3034 579 3113 puuperibus
595 3033 633 3095 de
648 3037 710 3095 suis
726 3036 838 3095 divitiis
853 3037 1069 3114 impertiuntur.
1144 3039 1170 3094 is
1185 3042 1238 3094 etc.
1261 3035 1390 3095 Videtur
1404 3052 1469 3094 sess
1487 3035 1646 3113 occupatio
1661 3035 1772 3093 tacitas
1788 3031 1838 3092 ob·

440 3120 548 3181 Restat
561 3120 636 3183 illud
650 3124 794 3201 exignum
809 3122 1000 3183 vocabulum:
1017 3122 1091 3193 Noe,
1141 3122 1291 3200 joctiouis.
1330 3122 1481 3181 Potuissst
1508 3124 1586 3182 euim
1615 3119 1707 3199 Cujus
1731 3117 1839 3192 dicere,

395 3209 427 3268 iu
446 3205 540 3267 ironic
555 3207 646 3285 hujus
668 3227 774 3268 versus
796 3210 986 3280 collocatum,
1013 3207 1092 3287 quod
1145 3211 1221 3267 istos
1248 3209 1420 3290 peregrinos
1445 3208 1540 3269 inisse
1566 3208 1668 3289 potins
1691 3226 1836 3267 commen-

393 3294 471 3355 duas
486 3294 572 3357 uobis
584 3294 703 3356 exhibet
715 3298 916 3374 quaestiones.
939 3295 1027 3354 Prior
1039 3302 1092 3366 est,
1145 3293 1261 3354 dandos
1287 3295 1341 3354 toti
1368 3293 1533 3365 Ecclesiae,
1563 3296 1595 3355 in
1620 3314 1682 3371 qna
1711 3291 1840 3370 degens

394 3400 473 3460 qnos
489 3380 636 3459 intelliget
652 3381 817 3461 Apostolus
832 3400 885 3462 per
901 3382 997 3442 istud:
1023 3398 1090 3454 noe,
1144 3383 1211 3458 ipse
1238 3381 1344 3460 cajus,
1371 3384 1436 3442 sire
1463 3402 1499 3442 sa
1528 3379 1617 3442 inerit
1638 3378 1839 3450 Corinthiaco,

394 3490 434 3529 en
458 3465 646 3528 Christianos
668 3469 836 3549 quoslibet,
863 3468 974 3546 quibus
993 3476 1093 3528 essem
1145 3470 1209 3528 sive
1225 3467 1300 3540 alia,
1320 3476 1382 3529 tum
1405 3467 1442 3528 ad
1459 3468 1593 3529 subsidia
1608 3465 1790 3528 cumulatius
1801 3466 1839 3525 iis

393 3552 577 3623 facultates,
599 3574 638 3614 au
661 3556 742 3615 solos
766 3554 954 3615 Christianos
976 3573 1015 3615 ex
1036 3554 1090 3615 Ju·
1145 3554 1334 3626 conferenda,
1351 3565 1412 3614 tum
1428 3576 1467 3616 ne
1482 3555 1639 3635 ipcesolua
1654 3560 1837 3614 nommetur.

394 3641 489 3701 dacis.
526 3639 695 3702 Dicendum
721 3663 794 3703 vero
823 3656 882 3713 est,
909 3639 992 3718 qnod
1017 3640 1092 3702 hacc
1145 3643 1353 3723 Prseoccupet
1374 3641 1449 3701 hanc
1472 3641 1667 3718 objectionem
1690 3640 1725 3700 B.
1741 3638 1837 3700 dosu—

395 3727 543 3806 particula
559 3729 598 3788 sit
615 3727 792 3807 accipienda
813 3731 902 3806 jorta
917 3729 1089 3807 interpreta-
1144 3748 1204 3802 usa,
1216 3728 1327 3801 dicens,
1339 3729 1369 3790 id
1379 3728 1472 3790 inisse
1486 3729 1616 3789 futurum
1629 3728 1838 3800 frustraneum,

395 3815 505 3874 tionem
528 3814 624 3884 illius,
646 3816 725 3891 qrrod
748 3817 928 3892 praecessit:
951 3834 971 3873 c
987 3816 1090 3890 persti-
1144 3835 1181 3876 eo
1197 3814 1278 3893 quod
1293 3816 1459 3895 preelectus
1483 3815 1564 3877 illius
1581 3815 1737 3876 Ecclesiae
1751 3811 1839 3893 parti

393 3902 470 3973 bns,
494 3908 527 3959 ot
542 3900 703 3961 conformis
727 3900 784 3960 sibi
798 3902 837 3960 sit
852 3911 916 3961 tota
931 3902 1089 3979 expositio.
1142 3902 1255 3963 iaceret
1290 3902 1463 3983 Apostolum
1500 3904 1666 3974 Jounusm,
1708 3900 1839 3978 ideoque

391 3989 492 4066 Igitur
508 3989 533 4046 si
551 3988 611 4048 illic
626 3987 664 4048 de
686 3986 825 4068 gentibus
845 3986 944 4049 adbuc
963 3987 1088 4049 infideli·
1143 3989 1225 4051 nullo
1248 3988 1346 4049 fructu
1370 3990 1501 4050 iuturam
1529 4010 1611 4060 eam,
1637 4007 1716 4068 qnae
1731 3984 1837 4047 Eccle-

390 4076 449 4134 bos
465 4082 512 4133 est
527 4094 640 4144 sermo,
660 4083 720 4135 tum
736 4073 831 4135 istud:
854 4077 918 4135 Nos
926 4119 936 4148 ,
960 4075 1088 4154 accipie·
1143 4078 1207 4135 sise
1222 4076 1322 4146 fieret,
1338 4077 1537 4157 scriptionem.
1570 4074 1723 4136 Describit
1737 4084 1838 4134 autem

391 4169 442 4219 tor
465 4161 557 4237 jnxtu
579 4163 706 4241 priorem
733 4161 863 4221 modom.
897 4160 930 4221 Bi
955 4181 1027 4221 vero
1052 4159 1090 4220 dc
1143 4181 1240 4223 nrorss
1255 4164 1341 4221 istius
1357 4162 1517 4244 praelecti,
1533 4162 1623 4241 idque
1634 4163 1700 4222 aine
1715 4168 1837 4240 peccato

392 4246 605 4326 gentibusjam
618 4250 776 4317 conversis,
785 4248 874 4325 juxta
885 4251 1089 4326 posteriorem.
1142 4249 1350 4324 detractionia3
1380 4258 1442 4309 tum
1474 4251 1545 4328 quia
1581 4258 1647 4309 erat
1677 4245 1837 4325 publicum,

392 4332 520 4394 Constat
537 4334 666 4412 quidem,
681 4336 762 4415 quod
774 4333 939 4414 Apostolus
950 4334 1007 4394 sub
1024 4332 1088 4393 ilio:
1143 4335 1241 4414 qualis
1255 4344 1354 4411 easet3
1375 4344 1437 4395 tum
1454 4338 1528 4412 qnia
1542 4334 1611 4413 Oaji
1625 4335 1782 4403 intererat,
1805 4331 1836 4393 id

394 4422 476 4492 Nos,
494 4420 724 4499 comprehendat
739 4421 861 4500 cajum,
885 4423 931 4481 cui
947 4422 1005 4480 ista
1020 4422 1089 4481 scri·
1142 4423 1273 4495 moneri3
1303 4430 1365 4482 tum
1395 4440 1435 4481 ne
1464 4422 1507 4484 illi
1534 4429 1667 4501 peraret,
1696 4426 1750 4480 ant
1769 4438 1837 4480 sese

389 4508 455 4581 bit,
475 4506 603 4566 sednon
621 4507 732 4586 liquet,
749 4528 787 4568 an
803 4509 829 4567 is
841 4506 930 4567 inerit
946 4507 1088 4568 Christia-
1142 4508 1342 4570 conformaret
1363 4504 1453 4584 (inire
1467 4529 1544 4570 vers.
1563 4503 1633 4584 11.)‚
1660 4508 1837 4585 muscarum

389 4613 449 4653 nus
465 4612 501 4653 ex
517 4592 647 4666 Gentili,
664 4615 702 4655 an
718 4613 757 4654 ex
773 4594 903 4656 dudeco.
1142 4597 1215 4673 ciria
1228 4595 1300 4655 fidei
1317 4604 1347 4657 et
1361 4615 1452 4656 verae
1463 4597 1568 4675 pietati
1579 4595 1687 4655 noxius
1698 4603 1765 4654 orat
1780 4593 1837 4653 iste

437 4679 588 4740 Posterior
601 4683 736 4759 quaestio
753 4688 808 4752 est,
828 4680 977 4760 quomodo
994 4681 1087 4742 Joan·
1142 4681 1339 4760 Diotreplsea,
1376 4691 1406 4744 et
1440 4680 1567 4743 fructum
1604 4677 1836 4759 praedicationis

391 4786 447 4827 nes
473 4766 638 4846 Apostolus
668 4787 738 4828 sess
766 4775 900 4828 numeret
926 4768 1004 4828 iuter
1029 4786 1089 4840 eos,
1142 4768 1343 4847 Evangelicae
1364 4768 1551 4848 impediebat
1576 4769 1642 4845 ejus
1665 4766 1835 4827 airmoritaa

390 4854 445 4933 qni
462 4851 592 4913 debeant
608 4873 771 4935 pauperum
794 4854 1025 4916 (linistianorum
1039 4874 1087 4915 ue·
1142 4855 1229 4933 Ques
1245 4875 1353 4918 reuma
1368 4856 1509 4933 leguntur
1523 4855 1606 4933 apud
1621 4851 1751 4925 Bedcrru
1777 4851 1833 4914 Os

389 4940 582 5000 cessitatibus
619 4941 792 5014 subvenire,
828 4957 920 5019 ornum
949 4940 1087 5021 Apostoli
1141 4942 1484 5015 eumenium,Liranum
1500 4942 1630 5003 etalios.

382 5028 450 5107 jam
466 5026 559 5088 multo
576 5035 645 5089 aute
660 5028 809 5090 dixissem
822 5027 969 5092 Domiuot
996 5029 1087 5107 Ecce,
1162 5027 1257 5111 ¹'Pria
1282 5038 1385 5091 entem
1419 5039 1503 5105 sunt,
1536 5048 1616 5111 quae
1641 5026 1675 5088 B.
1699 5026 1835 5090 Josnnes
