4442 5825
711 604 876 666 mutosis
892 608 910 662 1.
927 605 1014 663 essu
1030 598 1126 662 reru.
1152 596 1237 662 vtes.
1256 610 1358 664 e-ro.
1647 602 1721 685 itt
1813 564 1815 569 s

370 807 378 846 ε
394 786 527 851 uector
537 794 669 864 terram,
687 795 717 848 et
724 784 973 866 perambulavi),
1028 796 1108 868 quite
1122 785 1208 847 nobis
1222 793 1269 846 est
1279 796 1346 845 cum
1358 784 1558 866 potestatibus
1568 787 1723 866 nequitiae

371 892 604 956 quoquevermm
627 874 726 937 tendit
740 875 864 957 loqueos
879 883 972 937 tente-
1028 872 1245 954 spiritualibus,
1262 882 1412 932 tumemus
1427 875 1462 933 in
1485 874 1630 935 omnibus
1651 892 1723 934 seu-

371 978 406 1036 tu,
420 961 528 1042 qulbus
542 962 696 1044 pertrahet
707 963 843 1024 homines
859 963 891 1024 in
906 982 972 1042 pec·
1027 969 1094 1022 tum
1110 961 1203 1039 fidei,
1219 978 1282 1038 quo
1290 962 1448 1036 possimus
1463 963 1572 1022 omnia
1587 961 1650 1021 telo
1666 979 1724 1021 ne·

382 1048 456 1110 usn
471 1048 602 1122 dicbolo,
617 1051 797 1129 perunxisse
810 1049 975 1131 quemlibet
1027 1049 1169 1125 quirumi
1195 1051 1289 1122 iunco
1315 1049 1529 1123 centupuerc,
1556 1047 1668 1127 Ephes.
1694 1048 1723 1109 b.

371 1144 496 1212 metum,
511 1143 575 1210 est,
598 1154 666 1197 eum
681 1135 850 1198 devorasse„
888 1137 976 1197 Fecit
1028 1134 1077 1218 De
1091 1153 1153 1215 que
1167 1133 1239 1194 fidei
1253 1134 1492 1214 virtuteplonius
1507 1133 1584 1194 idem
1597 1134 1724 1214 Aposto-

371 1221 485 1296 sheu,
503 1230 569 1283 tum
592 1242 645 1303 per
667 1242 715 1298 ee,
738 1230 801 1284 tutin
823 1223 976 1304 permini-
1029 1222 1078 1282 lus
1101 1220 1222 1282 disserit
1235 1220 1330 1282 Hebr.
1348 1223 1397 1280 11.
1433 1223 1523 1283 Haec
1544 1219 1618 1282 fides
1640 1241 1724 1301 spem

380 1326 446 1371 mos
461 1307 640 1384 doemones,
655 1310 715 1371 imo
731 1318 761 1371 et
775 1329 828 1390 per
844 1310 976 1370 homines
1029 1314 1060 1369 et
1082 1310 1238 1369 ceritatem
1260 1302 1338 1368 eden
1362 1324 1422 1368 non
1445 1307 1593 1381 excludit,
1617 1317 1651 1368 nt
1674 1327 1726 1368 ees

371 1414 387 1455 s
1029 1415 1130 1456 secum
1145 1393 1282 1455 adducet.
1316 1395 1373 1455 Est
1394 1397 1473 1457 enirn
1495 1394 1570 1456 fides
1593 1413 1726 1475 speruus,

381 1501 515 1565 queres,
538 1481 687 1564 quomodo
709 1503 765 1565 per
780 1502 814 1543 se
829 1481 860 1544 id
875 1481 976 1559 faciet,
1029 1482 1167 1561 diligens,
1188 1482 1349 1554 invocans,
1373 1481 1531 1556 obediens,
1549 1482 1727 1561 justificent,

371 1568 457 1651 Apoc.
473 1571 523 1631 20.
538 1568 685 1632 scribetur
699 1570 810 1650 ligatus
822 1576 853 1631 et
868 1573 976 1631 misens
1029 1586 1173 1648 operans,
1201 1576 1230 1628 et
1246 1567 1374 1650 proinde
1398 1570 1521 1646 rivens3
1547 1589 1606 1629 nou
1621 1570 1726 1641 otiose,

371 1674 471 1736 perum
493 1665 525 1718 et
543 1657 680 1730 clausus,
700 1665 738 1718 ut
758 1674 827 1720 mors
849 1658 978 1718 reducat
1030 1676 1089 1717 non
1111 1662 1245 1728 mortus,
1271 1674 1364 1736 quem
1391 1656 1547 1717 informem
1574 1653 1725 1734 theologi

371 1740 567 1822 torpenter,
598 1743 697 1805 donee
720 1752 978 1806 consummentur
1029 1750 1148 1804 vocent

371 1834 473 1893 tumul.
511 1831 681 1911 Responsio
705 1840 766 1904 ost,
791 1830 851 1892 illie
873 1834 977 1893 verbis
1073 1831 1227 1905 Solemus,
1245 1829 1378 1890 condem
1392 1832 1572 1905 passionem
1588 1831 1626 1905 ei,
1644 1846 1725 1906 quac

371 1924 408 1979 tte
421 1918 600 2000 significari,
620 1915 702 1999 quod
717 1916 829 1980 disboli
865 1926 977 1979 otestes
1030 1921 1067 1978 ire
1081 1917 1203 1978 mundo
1220 1924 1263 1978 cst
1270 1962 1281 1991 ,
1298 1923 1419 1978 vestroe
1429 1917 1632 1994 fraternitati
1645 1915 1727 1993 ficri.

371 2002 513 2066 drentutn
529 2003 642 2066 Christi
654 2004 822 2068 cohibenda
871 2004 928 2066 erit
943 2025 977 2066 uc
1031 2001 1177 2067 Eftudem
1191 2008 1390 2080 partionem,
1418 2002 1535 2065 Graece
1557 2002 1726 2083 pluraliter:

371 2091 490 2174 ugends
501 2109 599 2173 usque
612 2089 652 2152 ed
663 2091 753 2152 finem
768 2091 900 2169 saeculi3
917 2112 976 2172 quo
1030 2084 1069 2150 τὰ
1090 2082 1169 2149 αὐτὰ
1184 2093 1245 2150 τῶν
1263 2081 1477 2168 παθημάτων,
1506 2090 1628 2151 eusdem
1648 2107 1728 2167 pur·

371 2179 543 2260 pinquente
557 2196 674 2240 rursum
692 2178 855 2240 solvendus
870 2181 917 2252 sit,
932 2198 976 2240 re·
1029 2180 1152 2254 doner,
1168 2181 1232 2239 sire
1247 2179 1447 2257 afflictiones.
1472 2178 1513 2238 Et
1528 2177 1616 2254 fleri,
1633 2175 1727 2238 Gree-

371 2266 435 2328 loue
463 2266 638 2347 potestetis,
665 2266 784 2347 quondo
810 2286 866 2345 per
891 2266 976 2327 Anti·
1031 2285 1082 2326 ce:
1097 2255 1321 2339 ἐπιτελεῖσθαι,
1338 2264 1368 2325 id
1384 2274 1430 2324 est
1441 2264 1564 2342 perlici,
1581 2281 1729 2326 consum·

371 2370 420 2415 utn
457 2353 585 2434 ejusque
619 2353 771 2413 ministros
809 2353 977 2414 Ecclesium
1031 2355 1132 2427 muri,
1159 2353 1294 2430 impleri.
1332 2352 1417 2412 Dicit
1436 2352 1549 2429 pertici
1574 2354 1641 2413 sive
1666 2353 1729 2410 im·

371 2441 393 2500 ti
420 2438 459 2500 de
485 2441 548 2502 into
583 2445 778 2519 olemquem
802 2441 977 2502 instauratis
1027 2441 1128 2519 plcrt',
1155 2438 1194 2500 ed
1220 2438 1453 2519 significandum
1480 2439 1539 2499 Dei
1565 2437 1728 2512 decretum,

371 2546 394 2588 ts
410 2544 556 2607 oppugno
578 2528 609 2587 it.
646 2525 717 2587 Non
739 2535 841 2588 nmen
864 2529 978 2588 interes
1031 2546 1091 2609 quo
1106 2526 1190 2599 vult,
1211 2526 1324 2587 electos
1339 2546 1409 2586 suos
1426 2546 1486 2586 non
1501 2527 1566 2588 sine
1581 2525 1727 2606 passioni·

371 2615 423 2675 oris
446 2620 550 2675 cesset
570 2612 609 2674 eb
623 2613 794 2676 hominibus
810 2615 978 2691 tentendls3
1031 2613 1087 2675 bus
1102 2612 1284 2693 adglorians
1300 2614 1471 2694 pervenire,
1488 2620 1617 2674 testante
1632 2611 1729 2671 Puulo

371 2711 464 2761 tntum
480 2708 592 2775 tentet,
620 2708 765 2779 qnantum
788 2702 976 2781 permittitur.
1031 2701 1099 2762 Act.
1118 2702 1184 2760 14.:
1214 2703 1372 2780 (leonium
1386 2716 1446 2776 per
1460 2700 1577 2761 multas
1591 2698 1729 2759 tribula·

371 2789 489 2848 mhunc
500 2786 654 2848 adducens
665 2787 837 2869 Cyprianus
848 2788 879 2848 in
891 2800 977 2849 serm.
1031 2791 1132 2850 tiones
1155 2794 1279 2864 oportet
1303 2806 1362 2848 nos
1387 2791 1511 2849 intrare
1536 2791 1572 2849 in
1594 2803 1729 2863 rcpuum

371 2874 398 2937 lo
414 2883 445 2937 ot
459 2873 569 2949 livore,
592 2873 716 2955 pulchre
733 2874 866 2956 explicet
879 2875 976 2938 multi·
1034 2877 1101 2938 Dei.
1125 2873 1238 2936 Sensus
1254 2875 1420 2955 igiturest:
1449 2874 1522 2936 Cum
1536 2895 1597 2936 non
1612 2877 1728 2953 ignore·

386 2959 502 3023 dioboli
514 2981 573 3044 per
583 2961 704 3023 diverso
717 2970 909 3042 peccatorum
925 2982 976 3043 ge·
1031 2964 1086 3037 tie,
1109 2960 1218 3023 tremes
1233 2972 1366 3037 uestros,
1389 2965 1500 3043 possim
1519 2983 1574 3043 per
1588 2960 1730 3023 mnndum

371 3050 559 3110 erutiones.
1032 3049 1201 3129 dispersos,
1231 3050 1326 3110 multe
1352 3051 1461 3111 similia
1486 3052 1565 3130 peti,
1595 3050 1660 3109 Deo
1687 3048 1730 3109 sic

372 3136 437 3200 Oui
452 3138 594 3211 resirtitc,
609 3137 711 3214 {ortes
724 3139 760 3198 ire
775 3137 845 3215 ilde.
868 3138 980 3199 Fortes
1031 3135 1163 3209 volente,
1179 3136 1282 3215 quelle
1297 3156 1351 3197 ros
1367 3137 1514 3217 petimini.
1539 3136 1619 3197 Hinc
1636 3154 1727 3216 eppe·

371 3222 733 3300 r,Greece:rolidi1lde.
757 3224 839 3284 Hinc
851 3214 980 3302 στερεοὶ,
1032 3232 1092 3297 ret,
1119 3222 1315 3301 Apostolum,
1338 3233 1372 3284 ut
1388 3224 1565 3304 supradixi,
1580 3225 1731 3301 respicere

371 3320 436 3384 est,
455 3307 536 3389 quod
551 3309 655 3386 firmi,
672 3310 774 3371 solidi.
811 3311 894 3371 Hinc
909 3325 980 3369 ore·
1033 3310 1219 3392 potissimum
1242 3311 1273 3371 in
1296 3309 1351 3370 hec
1374 3309 1582 3372 exhortatione
1604 3308 1642 3370 ed
1664 3317 1728 3369 teu·

371 3413 404 3471 t,
426 3396 676 3474 firmamentum.
699 3396 796 3458 Docet
810 3397 846 3457 B.
862 3398 979 3470 Petrus,
1032 3399 1181 3472 tationes,
1204 3416 1279 3477 ques
1304 3396 1441 3458 diabolus
1464 3398 1589 3478 ingerit,
1609 3402 1730 3476 apertus

371 3485 389 3546 ti
413 3483 647 3557 tentationibus,
677 3485 742 3545 sire
765 3486 892 3565 sportis,
915 3486 980 3545 sive
1032 3484 1178 3546 adversus
1200 3482 1370 3544 Ecclesiam
1389 3484 1605 3546 commovendo
1627 3500 1729 3564 perse·

371 3573 423 3644 tie,
450 3569 650 3632 resistendum
667 3590 733 3632 esse
747 3570 887 3632 firmitate
902 3570 980 3645 fidei,
1032 3572 1176 3633 cutiones.
1211 3572 1308 3653 Quum
1324 3571 1493 3633 Ecclesium
1508 3581 1597 3633 vocet
1609 3571 1728 3649 froter-

371 3655 503 3719 idelioet
516 3675 576 3718 non
591 3658 688 3718 solum
703 3657 906 3718 indubitanter
918 3677 978 3718 cre·
1031 3662 1175 3733 uitatem,
1184 3656 1367 3738 qniefidelee
1376 3680 1476 3721 omnes
1482 3657 1591 3719 iratres
1598 3667 1666 3719 snnt
1674 3655 1730 3718 sub

370 3764 385 3806 e
403 3744 652 3826 promissionibus
667 3745 742 3818 Dei,
766 3746 979 3805 verumetiam
1032 3744 1280 3822 unoPetreD003
1290 3744 1410 3807 Christo
1420 3737 1650 3807 dicentebietth.
1661 3749 1729 3809 lb:

371 3851 420 3893 um
445 3830 478 3891 in
504 3830 589 3892 nobis
615 3832 780 3893 excitemus
804 3850 856 3893 ees
878 3850 979 3892 couse-
1034 3836 1150 3896 Omnes
1175 3850 1230 3893 vos
1254 3833 1378 3910 fratres
1403 3837 1481 3896 estis.
1516 3832 1633 3913 Adjicit
1657 3852 1730 3895 vero

371 3918 411 3993 ti,
437 3919 593 3999 proposito
615 3918 700 3979 nobis
716 3926 788 3980 ente
803 3918 907 3979 oculos
922 3916 982 3977 Dei
1033 3927 1151 4001 pestem
1166 3918 1244 3979 hunc
1259 3920 1384 3993 Petrus,
1400 3930 1434 3980 ut
1449 3929 1579 3982 tentatos
1595 3921 1728 3983 console·

371 4007 414 4067 lit
428 4011 461 4064 et
481 4006 626 4077 ueritate,
652 4013 684 4065 et
706 4005 909 4066 misericordie
927 4024 981 4085 per
1033 4016 1083 4068 tur
1097 4025 1137 4066 ex
1160 4005 1366 4066 communione
1387 4008 1561 4071 tentationis
1584 4016 1615 4069 et
1637 4016 1729 4073 certe·

371 4101 446 4154 mm.
484 4092 569 4152 Nam
595 4094 702 4166 prolia
726 4099 756 4152 et
782 4095 898 4153 veritos
921 4109 982 4167 per
1034 4091 1123 4154 minis
1138 4113 1204 4153 cum
1220 4091 1361 4154 iratribus
1377 4094 1453 4169 eliis,
1469 4115 1528 4175 quo
1545 4107 1730 4161 communem

371 4199 393 4241 n
411 4178 573 4241 Christum
586 4179 678 4256 {octa
694 4187 754 4254 eet,
769 4179 859 4241 Joen.
877 4181 904 4238 1.
925 4179 980 4238 Et:
1034 4179 1148 4261 puriter
1162 4199 1231 4239 cum
1247 4180 1307 4240 illis
1319 4189 1442 4260 sperent
1455 4203 1472 4241 u
1485 4184 1552 4245 Deo
1564 4184 1730 4247 victorium.

380 4272 431 4327 ert
442 4266 591 4340 victorio,
606 4283 687 4342 quoe
704 4265 980 4341 vincitmuudum,
1080 4267 1129 4327 10.
1151 4268 1239 4328 Deus
1254 4275 1359 4328 cutem
1380 4272 1483 4330 omnis
1497 4273 1631 4347 pretias.
1668 4271 1730 4335 lni-

381 4358 517 4427 recuro,
550 4351 677 4413 1Joen.
703 4355 731 4414 5.
770 4353 803 4413 Si
829 4351 980 4426 mundum,
1034 4355 1106 4414 tium
1124 4352 1180 4414 boc
1196 4363 1242 4414 est
1256 4353 1368 4435 epilogi
1383 4357 1476 4417 totius
1489 4359 1655 4438 Epistolee,
1670 4378 1730 4439 quo

384 4449 420 4502 et
434 4438 541 4500 mundi
556 4440 721 4520 principem
738 4438 898 4501 diabolum.
1033 4439 1174 4502 fidelibus
1188 4441 1306 4501 efflictis
1320 4450 1490 4522 precetur-e
1505 4445 1571 4505 Deo
1584 4447 1732 4507 firmitatis

371 4528 446 4588 sirco
462 4533 562 4588 cutem
585 4525 728 4600 victoris,
753 4545 814 4606 qus
828 4525 981 4587 diabolum
1035 4534 1064 4587 et
1079 4529 1323 4607 perseverentiae
1338 4528 1464 4605 donum,
1480 4531 1612 4611 ideoque
1628 4534 1731 4594 Deum

371 4631 432 4676 not
450 4613 518 4693 ejus
534 4614 715 4673 tentationes
727 4632 912 4692 superemus,
929 4613 980 4673 ed·
1035 4617 1137 4675 omnis
1165 4618 1290 4690 pretias
1319 4632 1410 4677 vocet
1439 4618 1571 4699 epitheto
1601 4619 1640 4681 ed
1669 4639 1731 4681 rem

371 4708 423 4762 lnr
437 4698 526 4772 fidei,
555 4701 628 4780 quie
651 4698 725 4761 fides
747 4698 880 4761 ostendit
902 4698 983 4759 bone
1035 4708 1221 4780 praesentem
1231 4703 1379 4783 opposito,
1399 4725 1459 4784 qno
1468 4706 1628 4785 significet,
1644 4726 1732 4768 omne

371 4785 440 4863 nde,
458 4795 490 4849 et
505 4784 856 4867 educepessendunos
869 4788 983 4847 excitet
1034 4786 1144 4848 bonum
1172 4788 1304 4849 selutere
1331 4785 1425 4869 (quod
1451 4796 1578 4868 proiice
1612 4795 1732 4855 nomine

371 4883 471 4957 itque,
493 4880 525 4934 et
539 4871 620 4933 unde
635 4874 768 4953 petenda
783 4875 844 4934 sint
857 4872 1001 4945 auxilius
1034 4874 1112 4936 solet
1134 4873 1276 4956 intelligi)
1300 4876 1404 4936 uDeo
1428 4879 1533 4940 datore
1557 4888 1587 4941 et
1608 4889 1731 4943 auctore

371 4960 579 5024 sedvsrsurio
588 4960 769 5033 resistemus,
778 4958 876 5020 docet.
898 4959 982 5019 Hinc
1034 4962 1266 5044 exspectandum
1283 4982 1359 5022 esee.

371 5067 393 5111 u
406 5046 566 5131 proecipit,
582 5048 662 5108 utin
676 5066 713 5108 ec
727 5046 809 5108 luctu
825 5055 858 5107 et
872 5065 982 5127 pugno,
1078 5051 1141 5129 Qui
1163 5052 1290 5112 vocavit
1311 5067 1370 5111 rior
1392 5053 1428 5112 in
1454 5059 1619 5117 omentum
1639 5072 1732 5118 suum

1449 5153 1525 5217 37*
