4442 5825
391 583 469 656 ,353
999 573 1231 630 coumarrams

390 754 549 827 somniant,
575 772 666 833 quam
696 773 822 833 spurcas
847 751 1007 829 libidines;
1034 753 1088 813 toti
1140 751 1351 812 Theodorema
1363 750 1416 813 lib.
1431 754 1459 812 1.
1470 751 1566 812 fabul.
1582 751 1691 812 haeret
1712 751 1805 830 lltqri·

390 842 503 902 suntin
520 838 587 900 illis.
610 840 670 900 Pro
693 860 752 921 quo
775 840 900 901 Petrus:
930 840 1086 915 Volupta·
1140 838 1208 899 dem
1224 839 1298 899 haec
1313 848 1417 918 aperta
1440 840 1593 900 sententia
1613 846 1659 898 eat
1672 835 1806 899 cinara

392 935 453 988 mm
478 930 690 989 existimantes
712 926 776 987 diei
798 927 941 1001 delicias,
964 945 1001 985 ac
1023 946 1085 985 rur·
1140 925 1340 987 Alexandrini
1354 926 1477 987 inhunc
1490 927 1601 998 locum,
1620 944 1674 1003 per
1688 930 1806 1000 matera

390 1033 473 1075 sum:
497 1015 611 1075 Oculos
632 1013 780 1074 babentes
799 1016 912 1090 plenos
935 1011 1086 1072 adulterii
1140 1020 1184 1072 tes
1209 1013 1336 1092 angelos
1357 1012 1530 1091 significari.
1558 1011 1714 1071 Vocantur
1733 1021 1809 1071 artu

389 1107 419 1162 et
433 1101 625 1162 incessabilia
641 1100 754 1161 delicti.
779 1101 829 1161 Ex
845 1120 906 1180 qua
926 1098 1086 1160 collatione
1139 1099 1240 1178 angeli
1255 1103 1432 1173 majestates
1443 1117 1497 1159 seu
1512 1099 1639 1174 alariae
1653 1098 1703 1159 val
1716 1108 1809 1179 proptr

390 1195 523 1267 apparet,
546 1187 625 1248 hunc
639 1206 705 1247 esse
721 1206 827 1249 verum
842 1206 972 1259 sensum,
994 1204 1087 1266 quem
1139 1184 1267 1264 gloriam
1290 1205 1440 1267 supernae
1461 1184 1674 1259 beatitudinis,
1695 1204 1750 1266 qua
1767 1182 1809 1245 ha

389 1273 544 1334 attulimus
555 1293 594 1334 ex
606 1270 772 1335 Clemente.
797 1272 987 1354 Quamquam
1000 1279 1086 1350 putat
1140 1281 1246 1348 untur,
1272 1273 1324 1334 val
1347 1275 1419 1354 quia
1444 1280 1517 1333 aunt
1542 1291 1561 1331 a
1586 1273 1658 1333 Deo
1683 1270 1808 1333 consta

390 1361 572 1441 Gaignaeus,
597 1360 776 1442 Apostolum
800 1359 933 1421 alludere
956 1358 995 1419 ad
1019 1357 1084 1417 illu·
1140 1361 1290 1439 priucipea
1305 1379 1464 1441 regnorum
1481 1366 1514 1419 et
1528 1353 1808 1438 Ecclesiuuqu

389 1448 489 1508 aionas
504 1454 536 1507 et
550 1447 733 1526 pollutiones
750 1458 921 1519 noctumaa,
944 1447 1018 1525 quia
1034 1443 1085 1505 ad·
1141 1444 1203 1505 illia
1226 1447 1418 1507 honorificum
1444 1453 1491 1505 eat
1513 1455 1545 1504 et
1567 1446 1738 1525 gloriosum.
1763 1443 1824 1505 llal

391 1534 451 1594 dit:
475 1551 604 1594 caraem
623 1535 797 1596 macularat
820 1534 888 1594 Hoc
911 1542 1011 1592 autem
1026 1551 1087 1592 non
1141 1552 1248 1611 parum
1263 1553 1335 1592 sane
1351 1533 1506 1593 confirmat
1526 1531 1608 1592 hanc
1624 1533 1807 1612 exposition

389 1641 450 1683 uno
474 1619 563 1680 modo
585 1620 738 1681 iaciebant
758 1620 931 1682 seductores
955 1618 1008 1691 illi,
1033 1619 1086 1699 qui
1141 1638 1211 1698 para
1238 1638 1368 1700 aequone
1391 1619 1429 1680 de
1455 1618 1611 1680 Michahle
1639 1616 1806 1697 Archangeli.

391 1709 520 1788 gratiam
546 1707 605 1768 Dei
631 1707 850 1768 transferebant
875 1708 905 1766 in
929 1706 1086 1778 luxurium,
1141 1706 1261 1766 nolente
1275 1706 1434 1767 convitiari
1458 1705 1598 1781 diaholo;
1622 1725 1733 1766 necnon
1752 1698 1807 1782 qni

391 1795 448 1856 aed
463 1795 557 1867 varie,
572 1803 662 1874 prout
677 1795 776 1854 varios
792 1792 1006 1873 excogitabant
1021 1791 1085 1852 libi·
1141 1792 1282 1874 deinceps
1299 1795 1452 1874 aequitur:
1468 1794 1515 1852 Hi
1531 1801 1653 1868 autem,
1668 1808 1804 1870 pamm

391 1881 492 1942 diuum
507 1880 620 1941 modos.
1141 1898 1200 1957 aare
1215 1879 1341 1957 quidem
1354 1884 1517 1957 ignorant,
1543 1879 1804 1956 blasphemarum

435 1969 695 2029 Dominatiorrem
708 1975 815 2028 aretem
829 1974 995 2042 sperarent.
1018 1966 1087 2026 Hoc
1141 1987 1180 2027 ex
1195 1970 1407 2029 commentario
1422 1965 1550 2046 patebit.

392 2075 452 2117 non
467 2053 732 2134 comprehenditur
747 2053 804 2113 sub
820 2052 978 2115 adverbio:
997 2056 1086 2114 rimi·
1184 2057 1212 2115 9.
1236 2055 1316 2115 cam
1341 2053 1478 2115 Michac'l
1506 2053 1735 2130 Archanaeiaa
1756 2066 1804 2135 a!

393 2143 476 2216 liter,
500 2140 552 2202 sed
576 2140 751 2220 adjungitur
765 2149 798 2201 ut
813 2140 984 2216 diversum,
1008 2159 1044 2200 ao
1059 2141 1086 2200 ai
1141 2141 1270 2200 diabolo
1285 2142 1464 2218 disputares,
1480 2141 1693 2200 altercaretur
1705 2139 1757 2198 de.
1779 2169 1780 2174 κ
1805 2161 1809 2172 ·

392 2229 489 2290 dicat:
524 2227 588 2288 Nec
611 2227 686 2288 illud
711 2235 827 2289 tantum
850 2226 979 2299 iaciunt,
1007 2225 1086 2307 quod
1141 2246 1282 2304 corpore.
1298 2228 1459 2289 Enormem
1476 2226 1636 2286 audaciam
1651 2234 1682 2288 at
1695 2222 1809 2306 impetir-

392 2315 583 2391 Sodomitae3
598 2314 650 2375 aed
662 2323 821 2395 praeterea
832 2315 1086 2375 dominationem
1140 2322 1230 2374 tatem
1247 2333 1358 2390 eorum,
1379 2316 1432 2394 qui
1447 2313 1561 2393 glorias
1576 2311 1812 2394 blasphemam?

392 2410 548 2479 spernunt
563 2409 617 2463 etc.
642 2403 788 2483 Exposita
811 2409 857 2461 est
878 2400 951 2462 hoec
971 2420 1040 2480 para
1056 2401 1086 2461 in
1141 2403 1241 2481 arguit
1256 2421 1295 2463 ex
1312 2403 1537 2479 comparatione
1559 2402 1636 2479 ejus,
1658 2397 1733 2480 quod
1751 2394 1804 2457 td-

393 2489 529 2570 Epistola
544 2489 578 2548 B.
594 2490 683 2561 Petri,
700 2490 751 2550 ubi
767 2487 854 2548 dicit:
879 2489 1087 2548 Domimatio·
1140 2487 1269 2549 Michaiil
1284 2487 1500 2567 Archangelua.
1528 2487 1587 2546 Eat
1602 2489 1680 2546 enim
1693 2484 1800 2546 adram

393 2594 529 2653 memque
544 2583 759 2637 contemnant.
777 2573 926 2652 Quamvis
938 2577 1020 2634 enim
1035 2573 1086 2633 alii
1141 2577 1220 2636 tivua
1235 2595 1332 2636 sermo
1349 2577 1380 2635 iu
1392 2574 1524 2635 Graeco:
1540 2567 1557 2631 ὁ
1571 2566 1606 2631 δὲ
1620 2565 1745 2651 Μιχαὴλ,
1756 2567 1801 2630 hl·

393 2664 432 2724 de
457 2665 635 2740 magistratu
663 2662 785 2742 politico
809 2671 976 2739 exponant,
1004 2657 1085 2740 quod
1141 2661 1231 2722 creet
1253 2669 1369 2737 autem,
1394 2661 1460 2721 vel:
1486 2663 1587 2738 Atqui
1611 2659 1740 2721 Michail
1754 2659 1803 2716 sa.

393 2749 488 2809 voluit
517 2748 678 2820 Erasmus,
709 2748 778 2808 dum
805 2749 895 2808 vertit
923 2747 979 2808 hoc
1004 2747 1085 2807 loco:
1142 2749 1329 2825 charactere,
1359 2766 1458 2825 qaam
1487 2747 1644 2808 advertus
1672 2743 1799 2805 aaran

394 2838 561 2908 Domitios,
584 2834 694 2916 plurali
708 2854 848 2908 uumero;
872 2834 923 2894 alii
939 2833 976 2893 de
992 2834 1085 2895 domi·
1140 2842 1264 2897 certans
1291 2837 1358 2896 sive
1382 2836 1543 2895 altercarer
1569 2834 1741 2910 disputaret.
1762 2826 1804 2895 ἢ

394 2925 444 2983 nio
460 2920 573 2983 Christi
588 2921 800 3003 redemptoris:
823 2940 890 2980 eum
906 2930 1005 2982 tamen
1020 2941 1085 2981 sen·
1141 2923 1219 2984 euim
1242 2942 1280 2983 ex
1303 2921 1422 2984 Graeco
1445 2920 1670 3002 transponenda
1690 2920 1799 3004 vidmn

394 3028 460 3070 aum
476 3009 630 3088 utriusque
648 3007 786 3089 Apostoli
801 3026 891 3088 scopo
906 3010 1004 3087 magia
1020 3028 1086 3068 con·
1140 3008 1232 3069 verba
1246 3010 1365 3082 Latina,
1381 3028 1460 3089 quaa
1474 3009 1620 3086 interpres
1634 3004 1761 3077 reddidit

384 3096 496 3156 ,venire
520 3094 661 3166 diximus,
682 3094 844 3156 secundum
869 3113 956 3174 quem
979 3093 1085 3155 intelli·

394 3185 473 3263 gitur
502 3181 682 3243 universalia
708 3182 887 3243 dominatio
915 3182 989 3253 Dei,
1026 3200 1087 3260 qua

394 3267 536 3329 muudum
552 3269 687 3327 instituit
705 3277 733 3328 et
747 3267 902 3346 gubernat.
926 3266 1003 3328 Nam
1020 3286 1085 3348 pro·

394 3356 461 3436 pius
485 3353 646 3434 respondet
672 3354 720 3414 hic
750 3372 856 3414 sensus
880 3352 918 3413 ad
945 3352 1088 3433 dogmata

394 3441 610 3502 haereticorum
622 3441 789 3520 Apostolici
805 3441 962 3520 temporis,
985 3447 1018 3499 ut
1034 3441 1088 3521 qui

396 3527 626 3588 dominationem
657 3526 738 3587 illam
764 3525 823 3586 Dei
855 3545 1024 3605 supremam
1057 3535 1089 3589 et

396 3614 600 3675 universalem
625 3613 838 3673 commenticiis
853 3613 917 3672 suis
933 3612 1042 3673 fabulis
1057 3615 1088 3673 in

396 3708 596 3781 contemptum
619 3698 810 3773 adducerent,
833 3708 871 3774 et,
895 3701 1088 3778 quantumin

396 3789 468 3868 ipsis
484 3795 558 3860 erat,
573 3787 762 3866 abrogarent

438 3876 634 3950 Maiestatem
650 3881 754 3934 autem
771 3872 999 3948 blasphemarat.
1014 3874 1087 3933 Ma·

392 3964 547 4036 jestatem,
571 3960 686 4021 Graece
702 3959 810 4041 plurali
824 3977 965 4019 numero:
981 3949 1086 4033 δόξας,

393 4048 523 4124 gloriar,
546 4050 740 4122 majestates,
763 4047 943 4121 dignitates,
966 4054 1000 4105 ut
1022 4048 1086 4125 qui·

394 4133 463 4193 dam
486 4141 614 4194 vortunt.
637 4134 725 4194 Haec
746 4152 815 4213 para
839 4133 869 4192 in
891 4132 1029 4212 Epistola
1052 4132 1086 4191 B.

394 4220 485 4292 Petri,
497 4220 588 4298 juxta
603 4219 750 4281 Graecam
766 4220 933 4290 veritatem,
955 4219 997 4279 ita
1013 4218 1084 4296 legi-

393 4317 457 4367 tur:
476 4306 602 4368 Gloriae
617 4325 683 4368 noo
699 4313 845 4368 metarunt
860 4305 1086 4381 blasphemare.

1141 3095 1327 3156 ostendimus
1348 3095 1386 3156 sd
1407 3094 1480 3155 illud
1503 3095 1588 3155 Rom.
1607 3098 1671 3155 lt:
1699 3093 1757 3153 Nor
1773 3089 1804 3160 ’,·’

1141 3182 1419 3258 disceptationibus
1432 3184 1671 3258 capitationem

1184 3267 1358 3347 Quaeritur,
1378 3267 1458 3328 unde
1473 3268 1509 3328 B.
1525 3266 1625 3328 «Iudas
1639 3268 1721 3327 istam
1739 3294 1742 3312 ·
1790 3280 1800 3339 t

1141 3356 1217 3416 riam
1236 3355 1393 3416 Michaelis
1415 3374 1482 3414 cum
1506 3353 1629 3415 diaholo
1651 3351 1743 3430 disp

1143 3444 1300 3521 acceperit
1327 3442 1415 3502 Multi
1437 3440 1646 3520 depromptam
1667 3444 1755 3521 patrat

1141 3528 1217 3589 libro
1240 3531 1383 3608 quopiam
1401 3527 1586 3607 apocrypho,
1607 3526 1687 3587 velut
1700 3522 1749 3594 illo,
1793 3530 1799 3551 ·’

1142 3614 1263 3675 titulus:
1279 3616 1459 3690 Assumptio
1474 3615 1567 3690 Mori,
1583 3614 1632 3674 vel
1639 3615 1722 3692 juxta
1751 3639 1753 3653 =
1780 3634 1785 3641 ·

1142 3703 1292 3762 Arcensio
1307 3703 1397 3763 Mori.
1427 3699 1561 3779 Quodsi
1577 3702 1619 3760 ita
1641 3708 1690 3773 eat,
1707 3691 1770 3757 uou‘
1790 3696 1793 3699 ’

1142 3787 1221 3847 circo
1234 3788 1422 3866 periclitatur
1432 3789 1598 3848 auctoritas
1609 3786 1695 3867 hujus
1704 3781 1753 3861 Ep'·
1785 3830 1787 3833 -

1142 3874 1198 3933 lae.
1225 3873 1304 3934 Nam
1326 3876 1406 3935 utin
1427 3873 1646 3935 haereticorum
1666 3871 1738 3933 libris
1794 3874 1796 3877 ⁴

1142 3962 1242 4021 omnia
1262 3959 1435 4033 falsarunt,
1458 3961 1500 4020 ita
1523 3980 1580 4021 nce
1596 3961 1626 4020 in
1641 3980 1713 4020 w
1748 3986 1750 4000 ·
1792 4028 1794 4033 ¹

1140 4047 1305 4127 Apostolus
1316 4057 1424 4120 autem,
1436 4048 1545 4126 spiritu
1556 4047 1686 4127 divinop
1723 4084 1725 4090 ·
1737 4074 1739 4086 ·
1752 4070 1762 4084 ··
1784 4054 1794 4071 ”

1141 4132 1324 4195 hauddubie
1347 4133 1519 4194 discernere
1540 4136 1639 4213 potuit
1659 4135 1728 4193 inter
1745 4169 1747 4175 ·

1141 4218 1210 4281 dem
1233 4220 1300 4281 libri
1321 4239 1395 4280 vera
1417 4228 1446 4279 et
1467 4218 1561 4296 lalaa3
1585 4239 1679 4300 quem
1694 4248 1698 4267 ·
1714 4243 1760 4263 ·

1140 4316 1172 4366 et
1186 4306 1302 4367 Paulus
1322 4305 1474 4381 discrevit,
1497 4308 1551 4387 qui
1574 4307 1670 4367 tribua
1689 4302 1749 4364 lucit

393 4393 478 4474 Quas
493 4392 653 4471 utrobique
676 4394 830 4472 Scriptura
851 4400 936 4453 vocet
955 4393 1085 4469 glorias,
1139 4391 1198 4452 fert
1213 4414 1250 4455 ex
1266 4394 1369 4454 Poetis
1384 4391 1511 4454 ethnicis
1526 4393 1699 4463 testimonia,
1710 4397 1738 4449 at
1754 4418 1765 4431 -·

393 4480 545 4561 explicare
561 4482 661 4540 conati
675 4499 777 4539 aumua
792 4481 823 4539 in
838 4478 917 4539 illius
932 4478 990 4538 loci
1007 4499 1083 4538 com·

1142 4477 1190 4539 ιτ.
1209 4485 1225 4541 1
1243 4480 1309 4540 cor.
1329 4479 1376 4540 15.
1400 4486 1430 4538 a
1449 4478 1487 4540 ss
1504 4479 1569 4540 urs.
1589 4484 1616 4539 r.
1640 4478 1745 4559 aaut

391 4568 554 4644 montario;
571 4575 601 4628 et
616 4566 808 4638 ostendimus,
824 4584 874 4626 eos
890 4564 1085 4645 probabiliter
1138 4564 1265 4628 fortasse
1281 4564 1467 4646 probabilius
1482 4575 1536 4640 eat,
1559 4564 1750 4627 Judamhact
1784 4612 1786 4615 -

390 4656 511 4727 sentire,
534 4656 586 4735 qui
601 4656 721 4731 alarias
736 4654 970 4731 interpretantur
985 4652 1083 4713 cosle·
1138 4650 1239 4714 buisae
1253 4674 1290 4715 ox
1306 4651 1467 4713 traditione
1476 4653 1626 4731 majorum
1636 4672 1692 4713 nou

390 4743 594 4816 atcavirtutea,
606 4742 637 4803 id
647 4750 701 4814 eat,
713 4738 836 4820 angelos
845 4737 903 4799 Dei
916 4738 1083 4813 ministros,
1139 4740 1216 4800 sicut
1231 4749 1260 4799 et
1273 4739 1386 4801 Paulus
1401 4741 1523 4800 uomina
1534 4760 1687 4820 magorum
1775 4797 1777 4806 ,

390 4826 429 4887 da
444 4828 562 4909 quibua,
585 4828 624 4889 ad
648 4848 751 4890 eorum
774 4826 914 4905 injuriam
936 4833 967 4885 et
982 4833 1083 4887 contu·
1137 4827 1192 4900 nis,
1215 4827 1329 4887 illim.
1345 4827 1374 4886 3.
1397 4827 1465 4886 Nisi
1479 4828 1548 4907 quia
1574 4826 1665 4898 dicat,
1685 4843 1725 4895 οι,
1771 4889 1773 4894 ,

390 4913 518 4988 melium,
535 4913 770 4976 multaabaurda
784 4920 814 4974 et
827 4910 954 4992 indigna
969 4920 1084 4973 veteres
1136 4912 1187 4973 hic
1195 4922 1472 4986 commemorantur,
1484 4915 1595 4994 scripto
1608 4912 1714 4973 tradita

390 4998 532 5062 haeretiei
543 5001 758 5076 confinxerunt,
770 5009 804 5062 ut
814 5001 892 5062 inter
902 4995 978 5060 alios
989 4998 1085 5061 refert
1139 5020 1195 5061 neo
1208 4999 1395 5081 apocrypho,
1408 5020 1465 5062 neo
1475 5019 1571 5075 sacro,
1586 4998 1641 5062 aad
1651 4994 1727 5081 qaod
