4442 5825
765 588 927 649 ussonia
951 593 992 647 ru
1009 590 1175 649 meuses.
1213 592 1298 648 raas
1315 593 1341 646 o.
1359 592 1384 646 r.
1758 598 1805 676 tt

365 767 485 830 ablatum
498 766 560 829 init
581 767 707 844 bomini,
729 778 926 851 posteaquam
947 789 1050 850 pecca-
1103 772 1242 833 bominis
1271 769 1433 847 appellat,
1470 767 1579 832 oolam
1607 769 1805 846 aptificare,

365 857 409 930 rit3
435 855 491 916 aed
518 855 623 936 quoad
649 875 738 919 usum
760 865 790 918 et
811 858 990 919 exercitium
1013 875 1052 918 ex
1104 875 1167 936 quo
1181 877 1245 918 rasa
1260 860 1325 936 ipae
1340 858 1442 920 nostri
1456 874 1553 917 causo
1568 855 1737 933 demiserit,
1754 856 1801 917 ait

363 943 468 1023 peceati
483 944 591 1004 mento
607 942 803 1006 vehementer
817 942 1005 1015 diminutum,
1021 943 1052 1004 id
1105 967 1167 1007 non
1192 945 1284 1005 semel
1310 946 1506 1024 Augustinus.
1542 941 1687 1004 Videatur
1713 943 1804 1022 hujus

364 1027 432 1109 quod
443 1030 642 1110 experientia
652 1032 726 1092 satis
738 1029 833 1092 docet.
849 1031 1053 1091 Veruntamen
1104 1031 1165 1092 loci
1180 1032 1421 1106 commentarius,
1443 1031 1495 1110 qui
1512 1038 1559 1092 est
1573 1028 1653 1110 apud
1669 1029 1700 1090 S.
1717 1029 1800 1091 Tho·

362 1114 516 1177 secundum
547 1135 582 1177 se
611 1118 723 1178 mansit
750 1118 863 1179 homini
894 1118 1052 1196 integrum,
1105 1139 1194 1179 mam.
1813 1180 1815 1185 ,

362 1201 473 1283 perinde
489 1211 526 1262 ut
539 1204 691 1282 integrum
710 1205 762 1285 jus
783 1212 917 1266 remanet
932 1203 1051 1265 domino
1149 1205 1219 1267 Jam
1243 1225 1299 1265 nec
1320 1202 1404 1264 aliud
1426 1211 1473 1265 cst
1493 1202 1592 1276 homo,
1615 1201 1699 1264 aliud
1722 1202 1805 1264 filins

362 1291 483 1370 eripiam
499 1291 534 1351 in
549 1309 672 1352 acuum
682 1291 826 1353 rebellem
838 1300 868 1350 ct
878 1289 1051 1352 inobedien·
1107 1291 1245 1365 bominis,
1260 1290 1315 1352 sed
1330 1289 1417 1365 idem,
1435 1291 1526 1371 juxta
1540 1308 1654 1350 morem
1668 1289 1804 1351 Hebraei

362 1386 422 1453 ten3
449 1377 575 1437 etiamsi
597 1378 663 1457 ipse
686 1397 742 1437 suo
764 1386 889 1458 peccato
913 1379 1054 1439 meruerit
1107 1379 1267 1455 sermonis3
1289 1380 1333 1438 nti
1353 1377 1444 1439 facile
1464 1384 1564 1457 potest
1586 1395 1624 1437 ex
1644 1375 1713 1436 aliis
1727 1377 1804 1438 Scri-

362 1483 415 1523 eum
437 1464 539 1525 talem
560 1465 632 1543 pati.
658 1464 738 1525 Nam
760 1467 906 1544 integrum
929 1463 1054 1526 dominii
1107 1468 1206 1545 pturis
1221 1465 1351 1545 probari.
1375 1465 1480 1546 Quare
1493 1461 1574 1544 quod
1589 1460 1723 1524 additur:
1739 1467 1806 1525 Aut

360 1551 397 1626 jn
417 1552 452 1611 in
474 1551 647 1612 animantia
665 1550 799 1613 relictum
819 1551 933 1612 bomini
948 1549 1053 1626 inisse,
1107 1552 1194 1630 tilius
1216 1553 1370 1627 boorinia,
1398 1555 1551 1629 quonium
1574 1552 1686 1612 maroc
1708 1550 1805 1611 sumi

361 1636 445 1717 liquet
467 1657 509 1699 ex
526 1636 604 1699 Gen
622 1641 661 1710 9,
682 1639 745 1710 ubi,
767 1639 856 1699 simul
878 1657 947 1699 cum
964 1638 1052 1699 bene·
1107 1640 1247 1720 repetitio
1263 1648 1319 1714 est,
1342 1638 1443 1719 qualis
1458 1641 1489 1699 in
1505 1636 1632 1699 Psalmis
1654 1636 1804 1718 frequens,

362 1723 484 1785 &tione
506 1723 759 1803 multiplicandae
779 1726 980 1806 posteritatis,
1006 1745 1052 1785 re·
1107 1724 1279 1787 inculcandi
1305 1733 1337 1785 ct
1361 1723 1565 1807 amplificandi
1590 1725 1653 1787 vim
1679 1723 1804 1787 babens.

362 1813 464 1889 patitur
489 1831 529 1871 ac
550 1819 713 1873 renovaturr
739 1812 867 1873 humano
893 1816 998 1892 generi
1021 1813 1053 1872 in
1107 1815 1246 1874 Dicimus
1270 1831 1359 1892 ergo,
1384 1832 1505 1874 versum
1532 1808 1611 1872 bunc
1635 1811 1803 1892 intelligen-

361 1897 416 1959 iloc
430 1906 465 1958 et
479 1898 554 1960 tiliis
576 1899 641 1975 ejus
658 1897 781 1960 dominii
796 1907 927 1980 potestas
943 1901 975 1959 ln
990 1899 1053 1960 ani·
1108 1900 1179 1961 dum
1206 1919 1271 1961 esse
1301 1897 1338 1958 de
1363 1899 1483 1960 bomine
1512 1895 1677 1959 secundum
1706 1917 1805 1978 genus

362 1987 475 2046 nantia.
499 1985 570 2046 Nec
584 1985 700 2059 mirum,
716 1985 788 2067 quia
800 1984 963 2047 dominium
974 1986 1054 2047 istud
1107 2005 1212 2064 suum3
1234 1996 1268 2046 ut
1282 2005 1388 2048 sensus
1404 1988 1458 2047 sit:
1473 1985 1606 2046 Domine
1620 1985 1714 2058 Deus,
1730 1983 1805 2065 quid

363 2070 464 2132 baini
480 2072 630 2152 competit
641 2091 703 2133 non
717 2076 915 2153 pergratiam,
931 2072 985 2132 sed
1000 2093 1055 2155 per
1108 2081 1154 2135 cst
1169 2073 1265 2146 homo,
1289 2081 1439 2134 terrenum
1453 2072 1574 2148 animal,
1596 2072 1677 2153 quod
1693 2080 1724 2132 tu
1740 2079 1804 2133 tan·

362 2167 506 2233 ramum,
540 2166 690 2240 quatenus
723 2159 835 2220 scilicet
868 2168 915 2220 est
942 2160 1054 2221 animal
1108 2169 1165 2234 tus,
1181 2168 1305 2240 tamque
1321 2161 1457 2222 immensi
1473 2161 1572 2240 operis
1587 2158 1702 2233 aniiex,
1719 2159 1804 2224 illius

362 2254 448 2306 nante
463 2265 503 2306 ac
518 2246 617 2307 libero
632 2245 756 2308 arbitrio
772 2246 949 2327 praeditum.
1108 2250 1252 2308 rationem
1264 2256 1293 2307 et
1305 2265 1406 2306 curam
1417 2245 1554 2307 habeas?
1567 2245 1660 2326 Quid,
1672 2248 1804 2325 inquam,

393 2331 464 2393 tien
486 2342 593 2394 umen
611 2352 763 2412 negamus,
786 2335 846 2393 imo
869 2352 990 2412 prorsus
1006 2353 1053 2394 as·
1109 2343 1156 2397 est
1171 2333 1250 2393 filius
1265 2333 1402 2407 hominis,
1417 2332 1514 2406 idest,
1530 2334 1617 2395 bomo
1633 2352 1672 2393 ex
1686 2331 1806 2393 homine

366 2421 495 2493 umus,
523 2418 724 2480 versiculum:
756 2420 874 2481 Omnia
897 2420 1054 2494 subjecisti
1107 2429 1207 2493 natus,
1228 2418 1362 2481 mortalis
1386 2439 1424 2479 cx
1444 2420 1571 2494 mortali,
1593 2421 1684 2480 miser
1698 2438 1737 2481 cx
1751 2419 1804 2479 mi·

369 2506 559 2582 etpedibus
570 2509 647 2581 qtae,
659 2503 810 2566 inchristi
822 2525 949 2586 persona
959 2507 1054 2566 multo
1108 2527 1192 2582 sero;
1214 2505 1294 2593 quod
1310 2526 1379 2567 eum
1393 2505 1609 2568 beneticentiae
1624 2515 1695 2566 tuae
1709 2505 1805 2580 donis,

367 2590 479 2672 plenius,
496 2593 702 2655 universalius
718 2602 807 2674 atque
821 2592 985 2674 perfectius
1000 2594 1054 2653 inr-
1108 2614 1186 2675 quae
1208 2593 1303 2655 multa
1325 2602 1356 2652 et
1375 2613 1487 2672 magna
1508 2594 1538 2655 in
1554 2614 1622 2655 eum
1644 2592 1806 2668 contulisti,

365 2679 496 2758 piendum
512 2699 592 2752 ease,
611 2679 703 2756 juxte
723 2695 843 2740 sensum
864 2679 930 2758 ejus
946 2682 1051 2759 mysti-
1109 2682 1251 2760 dignatus
1268 2699 1301 2740 es
1315 2678 1468 2741 invisere?

364 2785 425 2841 cum,
439 2788 481 2828 ex
493 2766 639 2847 Apostoli
650 2767 799 2827 sententia
813 2767 903 2846 paulo
919 2774 986 2847 post
1002 2788 1052 2829 cx·
1153 2770 1181 2827 7.
1204 2768 1352 2830 Minuisti
1367 2786 1437 2828 cum
1450 2766 1552 2844 poulo
1567 2771 1674 2828 minus
1688 2766 1730 2827 ob
1745 2784 1802 2828 urs·

364 2853 535 2934 piundum
1107 2854 1192 2931 petia
1225 2853 1261 2915 In
1288 2853 1430 2916 Hebraeo
1456 2874 1572 2916 rursum
1601 2873 1655 2935 pro
1681 2855 1803 2930 capelia

393 2941 460 3015 list,
476 2942 536 3023 qui
547 2941 630 3002 huuc
643 2959 777 3002 versum:
793 2939 877 3019 Quid
892 2949 935 3001 sat
949 2941 1052 3016 bomo,
1109 2952 1169 3001 est:
1192 2943 1328 3003 Elobim.
1357 2940 1425 3022 Quo
1448 2943 1566 3003 nomine
1582 2941 1664 3003 Deus
1684 2941 1805 3022 autDii

363 3028 436 3105 qaod
450 3046 582 3089 mames·
597 3047 628 3088 es
642 3031 710 3104 aius
724 3037 789 3099 etc,
803 3026 1053 3102 nonchhristo,
1107 3030 1227 3110 proprie
1247 3028 1461 3107 significantur.
1492 3028 1581 3091 Unde
1601 3029 1805 3108 Hieronymus

312 3185 314 3190 ,
364 3134 392 3175 rs
415 3114 476 3175 boc
496 3112 626 3194 quidem
649 3114 716 3175 loco
744 3114 955 3195 exponendum
977 3133 1053 3188 esse,
1108 3117 1140 3175 in
1153 3115 1271 3176 Psalmo
1283 3115 1386 3175 vertit:
1402 3116 1610 3178 Minueseum
1624 3114 1727 3193 poulo
1741 3119 1804 3176 mi·

365 3209 483 3275 emeat,
494 3198 702 3276 sioutGlcssa,
718 3209 779 3262 tam
792 3200 951 3274 ordinaria,
963 3218 1054 3280 quam
1107 3220 1169 3264 raus
1184 3220 1205 3261 o
1220 3204 1298 3263 Deo.
1319 3201 1476 3283 Idemque,
1500 3204 1527 3263 ai
1550 3212 1650 3264 umen
1672 3204 1736 3283 ipse
1751 3221 1803 3262 au-

364 3288 556 3350 interlinealis
568 3290 721 3366 exposuit
737 3288 807 3349 Non
822 3288 903 3348 enim
914 3307 951 3348 ea
961 3289 1055 3350 verba
1108 3299 1171 3350 otor
1186 3298 1241 3361 est,
1258 3290 1289 3349 in
1305 3287 1443 3366 ejusdcm
1458 3289 1572 3351 Psalmi
1587 3290 1801 3351 commentario

312 3433 314 3444 ,
363 3383 526 3455 competere
542 3375 574 3436 in
589 3373 682 3448 illum,
706 3377 760 3456 qui
775 3375 995 3457 primogenitus
1010 3383 1056 3435 est
1107 3375 1256 3447 admonet,
1272 3377 1305 3435 in
1316 3375 1456 3436 Hebraeo
1469 3378 1585 3452 Deum,
1600 3396 1660 3437 non
1675 3376 1805 3451 caesios

364 3466 449 3522 omnia
465 3469 637 3533 erasmae,
660 3481 813 3542 quemque
829 3462 921 3522 Pater
935 3483 995 3522 non
1009 3461 1053 3522 di·
1108 3462 1176 3542 legi
1200 3461 1260 3522 Sed
1276 3482 1343 3522 cnm
1358 3461 1527 3542 frequenter
1547 3463 1602 3523 boc
1613 3482 1721 3524 nomen
1735 3462 1805 3522 aliis

364 3547 450 3627 ligera
464 3557 498 3609 et
520 3546 724 3629 magnifacere
745 3570 806 3611 non
825 3557 932 3627 potest
956 3550 1053 3629 Argu·
1109 3548 1327 3610 excellentibus
1349 3551 1484 3629 personis
1508 3552 1538 3610 in
1555 3550 1712 3630 Scriptura
1726 3569 1803 3610 com·

364 3645 454 3696 nanto
470 3654 550 3708 ease,
570 3634 653 3716 quod
676 3634 763 3697 bomo
784 3645 815 3697 ot
834 3636 911 3695 lilius
926 3636 1055 3697 hominis
1108 3638 1288 3710 municetur,
1314 3656 1374 3697 non
1397 3637 1475 3698 male
1498 3637 1597 3698 LXX.
1621 3640 1804 3718 interpretes,

363 3722 529 3783 suibnntur
549 3724 614 3784 sinc
634 3723 784 3798 articulis,
807 3743 866 3783 non
888 3723 939 3784 bic
957 3722 1055 3796 modo,
1109 3741 1185 3805 quos
1209 3723 1372 3803 Apostolus
1395 3726 1427 3786 in
1448 3725 1506 3785 hac
1521 3725 1662 3804 Epistola
1684 3724 1805 3786 assidue

365 3827 460 3868 rernm
481 3809 576 3869 etiam
597 3811 630 3870 in
643 3810 783 3886 Psalmo3
808 3829 865 3870 noc
887 3818 1005 3871 tantum
1024 3812 1055 3871 in
1108 3811 1254 3891 sequitur,
1267 3818 1432 3872 verterunt:
1445 3812 1627 3889 abnepotis.
1644 3812 1735 3891 Quin,
1750 3813 1805 3873 etsi

365 3892 484 3969 Gnaeo,
508 3894 564 3956 scd
588 3897 680 3957 etiam
693 3898 725 3956 in
740 3896 888 3957 Hebraeo.
901 3895 1053 3962 ,Christus
1109 3897 1283 3958 vertissent:
1306 3916 1327 3957 o
1347 3899 1435 3972 Diis,
1462 3918 1522 3958 non
1544 3898 1619 3959 alios
1642 3906 1744 3959 tamen
1768 3919 1804 3960 cc

312 3985 314 4038 i
366 3992 457 4042 antem
470 4001 622 4064 nosquam
642 3982 844 4063 inscriptura
865 3983 1053 4045 filiushomi·
1108 3985 1245 4056 nomine,
1283 4003 1373 4063 qnam
1406 3985 1531 4064 angelos
1560 3985 1803 4065 intelligeremus,

312 4067 314 4132 ἰ
366 4069 401 4129 ais
428 4068 605 4148 appellatus
635 4070 745 4150 legitur
774 4071 891 4151 absque
920 4072 1054 4144 articulo,
1108 4069 1359 4151 quemadmodum
1386 4078 1417 4129 et
1441 4071 1480 4132 dc
1505 4070 1556 4132 illo
1583 4093 1672 4134 versu
1693 4073 1804 4133 Psalm.

368 4172 453 4235 ecqua
478 4154 608 4237 duplici,
637 4154 669 4216 id
695 4164 756 4230 est,
785 4159 905 4238 utrique
930 4157 1054 4218 dictioni
1109 4161 1176 4219 soa
1199 4159 1243 4218 Ει
1257 4157 1393 4219 odorent
1408 4177 1479 4218 sum
1496 4177 1603 4222 omnes
1620 4162 1687 4234 Dii,
1704 4161 1802 4240 capite

368 4242 510 4317 praelim:
534 4236 551 4302 ὁ
569 4234 705 4310 siderei
722 4234 898 4320 ἀνθρώπου.
922 4243 985 4306 Sed
1001 4245 1054 4323 qui
1108 4246 1259 4324 superiore
1282 4244 1444 4308 docuimus.
1474 4245 1516 4305 Δι
1537 4267 1637 4326 neque
1659 4246 1803 4308 damnan-

368 4326 400 4386 ita
412 4327 494 4401 dicit,
511 4349 620 4409 pamm
635 4329 811 4403 considerat,
828 4329 908 4410 qnod
925 4351 1052 4412 sequen·
1107 4331 1188 4404 dum,
1203 4331 1282 4412 qnod
1298 4332 1502 4412 Hieronymus
1519 4334 1730 4412 interpretatus
1745 4341 1804 4394 est:

368 4412 399 4472 tia
412 4413 481 4475 huic
501 4419 604 4478 versui
623 4435 684 4478 non
704 4416 914 4490 cohaerebunt,
937 4419 962 4480 si
978 4418 1054 4479 haec
1107 4438 1128 4478 o
1143 4421 1222 4480 Deo.
1245 4418 1324 4478 Nam
1339 4421 1404 4480 sive
1420 4419 1519 4500 legas:
1543 4423 1658 4496 uDso,
1683 4422 1764 4481 sive:
1781 4437 1803 4479 o

312 4519 316 4588 g
370 4501 459 4577 opimo
480 4504 651 4583 recipiatur.
674 4502 766 4564 Unde
780 4506 870 4565 etiam
885 4505 933 4565 hic
949 4523 1054 4565 versus
1108 4507 1189 4581 Diis,
1206 4504 1299 4566 idest
1319 4507 1461 4587 enodis,-
1484 4507 1656 4569 commodus
1671 4509 1728 4567 erit
1742 4525 1802 4567 ser·

312 4591 316 4650 l
370 4584 400 4644 ad
418 4598 553 4651 mentem
568 4588 711 4669 Apostoli
732 4592 790 4651 crit
809 4590 847 4652 de
863 4589 981 4652 Obristo
1004 4612 1050 4652 ac·
1107 4612 1171 4666 mc,
1197 4613 1256 4674 quo
1280 4593 1443 4655 secundum
1468 4596 1584 4656 literam
1612 4593 1803 4673 significetur,

312 4673 315 4752 ξ
371 4673 522 4753 aipiendns,
543 4678 610 4737 aive
626 4686 775 4757 quatenns
790 4677 951 4738 humanam
966 4684 1051 4740 natu·
1106 4678 1218 4740 homini
1241 4680 1381 4741 collatam
1404 4702 1471 4743 esse
1494 4702 1513 4741 a
1535 4682 1601 4741 Dec
1625 4680 1803 4760 dignitatem

371 4775 421 4820 ram
440 4771 580 4842 gestans,
604 4782 683 4843 quaa
704 4783 767 4824 non
785 4772 915 4826 meretur
935 4773 1052 4825 tanum
1106 4786 1201 4847 prope
1221 4764 1354 4829 divinam
1380 4778 1433 4829 aut
1459 4769 1635 4848 angelicam.
1666 4767 1804 4828 Tametsi

371 4846 561 4912 visitationem
575 4858 607 4911 ct
621 4850 844 4924 exaltationem,
868 4851 933 4912 sive
948 4862 1051 4931 quate·
1106 4853 1256 4934 quaedam
1272 4854 1437 4934 hyperbole
1449 4865 1502 4924 cst,
1518 4855 1543 4913 ai
1554 4873 1575 4913 o
1588 4856 1655 4916 Deo
1666 4854 1802 4935 legatur3

312 4941 316 5000 i
373 4933 1052 5019 uaioedatnsignominiacttormcntia.1pss
1105 4942 1178 5002 ntsi
1200 4939 1279 5001 dicat
1298 4942 1477 5004 Psalmista:
1502 4932 1676 5017 μικρόθεον,
1701 4941 1731 5002 id
1756 4950 1803 5003 est

312 5045 315 5054 ·
374 5017 513 5088 ῡοπιιιιιιι
523 5028 562 5089 isa
571 5025 753 5103 Eoonpalio
767 5028 887 5103 possim
901 5043 933 5087 sa
948 5026 1050 5103 fliium
1101 5046 1242 5108 paruum
1252 5029 1413 5107 quandam
1421 5025 1801 5092 Deumbominemiecisti.
