4442 5825
445 612 519 686 500

489 789 538 848 14.
561 785 658 865 Quasi
674 782 734 861 titt
757 781 961 844 obedientiae.
997 782 1140 846 Hebrais·

443 891 528 946 mus,
551 873 581 931 id
598 879 645 931 est
658 872 718 949 filii
741 870 933 944 obedientes,
957 880 991 929 ut
1005 871 1059 930 alii
1074 891 1139 932 ver·

445 967 521 1020 tunt.
544 960 586 1019 Et
599 958 657 1019 boc
670 958 857 1018 reterendum
873 956 912 1016 ad
929 956 1052 1017 verbum
1069 976 1140 1033 spe·

442 1053 520 1106 rate.
557 1044 637 1105 Nem
666 1064 738 1125 apes
767 1042 964 1103 haereditatis
999 1052 1142 1121 paternae

442 1133 587 1211 competit
601 1132 689 1207 filiis;
716 1131 793 1192 filios
808 1139 908 1190 autem
923 1129 1055 1191 ostendit
1069 1131 1139 1191 obe·

442 1219 567 1292 dientia,
580 1238 638 1297 qua
651 1227 681 1278 et
692 1216 909 1278 haereditatem
922 1226 1140 1296 promerentur.

441 1306 541 1386 Igitur
571 1306 784 1367 obedientiam
818 1302 960 1383 intelligit
987 1303 1071 1376 Deo,
1107 1312 1142 1363 ut

441 1392 543 1465 Patri,
570 1391 702 1453 debitam
724 1393 756 1452 in
778 1391 930 1461 omuibus,
955 1410 1033 1469 quae
1055 1410 1137 1470 prae·

442 1479 524 1539 ciit.

471 1500 559 1626 ¹)Non
582 1566 774 1641 confiaurati
795 1563 959 1640 prioribus
980 1567 1141 1639 ianoron·

441 1655 505 1712 tiae
523 1659 643 1712 uestrae
663 1651 835 1711 desideriis.
859 1650 1058 1727 Confiyarati
1073 1671 1140 1730 par·

442 1740 579 1818 ticipium
592 1749 638 1798 est
658 1739 825 1818 praesentis
838 1739 987 1817 temporis,
1003 1739 1034 1798 in
1050 1736 1140 1798 Grae·

444 1845 494 1886 co:
507 1816 809 1901 συσχηματιζόμενοι.
833 1823 967 1884 Necest:
983 1827 1141 1898 ionoran·

444 1915 506 1972 tiae
524 1919 660 1986 uestrae,
677 1910 745 1971 sed:
765 1902 796 1968 ἐν
812 1908 855 1988 τῇ
871 1900 980 1999 ἀγνοίᾳ
996 1904 1089 1987 ὑμῶν,
1106 1913 1142 1970 in

442 2001 630 2075 ionorontia
645 2005 756 2058 vestra.
781 1997 885 2076 Quare
897 1998 1044 2057 sententia
1056 1998 1142 2058 reddi

443 2097 541 2166 potest
553 2085 610 2144 boc
621 2094 726 2163 pacto:
743 2086 814 2144 Non
825 2086 1062 2162 conformantes
1076 2103 1142 2157 eos,

444 2171 476 2232 id
491 2180 538 2231 est
552 2192 614 2232 nou
626 2171 888 2231 accommodantes
903 2191 968 2244 vos,
981 2192 1040 2231 non
1057 2172 1141 2231 obse·

443 2266 587 2338 quantes,
602 2261 749 2333 pristinis
763 2258 1009 2334 cupiditatibus,
1031 2258 1143 2334 quibus

444 2347 540 2405 erotis
554 2345 702 2419 sabjecti,
723 2345 798 2404 dnm
815 2345 920 2404 adbuc
937 2347 1144 2406 versaremini

445 2436 480 2494 in
504 2430 642 2492 tenebris
663 2431 862 2507 infidelitatis
885 2439 915 2491 et
937 2435 1143 2507 ionorontiac

443 2527 564 2580 vestroe
572 2541 584 2594 ,·
608 2520 782 2598 priusquam
809 2517 896 2576 vobis
912 2519 1075 2578 affulsisset
1090 2519 1143 2579 lux

442 2606 610 2685 Evangelii.
649 2605 728 2665 Nam
743 2603 903 2664 infidelitas
928 2616 957 2665 et
972 2608 1143 2683 ignorantia

442 2692 510 2753 ioue
527 2699 573 2754 est
598 2692 730 2751 omnium
756 2700 954 2768 peccatorum.
992 2692 1143 2751 Admonet

441 2781 532 2859 igitur
548 2797 618 2849 eos,
633 2796 672 2837 na
687 2785 826 2857 repetant
840 2780 916 2837 vitia
931 2781 1011 2838 vitae
1025 2779 1143 2858 prioris,

445 2884 546 2946 neque
564 2864 786 2933 conformentur
798 2866 895 2925 veteri
912 2864 1037 2940 bomini,
1054 2884 1144 2944 quem

444 2952 537 3013 semel
562 2966 718 3012 exueruut.
757 2950 842 3011 Dicit
863 2963 979 3012 sutem:
1011 2960 1143 3026 vestrae,

444 3041 517 3121 quia
534 3039 705 3116 ignorantia
720 3040 840 3119 proprie
863 3047 965 3105 nostra
980 3049 1040 3111 est,
1067 3040 1144 3099 etin

443 3145 481 3187 aa
496 3145 602 3185 omues
618 3125 683 3184 nati
698 3144 808 3184 sumus.

488 3212 539 3288 15,
564 3211 626 3273 Sed
640 3212 813 3271 secandum
830 3230 917 3287 enm,
948 3214 1003 3286 qui
1018 3213 1145 3272 vocavit

443 3317 498 3359 eos
506 3342 516 3373 ,
543 3300 695 3360 Sanctam
703 3342 713 3372 ,
736 3304 765 3356 et
780 3300 842 3375 ipsi
855 3300 891 3357 in
908 3301 995 3358 omni
1010 3316 1143 3359 conver-

442 3388 567 3447 satione
582 3388 685 3444 sancti
703 3388 778 3444 sitis.
816 3382 934 3442 Clarius
958 3404 994 3444 ex
1011 3384 1143 3445 Graeco:

443 3473 504 3536 sea
522 3471 788 3549 quemadmodum
805 3471 873 3544 ille,
901 3474 957 3545 qut
977 3488 1031 3531 vos
1045 3489 1143 3530 voces·

444 3561 508 3633 vit,
535 3568 663 3617 sanctas
688 3564 747 3631 est,
779 3561 825 3615 ita
850 3564 879 3615 et
900 3559 962 3633 ipsi
983 3561 1085 3618 sancti
1107 3560 1143 3617 in

446 3643 990 3721 omniconuersationeer'ticiamini.
1011 3642 1142 3704 Graece:

445 3723 612 3809 γενήθητε,
629 3731 785 3791 Erasmus:
801 3729 992 3790 reddamini.
1030 3729 1139 3788 Hortu-

443 3827 492 3878 tur
518 3818 558 3877 ad
581 3818 775 3878 imitationem
802 3817 882 3896 ejus,
912 3836 931 3875 a
957 3835 1015 3896 quo
1042 3817 1142 3875 vocati

444 3913 540 3965 arant.
577 3901 736 3983 Quomodo
754 3904 852 3975 Deus,
880 3904 991 3982 inquit,
1019 3904 1141 3979 quivos

443 3991 566 4050 vocavit
582 4003 611 4049 et
627 3990 755 4050 adduxit
771 3988 808 4048 ad
826 3990 950 4069 gratiam
967 4008 1052 4049 suam
1069 3984 1140 4064 (cffi-

443 4094 502 4137 cax
518 4076 598 4136 euim
621 4076 740 4137 vocatio
765 4071 956 4155 intelligitur)
978 4084 1058 4134 totus
1073 4094 1140 4134 sau·

443 4170 509 4222 ctus
525 4171 579 4233 est,
595 4173 624 4221 et
636 4163 674 4223 ab
686 4162 766 4221 omni
778 4163 1017 4242 coinquinatione
1028 4181 1140 4241 purus:

443 4250 485 4308 sic
502 4256 533 4307 et
546 4267 601 4307 vos
625 4250 657 4309 in
680 4249 761 4309 omui
788 4262 892 4308 vestra
914 4250 1141 4308 conversatione

443 4335 651 4406 sanctitatem,
668 4334 698 4395 id
714 4341 761 4394 est
774 4335 960 4403 munditiam,
974 4336 1139 4407 nectamini,

442 4429 473 4481 et
488 4440 611 4501 operam
627 4421 707 4493 date,
723 4429 757 4479 ut
774 4440 892 4501 semper
907 4422 937 4481 in
954 4439 990 4481 ea
1005 4422 1138 4501 proficia-

440 4508 490 4570 tte.
529 4508 611 4568 Hinc
625 4518 767 4587 apparet,
797 4508 971 4587 Apostolum
987 4507 1081 4567 luisse
1097 4507 1138 4564 lo·

441 4606 545 4656 cutum
566 4594 603 4653 de
627 4593 839 4673 cupiditatibus
863 4601 1052 4671 peccatorum
1073 4613 1136 4652 car·

441 4681 571 4758 nalium3
587 4681 635 4740 his
651 4682 729 4741 enirn
743 4682 861 4758 proprie
876 4683 1029 4740 sanctitas
1045 4699 1136 4760 oppo-

440 4771 530 4828 nitur.
555 4766 644 4828 Uude
660 4777 691 4826 et
706 4766 818 4827 Paulus
837 4772 851 4826 1
868 4767 975 4826 Thess.
992 4770 1037 4827 4.:
1065 4768 1138 4827 Non

441 4856 567 4915 vocavit
582 4872 640 4914 ncs
653 4855 739 4914 Deus
754 4856 789 4913 in
805 4853 1060 4923 immemditiam,
1083 4854 1138 4912 sed

440 4941 477 5001 in
492 4940 784 5018 sanctificationem.
820 4938 1014 5018 Quamquam
1030 4948 1063 4998 et
1076 4938 1138 4999 alia

440 5028 658 5108 cujuscumque
679 5027 796 5107 generis
817 5036 942 5105 peecata
966 5044 1020 5087 suo
1046 5026 1136 5086 modo

987 605 1221 662 cumutamus
1239 604 1271 661 lli
1287 607 1353 664 ῦΑΡ.
1370 607 1391 665 1.

1193 786 1389 864 coinquinant
1402 783 1554 844 hominem
1577 789 1609 844 et
1624 780 1812 844 immundum
1825 781 1879 844 ratl-

1193 873 1283 945 dunt,
1303 883 1338 932 ut
1353 871 1464 931 diserte
1478 878 1607 930 testatur
1623 869 1776 931 Dominus
1789 870 1881 931 aaut

1195 963 1243 1021 lb.
1281 960 1358 1019 Nam
1374 959 1418 1019 uti
1433 977 1481 1018 res
1496 975 1703 1037 unaquaeque
1726 955 1849 1017 sordida
1859 958 1883 1016 it

1194 1054 1225 1104 et
1240 1047 1355 1125 impura
1377 1044 1555 1105 naturaliter
1577 1062 1615 1103 ex
1638 1041 1832 1104 admixtione
1850 1045 1884 1104 rei

1194 1131 1366 1205 deterioris,
1381 1131 1465 1190 velut
1476 1139 1651 1210 argeutum,
1667 1132 1695 1189 si
1712 1132 1743 1191 ai
1757 1141 1884 1191 munna

1194 1228 1247 1279 sut
1261 1217 1415 1299 plumbum
1430 1218 1650 1279 admisceatur:
1682 1218 1729 1279 ita
1742 1218 1885 1279 moraliter

1193 1307 1293 1365 anima
1322 1306 1471 1366 sordescit
1500 1311 1531 1365 et
1559 1303 1717 1364 immunda
1754 1303 1884 1377 redditu,

1194 1395 1313 1471 quoties
1339 1393 1456 1472 peccati
1482 1391 1725 1452 commixtionem
1754 1410 1811 1472 per
1831 1411 1884 1452 corr

1194 1498 1312 1540 sensum
1328 1476 1468 1538 admittit.

1239 1569 1288 1626 16.
1312 1567 1471 1643 Quoniam
1493 1567 1645 1640 scriptam
1670 1571 1726 1624 est.
1766 1562 1884 1625 Gnaeo:

1195 1643 1288 1726 διότι,
1302 1659 1476 1728 propterea
1491 1651 1575 1727 qnod
1586 1652 1745 1728 scriptam
1759 1659 1822 1712 est:

1236 1740 1347 1799 Sancti
1373 1741 1477 1812 critis,
1504 1741 1659 1813 quoniam
1683 1757 1742 1814 cao
1772 1745 1884 1801 sanda

1193 1843 1270 1884 snm.
1320 1827 1421 1886 Eritis
1449 1826 1641 1905 praeceptive
1672 1826 1882 1903 accipiendum.

1195 1911 1274 1971 Nam
1305 1909 1424 1972 Graece
1450 1920 1497 1972 est
1523 1904 1666 1987 γίνεσθε,
1700 1919 1817 1988 estate,
1845 1908 1911 1972 rel'

1195 1998 1376 2075 efficimini,
1407 2000 1485 2058 sicut
1515 2000 1546 2056 in
1575 2007 1663 2078 parte
1692 2000 1884 2080 praecedenti.

1195 2085 1343 2164 Scriptum
1359 2094 1405 2146 est
1427 2085 1484 2144 hoc
1498 2085 1594 2144 Lavit.
1614 2088 1680 2159 11.,
1708 2094 1740 2146 ct
1756 2089 1885 2166 reperitur

1195 2191 1260 2250 cap.
1279 2176 1327 2233 19.
1345 2173 1395 2232 20.
1412 2179 1444 2230 et
1459 2174 1508 2231 21.
1542 2170 1663 2250 Quibus
1681 2172 1810 2251 quidam
1825 2175 1885 2235 locis

1194 2259 1305 2336 partim
1332 2278 1429 2319 sermo
1452 2268 1497 2318 est
1520 2258 1557 2318 de
1585 2261 1769 2333 sanctitate,
1798 2259 1828 2320 id
1850 2270 1885 2319 aa

1195 2346 1344 2405 munditia
1358 2345 1464 2424 legali,
1492 2347 1524 2405 in
1546 2346 1636 2418 cibis,
1664 2357 1699 2403 ut
1715 2366 1786 2427 cap.
1805 2352 1884 2407 litt

1196 2431 1261 2505 20„
1291 2434 1401 2511 partim
1431 2432 1468 2492 de
1497 2431 1646 2492 munditia
1678 2432 1884 2505 caeremoniali,

1197 2537 1276 2596 quae
1293 2519 1324 2578 in
1340 2518 1496 2579 sacerdote
1512 2521 1693 2596 requiritur,
1710 2529 1746 2579 nt
1757 2541 1824 2601 cap.
1836 2523 1883 2589 21..

1195 2606 1304 2683 partim
1328 2624 1400 2664 vero
1422 2604 1630 2666 demandetis
1653 2625 1674 2665 a
1689 2611 1839 2687 peccatis,
1858 2615 1884 2666 ut

1196 2709 1261 2769 cap.
1291 2696 1338 2753 19.
1363 2693 1520 2752 etiterum
1543 2694 1593 2752 20.
1631 2691 1724 2771 Quae
1749 2706 1883 2774 pertram

1196 2779 1342 2837 sanctitas
1356 2778 1448 2855 hujus
1468 2789 1514 2839 est
1536 2779 1610 2851 loci,
1637 2788 1669 2839 et
1685 2799 1742 2860 per
1757 2782 1882 2842 metita·

1196 2872 1256 2924 tern
1271 2864 1398 2945 legalem
1411 2885 1447 2924 ac
1462 2864 1711 2927 caeremonialem
1723 2867 1882 2929 iuitadum

1196 2950 1289 3010 brata.
1333 2952 1437 3025 Ratio,
1468 2972 1559 3031 quam
1587 2952 1711 3032 adjicit:
1742 2958 1882 3033 quanm

1197 3054 1252 3111 cao
1277 3046 1406 3098 sanetas
1431 3058 1519 3113 snm,
1558 3042 1601 3099 ita
1627 3049 1673 3098 est
1699 3040 1882 3121 explicanda:

1197 3123 1346 3202 Quoniam
1362 3134 1393 3184 et
1407 3128 1535 3205 populus
1551 3127 1635 3199 Deo,
1654 3146 1748 3207 quam
1765 3129 1883 3201 colite

1196 3210 1367 3271 sacerdotes
1393 3211 1473 3285 Deo,
1499 3214 1548 3272 cni
1574 3214 1762 3287 ministrant,
1790 3224 1819 3277 et
1840 3212 1883 3275 ilii

1195 3298 1290 3376 patri,
1320 3317 1419 3379 aquo
1443 3300 1531 3359 creati
1552 3308 1638 3373 sunt,
1669 3309 1702 3360 et
1727 3320 1785 3380 per
1809 3319 1883 3383 quen

1196 3386 1378 3459 regenerati,
1409 3387 1493 3445 vitae
1523 3388 1759 3447 conversatione
1790 3387 1883 3448 debeat

1196 3469 1363 3529 assimilari.
1395 3470 1465 3550 Qua
1479 3472 1597 3533 ratione
1612 3481 1643 3532 et
1657 3472 1801 3535 Christus
1814 3492 1882 3556 praa

1196 3556 1269 3633 cipit
1283 3557 1388 3616 Matth.
1405 3560 1449 3617 b.:
1471 3560 1578 3619 Estote
1590 3559 1730 3635 perfecti
1738 3605 1750 3635 ,
1774 3565 1884 3622 aicstct

1195 3644 1293 3702 Pater
1308 3652 1407 3704 vester
1422 3646 1559 3705 eoelestis
1571 3646 1738 3722 perfectas
1754 3656 1808 3709 est
1829 3647 1883 3709 lieu

1195 3736 1295 3788 autem
1322 3730 1493 3809 aequalitas
1518 3733 1707 3812 praecipitur
1733 3730 1795 3810 (cat
1818 3734 1883 3795 enin

1196 3816 1280 3874 Deus
1303 3835 1357 3894 per
1371 3819 1531 3877 essentiam
1547 3816 1700 3891 unctus),
1725 3822 1782 3881 aed
1797 3818 1883 3882 nili

1195 3900 1267 3960 tudo
1294 3911 1325 3961 et
1351 3904 1539 3983 participatio
1565 3905 1756 3980 sanctitatis,
1784 3915 1884 3987 quanta

1194 4006 1248 4067 per
1263 3990 1459 4049 imitationem
1475 3990 1577 4051 haberi
1589 3999 1702 4069 potest.
1725 3992 1811 4056 Hinc
1822 4009 1883 4052 aas

1195 4072 1317 4153 colligo,
1346 4078 1534 4136 sanctitatem
1551 4086 1685 4137 nostram
1701 4087 1798 4157 atque
1807 4078 1884 4160 justi·

1194 4162 1267 4220 tiam
1289 4181 1350 4221 non
1373 4163 1403 4222 in
1426 4162 1490 4222 sola
1513 4164 1677 4224 consistere
1700 4177 1883 4246 peecatorum

1193 4249 1384 4318 remissione,
1422 4249 1504 4327 quod
1533 4249 1641 4311 volunt
1670 4256 1813 4328 aectaffi3
1838 4246 1882 4310 aad

1194 4335 1301 4406 etiam,
1328 4355 1364 4395 ac
1385 4337 1548 4414 praecipue
1569 4339 1599 4398 in
1619 4349 1729 4400 oruatu
1745 4350 1779 4401 et
1793 4356 1881 4421 epm·

1193 4420 1274 4480 tione
1289 4424 1442 4480 virtutum.
1473 4422 1510 4482 Id
1526 4425 1603 4484 enim
1620 4437 1685 4496 est,
1709 4426 1793 4506 quod
1808 4442 1880 4508 pras·

1193 4507 1299 4566 cessit:
1331 4509 1372 4569 In
1399 4512 1489 4569 omni
1517 4516 1764 4575 conuersatione
1793 4512 1882 4575 aaa&

1192 4596 1267 4653 sitis.

1237 4682 1285 4740 17.
1309 4682 1352 4742 Et
1367 4685 1393 4742 si
1405 4688 1532 4758 patrem
1549 4687 1712 4748 invocatis
1724 4689 1823 4764 sam,
1835 4686 1879 4764 ssi

1191 4769 1258 4827 sine
1274 4771 1455 4841 acceptione
1473 4788 1688 4844 personarum
1700 4776 1878 4850 iudicatos·

1191 4854 1331 4914 candem
1347 4858 1596 4933 uniuscnjusque
1618 4877 1708 4936 optes.
1745 4862 1878 4924 nomm

1191 4949 1235 5000 eat
1251 4940 1291 4999 ad
1311 4942 1510 5003 innocentiam
1527 4953 1557 5005 et
1580 4951 1775 5010 sanctitatem
1795 4950 1876 5018 sitast

1189 5046 1269 5086 nuuc
1293 5027 1413 5089 modurn
1435 5038 1560 5092 messe
1581 5037 1822 5100 consumationis
1836 5027 1876 5094 ab
