4442 5825
396 588 471 661 300
936 581 1340 639 cosmmssrusmcsm.

394 760 464 842 iguo
487 754 638 838 probatus,
660 756 788 839 accipiet
803 757 848 818 sui
863 758 1031 820 certaminis
1047 766 1089 820 at·
1144 761 1201 837 qui
1220 765 1376 834 ιιιιιαιιιν,
1399 759 1495 834 duct,
1518 760 1598 837 poio
1613 777 1635 821 ο
1649 758 1751 821 Dect

396 865 457 927 que
485 846 630 906 victoriae
658 865 799 907 coronam
829 864 882 907 seu
912 847 1090 926 praemium,
1144 854 1207 908 tor.
1240 845 1301 909 Sed
1326 847 1357 907 in
1383 846 1441 908 boc
1466 857 1618 928 postremo
1644 845 1751 907 Hebrai

394 934 486 994 vitam
508 939 670 993 aeternam.
693 934 751 993 Est
772 934 850 995 enim
872 934 1033 994 tramitiva
1047 934 1089 996 lc·
1144 943 1197 1008 est,
1222 935 1265 995 ita
1290 931 1461 996 reddendus
1487 934 1616 995 Latine:
1647 932 1744 1009 dicat,

397 1021 477 1081 cutio
491 1038 546 1099 pro
560 1019 759 1081 intransitiva.
1145 1022 1213 1083 Dco
1236 1023 1364 1083 semri
1387 1020 1425 1081 In
1448 1023 1625 1093 tentatione,
1645 1018 1688 1080 da
1708 1040 1751 1101 qa

440 1107 600 1168 Coronam
614 1108 707 1167 vitoe.
729 1107 832 1167 Locus
846 1105 1023 1167 manifestus
1034 1127 1089 1187 pro
1144 1110 1246 1188 perine
1262 1109 1335 1188 egit,
1350 1108 1408 1169 tria
1419 1105 1485 1170 fere
1497 1115 1700 1171 concurrunt:
1716 1106 1751 1169 ιΙ

394 1194 507 1255 meritis
528 1193 674 1254 bonorum
696 1212 829 1273 operum.
856 1192 918 1254 Ubi
940 1195 1019 1255 enim
1040 1214 1088 1255 co·
1143 1194 1281 1276 probatio
1304 1203 1335 1256 et
1348 1193 1495 1275 peccandi
1520 1196 1751 1259 incitamentum

393 1300 477 1354 rone,
493 1280 667 1361 praemium,
689 1300 803 1342 merces
818 1279 947 1353 auditur,
967 1281 1010 1342 ibi
1024 1282 1090 1342 sine
1142 1284 1240 1361 flictio
1261 1280 1438 1364 plerumque
1452 1280 1491 1342 ab
1506 1280 1632 1342 bomine
1653 1288 1708 1355 est,
1726 1300 1751 1342 a

395 1366 485 1429 dnbio
496 1369 634 1427 meritum
644 1366 835 1451 intelligitur.
857 1367 922 1428 Nec
933 1365 971 1427 ob
983 1367 1014 1428 id
1029 1389 1089 1429 non
1143 1388 1162 1429 a
1184 1368 1266 1446 Dec;
1292 1369 1441 1445 probatio
1463 1376 1508 1431 est
1530 1388 1551 1427 a
1572 1368 1639 1429 solo
1662 1367 1746 1443 Dac3

394 1455 525 1535 gratuito
546 1449 643 1534 (quod
658 1455 764 1533 objicit
779 1450 934 1531 Calvinus)
958 1453 1087 1516 destina·
1143 1456 1239 1517 condi
1254 1459 1498 1518 incitamentum
1509 1474 1528 1514 a
1539 1453 1656 1515 mundo
1668 1465 1700 1515 et
1714 1452 1751 1517 in

394 1550 442 1602 tur
455 1560 492 1601 ac
505 1538 594 1601 datur
608 1540 694 1602 nobis
709 1544 774 1603 vita
787 1550 922 1617 aeterna3
945 1560 1015 1603 nam
1030 1542 1089 1603 etsi
1143 1540 1196 1602 sed
1211 1545 1377 1624 praecipue
1387 1562 1407 1602 a
1417 1561 1508 1603 carne
1520 1561 1576 1603 seu
1593 1542 1751 1622 concupisc

393 1628 550 1701 ramma,
566 1648 603 1688 ac
617 1646 722 1689 serum
737 1631 785 1702 sit,
801 1629 883 1708 prius
894 1627 980 1689 uobis
991 1649 1011 1688 a
1022 1628 1088 1689 Deo
1143 1630 1230 1690 uobis
1245 1630 1397 1702 intestina,
1413 1647 1493 1709 quae
1509 1627 1606 1693 lomes
1621 1630 1738 1709 pcccati

394 1713 537 1776 destinari
559 1716 653 1774 sitam
679 1723 847 1788 aeternam,
872 1734 965 1794 quam
987 1734 1087 1796 opera,
1142 1725 1191 1776 tur
1206 1736 1225 1775 a
1240 1715 1416 1796 Theologis.
1440 1716 1536 1795 Igitur
1557 1715 1597 1777 de
1617 1716 1751 1777 tentatio

393 1810 541 1882 quatenus
555 1802 682 1863 intentio
693 1803 764 1865 linis
774 1803 855 1883 prior
870 1811 917 1863 est
932 1802 1088 1863 voluntate
1142 1804 1274 1865 cundum
1299 1804 1378 1864 hanc
1398 1803 1535 1863 nltimam
1559 1802 1738 1883 qualitatem

393 1888 572 1965 mediorum
596 1889 668 1968 quia
683 1898 783 1950 tumen
798 1889 903 1949 eadem
923 1889 981 1948 Dei
1003 1909 1087 1970 prae·
1143 1891 1206 1971 agit
1234 1890 1415 1971 Apostolus,
1446 1888 1613 1951 &monens
1643 1888 1746 1952 fideles

393 1974 595 2037 destinatione
610 1977 699 2036 etiam
716 1978 782 2058 ipsa
798 1996 897 2057 opera,
920 1976 1039 2055 quibus,
1055 1985 1089 2034 ιιι
1142 1997 1232 2058 quum
1256 1979 1444 2039 assentiunt
1469 1975 1689 2039 afflictionibus
1713 1995 1751 2037 cos

392 2060 501 2125 mediis
527 2083 563 2122 ac
588 2063 716 2138 meritis,
746 2065 838 2124 vitam
869 2082 1088 2143 consequamur
1142 2066 1206 2126 reri
1233 2063 1274 2124 ad
1303 2065 1540 2144 impatientiam,
1569 2064 1751 2125 murmuratio

393 2156 556 2223 acumem,
571 2160 750 2230 praeparata
764 2150 850 2211 nobis
866 2158 950 2209 sunt:
973 2151 1043 2213 binc
1057 2151 1088 2210 in
1142 2149 1343 2223 diffidentiam,
1367 2153 1523 2212 autetiam
1539 2151 1580 2212 ad
1595 2149 1685 2211 fidem
1700 2148 1750 2212 des

392 2244 522 2316 utroque
540 2237 703 2317 gratuitum
721 2238 779 2298 Dei
801 2236 980 2298 beneficium
995 2256 1085 2317 agno·
1141 2236 1220 2312 dam,
1234 2237 1408 2316 huiusmodi
1425 2239 1628 2299 tentationem
1642 2237 1709 2297 Deo
1727 2257 1751 2299 as

391 2325 511 2396 scimus,
539 2332 569 2383 et
591 2324 672 2404 quod
695 2327 789 2385 vitam
813 2323 900 2384 nobis
922 2323 1088 2385 destinavit
1140 2325 1231 2403 bant;
1252 2323 1307 2386 sed
1322 2344 1422 2405 nequa
1444 2325 1564 2404 culpam
1587 2341 1676 2385 suam
1691 2322 1751 2386 ind

391 2420 553 2486 artemam,
574 2419 605 2471 ct
620 2412 702 2491 quod
724 2412 763 2472 ad
786 2430 852 2471 eam
869 2411 1087 2490 assequendam
1141 2411 1203 2473 lum
1228 2419 1280 2473 aut
1306 2412 1444 2473 homines
1469 2411 1568 2472 malos
1595 2410 1751 2485 conferant

390 2499 498 2560 merita
527 2498 612 2559 nobis
642 2500 843 2580 praeparavit.
880 2498 990 2558 Merita
1014 2518 1087 2558 vcro
1141 2500 1335 2580 peccaverint
1356 2499 1414 2559 hoc
1436 2498 1525 2559 modo
1549 2499 1668 2571 tentati,
1690 2496 1740 2559 scd

393 2585 468 2647 baec
483 2593 553 2645 sunt
569 2583 609 2661 id,
626 2584 707 2665 quod
722 2586 870 2656 dicuntur,
887 2606 947 2646 non
962 2604 1001 2646 ex
1016 2604 1086 2665 ope·
1141 2590 1233 2668 ipsos.
1256 2586 1410 2667 Accipitur
1431 2606 1502 2666 crgo
1526 2585 1576 2646 bic
1599 2595 1630 2645 at
1645 2587 1675 2646 iu
1689 2602 1751 2667 sequ

391 2692 457 2733 rum
476 2680 593 2745 natura,
618 2670 673 2731 sed
695 2692 734 2735 ex
753 2673 951 2753 promissione
975 2672 1086 2732 divina.
1141 2674 1198 2735 bus
1213 2674 1347 2746 tentatio,
1370 2673 1449 2734 sicut
1463 2674 1493 2734 in
1510 2673 1649 2733 oratioue
1664 2671 1751 2733 Domi

391 2758 537 2839 Sequitur
554 2759 651 2819 enim:
1140 2762 1187 2822 Nc
1201 2778 1260 2821 uos
1275 2761 1456 2821 induratio
1468 2762 1700 2835 tentattcaecu5
1714 2764 1741 2821 et

435 2844 542 2926 Quom
568 2847 750 2925 repromisit
771 2847 858 2907 Deos
884 2844 1088 2923 dilipcsstibsse
1139 2847 1247 2908 Matth.
1271 2850 1337 2909 ii:
1365 2848 1478 2922 Orate,
1501 2855 1541 2907 ut
1560 2864 1631 2908 aon
1654 2848 1751 2907 intret

391 2951 432 2994 tc.
456 2935 559 3013 (ὶιιαηι
584 2933 702 2994 scilicet
716 2953 863 3006 coronam,
890 2942 924 2995 nt
938 2934 1034 3014 liquet
1049 2953 1086 2993 cx
1140 2939 1358 3009 tentationem,
1382 2944 1414 2994 et
1426 2934 1500 2996 alibi
1515 2953 1620 3014 saepe.

392 3019 517 3083 Graeco.
540 3022 788 3081 Promissioncm
803 3040 875 3082 vero
891 3040 957 3082 eam
973 3020 1082 3100 signifi·
1182 3023 1232 3083 Ex
1248 3023 1357 3102 quibus
1368 3021 1434 3099 jam
1449 3029 1542 3101 patet,
1564 3020 1637 3084 bnic
1651 3027 1751 3100 aposta

391 3115 449 3181 cat,
463 3127 526 3188 qua
540 3108 679 3188 promisit
694 3116 725 3169 ot
742 3115 848 3187 pactus
864 3116 910 3167 est
925 3108 1017 3181 Deus,
1032 3127 1085 3187 pro
1141 3107 1294 3169 doctrinae
1318 3129 1379 3169 non
1404 3107 1560 3169 adversari
1590 3107 1751 3188 Scriptum

391 3194 532 3275 operibus
554 3195 720 3275 patientiae
741 3213 773 3255 se
789 3194 929 3255 daturum
949 3213 1086 3254 coronam
1141 3196 1251 3276 quibos
1276 3195 1360 3257 Deus
1387 3194 1522 3257 hominos
1548 3202 1686 3256 tentasse
1709 3194 1751 3274 lap

390 3283 481 3341 sitae.
512 3280 689 3362 cujusmodi
713 3282 869 3361 promissio
896 3290 942 3342 eat
968 3281 1020 3341 illa
1046 3279 1086 3340 ad
1140 3290 1173 3343 ut
1193 3281 1408 3355 Abrabamum,
1428 3280 1541 3343 Genea.
1557 3284 1620 3356 22..
1642 3290 1673 3343 et
1691 3299 1751 3362 pop

390 3368 533 3447 angelum
559 3368 750 3449 Smyruensis
776 3368 935 3429 Ecclesiae
966 3369 1085 3447 scripta,
1139 3368 1615 3441 suum,Excd·16.,Deut.13.
1644 3367 1751 3430 Nemi

390 3473 453 3537 que
468 3455 496 3516 ei
512 3455 594 3516 varic
615 3454 756 3516 tribulato
778 3464 870 3536 atquc
884 3463 997 3516 tenuta
1013 3453 1085 3514 dici·
1139 3455 1214 3517 locis
1236 3463 1360 3517 tentore
1383 3475 1442 3517 uon
1458 3454 1562 3517 estad
1578 3453 1751 3535 peccandum

373 3552 457 3610 .tur:
477 3544 554 3604 ldtto
578 3542 679 3619 fidelis
701 3560 798 3619 usquc
823 3543 867 3602 ad
889 3549 1033 3616 mortam,
1056 3547 1087 3601 ct
1140 3543 1261 3616 licitare,
1283 3541 1434 3623 quomodo
1453 3541 1503 3602 hic
1517 3543 1677 3622 accipitur;
1699 3537 1751 3602 sd

391 3628 474 3708 dubo
489 3629 547 3690 tibi
561 3647 712 3691 coronans
729 3632 824 3704 vitoe,
840 3631 933 3708 Apcc.
951 3632 979 3690 2.
996 3627 1085 3688 Unde
1138 3629 1221 3701 bare,
1243 3631 1479 3709 experimentum
1502 3647 1623 3706 capere
1647 3628 1751 3710 Quane

389 3714 504 3777 Paulus
526 3735 594 3777 eam
616 3723 706 3776 vocat
732 3735 873 3776 coronam
893 3715 1041 3793 justitiae,
1067 3734 1086 3773 a
1140 3724 1171 3776 et
1185 3716 1349 3797 bocipsum
1362 3716 1438 3789 Deo,
1455 3716 1508 3794 qui
1521 3714 1607 3776 nulla
1618 3714 1751 3777 nescita

386 3803 469 3882 justo
477 3803 582 3883 judice
591 3802 712 3866 Christo
720 3800 964 3883 exspectandam,
977 3801 1085 3861 illim.
1140 3803 1334 3880 experientia,
1357 3800 1412 3862 scd
1436 3802 1535 3868 curnis
1556 3804 1651 3876 novit,
1671 3808 1751 3868 aab!

391 3889 421 3950 4.
446 3889 518 3952 dam
541 3890 622 3970 quod
643 3892 702 3951 ait:
725 3888 930 3966 diliqeutibsss
949 3906 999 3961 aa,
1025 3907 1086 3950 non
1140 3888 1223 3962 fiant,
1247 3909 1307 3950 non
1328 3889 1387 3950 nisi
1411 3908 1465 3968 per
1488 3896 1608 3968 tropum
1623 3887 1751 3950 tribuitu-

390 3983 490 4036 autem
517 3976 612 4057 (quod
640 3996 829 4056 consequens
851 3975 1023 4046 videbatur,
1054 3981 1086 4034 ut
1139 3976 1267 4057 probare
1283 3976 1555 4047 dicaturbomiues,
1571 3976 1690 4055 quaudo
1704 3991 1751 4038 tta

391 4059 538 4138 diceret):
571 4063 769 4140 potientibus
797 4081 858 4140 pro
888 4082 936 4138 sc,
973 4063 1085 4124 iontem
1140 4063 1297 4143 sibiipsis,
1319 4071 1382 4123 tum
1398 4062 1469 4123 aliis
1485 4059 1751 4141 perelicajusiae

391 4149 511 4228 aperire
526 4149 623 4210 voluit
646 4151 742 4212 omnis
764 4150 835 4211 boni
857 4152 963 4223 meriti,
984 4148 1085 4220 idest,
1137 4151 1314 4230 parientiam
1330 4158 1416 4210 notos
1431 4149 1513 4222 facit,
1530 4149 1639 4230 quales
1654 4149 1714 4212 sint
1738 4225 1751 4238 ι

392 4233 580 4298 dilectionem
601 4236 674 4311 Dei,
701 4256 791 4318 quam
812 4256 955 4300 vocamus
976 4235 1083 4298 carita·
1182 4234 1251 4296 Non
1269 4243 1428 4302 astantem
1444 4235 1649 4316 improbabile,
1670 4245 1751 4316 quot

390 4329 460 4382 tem.
482 4321 570 4383 Haec
590 4324 669 4384 enim
694 4332 747 4395 est,
770 4342 850 4403 quae
864 4324 1004 4404 operibus
1018 4342 1037 4382 ιι
1052 4342 1087 4382 sa
1140 4321 1208 4382 dam
1224 4331 1375 4393 annotant,
1390 4323 1478 4401 hujus
1490 4321 1552 4383 loci
1564 4322 1717 4386 occentu
1741 4331 1751 4372 Ι

389 4407 533 4491 proiectis
554 4428 620 4470 eam
642 4408 784 4470 conciliat
807 4409 999 4489 dignitatem,
1025 4428 1085 4489 qua
1139 4407 1360 4471 adillaverbs:
1376 4412 1479 4485 Scitis,
1494 4411 1617 4490 tratres
1627 4401 1751 4471 susim.

390 4495 454 4568 fist,
468 4505 503 4558 ut
514 4498 547 4557 in
557 4494 616 4556 Dei
627 4494 745 4575 judicio
758 4505 987 4577 compensentur
1001 4496 1085 4557 retri-
1138 4499 1220 4571 dmi,
1238 4519 1257 4558 a
1271 4496 1360 4558 besto
1375 4496 1399 4557 J
1400 4495 1602 4578 accbodirigi
1617 4495 1751 4558 adrffl

389 4581 513 4650 butione
533 4586 616 4645 vitae
639 4592 786 4644 aeternae.
808 4582 939 4663 Alioqui,
964 4585 991 4644 si
1016 4589 1086 4643 tro·
1140 4584 1193 4663 qui
1220 4602 1259 4644 ex
1280 4582 1426 4662 Epistolis
1449 4582 1595 4656 Paulinis,
1617 4583 1668 4646 ubi
1685 4579 1751 4656 lq!

390 4669 502 4732 didaco
518 4688 635 4748 corpor
647 4688 768 4745 meum,
782 4677 820 4730 ιιι
830 4670 974 4745 ardeam,
990 4670 1087 4750 inquit
1140 4668 1287 4750 quosdam
1304 4670 1402 4731 aDec
1427 4668 1505 4731 uadi
1527 4671 1558 4732 iu
1574 4667 1712 4734 desideria
1723 4671 1751 4726 a

391 4755 628 4832 illqcoritotcm
641 4764 749 4820 autem
760 4775 829 4818 seon
840 4757 991 4832 boboero,
1003 4756 1087 4817 stiltil
1141 4776 1251 4830 eorum,
1275 4763 1304 4817 et
1326 4759 1356 4817 in
1377 4757 1534 4837 passiones
1550 4747 1751 4838 ignomin‘ntt

389 4845 469 4906 mibi
478 4846 621 4923 prodest,
644 4849 659 4905 1
678 4843 747 4906 (ior.
766 4843 814 4904 13.
1139 4842 1301 4925 reprobum
1312 4862 1441 4916 sensum,
1455 4844 1544 4906 Rom.
1558 4849 1596 4916 1..
1612 4827 1751 4908 itenolfl

434 4935 483 4995 1³.
506 4933 618 5009 Nemo,
634 4952 706 4994 com
721 4938 877 5006 tentator,
893 4930 990 5005 dicat,
1006 4946 1086 5006 quo·
1141 4938 1172 4993 et
1186 4932 1350 5002 ercam.
1374 4928 1485 4994 ibidem
1499 4951 1566 5012 cap.
1582 4934 1612 4994 9.
1628 4937 1657 4991 οι
1670 4915 1751 4994 ilud

389 5019 481 5102 esiam
496 5038 517 5081 o
532 5021 603 5083 Deo
617 5026 769 5084 uastatos.
799 5017 932 5082 (irascat
958 5016 1086 5093 Nullos,
1139 5019 1253 5080 sionem
1276 5017 1385 5080 erroris
1406 5027 1609 5101 sumpserant
1630 5024 1663 5080 ut
1678 5013 1751 5096 Μ
