4442 5825
773 619 1182 679 mmroceeseeesmeos.
1218 622 1301 677 unes.
1322 623 1347 675 r.
1723 624 1796 694 tto

371 792 469 853 war
492 793 538 853 ud
559 797 733 871 imapinam
756 804 787 857 at
808 797 1049 860 similitudinem
1102 805 1146 860 ert
1161 799 1200 858 da
1215 817 1283 876 me,
1306 798 1338 859 id
1358 798 1546 877 potissimum
1562 805 1617 868 est,
1639 795 1721 877 quod
1736 804 1800 857 tots

371 885 506 940 mm·
547 944 554 951 .
1103 886 1154 946 lex
1169 886 1337 946 Tuaame
1359 885 1460 964 exigit,
1483 891 1517 943 ut
1536 885 1645 944 l'aciaru
1659 882 1797 945 voluuta-

397 963 1050 1048 Quspropterdugustinusinenarrfflselmi
1102 982 1161 1033 tem
1177 973 1286 1033 Tuam.

371 1050 404 1113 te.
418 1060 449 1112 et
466 1053 540 1113 150.
555 1054 677 1129 mavult,
693 1056 822 1135 intelligi
837 1056 946 1118 librum
962 1057 1047 1118 Pael-
1146 1057 1207 1119 Sed
1222 1057 1385 1130 sciendum,
1409 1059 1439 1118 in
1455 1056 1572 1119 Graeco
1588 1076 1647 1117 non
1663 1075 1729 1118 esse
1744 1075 1796 1116 ro-

371 1157 475 1211 sarum,
498 1141 530 1200 in
545 1140 632 1218 cujus
653 1146 766 1220 capite,
792 1143 888 1217 idest,
908 1146 1050 1223 inprime
1103 1164 1169 1205 cem
1192 1147 1311 1205 omnino
1334 1145 1463 1205 eandem
1484 1144 1623 1205 hocloco
1640 1150 1750 1223 etcap.
1768 1147 1797 1206 8.

371 1222 482 1298 Psalmo,
504 1227 649 1306 scriptum
672 1239 734 1291 eat:
761 1232 803 1291 Iri
826 1232 892 1304 icae
915 1231 1049 1293 Domini
1104 1232 1163 1291 Hic
1185 1234 1263 1292 enim
1285 1240 1333 1293 est
1353 1225 1502 1307 κεφαλίς,
1531 1230 1593 1291 illic
1615 1227 1798 1307 κιφαλαῖον.

371 1311 504 1373 muniar
529 1316 597 1386 ejus
622 1324 677 1376 etc.
716 1315 808 1396 Quod
834 1318 1050 1395 perfectissime
1104 1319 1145 1378 Et
1160 1319 1216 1378 boc
1231 1318 1352 1396 quidem
1373 1318 1545 1398 frequenter
1567 1325 1731 1396 usurpatur
1744 1337 1800 1396 pro

371 1399 497 1479 snpetit
512 1400 544 1461 in
560 1398 721 1463 Christum.
745 1404 857 1464 Verum
874 1404 943 1464 huic
959 1424 1049 1484 expo·
1102 1423 1238 1477 summa,
1266 1415 1300 1465 nt
1321 1413 1351 1465 et
1373 1406 1496 1466 verbum
1517 1404 1556 1465 ab
1574 1423 1611 1464 eo
1634 1403 1799 1470 derivatum

371 1486 454 1546 itioui
468 1496 595 1564 praeter
609 1486 670 1549 alia
684 1499 783 1568 potest
798 1488 898 1567 objici,
917 1491 998 1572 quod
1013 1511 1049 1552 eo
1103 1491 1264 1571 significat:
1287 1496 1324 1552 ira
1345 1511 1502 1554 summam
1525 1491 1690 1568 coiiiaer03
1717 1488 1801 1577 quod

371 1580 497 1652 hpore,
521 1574 644 1652 quando
660 1575 761 1637 David
781 1577 907 1638 cecinit:
931 1579 973 1638 In
996 1598 1049 1639 ea·
1102 1579 1215 1657 legitur
1243 1578 1361 1639 Eccles.
1394 1581 1460 1642 32:
1498 1572 1732 1655 κεφαλαίωοον,
1763 1580 1801 1639 io

371 1660 419 1736 pita
432 1658 511 1718 iibri
526 1669 592 1735 etc,
612 1660 726 1723 Psalmi
748 1664 878 1724 nondum
902 1674 988 1725 amnt
1007 1665 1049 1726 di·
1102 1684 1257 1727 summam
1279 1666 1389 1741 calliae
1410 1684 1596 1741 responsum
1619 1672 1721 1737 tumn,
1744 1683 1799 1744 pro

371 1747 432 1825 peti
445 1747 478 1807 in
493 1745 638 1822 ordinem,
654 1759 686 1809 ut
698 1768 802 1811 eorum
817 1749 924 1830 aliquis
939 1753 1049 1830 primus
1103 1772 1162 1832 qno
1185 1753 1327 1831 vulgatus
1350 1754 1455 1812 vertit:
1478 1753 1605 1812 Habeat
1627 1758 1726 1827 caput
1747 1769 1800 1811 ra·

371 1834 595 1912 corripuerat,
618 1835 755 1898 aoiorte
778 1837 1051 1916 primuePenlmus
1102 1857 1252 1916 sponsum
1276 1847 1374 1900 tuum.
1406 1839 1565 1900 Caeterum
1590 1831 1744 1915 κεφαλίδα
1767 1838 1799 1900 in

371 1926 425 1983 ha
437 1917 574 1980 nondum
589 1931 656 1982 erat
670 1927 864 2005 conscriptus.
1103 1927 1160 1986 hac
1174 1925 1394 2003 significatione
1409 1945 1558 2005 nusquam
1573 1927 1699 2006 reperio.
1722 1925 1801 1985 Sunt

397 2003 481 2069 lotor
504 2006 681 2071 Neotericoa
702 2011 816 2072 Bibere
838 2017 940 2091 putat,
965 2009 1049 2070 Psal·
1104 2022 1134 2072 et
1156 2010 1236 2072 aliae
1262 2012 1466 2091 expositiones
1488 2011 1578 2092 hujus
1600 2014 1696 2092 partis
1719 2009 1801 2091 apud

371 2092 472 2155 mun
494 2094 647 2174 respicere
668 2095 708 2157 ad
729 2097 783 2158 illa
806 2097 898 2158 verba
914 2095 988 2158 Gen.
1004 2099 1050 2157 2:
1103 2101 1289 2176 interpretes,
1313 2108 1354 2171 ut,
1377 2097 1459 2181 qnod
1479 2099 1560 2159 liber
1581 2103 1637 2160 iste
1661 2096 1799 2159 Christus

371 2179 425 2243 doe
437 2198 527 2243 nuuc
542 2200 576 2243 or
591 2201 629 2243 rs
640 2183 758 2245 ossibus
772 2187 859 2258 meis,
877 2191 906 2247 rt
921 2201 996 2244 caro
1010 2185 1051 2243 da
1103 2194 1149 2247 est
1171 2185 1335 2246 secundum
1358 2186 1517 2246 humanam
1537 2193 1683 2257 naturam,
1709 2185 1799 2263 cujus

371 2284 450 2329 mm
461 2285 543 2328 msa
567 2270 778 2348 Quamobrem
789 2273 946 2348 relinquet
957 2272 1051 2331 bomo
1103 2279 1195 2351 caput
1209 2281 1256 2332 est
1271 2272 1363 2343 Deus,
1385 2273 1415 2332 in
1432 2291 1491 2351 quo
1508 2274 1609 2349 capite
1624 2271 1663 2332 ab
1678 2280 1800 2332 aeterno

371 2360 480 2430 maru
493 2372 589 2416 suum
606 2363 636 2417 et
650 2366 795 2432 matrem,
819 2366 849 2419 et
868 2358 1051 2419 adhaerebit
1104 2361 1249 2437 scripturn
1262 2366 1316 2432 est,
1327 2357 1437 2418 Filium
1450 2359 1516 2439 ejus
1529 2358 1638 2420 debere
1651 2360 1801 2418 incarnari

371 2444 449 2503 mort
461 2459 554 2516 tuor,
577 2450 607 2504 et
621 2453 717 2506 eruat
732 2446 796 2506 duo
811 2449 848 2507 iri
862 2464 960 2507 carue
973 2464 1050 2506 uria.
1104 2457 1135 2507 et
1145 2446 1228 2506 mori
1252 2445 1311 2507 Vel
1323 2444 1405 2525 quod
1421 2445 1598 2524 intelligitur
1613 2444 1692 2505 liber
1707 2445 1800 2517 ritae,

371 2524 453 2607 Quem
480 2527 579 2590 locum
606 2531 636 2590 in
659 2530 810 2594 Christum
831 2542 861 2594 et
883 2531 1051 2593 Ecclesiam
1103 2532 1205 2605 idest,
1228 2531 1517 2611 praedestinatorum
1539 2530 1578 2592 ad
1597 2534 1701 2602 vitam,
1725 2548 1799 2611 quo·

371 2614 514 2677 nnilmto
529 2615 883 2699 Paulueinterpretatur,
899 2618 1007 2699 Ephes.
1021 2619 1051 2678 5.
1103 2640 1168 2680 rum
1184 2627 1276 2699 caput
1290 2626 1338 2678 est
1353 2617 1499 2690 Christus,
1522 2638 1575 2697 per
1592 2636 1682 2698 quem
1697 2636 1801 2678 omncs

371 2698 469 2763 Rursus
495 2701 537 2763 ad
566 2703 621 2764 illa
649 2705 746 2766 verbe
772 2705 880 2768 Genea.
903 2707 949 2765 3.:
980 2706 1052 2782 Ipsa
1104 2704 1321 2786 praedestinati
1351 2706 1512 2767 salvantur.
1547 2705 1584 2766 ln
1613 2705 1701 2782 hujus
1732 2703 1801 2764 libri

373 2796 495 2851 asom
520 2797 618 2867 eaput
644 2799 744 2853 tuum.
775 2791 864 2872 Quae
885 2791 1051 2872 praedictio
1104 2794 1212 2873 capite,
1224 2793 1364 2872 inquitB.
1374 2790 1517 2865 Thomas,
1530 2790 1624 2865 idest,
1636 2793 1667 2852 in
1677 2792 1800 2853 Obrirto

373 2876 503 2957 eaptus
518 2886 562 2938 est
577 2879 609 2939 in
623 2878 755 2941 adventu
769 2889 800 2940 et
814 2880 954 2962 passione
965 2876 1050 2941 Obri·
1104 2879 1267 2942 secundum
1280 2878 1410 2941 divinem
1420 2889 1568 2953 naturam,
1585 2881 1730 2959 scriptum
1745 2886 1800 2951 est,

373 2963 410 3026 m
427 2964 514 3027 Haec
531 2974 631 3026 autern
653 2970 690 3028 in
712 2970 815 3044 capita
836 2968 920 3042 iibri,
945 2966 975 3027 id
999 2976 1051 3042 est,
1104 2967 1135 3028 id
1152 2978 1206 3041 eat,
1229 2967 1473 3048 praeordinatum
1496 2966 1535 3027 de
1551 2966 1671 3028 Christo
1693 2983 1800 3026 secun·

374 3067 420 3114 tou
431 3051 520 3131 longe
534 3053 574 3112 ab
591 3052 674 3113 initio
698 3053 766 3115 libri
779 3054 916 3128 Genesis,
939 3056 1053 3134 scripte
1105 3054 1177 3115 dum
1192 3055 1353 3115 humanam
1368 3063 1511 3126 naturam,
1534 3063 1569 3113 nt
1589 3053 1682 3114 faciat
1695 3052 1800 3112 volun-

373 3147 434 3200 Ιιῑ
455 3141 498 3199 At
518 3157 593 3199 vero
607 3140 735 3202 aliorum
758 3144 908 3203 sententie
930 3153 986 3214 est,
1007 3150 1048 3203 to·
1106 3149 1197 3201 tutem
1220 3141 1289 3213 Dei,
1315 3141 1467 3203 offerendo
1494 3142 1648 3220 seipsum
1673 3159 1728 3219 pro
1755 3157 1800 3200 re-

374 3224 615 3307 hflrripturam
637 3245 754 3290 sacram
770 3232 888 3291 nomine
903 3230 977 3289 libri
992 3231 1050 3309 sig·
1105 3228 1278 3308 demptione
1299 3229 1422 3307 generis
1443 3227 1574 3288 bomani.
1598 3227 1635 3287 ln
1657 3234 1742 3287 tants
1757 3224 1800 3287 di·

374 3309 506 3374 &utam
527 3333 630 3376 casea
644 3314 774 3389 Davide,
796 3337 832 3377 eo
848 3315 929 3397 quod
948 3336 1051 3376 omues
1105 3317 1247 3376 versitate
1259 3315 1477 3394 expositionum
1493 3312 1569 3393 qnid
1583 3322 1737 3391 tamquam
1749 3332 1800 3373 ve·

374 3393 535 3479 fltipturue,
559 3409 593 3461 ut
612 3402 656 3463 sit
671 3403 871 3483 Augustinus,
894 3404 972 3464 benc
987 3405 1051 3482 opi·
1105 3404 1167 3463 rius
1190 3399 1431 3483 amplectendum
1453 3402 1500 3473 eit,
1527 3401 1722 3478 pronuntiare
1745 3397 1801 3459 dit·

374 3485 475 3548 ionem
501 3486 633 3549 reterens
664 3489 695 3550 in
725 3490 911 3570 praelatione
937 3489 1052 3550 Psalmi
1106 3488 1183 3549 ficile
1208 3498 1267 3562 eet;
1295 3488 1415 3549 temetsi
1440 3487 1493 3547 alii
1520 3485 1588 3547 aliis
1613 3484 1800 3567 probabilius

376 3569 448 3646 tto,
476 3573 567 3636 valde
596 3575 725 3638 mirabili
753 3584 783 3637 et
808 3576 911 3638 divine
935 3578 1052 3637 unitate
1104 3584 1175 3638 sunt
1195 3575 1295 3647 locuti,
1320 3572 1401 3654 quod
1422 3572 1514 3634 facile
1536 3594 1574 3634 ex
1595 3573 1685 3635 dictis
1700 3572 1802 3653 colligi

374 3659 549 3733 uecordent,
559 3672 595 3722 ut
604 3665 710 3724 merito
722 3672 867 3725 vocentur
878 3682 955 3722 unus
966 3663 1050 3724 liber.
1104 3669 1213 3744 potest

372 3741 457 3826 Galus
476 3758 579 3809 antem
602 3749 677 3809 iibri
691 3759 788 3827 caput
802 3760 850 3812 est
864 3749 1000 3823 Genesis,
1024 3752 1051 3809 ei
1148 3750 1192 3810 Ut
1207 3757 1308 3810 autem
1323 3748 1360 3809 de
1375 3767 1465 3810 sensu
1479 3746 1662 3808 Psalmistae
1675 3753 1708 3806 et
1718 3744 1800 3824 Apo·

372 3842 454 3910 aput
473 3834 659 3916 intelligatur
682 3839 808 3911 initium,
830 3838 895 3898 sive
910 3836 989 3918 quod
1005 3860 1050 3899 or·
1105 3838 1174 3897 stoli
1197 3846 1267 3915 post
1293 3846 1353 3896 tam
1379 3835 1488 3895 multos
1514 3834 1592 3895 ulios
1618 3834 1683 3913 ipse
1710 3832 1800 3893 etiam

372 3915 571 4002 diseprimum
588 3931 641 3998 eat,
663 3932 697 3984 ut
718 3924 855 4006 plerique
877 3933 975 3998 eaput
995 3925 1052 3985 boc
1105 3922 1228 4005 aliquid,
1252 3922 1333 4002 qnod
1355 3923 1458 3994 sentio,
1481 3942 1547 3982 cum
1568 3918 1717 3980 modestia
1732 3939 1799 3997 pro·

371 4003 425 4072 loco
439 4011 598 4091 accipiunt
620 4010 793 4073 Secundum
816 4013 871 4072 bos
894 4032 966 4091 ergo
981 4013 1051 4073 ecri-
1104 4012 1206 4086 ieram,
1221 4010 1349 4091 primum
1365 4010 1513 4082 existimo,
1528 4006 1609 4089 quod
1621 4005 1719 4068 LXX.
1734 4024 1800 4067 ver·

371 4101 441 4173 ptum
462 4106 510 4158 est
532 4100 564 4159 in
587 4100 687 4178 capite
708 4099 785 4170 libri,
808 4101 880 4179 quia
895 4101 926 4159 in
941 4097 1051 4160 Genesi
1105 4106 1211 4169 terunt,
1238 4096 1380 4176 quodque
1401 4116 1442 4158 er
1465 4095 1510 4155 eis
1532 4094 1697 4174 Apostolus
1719 4094 1801 4168 citat,

371 4181 472 4245 edua
486 4192 559 4246 sunt
572 4184 609 4247 dc
624 4185 743 4246 Christo
762 4186 985 4265 promissiones.
1105 4178 1137 4245 is
1153 4177 1296 4262 κεφαλίδι
1316 4176 1445 4259 βιβλίου,
1466 4183 1618 4243 conciliari
1629 4199 1718 4261 posse
1732 4198 1802 4241 cnm

403 4268 561 4333 Caeterum
606 4270 820 4334 Genebrardus
862 4279 961 4349 caput
997 4293 1051 4352 pro
1105 4292 1151 4347 eo,
1175 4271 1258 4352 qued
1275 4270 1435 4332 Hebraeus
1456 4270 1546 4349 legit:
1575 4269 1617 4330 1ο
1642 4268 1802 4330 uolumine

371 4375 474 4420 summa
489 4360 708 4439 interpretetur,
730 4362 809 4421 sicut
823 4360 969 4438 accipitur
985 4379 1051 4439 cap.
1105 4360 1190 4436 iibri,
1217 4362 1242 4421 si
1266 4358 1407 4430 dicamus,
1433 4356 1551 4419 Graeca
1571 4376 1648 4418 voce
1670 4345 1803 4431 napulie

371 4446 494 4526 ibujus
505 4445 677 4524 Epistulae:
695 4447 880 4523 Capitulum
892 4465 988 4523 super
1003 4465 1051 4521 aa,
1104 4446 1277 4509 nouaclum
1300 4444 1465 4524 significari
1487 4451 1584 4521 caput
1606 4451 1660 4505 aut
1674 4442 1801 4518 capitu·

371 4550 437 4610 μοι
463 4533 626 4595 dicuutur.
657 4533 700 4595 Et
726 4553 846 4594 sensum
873 4553 939 4594 esse
962 4533 1051 4593 dicite
1105 4534 1184 4610 lum,
1207 4532 1367 4594 sedetiam
1389 4533 1504 4608 capitis
1523 4539 1658 4608 tramam,
1680 4527 1800 4608 quoni·

371 4619 525 4698 &capita
544 4620 630 4696 iibri,
654 4620 756 4693 idest,
777 4622 809 4681 in
822 4627 887 4681 tote
900 4620 1053 4701 Scriptura
1105 4621 1213 4681 mirum
1236 4625 1327 4699 caput
1349 4617 1530 4679 obvolvitur.
1553 4617 1623 4678 Hac
1645 4613 1723 4677 enim
1739 4615 1801 4695 sig·

371 4708 501 4788 criptum
523 4717 585 4780 est,
609 4715 643 4767 ut
664 4708 784 4787 expiem
807 4707 961 4769 bominum
985 4726 1051 4788 pec-
1105 4707 1276 4769 nificatione
1297 4704 1407 4785 legitur
1429 4704 1512 4785 apud
1533 4700 1726 4767 Aristotelem
1747 4701 1800 4763 lib.

371 4802 438 4872 ata3
461 4795 553 4874 quasi
568 4792 665 4855 dicate
687 4793 812 4858 Summa
828 4795 1052 4874 scripturarum
1107 4798 1135 4858 2.
1150 4795 1238 4856 Bbet
1258 4790 1348 4854 Unde
1361 4792 1487 4853 ulterius
1502 4800 1664 4869 usurpatur
1678 4807 1732 4868 pro
1746 4790 1802 4851 iri·

371 4901 412 4944 uc
432 4880 575 4942 conticet
597 4881 672 4942 Nam
696 4902 814 4944 summa
836 4882 912 4943 bloei
936 4889 966 4942 et
980 4881 1051 4941 Pro·
1105 4883 1255 4955 volucro,
1283 4878 1366 4959 quod
1392 4876 1506 4940 Graece
1532 4875 1640 4938 dicitnr
1669 4865 1800 4955 ιῒλημο,

371 4967 513 5031 mum
529 4964 676 5029 Christus.
699 4969 748 5031 Sic
763 4979 795 5030 et
810 4978 880 5030 ante
896 4988 961 5029 eum
978 4967 1052 5029 den·
1106 4971 1185 5031 sicut
1209 4968 1332 5049 exponit
1355 4963 1466 5027 Suidas
1493 4966 1525 5028 in
1549 4983 1603 5025 suo
1630 4962 1745 5036 lexico,
1770 4972 1801 5026 et

371 5058 475 5121 enim:
496 5053 541 5120 lo
560 5073 685 5136 ummo
706 5057 783 5138 lapis
804 5064 878 5121 tuac
899 5057 1053 5135 scriptum
1105 5054 1288 5140 Euthymios
1315 5071 1407 5135 super
1443 5051 1523 5116 bunc
1551 5050 1649 5117 locum
1677 5049 1799 5118 Psalmi.
