4442 5825
865 585 1012 653 760
1044 530 1053 537 ·

851 760 1002 830 pter
1045 771 1144 812 ms
1186 754 1336 813 haec
1381 770 1507 814 vox
1559 755 1767 827 venit,
1822 752 1930 813 sed
1973 758 2248 828 propter

857 856 1003 917 vos,·
1080 845 1148 899 ut
1199 838 1634 918 intelligamus,
1711 840 2118 901 testimonium
2180 837 2254 898 de

860 926 1093 987 Christo
1155 926 1355 987 fuisse.
1452 925 1782 987 Praeterea
1839 926 2010 987 Deus
2067 925 2255 985 Pater

858 1013 1209 1074 testificatus
1249 1021 1368 1084 est,
1423 1012 1636 1074 Jesum
1681 1033 1811 1073 esse
1862 1033 2034 1072 suum
2081 1010 2249 1072 Chri-

858 1109 1018 1161 stum
1044 1142 1059 1172 ,
1110 1099 1354 1180 quando
1387 1119 1497 1178 per
1526 1119 1657 1159 eum
1686 1109 1776 1159 tot
1806 1107 2093 1178 tantaque
2125 1096 2247 1158 edi·

858 1187 945 1248 dit
973 1185 1297 1259 miracula,
1350 1205 1422 1246 ac
1465 1185 1573 1247 tali
1615 1185 1823 1259 modo,
1870 1185 2035 1265 quali
2064 1185 2252 1246 Jesns
2313 1216 2314 1236 κ

860 1271 1173 1344 utebatur,
1255 1291 1473 1351 nempe
1538 1273 1918 1352 significans,
2000 1272 2078 1331 de
2140 1291 2255 1332 sua

861 1359 1054 1440 ipsius
1097 1356 1301 1440 (quam
1346 1367 1547 1419 tamen
1600 1380 1678 1421 ex
1724 1360 1908 1420 Patre
1948 1378 2069 1419 una
2120 1377 2253 1418 cum

861 1445 1067 1507 divina
1106 1453 1324 1506 natura
1368 1443 1652 1523 habebat)
1688 1453 1985 1525 potestate
2030 1445 2136 1506 illa
2166 1444 2254 1504 fa-

857 1552 1010 1594 cere.
1085 1533 1228 1611 Ipse
1258 1531 1554 1592 Dominus
1600 1534 1662 1593 in
1693 1534 2028 1612 Evangelio
2070 1531 2254 1593 variis

855 1619 1007 1680 locis
1061 1618 1422 1692 declaravit,
1486 1638 1598 1679 sua
1649 1619 1935 1680 miracula
1988 1619 2109 1680 hue
2151 1637 2251 1676 va·

856 1705 1060 1780 luisse,
1100 1715 1168 1767 ut
1196 1705 1396 1766 forent
1427 1705 1543 1766 Dei
1575 1705 1776 1767 Patris
1807 1705 1884 1766 de
1913 1708 2059 1785 ipso,
2092 1701 2252 1786 quod

857 1802 1016 1855 esset
1043 1794 1338 1864 Messias,
1370 1793 1726 1853 testimonia.
1758 1793 1804 1854 J
1807 1812 1938 1852 oan.
1973 1795 2030 1864 5,
2069 1796 2163 1853 19.
2197 1799 2255 1852 et

859 1881 961 1942 36.
993 1899 1128 1940 cnm
1170 1900 1376 1960 seqq.;
1422 1899 1554 1958 cap.
1591 1883 1647 1952 8,
1700 1883 1797 1940 18.
1848 1888 1908 1939 et
1939 1880 2075 1954 54.;
2123 1900 2254 1958 cap.

862 1968 978 2039 10,
1026 1967 1124 2028 25.
1161 1969 1262 2029 37.
1309 1968 1442 2041 38.;
1491 1985 1618 2044 cap.
1658 1969 1752 2039 14,
1803 1970 1899 2026 11.
1943 1976 2002 2025 et
2044 1985 2254 2045 seqq.;

860 2074 994 2134 eap.
1032 2054 1129 2127 15,
1164 2053 1262 2114 23.
1296 2060 1355 2112 et
1381 2050 1546 2112 alibi.

960 2138 1252 2203 Verbum.
1314 2138 1650 2200 Secundam
1682 2140 2002 2200 Trinitatis
2052 2160 2254 2219 perso·

862 2248 1001 2289 nam
1057 2226 1337 2306 designat
1381 2226 1706 2307 Apostolus
1739 2225 1946 2286 eodem
2001 2230 2257 2298 nomine,

862 2335 982 2396 quo
1030 2315 1090 2373 in
1135 2314 1425 2395 principio
1469 2313 1793 2393 Evangelii
1839 2316 1961 2386 sui,
2017 2313 2090 2373 de
2142 2333 2259 2394 qua

865 2402 946 2463 ibi
977 2400 1160 2463 dixit:
1227 2399 1496 2461 Verbum
1531 2409 1668 2462 erat
1698 2400 1876 2476 apud
1907 2401 2151 2473 Deum,
2201 2407 2260 2459 et

865 2491 1040 2551 Deus
1071 2495 1209 2548 erat
1250 2490 1538 2548 Verbum.
1614 2488 1713 2547 De
1743 2487 1899 2547 Filio
1931 2488 2113 2564 igitur
2145 2487 2261 2546 Dei

865 2577 1179 2654 unigenito
1208 2594 1364 2634 nunc
1389 2576 1492 2644 ait,
1524 2573 1689 2653 quod
1708 2574 1919 2652 etipse
1937 2572 2012 2633 de
2030 2594 2095 2634 se
2126 2575 2259 2652 ipso

868 2665 1177 2723 incarnato
1224 2664 1300 2721 sit
1332 2661 1715 2732 testificatuS,
1761 2680 1897 2721 sese
1928 2681 2059 2721 esse
2092 2660 2260 2720 illum

868 2750 1223 2831 promissum
1271 2769 1308 2806 a
1353 2749 1486 2808 Deo
1536 2749 1715 2809 Patre
1745 2748 2048 2808 Moesiam.
2124 2748 2262 2808 Hoc

867 2844 1128 2898 testatus
1159 2844 1251 2895 est
1282 2841 1338 2893 et
1368 2835 1603 2907 verbis,
1636 2842 1694 2895 et
1725 2835 2033 2896 miraculis
2066 2836 2129 2895 in
2159 2834 2260 2893 hu·

863 2926 969 3005 jus
990 2924 1260 2983 veritatis
1284 2923 1787 2983 confirmationem
1813 2923 1889 2981 ab
1909 2924 2039 3001 ipso
2067 2920 2263 2992 factis,

873 3012 1056 3073 Joan.
1090 3011 1149 3081 5,
1185 3013 1280 3069 17.
1314 3018 1374 3068 et
1404 3029 1611 3087 seqq.,
1655 3010 1754 3073 36.
1797 3017 1859 3068 et
1887 3029 2083 3089 seqq.;
2131 3028 2265 3088 cap.

873 3099 932 3172 8,
968 3102 1063 3159 12.
1098 3105 1160 3158 et
1188 3117 1381 3175 seqq„
1414 3100 1515 3157 25.
1546 3106 1608 3156 et
1636 3117 1841 3175 seqq.;
1873 3116 2004 3176 cap.
2042 3097 2136 3167 10,
2165 3099 2262 3156 24.

876 3194 935 3247 et
964 3204 1175 3265 seqq.,
1228 3185 1329 3243 37.
1378 3192 1439 3243 et
1484 3203 1690 3263 seqq.;
1745 3203 1873 3260 cap.
1916 3187 2012 3255 12,
2061 3186 2161 3244 44.
2209 3190 2272 3241 et

874 3292 1081 3351 seqq.3
1133 3291 1262 3350 cap.
1307 3274 1403 3341 13,
1440 3271 1572 3345 17.;
1621 3291 1751 3349 cap.
1789 3271 1885 3342 14,
1917 3271 2016 3331 29.
2087 3269 2268 3329 Deni-

876 3376 1032 3439 que,
1084 3358 1321 3418 omissis
1369 3356 1669 3435 pluribus,
1722 3356 1835 3416 hoc
1874 3357 2271 3417 testimonium

876 3444 1144 3507 reddidit
1163 3444 1462 3505 Dominus
1485 3444 1613 3521 jam
1639 3446 1931 3523 captivuS,
1963 3441 2273 3522 adjuratus

880 3553 917 3593 a
946 3534 1232 3610 Principe
1265 3530 1645 3592 sacerdotum
1667 3577 1681 3601 ,
1728 3539 1794 3590 ut
1823 3530 2080 3601 diceret,
2129 3550 2271 3590 num

879 3621 1006 3700 ipse
1059 3629 1222 3680 esset
1265 3617 1460 3678 Filius
1516 3620 1633 3679 Dei
1679 3638 1748 3677 ae
1797 3618 1900 3677 ille
1946 3618 2274 3694 promissus

878 3707 1150 3768 Messias.
1229 3705 1370 3785 Quo
1418 3705 1815 3786 respondente
1864 3703 2054 3776 idem,
2111 3702 2274 3783 qnod

879 3813 1062 3873 saepe
1107 3795 1376 3863 dixerat,
1436 3812 1572 3853 sese
1620 3812 1781 3865 esse,
1842 3811 1915 3852 ac
1957 3801 2272 3852 venturum

881 3879 1162 3941 Judieem
1211 3882 1274 3941 in
1316 3879 1576 3940 nubibus
1608 3880 1794 3950 coeli,
1847 3877 2275 3938 condemnatus

880 3975 972 4026 est
1002 3969 1211 4026 mortis
1244 3989 1280 4027 a
1311 3974 1438 4027 toto
1475 3967 1577 4027 illo
1609 3985 1924 4037 consessu,
1968 3974 2275 4042 tamqnam

877 4052 1296 4133 blasphemus,
1348 4062 1409 4112 ut
1455 4064 1700 4114 narrant.
1730 4052 2169 4131 Evangelistae
2214 4052 2275 4109 in

878 4139 1130 4200 historia
1174 4140 1470 4217 passionis
1500 4142 1759 4201 Domini.
1836 4139 1918 4200 Et
1945 4138 2102 4199 hanc
2133 4158 2273 4198 eau-

879 4244 1007 4285 sam
1059 4228 1474 4304 repetiverunt
1524 4227 1571 4288 J
1577 4226 1771 4287 udaei‘
1806 4246 2005 4286 coram
2057 4225 2275 4296 Pilato,

880 4312 1065 4373 Joan.
1101 4316 1233 4373 19.:
1285 4314 1417 4373 Nos
1461 4313 1656 4388 leyem
1700 4314 2033 4385 habemus,
2090 4320 2149 4372 et
2178 4331 2275 4371 se·

883 4399 1165 4459 cundum
1225 4400 1419 4475 leyem
1488 4409 1774 4461 nostram
1849 4400 2028 4461 debet
2088 4402 2275 4472 mori,

884 4489 1039 4562 quia
1083 4486 1324 4546 Filium
1362 4487 1485 4546 Det·
1526 4506 1587 4546 se
1631 4488 1804 4563 fecit.
1883 4488 2085 4567 Atque
2123 4484 2278 4546 haec

883 4582 976 4631 est
1006 4590 1218 4645 causa,
1249 4592 1360 4631 cnr
1388 4572 1683 4633 Dominus
1715 4575 1778 4634 in
1807 4573 2084 4651 originali
2116 4572 2274 4633 Seni-

882 4666 1060 4735 ptura
1087 4666 1342 4719 vocetur
1371 4667 1655 4735 martyr,
1707 4668 1766 4719 et
1803 4664 2188 4733 martyrium
2220 4659 2277 4718 ei

882 4744 1213 4815 tribuatur,
1262 4764 1419 4824 quae
1449 4745 1664 4808 Latine
1692 4754 1941 4807 sonant:
1989 4748 2186 4807 Testis
2216 4755 2278 4805 et
2331 4740 2341 4795 ll

891 4832 1383 4906 Testimonium,
1431 4833 1623 4912 Apoc.
1676 4838 1730 4906 1,
1761 4835 1819 4895 5.
1851 4844 1915 4893 et
1965 4838 1994 4892 1
2026 4832 2188 4893 Tim.
2219 4834 2277 4903 6,

886 4919 985 4978 13.
1050 4916 1202 4976 Nam
1248 4919 1556 4997 sanguinis
1596 4922 1692 4981 sui
1734 4920 2020 4980 effusione
2056 4920 2277 4997 ipsius·

881 5020 1003 5084 que
1031 5002 1238 5063 mortis
1279 5007 1672 5085 perpessione
1714 5013 1968 5070 testatus
1999 5013 2095 5069 est
2122 5005 2280 5067 hanc

2308 2186 2311 2223 κ
2366 2166 2528 2243 quod
2582 2167 2717 2245 ipse
2768 2166 2848 2222 sit
2900 2163 3193 2225 Salvator
3242 2162 3498 2233 mundi,

2323 2476 2324 2479 ,
2366 2444 2515 2485 zare
2558 2427 2629 2487 in
2674 2443 2881 2502 aqua,
2936 2425 3044 2483 ille
3096 2425 3262 2484 mihi
3317 2425 3521 2484 dixit:
3571 2424 3738 2497 Super

2332 3147 2333 3165 ¹
2375 3155 2495 3220 est,
2536 3147 2653 3206 nisi
2684 3165 2839 3205 unus
2868 3142 3064 3220 Deus)
3095 3156 3190 3205 est.
3219 3164 3444 3206 sermo.
3489 3144 3738 3204 Nimim·

2320 3246 2321 3261 ¹
2374 3234 2489 3295 hoc
2540 3241 2635 3292 est
2688 3231 2862 3305 illud,
2923 3230 3081 3312 quod
3146 3229 3441 3292 Christus
3494 3231 3742 3292 Dumium

2334 3440 2335 3453 ¹
2378 3426 2610 3469 Summ-

2338 4324 2339 4336 ³
2382 4311 2540 4374 Filio
2582 4315 2817 4374 unitate
2854 4313 2983 4390 jam
3027 4309 3219 4382 dieta,
3276 4310 3593 4372 Dominus
3622 4306 3754 4371 ns&

2340 4420 2341 4434 ¹
2385 4400 2715 4460 declaravit
2768 4402 2925 4459 inter
2977 4406 3249 4469 caetera,
3318 4397 3573 4478 quando
3612 4392 3753 4477 jd

1905 574 2378 630 COMMENTARIUS
2412 575 2475 629 IN
2511 574 2645 629 CAP.
2677 574 2735 629 V.

2360 753 2708 822 veritatem,
2754 748 2917 825 qnod
2949 750 3088 830 ipse
3120 755 3300 810 esset
3330 766 3515 808 verus
3542 747 3631 806 ille
3652 767 3729 808 ex·

2361 846 2665 918 spectatus
2708 837 2987 898 Messias.
3057 837 3146 896 Et
3192 835 3316 896 hae
3360 837 3601 896 notione
3635 853 3736 914 pn>

2359 927 2489 1006 prie
2521 923 2794 1001 dicuntur
2824 923 3136 1002 Martyres
3178 920 3439 983 Christi.
3484 921 3737 1001 Martyres

2359 1011 2477 1071 Dei
2507 1020 2649 1071 sunt
2679 1011 2767 1071 illi
2797 1029 3072 1090 quoque,
3107 1011 3224 1090 qui
3255 1007 3340 1068 ob
3365 1009 3637 1088 institiae
3659 1006 3736 1069 de-

2360 1098 2691 1159 fensionem
2721 1098 3073 1157 moriuntur.

2447 1213 2535 1272 Et
2562 1211 2822 1287 spiritus
2862 1218 3142 1271 sumtis.
3219 1209 3497 1289 Spiritus
3542 1214 3739 1269 sanctu

2359 1298 2713 1358 testificatus
2760 1304 2852 1356 est
2897 1294 2976 1356 de
3005 1297 3202 1369 Jesu,
3251 1295 3425 1374 quod
3471 1297 3551 1355 sit
3573 1295 3737 1372 unige-

2362 1386 2526 1445 nitus
2570 1384 2693 1444 Dei
2740 1382 2971 1457 Filius,
3022 1391 3084 1442 et
3140 1384 3206 1443 in
3253 1393 3483 1443 natura
3522 1383 3740 1440 hnmana

2361 1480 2671 1551 assumpta
2698 1488 2877 1529 verus
2911 1468 3018 1530 ille
3042 1469 3343 1529 Salvator
3374 1468 3613 1543 mundi3
3638 1467 3739 1540 hoe,

2360 1558 2529 1630 dico,
2570 1556 2921 1617 testificatus
2967 1563 3057 1616 est
3106 1558 3187 1617 iis
3230 1555 3466 1628 modis,
3513 1555 3610 1633 qui
3637 1573 3739 1631 pro·

2361 1646 2524 1706 xime
2553 1653 2695 1705 sunt
2723 1645 2983 1721 expositi
3005 1641 3084 1702 ad
3111 1642 3318 1704 verba
3354 1639 3740 1721 praecedentia

2362 1731 2495 1792 illa:
2541 1732 2629 1792 Et
2657 1733 2919 1807 spiritus
2948 1736 3070 1805 est,
3107 1732 3225 1807 qui
3253 1728 3632 1804 testificatur
3655 1733 3739 1786 ete.

2363 1820 2523 1879 Tum
2556 1819 2729 1878 etiam
2765 1817 3148 1896 singulariter
3193 1816 3306 1876 illo
3354 1814 3568 1888 modo,
3607 1810 3740 1893 quod

2363 1925 2541 1982 snper
2598 1904 2646 1965 J
2650 1923 2815 1963 esum
2883 1903 3258 1983 baptizatum
3342 1900 3650 1964 deseendit
3693 1901 3741 1959 in
3821 1934 3824 1947 ι

2367 1992 2573 2071 specie
2604 1991 2932 2052 columbae.
3007 1990 3170 2050 Nam
3221 1989 3289 2050 id
3322 1989 3555 2051 factum
3581 1985 3740 2046 fuisse
3819 1959 3824 2025 Ι

2365 2079 2440 2139 ad
2500 2076 2838 2138 testandum
2899 2087 2957 2137 et
3017 2076 3266 2156 publice
3328 2075 3741 2139 declarandum,
3821 2107 3824 2141 Ι

3554 2158 3741 2224 Joami
3821 2146 3824 2173 '

2364 2252 2679 2329 Baptistae
2707 2249 2906 2311 fuerat
2926 2250 3224 2311 divinitus
3249 2249 3611 2318 revelatum,
3638 2248 3740 2324 ipsu
3821 2186 3824 2286 Ι

2366 2348 2646 2398 narrante
2688 2338 2863 2399 Joan.
2900 2342 2991 2398 1.:
3037 2339 3166 2414 Qud
3211 2357 3318 2398 me
3364 2338 3537 2396 misit
3566 2334 3738 2410 baps-

2366 2531 2550 2589 quem
2581 2512 2819 2572 videris
2846 2511 3164 2587 Spiritum
3188 2518 3492 2572 sanetum
3525 2508 3738 2568 deseen-

2368 2599 2617 2660 dentem
2636 2643 2652 2673 ,
2708 2605 2768 2658 et
2797 2605 3167 2658 manentem
3214 2615 3420 2674 super
3449 2614 3587 2657 eum
3606 2640 3623 2668 ,
3669 2596 3739 2652 hic

2369 2693 2491 2759 est,
2526 2688 2640 2761 qui
2668 2686 2954 2761 baptizat
2980 2688 3054 2745 in
3083 2686 3348 2761 Spiritu
3378 2690 3612 2744 uncto.
3675 2681 3735 2741 Et

2371 2792 2482 2849 eqo
2513 2773 2669 2845 vidi,
2706 2779 2765 2831 et
2795 2774 3230 2833 testimonium
3255 2771 3581 2848 perhibui,
3610 2764 3737 2846 quod

2368 2861 2468 2921 hic
2499 2867 2586 2920 est
2616 2860 2825 2922 mins
2857 2860 2995 2920 Dei.

2460 2974 2546 3034 Et
2572 2972 2639 3031 ln·
2667 2980 2796 3032 tres
2821 2990 3026 3032 unum
3064 2978 3236 3032 sunt.
3286 2972 3392 3032 De
3421 2972 3645 3031 unitate
3666 2986 3736 3027 ns·

2371 3067 2573 3132 turae,
2622 3068 2681 3118 et
2710 3057 2951 3140 quidem
2981 3057 3283 3118 numerali
3321 3053 3627 3138 (quoniam
3653 3074 3739 3115 neu

2376 3321 2455 3382 Jo
2423 3341 2556 3380 nan.
2613 3322 2711 3379 10.
2766 3320 2948 3380 dixit.
3007 3321 3150 3395 Eyo
3205 3326 3269 3379 et
3333 3322 3539 3381 Pater
3585 3333 3741 3379 um

2468 3528 2649 3608 Quod
2678 3550 2800 3590 non
2829 3528 2906 3589 de
2929 3528 3338 3589 consensione
3367 3527 3656 3589 duntaxat
3677 3544 3747 3584 w

2380 3619 2632 3677 luntatis
2663 3635 2842 3696 posse
2873 3616 3089 3694 accipi,
3120 3614 3327 3694 liquet
3362 3635 3443 3677 ex
3474 3617 3606 3696 ipsa
3635 3613 3749 3673 serio

2381 3706 2668 3764 sermonis
2720 3724 2794 3765 eo
2846 3703 2996 3763 loce.
3086 3702 3241 3763 Vult
3299 3704 3465 3764 enim
3522 3700 3750 3763 chrisa

2381 3791 2521 3852 hinc
2553 3792 2797 3863 docere,
2844 3788 3002 3871 qnod
3034 3808 3216 3851 nemo
3252 3792 3463 3869 possit
3493 3810 3638 3851 oves
3656 3788 3752 3867 eju

2381 3898 2591 3959 rapere
2639 3877 2716 3939 de
2744 3897 2926 3938 manu
2966 3878 3191 3956 ipsius,
3238 3877 3405 3937 sicut
3448 3897 3573 3937 non
3603 3878 3754 3954 potat

2384 3986 2488 4025 eas
2539 3966 2861 4045 quisquam
2912 3983 3128 4045 rapere
3182 3961 3264 4023 de
3328 3985 3519 4025 manu
3570 3962 3752 4032 Patr'u3

2385 4072 2568 4113 unam
2619 4051 2905 4113 videlieet
2948 4070 3082 4111 esse
3131 4050 3338 4110 Patria
3384 4060 3450 4111 et
3494 4070 3655 4110 suam
3681 4065 3751 4128 p·-

2383 4142 2661 4213 tentiam,
2689 4137 2948 4219 ideoque
2977 4145 3275 4198 naturam.
3326 4137 3622 4218 Spiritum
3648 4152 3750 4215 qs·-

2384 4244 2503 4305 que
2552 4236 2824 4287 sanetum
2877 4244 3011 4285 esse
3061 4242 3248 4284 unum
3310 4244 3454 4284 cum
3502 4224 3677 4284 Patre
3711 4226 3752 4281 d

2385 4484 2690 4565 Apostolis
2719 4487 2842 4545 suis
2872 4492 3085 4562 gentes
3115 4503 3457 4546 conversas
3488 4485 3754 4583 baptism

2385 4574 2444 4632 in
2468 4575 2710 4634 nomine
2732 4574 2932 4632 Patris
2950 4581 3013 4632 et
3034 4570 3181 4630 Filii
3207 4579 3273 4629 et
3301 4570 3576 4650 Spiritus
3592 4563 3752 4636 m

2384 4660 2675 4739 copulans
2729 4679 2863 4720 enm
2917 4658 3100 4717 Patre
3153 4665 3217 4716 et
3276 4658 3456 4718 Filio
3512 4656 3752 4737 Spirit-

2383 4756 2690 4818 sanctum‚
2757 4756 3063 4826 tamquam
3107 4761 3229 4803 non
3278 4746 3670 4805 exsistent-
3699 4753 3754 4801 ιι

2385 4852 2633 4894 numero
2679 4840 3119 4900 creaturarum,
3174 4828 3290 4890 sed
3337 4830 3617 4911 ejusden
3657 4833 3752 4889 ω

2386 4922 2538 4999 ipsis
2597 4916 3374 5089 ῃιΐιξψῗιωροιωιὴο,
3451 4937 3564 4998 με
3615 4913 3752 4998 qu·

2386 5026 2700 5070 mm
3128 5012 3463 5086 W
