4442 5825
734 587 897 644 muretus
914 586 1131 644 musicen.
1161 586 1244 642 runs.
1264 588 1306 641 ee.
1326 589 1368 641 ee.
1689 582 1762 662 ‘429

371 772 534 854 spertinet,
554 766 637 851 quod
659 770 853 829 meretricem
869 767 1014 829 nominat.
1069 766 1136 846 ejus
1152 774 1251 827 mente
1266 763 1506 826 subaudiendum
1518 769 1578 826 est:
1594 766 1637 824 its
1653 783 1691 825 ex
1706 763 1764 825 hoe

371 878 401 921 n
412 876 485 921 rere
498 857 681 919 meretricem
696 855 799 928 lause,
819 856 914 932 idque
926 855 1016 933 juxta
1070 872 1160 934 opere
1171 851 1366 933 justificatam
1380 853 1472 912 fuisse
1482 851 1577 925 Raab,
1593 860 1634 925 ut,
1650 852 1676 911 si
1688 851 1763 911 illud

371 945 472 1027 ipim
487 942 738 1026 significationem
757 942 841 1002 vocis
856 940 1016 1001 Hebraeae
1069 943 1171 1002 faeere
1183 939 1386 1010 detrectasset,
1398 939 1566 1018 justificata
1577 959 1637 999 non
1648 937 1764 998 fuisset.

371 1032 433 1108 uult,
460 1040 584 1104 eontra,
610 1049 702 1111 quem
724 1028 858 1089 sentiunt
880 1027 1016 1089 nonnulli
1069 1029 1120 1089 Sis·
1135 1028 1211 1087 enim
1228 1027 1370 1107 seqnitur,
1393 1028 1481 1086 otiam
1496 1045 1551 1086 nos
1566 1044 1605 1086 ex
1621 1026 1765 1106 operibus

371 1124 516 1201 mpretee,
542 1116 697 1178 lunulente
721 1115 951 1176 monstravimus
977 1113 1015 1174 od
1066 1113 1226 1193 justificari
1249 1112 1369 1184 debere,
1392 1121 1422 1173 et
1441 1112 1569 1194 proinde
1588 1113 1652 1172 sine
1668 1114 1762 1192 operi·

371 1204 485 1267 trerba
507 1202 600 1265 Hebe.
619 1207 684 1265 11.:
710 1201 791 1265 etde
806 1200 899 1263 eoae
915 1220 1015 1262 mere·
1070 1199 1764 1262 businenemetmortnsmeseefidemnostram

371 1300 466 1355 reta
496 1290 605 1372 Neque
630 1309 703 1350 vere
727 1306 852 1350 manens
874 1289 1016 1348 meretrix
1113 1291 1164 1348 26.
1192 1289 1279 1350 Siout
1305 1290 1389 1347 enim
1417 1306 1532 1364 eorpus
1557 1289 1625 1347 riae
1649 1290 1766 1363 spiritu

371 1377 486 1439 ridente
497 1387 551 1453 est,
565 1397 623 1441 nee
634 1379 699 1437 sine
709 1374 784 1453 fide;
801 1374 853 1436 red
865 1377 905 1435 od
918 1376 1015 1434 Deum
1070 1381 1232 1435 munuum
1255 1383 1308 1450 est,
1332 1377 1378 1434 itu
1394 1382 1423 1435 et
1436 1375 1514 1453 {ides
1535 1377 1603 1436 eine
1619 1374 1766 1451 operibus

371 1479 592 1537 remeenrerse,
608 1461 761 1547 perfidem
774 1462 1017 1542 bonisoperibus
1070 1469 1198 1523 mortam
1218 1468 1269 1523 eet.
1294 1462 1459 1542 Aptissima
1483 1460 1680 1522 similitudine
1695 1479 1763 1521 eon·

371 1562 528 1635 muntem
551 1551 596 1613 illi
619 1551 741 1631 plaeuit.
781 1546 916 1609 Credidit
938 1551 1016 1610 enim
1070 1547 1163 1609 eludit
1174 1568 1260 1609 snam
1272 1549 1311 1609 de
1322 1547 1382 1609 tide
1393 1558 1425 1609 et
1435 1549 1576 1629 operibus
1588 1547 1764 1609 doctrinam.

374 1637 511 1701 meses
534 1646 590 1711 est,
612 1638 712 1699 Deum
727 1636 823 1697 Israel
838 1655 906 1697 esse
920 1636 1017 1695 Deum
1071 1636 1227 1712 Spiritum
1249 1635 1399 1714 intelligit,
1420 1656 1480 1696 non
1503 1634 1631 1696 halitum
1645 1653 1698 1695 seu
1712 1634 1764 1695 fla·

371 1724 451 1787 wele
471 1743 591 1786 sursum
605 1732 636 1786 et
650 1726 680 1786 iu
701 1732 781 1784 terre
796 1720 950 1799 deorsum3
973 1731 1017 1782 at·
1071 1729 1143 1796 tum,
1156 1731 1191 1782 ut
1200 1721 1267 1784 vult
1279 1723 1450 1801 Oajetsnns,
1463 1723 1514 1783 sed
1527 1724 1665 1783 enimam.
1678 1722 1766 1782 Hune

371 1832 444 1875 rex
458 1830 497 1872 ee
510 1813 571 1874 lide
594 1812 738 1893 prooessit
759 1807 799 1870 ad
814 1828 915 1889 opera,
938 1828 1018 1890 quae
1071 1810 1149 1870 enim
1172 1809 1328 1892 Scriptura
1348 1811 1459 1890 passim
1483 1810 1631 1889 signitlost
1644 1812 1766 1870 nomine

371 1898 569 1974 ireieruntnn
592 1909 627 1959 ut
649 1899 857 1978 exploratores
879 1916 898 1957 a
919 1896 1018 1973 Josue
1071 1899 1211 1973 spiritus,
1236 1905 1269 1956 ut
1283 1896 1394 1957 Psslm.
1411 1897 1479 1956 80.:
1508 1898 1550 1958 ln
1565 1905 1767 1958 massuetum

371 2006 433 2051 nos
444 1989 622 2067 surriperet,
635 1985 842 2057 absconderet,
854 2003 890 2044 uo
899 1982 1018 2044 diverse
1071 1985 1258 2045 commendo
1268 1987 1418 2061 spiritum
1430 2003 1555 2062 meum,·
1566 1985 1686 2047 Boules
1698 1987 1765 2045 10.:

371 2079 1019 2239 tiltttttlllttltlt'tlte
1071 2072 1392 2235 litlltllfi‘
1406 2072 1769 2238 altsteti}

371 2246 426 2311 ded
456 2249 530 2329 quie
554 2250 622 2309 sine
647 2245 707 2308 fide
731 2246 907 2306 mediatoris
931 2266 1018 2307 nemo
1072 2264 1154 2322 quae
1168 2252 1243 2306 sont
1264 2246 1410 2320 hominis,
1435 2248 1499 2306 nisi
1518 2249 1649 2323 spiritus
1664 2246 1767 2307 domi·

371 2335 484 2397 tlfieeri
510 2343 624 2415 potest,
655 2335 762 2414 utique
788 2332 1017 2393 existimandum
1073 2334 1139 2408 uis,
1161 2336 1216 2410 qui
1238 2336 1274 2395 io
1295 2335 1365 2409 ipro
1386 2333 1453 2392 est?
1483 2333 1548 2393 Nee
1570 2331 1639 2392 ideo
1660 2353 1766 2415 parum

371 2422 484 2495 tillem
507 2439 565 2482 nee
586 2441 624 2482 ee
646 2421 716 2494 fide,
737 2420 845 2480 saltem
866 2419 1019 2499 implicite,
1073 2430 1146 2500 apte
1171 2419 1267 2481 videri
1293 2421 1405 2499 poterit
1429 2419 1504 2481 lineo
1525 2421 1664 2499 Apostoli
1688 2440 1765 2482 eom·

371 2510 464 2571 uisse.
477 2506 735 2586 Concepiteutem
746 2506 917 2585 hujusmodi
931 2506 1018 2568 fidem
1072 2508 1200 2589 perstio,
1223 2506 1305 2587 qnod
1321 2516 1438 2567 veretur
1452 2504 1628 2587 OsJetenue,
1651 2508 1706 2568 hae
1722 2528 1766 2569 ra-

376 2594 471 2669 modo,
489 2614 550 2675 qun
566 2595 702 2676 plerique
716 2594 768 2655 alii
784 2597 814 2653 in
826 2595 939 2674 populo
950 2595 1019 2668 Dei,
1074 2598 1155 2656 tione
1169 2606 1275 2665 motus,
1297 2596 1369 2675 qnia
1392 2613 1483 2673 opera
1506 2616 1564 2655 non
1588 2604 1657 2656 eunt
1672 2594 1768 2657 lorms

371 2700 394 2743 re
408 2692 478 2763 post
490 2682 586 2762 legem
600 2682 699 2755 letam,
715 2683 871 2755 eiurante,
887 2681 952 2742 Deo
969 2702 1022 2760 per
1073 2682 1153 2755 fidei,
1176 2680 1229 2742 sed
1244 2681 1367 2741 effeetus
1383 2681 1507 2762 qnidam
1522 2685 1768 2758 conuenientes,

371 2782 480 2830 ternum
505 2779 536 2828 et
554 2769 716 2830 humanum
740 2766 864 2848 aliquod
886 2770 1019 2830 ministe·
1074 2771 1174 2830 anima
1193 2789 1265 2830 vero
1288 2768 1384 2829 forme
1407 2778 1455 2828 eet
1470 2772 1612 2849 corporis.
1636 2771 1767 2851 Respon-

371 2874 403 2918 m
418 2852 509 2934 (quia
523 2855 600 2933 fider
614 2875 652 2918 ex
662 2857 777 2917 auditu
793 2853 1022 2934 ett,an.10.)
1075 2856 1161 2917 detur
1176 2858 1264 2930 enim,
1282 2857 1459 2937 Apostolum
1473 2876 1564 2937 opera
1580 2857 1769 2920 considerare

371 2955 474 3005 meus
489 2943 628 3004 docente.
1075 2946 1105 3005 in
1129 2964 1186 3005 sua
1208 2942 1315 3018 radice,
1337 2944 1438 3017 idest,
1461 2947 1492 3004 in
1513 2945 1590 3005 bona
1612 2945 1769 3007 voluntate

372 3027 480 3104 Porro,
510 3028 592 3111 quod
619 3029 691 3091 dieit
719 3030 899 3110 Apostolus,
928 3030 1021 3092 eaeo
1074 3051 1127 3092 seu
1143 3032 1277 3103 ueritate,
1300 3050 1380 3110 qaue
1402 3031 1496 3091 leima
1518 3041 1565 3092 est
1587 3032 1667 3105 fidei,
1690 3036 1769 3096 sieut

371 3117 424 3178 lese
437 3118 643 3194 iuditiootom
659 3117 870 3194 exoperibus,
886 3117 1022 3179 similiter
1073 3122 1174 3179 anima
1193 3119 1335 3197 eorporis.
1359 3119 1458 3179 Sentit
1480 3118 1566 3190 enim,
1588 3117 1677 3180 fidem
1699 3140 1767 3201 ope·

371 3211 378 3264 t
394 3203 612 3284 accipiendum,
636 3204 785 3284 quomodo
809 3205 848 3265 de
869 3204 1022 3265 Abrabam
1074 3204 1161 3265 rendi
1176 3203 1329 3266 voluntate
1341 3205 1517 3266 destitutam
1529 3216 1673 3266 mortuam
1686 3226 1769 3284 esse;

377 3289 470 3374 iprum
486 3289 570 3352 dixit.
592 3289 767 3352 Justifieate
783 3299 830 3352 est
845 3292 933 3365 enim,
948 3310 1020 3351 nun·
1076 3294 1155 3352 sieut
1180 3310 1287 3373 corpus
1314 3294 1413 3352 anima
1442 3292 1591 3373 privatum
1622 3302 1767 3354 mortuum

371 3378 558 3457 rmoptis,
581 3386 612 3438 et
633 3376 694 3438 slis
713 3380 764 3439 ria
787 3376 924 3450 dimissis,
952 3379 1023 3457 quio
1075 3387 1130 3438 est
1153 3379 1192 3438 Et
1214 3379 1349 3448 observa,
1373 3399 1432 3438 non
1456 3378 1553 3439 disere
1575 3380 1769 3458 Apostolum:

371 3461 438 3524 :illo
453 3473 514 3524 tem
538 3464 784 3542 beneflenopero,
799 3464 1022 3545 qnodnontam
1075 3467 1163 3527 Sicut
1188 3467 1280 3527 home
1303 3468 1370 3526 eine
1397 3468 1513 3541 spiritu
1534 3475 1681 3527 mortim
1707 3473 1769 3544 αις

371 3551 442 3612 utiis
457 3550 527 3623 illis,
548 3570 637 3631 quem
652 3552 765 3631 populo
782 3551 839 3612 Dei
862 3552 1023 3632 praeetitit‚
1077 3551 1149 3613 eod:
1164 3554 1252 3615 Siout
1266 3571 1380 3629 eorpus
1393 3556 1460 3614 sine
1475 3557 1590 3630 epiritu
1606 3562 1769 3617 mortuum

371 3637 451 3698 edem
482 3638 603 3698 virtutis
632 3656 668 3698 ae
694 3638 833 3716 justitiae
859 3639 966 3699 niernit
991 3640 1023 3697 in
1076 3645 1129 3699 est.
1761 3711 1764 3716 Ι

371 3725 493 3804 rlpturis
515 3723 614 3785 Jesue
636 3727 665 3784 2.
688 3734 717 3786 et
733 3728 779 3802 6.;
802 3745 865 3805 quo
886 3726 1023 3786 nimirum
1119 3723 1206 3786 Unde
1222 3727 1373 3787 evanescit
1388 3726 1606 3788 haeretieorum
1622 3726 1769 3808 obJeetio:

371 3827 420 3872 ere
436 3811 560 3891 justitia
583 3811 649 3890 ejus
671 3831 730 3872 non
753 3811 849 3872 solum
869 3811 1025 3872 declarata
1077 3812 1176 3872 Homo
1197 3820 1333 3873 mortuus
1356 3832 1415 3873 non
1430 3814 1587 3888 esthemo,
1611 3813 1664 3876 sed
1680 3815 1768 3875 eede-

371 3896 427 3972 trlt‚
451 3896 506 3959 sed
528 3908 558 3958 et
579 3907 773 3978 augmentum
795 3899 917 3976 ceperit,
941 3896 1023 3960 etad
1075 3919 1131 3960 ver
1145 3899 1290 3976 hominis3
1313 3917 1385 3979 ergo
1404 3899 1479 3960 fides
1502 3910 1620 3962 mortua
1641 3921 1702 3962 nou
1725 3908 1771 3962 est

371 3981 539 4046 eiectionem
559 3985 707 4064 quendam
724 3986 901 4065 pervenerit
925 3985 1023 4064 Siqui·
1076 3985 1165 4059 fides,
1190 3985 1243 4046 ssd
1266 3985 1418 4065 quoddam
1441 3987 1509 4048 fidei
1530 3988 1670 4050 eudarer.
1702 3987 1771 4050 Non

371 4089 400 4136 ι
419 4081 451 4132 et
464 4071 514 4132 irie
534 4071 606 4133 addi
629 4081 756 4152 poterat,
780 4071 862 4153 qnod
877 4072 914 4133 de
928 4073 1021 4134 Abra·
1077 4074 1157 4134 enim
1173 4084 1327 4152 comparet
1341 4073 1504 4153 Apostolus
1520 4075 1608 4136 tidem
1624 4083 1771 4138 mertuum

371 4155 506 4222 ndixit:
522 4159 775 4237 Etsuoptribus
789 4159 1024 4236 adurensem-
1077 4179 1146 4220 onm
1168 4161 1288 4221 homine
1312 4170 1445 4234 mortuo,
1472 4163 1526 4225 sed
1553 4183 1620 4224 eum
1647 4181 1771 4242 corpore

371 4251 419 4306 ute
433 4252 486 4308 ert
1077 4257 1203 4307 mortuo.
1225 4247 1311 4308 sieut
1325 4268 1396 4327 ergo
1412 4268 1522 4329 corpus
1537 4260 1686 4311 mortuum
1700 4269 1772 4312 vere

374 4329 422 4394 Ex
436 4329 486 4392 luis
503 4340 638 4412 apparet,
661 4333 838 4414 Apostolum
863 4332 901 4392 sd
918 4351 1023 4394 seeun-
1077 4334 1352 4414 etproprieeorpus
1365 4345 1420 4410 est,
1433 4335 1560 4397 italides
1571 4349 1772 4398 mertuevere

371 4417 656 4500 mjustifientionem
672 4421 785 4498 potius,
801 4418 948 4500 quemad
964 4421 1024 4500 pri·
1077 4430 1108 4481 et
1123 4423 1244 4502 propris
1266 4420 1341 4482 fides
1363 4435 1416 4483 est.
1439 4423 1547 4504 Neque
1570 4425 1649 4485 enim
1674 4424 1771 4502 magis

371 4523 407 4568 ue
430 4506 591 4588 respicere,
619 4508 709 4567 etiam
731 4509 763 4567 in
785 4506 842 4569 hoo
868 4506 1023 4585 exemplo;
1077 4509 1108 4568 in
1122 4509 1239 4570 retione
1260 4507 1330 4568 fidei
1353 4511 1523 4570 continetur
1538 4514 1659 4584 auritas,
1682 4530 1772 4592 qnam

371 4594 445 4658 {elsi
459 4612 517 4654 nee
540 4595 636 4672 prime
646 4594 830 4674 justificatio,
854 4613 930 4676 quae
945 4613 1023 4655 eom·
1078 4595 1109 4656 in
1119 4597 1499 4674 rrtiouseerporisanimu3
1516 4597 1570 4659 sed
1582 4598 1773 4658 sicutenim

371 4687 426 4758 terr
436 4682 469 4742 in
479 4681 654 4742 remissione
666 4688 865 4760 peecatorum,
876 4682 1024 4760 contingit
1078 4682 1223 4762 perfectio
1235 4686 1368 4765 eorporis
1379 4695 1433 4758 ost,
1450 4687 1493 4744 ite
1503 4686 1613 4745 ceritas
1626 4684 1771 4765 perfectio

371 4766 558 4848 tenporibus,
579 4787 703 4849 quorum
721 4789 739 4828 a
754 4769 813 4831 fide
837 4777 884 4829 est
899 4769 1022 4845 initium,
1078 4768 1158 4830 tidei.

375 4847 595 4937 supradictum
608 4863 661 4915 est
684 4855 764 4928 Jnrn,
778 4865 813 4917 ut
826 4854 884 4915 hoe
900 4875 1022 4935 qnoque
1121 4855 1254 4919 Proinde
1269 4877 1308 4919 ex
1321 4857 1381 4919 hae
1397 4858 1465 4937 ipse
1481 4857 1677 4920 similitudine
1691 4854 1771 4940 Apo·

371 4939 513 5024 nplum,
535 4940 783 5022 quemadmodum
806 4943 898 5022 prius,
921 4939 1024 5003 velent
1076 4943 1202 5017 stolioe,
1232 4961 1323 5025 quum
1353 4944 1473 5005 sectarii
1501 4946 1589 5005 nobis
1620 4944 1772 5025 objiciunt,

387 5025 582 5112 pudendm
609 5028 747 5110 Apostoli
772 5031 955 5103 institutum,
983 5048 1023 5092 ex
1077 5030 1188 5112 optime
1204 5032 1342 5095 rumim
1356 5031 1418 5108 uls,
1438 5052 1499 5096 non
1512 5031 1695 5096 seholsstiea
1709 5052 1770 5095 mo·
