4442 5825
391 562 464 630 37⁶
895 554 1338 612 commemoremus

390 732 527 809 fidimus,
550 735 626 809 quio
650 733 764 794 bouem
782 735 1004 794 conscientiam
1022 733 1083 792 lto·
1140 730 1230 810 Quas
1246 735 1395 814 posterior
1409 734 1499 795 lectio
1516 734 1624 795 iisdem
1639 754 1799 817 quoqusus

390 820 506 895 bemus,
530 820 574 878 sie
590 819 736 900 intellige:
759 822 841 882 Beue
856 821 926 881 mihi
944 821 1083 880 conscius
1140 821 1185 896 gis
1213 821 1326 898 plecet,
1358 831 1391 880 ut
1417 831 1445 881 et
1472 821 1665 902 stapulensis
1694 825 1802 883 reue:
1832 844 1835 893 ξ

390 926 463 977 sum,
491 915 521 967 et
544 906 668 980 confido,
693 926 742 966 me
764 910 794 968 iu
817 927 854 969 ea
876 927 909 969 re
929 928 989 967 uon
1011 905 1085 967 lalli.
1139 906 1266 968 habetis.
1297 906 1356 969 Sed
1383 929 1448 968 cum
1475 908 1568 987 hujus
1595 908 1726 969 lectionis
1746 908 1804 988 spol
1832 930 1835 983 j

390 994 438 1053 De
464 993 632 1073 significato
660 993 769 1055 Graeci
796 995 897 1055 verbi:
930 989 1084 1071 πείθομαι,
1140 1004 1260 1054 veteres
1285 997 1461 1073 interpretes
1483 995 1602 1056 nullum
1625 1005 1723 1057 exstet
1740 997 1805 1057 vati·

392 1079 472 1159 quod
489 1081 593 1140 modo:
610 1090 713 1142 certus
723 1101 812 1158 sum3
828 1081 932 1140 modo:
948 1080 1085 1156 confido,
1140 1081 1238 1156 giem,
1271 1083 1351 1160 prior
1377 1091 1477 1142 autem
1504 1083 1614 1156 lectio,
1641 1102 1717 1163 quae
1742 1084 1807 1143 stu
1834 1146 1835 1153 ,

390 1175 493 1227 noster
515 1169 605 1228 vertit
625 1171 781 1248 interpres,
803 1189 841 1228 ne
857 1171 924 1248 quis
940 1168 1021 1227 illins
1038 1187 1084 1227 oc·
1139 1166 1230 1227 hodie
1252 1169 1447 1247 plurimorum
1469 1178 1518 1229 est
1540 1168 1689 1242 codicum,
1714 1190 1807 1230 seusu
1833 1162 1835 1239 i

390 1255 512 1315 cesione
553 1255 760 1315 certitudinem
800 1254 989 1315 infallibilem
1027 1253 1083 1314 hoc
1140 1253 1251 1315 habeut
1273 1264 1412 1334 apertum
1428 1255 1542 1316 otbuic
1564 1259 1631 1317 loco
1656 1258 1835 1347 persomme-l

390 1342 456 1401 loco
480 1349 566 1421 putet
589 1342 759 1421 significari,
783 1342 891 1416 videat,
915 1361 994 1421 quse
1009 1340 1085 1400 dixi·
1141 1339 1228 1416 dum,
1250 1362 1310 1402 nou
1332 1341 1430 1414 video,
1454 1362 1506 1402 cur
1522 1344 1561 1404 ab
1577 1364 1614 1404 ea
1635 1342 1809 1404 nobissitre
1833 1352 1835 1427 l

390 1428 761 1490 musadilludRom.8.:
781 1430 1085 1501 concrementur,
1141 1428 1313 1488 cedendum.
1833 1434 1835 1507 ζ

390 1517 468 1592 quio
491 1535 592 1592 neque
616 1535 701 1576 mors
716 1523 770 1575 etc.
796 1516 907 1595 Neque
924 1515 1001 1574 euim
1018 1515 1087 1593 plus
1186 1517 1234 1575 19.
1257 1516 1407 1590 Amplius
1422 1523 1526 1575 autem
1547 1517 1703 1592 deprecor
1717 1518 1812 1577 uerba
1834 1522 1835 1533 ¹

392 1602 578 1664 certitudinis
601 1604 650 1663 hic
673 1602 730 1661 eibi
747 1602 890 1664 vendicet
913 1601 1087 1680 Apostolos,
1139 1603 1258 1680 foece-e,
1274 1621 1336 1678 quo
1349 1602 1479 1662 celerius
1490 1606 1645 1663 restituar
1657 1603 1746 1664 vobis
1759 1602 1813 1662 Pro·

392 1708 482 1770 quem
503 1692 534 1750 in
557 1709 592 1749 eo
615 1691 690 1761 loco,
714 1689 766 1750 ubi
788 1690 877 1750 dicit:
908 1689 995 1751 Nihil
1011 1691 1088 1748 milti
1143 1709 1249 1748 nomen
1264 1708 1317 1748 uos
1329 1709 1388 1748 nou
1400 1691 1578 1768 exprimitur
1594 1692 1626 1751 in
1642 1685 1812 1759 Graecussl

392 1779 627 1852 consererem,
649 1777 702 1838 scd
717 1795 785 1836 nou
811 1776 1087 1852 inbocjustiflea·
1144 1777 1328 1856 intelligitur.
1374 1775 1473 1835 Aliam
1503 1775 1590 1837 addit
1620 1797 1753 1850 cauum,
1776 1794 1813 1835 cu

393 1863 704 1937 tursum,1(lor.4.
733 1864 823 1942 Quod
839 1864 953 1925 etaB.
970 1863 1090 1923 'I'lroma
1144 1873 1235 1941 petat,
1259 1871 1293 1921 ut
1315 1882 1370 1942 pro
1386 1871 1526 1923 eeorent.
1551 1865 1703 1941 Amplius
1721 1871 1813 1936 mun,

394 1949 555 2031 diligenter
569 1959 740 2012 annotatum
757 1959 811 2010 est.
1144 1951 1249 2027 iuquit,
1275 1949 1332 2008 hoc
1355 1957 1415 2019 est,
1442 1951 1538 2029 megia
1562 1960 1656 2031 atque
1678 1950 1813 2031 impensi!

437 2039 531 2097 Porro
558 2037 638 2117 quod
664 2039 808 2097 Erasmus
837 2047 955 2099 vertere
981 2036 1089 2096 meluit
1144 2038 1268 2096 obsecro
1291 2054 1346 2096 vos
1368 2038 1424 2095 boe
1444 2038 1566 2114 faeere,
1595 2037 1625 2098 id
1649 2046 1695 2099 est
1716 2057 1764 2118 pro
1780 2052 1814 2095 ut

394 2127 425 2185 iu
439 2127 616 2204 praeterito:
639 2124 749 2200 cortlisi
763 2144 881 2199 sumas,
905 2147 965 2184 non
984 2124 1088 2204 probo.
1145 2144 1239 2195 orare,
1263 2126 1432 2200 quesitum
1452 2127 1571 2199 possim
1595 2125 1685 2186 vobis
1699 2124 1813 2197 restituit

395 2213 473 2272 Nem
491 2215 691 2289 praeteritum,
711 2222 771 2271 tum
787 2212 927 2281 medium,
945 2210 1025 2292 qnod
1040 2211 1091 2272 hic
1145 2212 1235 2290 quasi
1251 2210 1347 2269 dicat:
1373 2211 1471 2270 Etiam
1487 2212 1584 2272 vestri
1600 2232 1693 2273 eausa
1708 2216 1813 2291 pem

396 2299 516 2379 legitur,
540 2320 629 2379 quern
651 2301 813 2378 passivum,
838 2298 918 2378 quod
941 2298 972 2358 in
991 2298 1090 2377 Epist.
1144 2318 1199 2377 pro
1214 2317 1260 2358 me
1275 2299 1385 2369 oretis3
1408 2317 1467 2357 nou
1490 2299 1570 2358 enim
1595 2298 1679 2377 apud
1701 2317 1751 2359 vos
1768 2297 1814 2357 im·

394 2385 433 2446 ed
456 2386 540 2445 Rom.
568 2395 599 2446 et
622 2386 708 2460 alibi,
735 2388 796 2445 viru
824 2387 973 2465 quandam
997 2384 1091 2446 hebet
1145 2385 1204 2443 tilis
1220 2403 1279 2456 ero,
1304 2386 1330 2442 si
1346 2383 1430 2443 vobis
1453 2387 1603 2445 restituar.
1635 2386 1726 2446 Vobis
1738 2392 1814 2445 suus
1827 2402 1836 2473 t,

395 2475 572 2554 praesentis,
588 2474 676 2533 etiarn
689 2472 771 2552 apud
784 2482 921 2534 auctores
934 2473 1090 2548 prolan0s3
1144 2469 1297 2551 intellige:
1325 2473 1360 2530 iu
1375 2472 1508 2534 Joeaea
1527 2474 1734 2534 morantibus.
1756 2469 1835 2589 llnp

395 2581 450 2621 uec
465 2561 552 2620 aliter
566 2561 598 2621 id
621 2567 775 2640 exponunt
797 2559 876 2620 ducti
900 2561 1088 2639 interpretes.
1145 2559 1283 2636 Epistola
1305 2558 1344 2617 od
1366 2557 1523 2619 Hebraeos
1550 2560 1667 2640 scripte
1693 2578 1749 2637 quo
1769 2574 1832 2638 ptr·

397 2647 596 2707 Perticulem:
613 2650 649 2707 irs
665 2647 821 2721 omnibus,
838 2640 868 2704 ἐν
881 2648 965 2721 πᾶσι,
982 2647 1091 2709 Graeci
1146 2645 1271 2706 terenda
1287 2652 1360 2715 erat,
1376 2646 1434 2706 nisi
1448 2647 1479 2706 in
1494 2646 1674 2707 Judaeum?
1695 2646 1768 2708 Dicit
1780 2660 1815 2702 tt·

396 2733 647 2814 praecedentibus
665 2735 804 2812 jungunt‚
833 2744 863 2794 et
887 2734 926 2793 ed
950 2753 1092 2813 personas
1146 2742 1204 2792 tem
1229 2733 1376 2806 celerias,
1404 2734 1478 2812 quie
1500 2734 1596 2793 multo
1618 2734 1686 2813 jam
1707 2743 1813 2813 tenpus

303 2846 307 2857 ·
397 2819 538 2880 referunt.
561 2822 618 2881 Est
634 2822 710 2881 enirn
727 2829 787 2878 tam
804 2822 834 2879 iu
851 2820 977 2893 Graeco,
1001 2841 1092 2897 quom
1146 2819 1184 2880 ab
1202 2818 1262 2878 illis
1279 2818 1426 2879 abfuerat.

398 2909 428 2967 iu
451 2906 562 2968 Latino
589 2928 683 2988 genus
703 2906 885 2987 ambiguum.
918 2907 1022 2990 Itaque
1048 2907 1091 2967 fe·
1189 2907 1284 2967 Porro
1311 2906 1448 2967 nonnulli
1474 2925 1512 2966 ex
1539 2905 1650 2967 verbo:
1681 2910 1814 2976 restim,

399 2996 480 3055 ciunt
494 2994 575 3055 hunc
597 3015 732 3055 sensnm:
756 2995 948 3064 confidimus,
970 3015 1025 3056 uos
1042 2997 1090 3055 hs·
1147 2994 1298 3073 colligunt,
1315 2995 1457 3073 seriptum
1474 3013 1539 3052 esse
1555 3015 1593 3056 ex
1607 2995 1744 3054 vinculis.
1759 2991 1817 3052 tin

398 3083 470 3143 bere
483 3080 592 3142 bonam
609 3082 822 3143 conscientiam
840 3085 917 3143 iuter
932 3102 1045 3154 omues,
1062 3082 1093 3142 id
1147 3083 1249 3152 vineti,
1266 3100 1334 3139 cum
1350 3080 1527 3152 liberentur,
1551 3083 1617 3141 suis
1633 3083 1816 3142 restituuutt·

400 3178 455 3241 est,
478 3190 537 3229 non
553 3168 649 3230 solum
673 3171 749 3230 iuter
767 3170 904 3248 gentiles,
927 3169 979 3230 sed
1003 3170 1094 3229 etiarn
1147 3167 1207 3229 Sed
1236 3187 1341 3247 parum
1372 3168 1457 3227 firma
1484 3167 1623 3228 collectio
1655 3178 1708 3229 sst-
1741 3161 1835 3248 Parit,

400 3254 480 3336 apud
496 3276 567 3328 νοις
590 3267 623 3315 nt
646 3258 698 3337 qui
721 3277 781 3316 nou
804 3258 927 3336 possitis
950 3259 1095 3334 ignorare,
1148 3256 1225 3314 enim
1246 3256 1458 3315 restituendas
1480 3253 1610 3335 intelligi
1634 3263 1732 3336 potest
1750 3274 1767 3313 a
1784 3247 1835 3328 nl

401 3363 491 3422 quam
518 3344 592 3404 nihil
617 3364 761 3424 umquam
787 3365 842 3424 per
864 3346 1019 3404 avaritiam
1044 3352 1096 3402 eut
1148 3343 1252 3422 gotiis,
1279 3343 1390 3421 quibus
1418 3341 1620 3402 detinebatur.
1656 3337 1835 3422 Qmmquni

400 3430 585 3511 hypocrisim
608 3451 627 3491 a
649 3451 696 3490 me
719 3430 830 3490 iactum
857 3431 896 3489 sit
923 3432 953 3491 iu
979 3431 1095 3510 praedi·
1149 3438 1177 3488 et
1200 3429 1377 3504 simpliciter
1400 3430 1511 3507 exponi
1533 3436 1644 3508 potest
1673 3431 1778 3501 Orate,
1794 3387 1836 3490 di

402 3518 498 3580 sendo
513 3518 571 3578 Dei
584 3520 684 3578 verbo.
709 3519 806 3598 Igitur
817 3517 871 3577 bos
884 3519 988 3583 secuti,
1004 3518 1095 3578 liras·
1149 3518 1309 3589 restituor,
1333 3516 1364 3576 id
1388 3525 1434 3576 est
1454 3513 1567 3575 reldsr
1589 3518 1689 3588 vobis,
1710 3511 1835 3652 tereth-p

401 3606 1094 3666 musetHenteuiusvertcrunt:inter-omncs.
1150 3603 1188 3663 ed
1205 3623 1266 3663 vos.
1296 3604 1369 3664 Nou
1385 3605 1468 3664 cuim
1486 3610 1530 3662 cst
1544 3605 1685 3665 bominis
1700 3605 1835 3678 viatim„

444 3691 557 3752 Verum
580 3712 646 3752 meo
666 3691 779 3769 jndicio
803 3693 912 3751 rectius
932 3693 1032 3753 Latini
1049 3711 1094 3752 se·
1150 3691 1261 3752 Jerem.
1285 3692 1350 3765 10.;
1380 3690 1432 3751 sed
1460 3691 1597 3751 Domini
1620 3699 1684 3768 cst,
1710 3681 1835 3772 (ΜΝ

402 3779 562 3860 quentibus
588 3786 759 3849 annectunt,
782 3787 812 3838 et
834 3780 870 3839 de
892 3780 981 3840 rebus
1004 3798 1094 3859 expo·
1148 3796 1270 3855 yseram
1284 3783 1360 3853 cjrts,
1377 3779 1465 3838 Prov.
1484 3778 1532 3837 16.
1549 3778 1642 3858 Quod
1659 3780 1685 3840 si
1701 3775 1835 3844 scribsit

400 3874 484 3938 nunt,
500 3866 557 3925 boc
571 3865 675 3925 modo:
700 3867 742 3925 ln
757 3865 911 3940 omnibus,
930 3865 961 3925 id
977 3875 1028 3937 est,
1044 3886 1097 3943 per
1149 3886 1165 3925 e
1187 3883 1315 3936 carcerc,
1338 3864 1450 3926 iaceret
1473 3872 1609 3945 apertam
1634 3866 1702 3944 ejus
1723 3847 1835 4004 moab]

401 3950 776 4014 omniestudentesbeue
799 3954 1096 4024 convenerimus
1148 3971 1231 4021 nem,
1262 3953 1341 4012 sicut
1368 3954 1397 4011 in
1424 3951 1493 4011 aliis
1520 3953 1661 4014 omuibus
1689 3946 1828 4033 ltpiruie.

401 4038 539 4118 cuiquem
552 4038 640 4099 dictis
652 4047 705 4099 aut
716 4038 802 4099 fectis
814 4041 888 4099 meis
903 4039 997 4098 ullum
1010 4059 1094 4120 pree·
1148 4058 1224 4118 quas
1240 4056 1258 4097 e
1273 4057 1393 4099 carcere
1407 4039 1496 4098 misit
1829 4005 1835 4122 i

400 4124 487 4185 beorn
504 4123 723 4186 offendiculum.
746 4126 796 4187 Sic
811 4127 852 4185 eit
870 4132 883 4185 1
899 4126 965 4187 Cor.
986 4128 1042 4196 10,
1061 4145 1095 4186 se
1191 4124 1314 4185 Rectine
1343 4145 1381 4185 ex
1412 4123 1518 4184 eodem
1550 4123 1607 4185 hoe
1636 4124 1704 4188 loco
1731 4117 1835 4200 ooliab!

397 4215 583 4289 peremnia
598 4213 896 4289 onntoeeptecere,
912 4233 979 4275 non
996 4232 1094 4290 quoc-
1149 4208 1325 4289 Csjetanns,
1341 4220 1494 4271 auctorem
1509 4210 1602 4289 hujus
1619 4210 1767 4289 Epistulas
1775 4195 1835 4270 liei

401 4299 518 4371 rende,
546 4299 632 4375 quod
656 4300 715 4359 eibi
740 4302 817 4360 utile
842 4302 900 4373 sit,
931 4301 984 4361 sed
1009 4299 1095 4376 quod
1149 4295 1270 4356 braeum
1287 4317 1362 4369 esse,
1385 4307 1414 4357 et
1436 4296 1564 4378 proinde
1584 4296 1766 4360 Clementem
1777 4271 1835 4372 Ui

400 4386 667 4459 monumentor·
682 4387 770 4461 tlont.
794 4385 1093 4447 Huuesensnmred·
1149 4405 1207 4444 non
1235 4402 1336 4462 posse.
1367 4382 1443 4445 (lum
1471 4385 1549 4444 euius
1576 4384 1670 4446 dicit:
1697 4385 1765 4447 rctt'

400 4470 477 4531 didit
501 4472 596 4551 Syrus
626 4475 788 4553 interpres,
819 4474 888 4533 dum
916 4474 960 4532 ita
989 4474 1095 4532 vertit:
1151 4471 1245 4544 vebis,
1270 4470 1422 4532 decorum
1438 4479 1527 4551 geute
1543 4491 1575 4533 se
1592 4491 1672 4543 sese,
1688 4463 1830 4552 sigulfi

402 4558 700 4632 Oootctmoreum,
714 4559 800 4636 quod
811 4560 1096 4620 couscientiobono
1149 4557 1239 4636 Quod
1261 4578 1332 4618 rere
1348 4556 1512 4637 cajetanus
1536 4557 1631 4628 addit,
1655 4558 1730 4620 haec
1749 4527 1835 4622 mhi

400 4647 441 4702 sit
455 4645 554 4719 nobie,
572 4651 648 4723 quio
663 4650 698 4706 in
712 4649 1002 4722 omnirccupimas
1018 4647 1095 4706 oenc
1148 4666 1206 4703 non
1223 4665 1333 4705 sonare
1349 4643 1487 4716 Paulum,
1510 4665 1598 4724 quem
1620 4645 1759 4713 Hebrsui,
1775 4625 1835 4703 *i

404 4735 531 4789 cneori
554 4732 709 4793 Annotsut
723 4732 913 4813 Stapuleusis
930 4741 961 4793 et
976 4732 1095 4810 steta·
1148 4741 1254 4790 ventes
1271 4729 1390 4810 legalis,
1414 4751 1474 4791 nou
1494 4731 1715 4811 exspectabant
1729 4729 1779 4792 sibl
1788 4727 1835 4786 83

402 4833 473 4884 uus,
500 4814 631 4879 Graecos
657 4819 776 4879 codices
804 4820 942 4894 variar03
968 4840 1037 4878 narn
1064 4820 1095 4878 in
1149 4818 1343 4889 stituendum,
1360 4838 1450 4896 quum
1466 4817 1586 4878 Paulus
1601 4817 1640 4879 ad
1657 4811 1835 4948 emdsfflp

403 4898 470 4957 aliis
483 4899 559 4979 legi:
582 4897 706 4981 ἔχομεν,
723 4906 882 4979 babemus,
900 4909 1014 4985 primus
1029 4923 1094 4985 per
1148 4924 1248 4962 eornm
1261 4923 1367 4964 manus
1377 4903 1539 4966 Caesarem
1552 4887 1822 4984 appellusstrffl

404 5002 506 5057 conce,
522 4987 552 5048 iu
568 4989 652 5052 aliis:
668 4986 772 5070 ἔχιτε,
789 4991 918 5069 bebetis,
935 4991 1094 5056 secundus.
1148 4991 1246 5053 solida
1268 4992 1442 5073 conjectura
1465 5000 1519 5053 est.
1543 4990 1626 5054 Nam
1647 4990 1688 5054 ad
1708 4987 1819 5057 tem
