4442 5825
389 578 467 663 414
911 498 1328 631 commissurus.

389 767 452 830 quo
465 745 665 827 significatum
678 747 733 820 sit,
758 746 919 809 Ecclesiae
932 750 1088 811 ministres
1141 749 1220 811 dono
1236 747 1372 828 pellendi
1386 747 1516 809 morbos.
1541 747 1630 829 Quae
1645 749 1712 811 ruffi

389 834 502 897 debers
517 833 680 915 Evangelii
694 835 919 913 praedications
938 836 1088 899 consolari
1141 836 1202 909 dit,
1231 838 1347 897 etiamsi
1375 834 1471 914 (qnod
1498 834 1623 915 quidam
1648 842 1712 899 asab

391 921 551 998 infirmum,
567 929 601 981 ut
614 919 672 981 hoc
686 923 737 995 sit,
764 941 876 1002 ungere
891 942 960 984 eum
975 923 1041 985 oleo
1056 925 1087 983 in
1140 919 1260 999 volunt)
1273 921 1444 1003 presbyteri
1454 922 1668 1002 intelligantur
1677 942 1712 985 au

390 1009 510 1070 nomiae
536 1007 676 1082 Domini,
702 1027 825 1088 aegrum
850 1009 931 1070 illius
955 1011 1087 1072 animum
1142 1012 1294 1083 seniores,
1310 1020 1363 1069 sut
1377 1009 1522 1088 primores
1539 1010 1571 1070 iu
1586 1009 1705 1089 populo.

390 1095 476 1156 verbi
500 1095 653 1155 Dominici
680 1096 832 1156 suavitate
862 1095 997 1158 delinire.
1036 1098 1089 1160 Sic
1185 1098 1310 1169 Tertio,
1329 1097 1401 1175 quia
1416 1095 1551 1170 loquitur
1566 1097 1712 1178 Apostolu

389 1182 435 1243 illi
450 1181 655 1242 commenticio
670 1187 771 1261 tropo,
798 1182 849 1262 qui
872 1202 937 1243 mos
958 1193 1003 1244 est
1017 1183 1085 1244 hae·
1140 1184 1223 1245 firmo
1239 1184 1330 1244 iratre
1345 1201 1399 1242 seu
1421 1181 1505 1242 fideli
1528 1184 1608 1243 inter
1631 1182 1712 1245 lidels

389 1269 556 1341 reticorum,
572 1286 692 1329 curare
703 1269 839 1329 nituntur
852 1267 964 1331 Christi
978 1270 1085 1331 Sacra·
1141 1271 1250 1351 gendo.
1286 1269 1382 1349 Atqui
1403 1269 1619 1331 miraculorum
1638 1289 1711 1331 usus

389 1363 531 1417 mentum.
563 1355 659 1435 Atqui
681 1356 828 1435 tropicum
850 1356 930 1417 hune
957 1376 1087 1432 sensum,
1141 1379 1222 1418 mum
1253 1364 1317 1417 erat
1346 1356 1386 1416 ad
1424 1354 1666 1417 convertendum
1698 1357 1711 1418 i

392 1450 424 1504 ut
437 1440 539 1503 nullus
552 1442 679 1503 Patrem
702 1444 841 1519 agnovit,
868 1444 911 1502 ita
933 1443 1026 1524 plane
1041 1464 1086 1504 re·
1142 1444 1293 1524 Quocirca
1308 1441 1429 1514 Paulus,
1441 1445 1494 1522 qui
1510 1451 1628 1523 patrem
1641 1443 1712 1505 Pub?

390 1529 469 1609 ugit
482 1526 662 1607 simplicitas
683 1528 842 1590 verborum
858 1529 1013 1608 Apostoli,
1036 1532 1088 1611 qui
1141 1531 1199 1592 bus
1214 1539 1245 1592 st
1260 1530 1433 1610 dysenteria
1455 1538 1601 1590 vexatum
1616 1550 1712 1593 samu

389 1616 497 1695 utique
510 1615 689 1693 proscipere
702 1616 770 1677 vult
791 1614 922 1696 aliquid,
946 1616 1027 1697 quod
1043 1620 1087 1679 in·
1142 1616 1252 1692 ultim,
1295 1617 1479 1676 milesimum
1517 1625 1620 1677 tamen
1650 1617 1712 1679 'I'iu

389 1701 514 1765 telleotu
529 1703 570 1761 sit
584 1700 723 1777 obvium,
749 1701 997 1782 quemadmodum
1013 1713 1043 1765 et
1057 1706 1088 1765 in
1143 1725 1246 1776 suum,
1270 1702 1415 1764 stomachi
1430 1703 1506 1764 vitio
1523 1722 1559 1763 ac
1579 1703 1712 1785 freqth

391 1786 643 1870 praecedentibus
666 1786 753 1862 iecit,
779 1795 810 1849 st
832 1790 862 1850 in
884 1792 1088 1871 sequentihus.
1143 1790 1334 1852 firmitatibus
1357 1789 1536 1861 obnoxium,
1561 1809 1621 1851 non
1640 1792 1713 1851 mirr

390 1877 454 1937 Hic
482 1883 582 1935 autem
610 1882 715 1954 tropus
751 1877 932 1937 sententiam
966 1897 1089 1958 prorsus
1141 1881 1252 1952 stituit,
1279 1875 1387 1939 esdad
1410 1877 1550 1937 naturale
1577 1876 1712 1939 remedie

392 1964 548 2038 obscurat3
562 1962 692 2024 mamma
707 1963 788 2042 quod
804 1963 944 2024 insolitus
960 1966 1015 2039 eit,
1035 1985 1087 2026 ue·
1146 1967 1255 2027 lTim.
1271 1963 1320 2040 b,
1342 1972 1377 2023 ut
1398 1983 1454 2025 nec
1473 1962 1712 2044 Epaphroditum

392 2070 453 2132 que
468 2067 507 2108 ex
523 2048 584 2108 ullo
600 2048 661 2109 alio
677 2049 851 2128 Scripturas
869 2048 935 2111 loco
950 2051 1088 2130 probabi·
1143 2063 1258 2114 tantem
1276 2069 1371 2130 usque
1392 2049 1431 2111 ad
1455 2059 1597 2126 mortem,
1623 2051 1704 2112 Phil

392 2139 430 2199 lis
444 2133 597 2199 reddatur.
618 2135 696 2196 Nam
710 2136 793 2217 quod
808 2137 938 2198 ablarco
953 2137 1089 2211 ruiertur,
1144 2139 1341 2220 Trophimum
1355 2136 1453 2197 Mileti
1465 2137 1615 2199 infirmum
1626 2157 1647 2198 s
1657 2157 1712 2201 ser

392 2223 566 2287 historicum
582 2241 666 2295 essa,
689 2242 725 2283 ac
740 2225 804 2285 sine
820 2235 905 2304 tropo
921 2224 1088 2306 intelligen·
1144 2227 1261 2291 hTim.
1285 2226 1332 2300 4.;
1359 2225 1497 2304 quamvis
1524 2223 1661 2286 homiues
1687 2226 1712 2287 Ε

392 2311 477 2385 dum,
496 2311 574 2370 inter
587 2329 689 2371 omnes
705 2318 831 2371 constat
1143 2312 1328 2375 necessarios
1350 2329 1404 2390 per
1425 2309 1606 2372 miraculum
1620 2311 1712 2375 sihis

434 2397 542 2458 Restat
557 2416 593 2457 ea
607 2397 830 2476 interpretatio,
846 2417 955 2477 quam,
969 2409 1089 2460 auctore
1143 2399 1338 2462 existimavit

392 2483 538 2553 Calvino,
565 2483 652 2544 multi
674 2486 871 2546 sectariorum
891 2494 1001 2548 tenent.
1036 2486 1089 2547 Di·
1188 2486 1320 2566 Quarto,
1340 2484 1424 2564 qnia,
1450 2482 1535 2562 quod
1548 2483 1712 2564 generalitt

393 2580 464 2637 cunt
477 2571 570 2643 enim,
590 2570 738 2633 Jaeohum
753 2570 931 2653 Apostolum
946 2572 1028 2653 loqui
1043 2592 1089 2634 se·
1143 2576 1223 2635 mino
1239 2573 1336 2633 iuerat
1351 2572 1530 2651 promissum
1543 2572 1575 2631 in
1591 2589 1626 2632 se
1636 2568 1712 2632 cred·

393 2657 520 2724 eundum
536 2676 573 2717 ea
587 2665 737 2738 tempera,
759 2658 868 2737 quibus
892 2658 992 2720 adhue
1005 2659 1088 2738 rige·
1143 2663 1248 2737 Super
1262 2677 1373 2735 scyros
1388 2676 1503 2720 mones
1519 2660 1691 2735 imponent
1697 2702 1707 2733 ,

392 2748 447 2809 hat
470 2747 500 2807 in
525 2744 665 2807 Ecclesia
690 2744 802 2807 donum
829 2747 1005 2807 sanationis
1043 2744 1089 2806 llo
1144 2747 1320 2821 habebunt,
1337 2746 1431 2805 Marci
1447 2744 1516 2820 ult,
1544 2746 1577 2807 id
1592 2766 1654 2807 nen
1668 2743 1712 2808 del

393 2851 526 2914 namque
540 2829 700 2893 manifeste
724 2833 891 2913 pertIuere,
913 2831 995 2914 quod
1011 2832 1089 2894 llar-
1143 2834 1279 2897 Jacobus
1301 2843 1354 2893 aut
1376 2840 1505 2906 mutare,
1533 2832 1649 2894 autad
1671 2853 1711 2893 un

367 2914 446 2984 'cus
460 2918 568 2982 scribit
589 2918 628 2980 de
651 2921 782 3000 aegrotis
803 2921 942 2982 unctione
965 2920 1024 2982 olei
1043 2940 1089 2981 sa·
1144 2924 1204 2984 olei
1218 2922 1413 3001 restringere,
1441 2921 1468 2981 si
1488 2918 1527 2981 ds
1546 2920 1613 2981 sola
1633 2940 1712 3001 agen

393 3010 483 3072 natis.
506 3006 709 3086 Posteaquam
724 3027 796 3067 vero
809 3006 920 3068 donum
935 3006 1012 3068 illud
1027 3027 1089 3069 oss·
1144 3013 1226 3071 tione
1241 3007 1398 3088 corporali.

394 3096 489 3170 savit,
514 3092 608 3154 stulte
627 3112 664 3154 ac
685 3092 810 3155 ridiculo
830 3114 884 3155 uos
905 3114 1010 3175 agere,
1037 3096 1091 3174 qui
1187 3097 1352 3169 Postremo,
1365 3113 1432 3155 oum
1443 3101 1563 3154 caetera
1575 3101 1712 3176 praecept

394 3186 481 3246 ritum
498 3180 580 3243 illum
596 3181 762 3254 unctionis,
777 3189 881 3262 utpote
892 3182 957 3257 jam
972 3183 1090 3244 inanem
1144 3202 1273 3264 cumque
1294 3181 1386 3242 tradit
1403 3182 1434 3241 in
1455 3181 1514 3241 hae
1535 3181 1648 3261 Epist,
1675 3201 1712 3262 ps

395 3280 425 3333 st
439 3269 590 3342 inutilem,
611 3265 710 3328 adhuc
730 3268 920 3331 retinendum
942 3278 1090 3349 putemus.
1145 3270 1186 3333 ad
1200 3271 1331 3331 omnium
1346 3278 1516 3348 temporum
1532 3267 1712 3330 Christianae

394 3358 489 3440 Igitur
502 3357 631 3420 Beatum
642 3354 791 3417 Jacobum
804 3358 1038 3437 interpretantur
1052 3354 1091 3417 ds
1145 3356 1233 3418 modo
1255 3355 1400 3417 credibile
1422 3362 1481 3428 est,
1507 3354 1566 3416 boo
1589 3374 1684 3418 unum
1708 3369 1712 3413 ι

394 3446 537 3508 uuotioue
570 3442 644 3516 olei,
680 3462 741 3522 qua
768 3443 932 3506 sanabatur
955 3444 1091 3504 infirmus
1145 3440 1305 3519 Calvinus)
1320 3442 1532 3522 temporarium
1548 3461 1627 3517 esse,
1642 3444 1712 3504 etsi

393 3531 595 3614 pergratiam
619 3530 796 3603 curationis,
822 3551 883 3610 qua
909 3530 994 3591 multi
1020 3536 1091 3591 tunc
1145 3531 1266 3593 saeculi.
1311 3529 1421 3610 Itaque
1458 3530 1564 3589 merito
1603 3549 1712 3594 commr

394 3617 524 3699 praediti
553 3625 648 3678 erant
686 3615 748 3697 Qui
778 3618 1007 3679 commentarius
1033 3617 1092 3677 etsi
1144 3617 1225 3679 hunc
1247 3636 1391 3697 expresse
1413 3613 1616 3677 damnandum
1640 3636 1712 3680 cans

394 3706 463 3787 plus
487 3703 603 3782 aliquid
629 3704 736 3766 coloris
762 3703 887 3777 habeat,
915 3724 1004 3784 quam
1032 3703 1091 3765 due
1146 3702 1555 3784 dentflyuodnssess.14.
1583 3723 1651 3786 cap.
1669 3709 1698 3769 3.

395 3793 577 3872 superiores,
603 3792 725 3871 optimis
740 3798 841 3853 tamen
862 3790 1033 3853 rationibus
1047 3810 1092 3852 re·
1145 3792 1276 3855 Sacram.
1294 3799 1445 3851 extremae
1460 3791 1622 3865 unctionis,
1637 3802 1666 3853 et
1680 3807 1712 3853 st

394 3878 518 3942 fallitur.
1188 3879 1283 3940 Porro
1309 3878 1478 3938 testimonia
1499 3876 1645 3951 Petrum,
1675 3896 1712 3958 qr

438 3967 586 4039 Primum,
603 3968 677 4046 quia
691 3966 790 4046 gratia
805 3966 982 4040 sanationis,
998 3973 1093 4044 utque
1145 3985 1250 4028 sacrae
1280 3966 1428 4026 unctionis
1457 3972 1613 4043 tamquam
1639 3963 1712 4026 Ecel

394 4054 426 4115 in
440 4054 613 4114 uuiversum
628 4054 728 4133 gratia
749 4054 963 4114 miraculorum
984 4070 1092 4113 nense
1145 4052 1332 4114 sacramenti
1346 4052 1559 4123 meminerunt,
1578 4053 1607 4112 si
1623 4053 1712 4131 quisi

396 4137 580 4201 extendebat
595 4137 634 4198 sd
649 4138 773 4201 effeetus
785 4140 968 4219 spirituales,
983 4138 1036 4200 sed
1051 4136 1091 4200 ad
1146 4160 1182 4202 so
1205 4139 1329 4219 plurima
1351 4138 1511 4218 diligenter
1534 4145 1566 4197 et
1588 4139 1696 4200 ordine

395 4225 565 4306 corporales
580 4224 738 4289 duntaxat.
772 4227 859 4290 Haeo
873 4236 975 4289 autem
990 4226 1091 4287 unctio
1145 4228 1275 4307 reperiet
1297 4226 1379 4305 apud
1396 4226 1588 4285 &meierum
1604 4225 1712 4288 Ferae

395 4311 581 4396 spiritualem
603 4310 741 4374 effectum
768 4314 882 4375 infirmo
909 4311 1092 4386 conferebat,
1144 4315 1176 4375 in
1191 4322 1346 4375 comment.
1372 4313 1431 4373 loci
1447 4313 1620 4393 praesentia
1657 4311 1712 4376 rtet

395 4410 429 4465 ut
444 4420 483 4463 ex
497 4397 695 4480 sequentibus
709 4409 803 4479 patet
1145 4402 1206 4461 ciat
1221 4420 1261 4462 ex
1284 4401 1461 4482 antiquitate
1481 4417 1573 4458 unum
1596 4418 1635 4459 ao
1649 4416 1712 4480 pras

437 4487 565 4561 Deinde,
580 4485 652 4566 quia
663 4484 828 4549 divisiones
838 4489 1000 4567 gratiarum
1013 4493 1091 4559 sunt,
1146 4486 1305 4562 indicasse,
1317 4486 1462 4548 Sanctum
1473 4483 1712 4548 videlicstlnnot

394 4595 473 4656 quas
488 4581 630 4656 operatur
644 4592 721 4634 unus
742 4583 836 4653 atque
858 4572 937 4636 idem
958 4574 1092 4654 spiritus,
1145 4575 1262 4654 Papam
1277 4575 1343 4653 ejus
1359 4573 1486 4635 nominis
1504 4572 1644 4650 primum,
1657 4572 1712 4636 Sar

396 4661 534 4725 dividens
550 4659 695 4741 siugulis,
718 4667 807 4742 prout
822 4658 903 4734 vult,
927 4661 1024 4724 lcor.
1043 4665 1091 4722 12.
1145 4661 1264 4741 guetino
1278 4659 1484 4739 synchronon,
1501 4660 1601 4737 quiin
1617 4660 1712 4739 epira

394 4749 462 4810 Nec
490 4751 583 4831 igitur
611 4746 670 4808 soli
696 4748 882 4828 presbyteri,
908 4767 963 4810 nec
989 4766 1092 4809 omnes
1145 4749 1274 4810 contium
1287 4748 1521 4826 Euguh.hlpisc
1536 4745 1712 4812 dehoedas

397 4837 522 4916 gratiam
538 4835 702 4897 sanationis
716 4834 878 4898 habehant
914 4834 1018 4914 Quare
1033 4856 1093 4896 non
1146 4838 1271 4914 ejusque
1285 4837 1343 4895 ritu
1359 4855 1396 4896 ac
1406 4835 1550 4908 ministro,
1567 4835 1712 4898 ceored«

397 4919 553 4984 dicendum
577 4921 697 4984 fuisset:
723 4926 873 4985 Accerset
896 4923 1093 5000 prestmeade
1145 4922 1376 5003 pertinentibus,
1406 4928 1545 4981 accurate
1576 4925 1712 5001 pensa

396 5005 576 5104 Ecclesiam
601 5008 672 5072 sed:
697 5009 779 5087 Eos,
805 5008 860 5094 qui
881 5007 1011 5091 praediti
1025 5016 1094 5070 suut
1145 5030 1256 5073 norum
1276 5008 1393 5100 ahquid
1414 5007 1593 5086 instituens,
1620 5005 1712 5076 aad!
