4442 5825
609 595 1059 656 mnrmmrsmnrouutm
1089 599 1219 655 unse
1555 599 1627 671 σοι

392 795 523 859 poenam
544 783 706 838 morentur.
742 773 886 853 Sequitur
938 775 993 851 bis,
1009 783 1046 836 ut
1060 793 1130 838 nen
1141 776 1283 852 pennu.
1306 774 1368 836 Seri
1383 775 1453 834 etsi
1472 773 1543 850 quis
1557 789 1630 848 pec-

371 863 454 925 rodus
470 883 507 925 ex
523 865 620 942 priori.
650 861 729 920 Nem
752 862 778 920 si
800 881 883 921 num·
937 865 1067 938 cenent,
1088 864 1283 924 aduocatum
1297 861 1457 935 tutemus,
1473 867 1527 919 etc.

371 970 391 1012 ,e
415 953 455 1012 sit
476 958 660 1030 expurgatus
681 948 712 1006 in
738 947 794 1008 hee
820 949 885 1008 vita
979 948 1022 1008 At
1036 969 1109 1010 vero
1126 968 1231 1011 sensus
1246 951 1303 1009 iste
1326 947 1480 1027 praesenti
1497 945 1562 1005 loco
1577 945 1631 1004 mi·

371 1045 464 1111 totus,
491 1056 607 1116 semper
631 1035 723 1113 igitur
748 1042 885 1095 remanet
936 1036 1016 1096 nime
1028 1036 1143 1097 sufficit
1158 1036 1236 1096 Nam
1249 1035 1414 1115 Apostolus
1426 1033 1525 1093 adhuc
1538 1032 1633 1109 exigit

371 1134 437 1198 ctus,
464 1125 554 1184 etiam
580 1125 610 1184 in
635 1120 753 1181 homine
779 1140 883 1182 recens
937 1121 1160 1184 confessionem
1185 1131 1395 1202 peccatorum,
1425 1141 1460 1180 ac
1490 1119 1632 1200 proponit

381 1210 452 1273 Nou
472 1212 550 1272 eninr
565 1229 620 1290 per
635 1206 814 1287 baptismum
829 1207 883 1267 tol·
937 1228 1021 1290 spem
1037 1211 1145 1270 venies
1160 1229 1199 1269 ex
1213 1209 1410 1289 promissione
1425 1207 1494 1280 Dei,
1515 1205 1630 1265 dicens:

371 1318 388 1371 ι,
405 1299 467 1357 nisi
478 1305 676 1378 peccatorum,
692 1313 816 1376 qnorum
832 1293 883 1355 de·
936 1296 972 1358 st
994 1297 1205 1373 confiteamur
1221 1302 1354 1372 peccatu
1375 1301 1486 1356 nostra
1494 1338 1505 1368 ,
1529 1291 1631 1368 tidelia

381 1383 516 1446 affectus.
537 1382 754 1445 Huncsenenm
769 1384 883 1460 passim
938 1390 981 1442 est
996 1388 1025 1442 et
1035 1385 1151 1458 justus,
1178 1391 1215 1443 ut
1237 1385 1377 1443 remittat
1390 1381 1482 1442 nobis
1499 1385 1631 1458 peccota

373 1469 500 1547 Patres,
523 1477 556 1530 et
575 1470 703 1550 probant
729 1487 769 1527 ex
795 1468 883 1529 dictis
937 1475 1058 1531 nestra.
1084 1471 1232 1549 Loquitur
1245 1489 1317 1549 ergo
1333 1467 1370 1528 de
1385 1467 1518 1547 peccetis
1532 1464 1632 1525 adhuc

371 1557 457 1617 tionis
480 1558 670 1617 Dominioee:
697 1556 761 1615 Per
774 1573 884 1631 prtum,
937 1556 1131 1617 remittendis.
1161 1557 1201 1616 Et
1224 1558 1330 1635 utique
1346 1551 1504 1616 scribitsd
1519 1550 1630 1623 fideles,

371 1646 484 1705 ustinus
498 1642 550 1704 lib.
563 1647 613 1705 ut.
630 1641 669 1702 de
683 1642 806 1702 civitate
817 1642 888 1714 Dei,
938 1643 1046 1722 quibus
1083 1641 1234 1723 originale
1270 1648 1425 1722 peecstnrn
1462 1647 1494 1700 et
1527 1639 1632 1718 gravis

372 1731 464 1792 nebia
484 1731 587 1792 voluit
608 1730 758 1791 Salvator
780 1736 885 1789 osten·
937 1729 1065 1790 actualia
1079 1729 1229 1808 baptismo
1245 1728 1368 1789 fuerent
1390 1727 1521 1789 dimisse.
1559 1724 1633 1785 Vult

371 1818 535 1879 ntumlibet
545 1821 629 1891 juste
643 1817 679 1874 in
693 1817 787 1890 tutam
801 1818 885 1876 vitae
938 1817 1037 1895 igitur,
1052 1823 1085 1876 nt
1099 1814 1198 1877 sdhuc
1214 1816 1408 1877 confiteantur
1423 1813 1550 1874 oflensas
1563 1829 1632 1870 suus

371 1909 438 1981 tqiis
449 1904 634 1981 infirmitate
645 1905 801 1976 uiuamus,
818 1920 885 1963 non
938 1902 1148 1983 quotidisnss3
1172 1901 1423 1982 quemsdmodum
1447 1909 1478 1961 et
1493 1899 1631 1960 Jacobus

371 2010 398 2052 se
410 1997 553 2068 peccata,
571 2008 633 2066 pro
648 1988 761 2066 quibus
776 1990 886 2049 dimit-
937 1989 1112 2067 Apostolus,
1137 1991 1198 2068 qui,
1215 2009 1280 2049 cum
1297 1988 1425 2050 dixisset
1439 2007 1504 2065 cap.
1521 1987 1566 2046 3.:
1590 1987 1633 2046 In

372 2098 480 2139 comus
495 2095 596 2139 orere.
627 2075 686 2137 Sed
702 2075 810 2136 etheo
826 2095 886 2136 ser
937 2078 1045 2138 multis
1059 2077 1251 2155 offendimus
1266 2093 1383 2149 omrtes,
1399 2083 1505 2155 postes
1520 2092 1585 2153 cap.
1602 2071 1631 2130 5.

387 2167 479 2224 citato
495 2165 533 2224 de
548 2164 737 2240 Epiphania
753 2163 887 2223 Domini
938 2162 978 2222 ad
992 2162 1171 2225 offensarum
1188 2163 1404 2223 consessionem
1419 2161 1565 2230 hortetur,
1589 2156 1631 2218 di-

370 2253 469 2312 ninem
490 2252 618 2311 inveniri
634 2251 677 2309 ita
692 2251 850 2310 immunem
865 2268 886 2309 a
938 2268 1026 2309 cens:
1058 2250 1262 2326 Oontltemini
1286 2249 1478 2310 alterutnsm
1502 2251 1633 2322 peccatu

371 2341 404 2398 in
423 2357 458 2398 eo
474 2356 542 2399 non
557 2337 671 2397 habeut
684 2337 747 2397 Dei
761 2338 885 2397 miseri·
937 2344 1050 2396 vestrm

371 2426 432 2486 uod
454 2427 604 2484 remittat.
632 2424 747 2503 Aperta
763 2441 885 2501 quoque
980 2423 1051 2483 Jsm
1064 2441 1136 2483 vero
1153 2441 1192 2482 ex
1209 2420 1313 2482 eodem
1329 2419 1439 2481 Jacobi
1454 2418 1631 2492 testimonio,

371 2521 412 2572 sat
430 2511 586 2571 Innocenti
601 2509 660 2570 111.
683 2508 760 2569 libro
776 2509 804 2568 t.
821 2528 885 2589 my·
939 2528 997 2587 qno
1020 2509 1100 2581 dicit,
1123 2528 1177 2569 nos
1196 2528 1298 2569 omnes
1313 2508 1344 2567 in
1358 2506 1458 2566 multis
1473 2504 1633 2576 offendere,

374 2599 499 2670 missae,
527 2616 591 2676 cap.
609 2597 676 2656 28.:
702 2597 885 2670 Hominem,
938 2598 1011 2655 satis
1037 2605 1182 2676 apparet,
1209 2614 1298 2675 quem
1323 2592 1444 2653 modum
1472 2612 1510 2652 ex
1535 2591 1633 2651 tribus

371 2704 395 2744 ιο
410 2686 477 2745 vitu
500 2685 657 2759 concutit,
682 2700 804 2757 semper·
824 2701 886 2742 esse
938 2682 1086 2760 prioribus
1102 2682 1281 2763 supradictis
1293 2682 1431 2743 Joannes
1444 2679 1634 2760 potissimum

381 2778 519 2848 peccate.
550 2768 640 2851 Quod
662 2777 692 2831 et
713 2770 822 2847 probat
848 2788 886 2830 ex
938 2768 1633 2847 spectaverit3illumnempesecundumquem

370 2857 485 2919 oannis.
939 2875 1024 2916 nemo
1039 2864 1094 2932 est,
1117 2858 1170 2936 qui
1185 2864 1337 2937 peccetum
1353 2874 1413 2915 non
1428 2852 1546 2925 habeut,
1562 2853 1634 2932 quie

370 2944 459 3005 modo
485 2951 607 3025 propter
635 2950 734 3003 aetum
761 2944 887 3023 peccati,
938 2963 999 3003 non
1012 2945 1090 3003 vivit
1106 2945 1172 3004 sine
1187 2941 1368 3023 quotidianis
1380 2961 1416 3002 ac
1427 2939 1635 3021 frequentibus

370 3053 388 3090 n
405 3041 602 3111 praesentem,
624 3028 679 3089 sed
695 3028 885 3111 frequentem
940 3029 1080 3111 peccatis.
1117 3030 1220 3109 Atque
1239 3029 1319 3090 hune
1333 3047 1455 3089 sensnm
1471 3027 1634 3108 explicent,

371 3138 469 3190 anum,
496 3126 527 3178 et
553 3116 771 3197 quodammodo
794 3118 886 3177 conti·
940 3117 1069 3195 aliisque
1090 3117 1262 3197 Scripturas
1283 3116 1464 3177 testimoniis
1483 3113 1635 3175 declarant

371 3225 420 3264 em
436 3204 555 3265 modum
571 3204 765 3265 attenderunt
779 3204 886 3263 Hiero·
941 3206 1045 3264 Patres
1060 3204 1231 3264 Milevitani
1247 3201 1381 3276 concilii,
1403 3203 1498 3264 tribus
1514 3200 1633 3262 canoni·

371 3294 528 3370 ugustiuus
554 3300 586 3351 et
613 3290 665 3350 alii
690 3290 809 3363 Patres,
834 3290 887 3368 qni
940 3291 998 3351 bus
1013 3308 1103 3370 snper
1117 3289 1175 3350 hec
1188 3309 1221 3351 re
1236 3290 1334 3363 editis,
1353 3299 1448 3363 sexto,
1463 3290 1588 3367 septimo
1604 3293 1635 3347 et

371 3377 479 3456 legium
503 3380 700 3457 scripserunt,
723 3380 808 3455 eujus
825 3385 889 3437 erat
941 3384 1056 3438 octavo.
1087 3376 1244 3438 Pertinent
1259 3378 1318 3436 huc
1333 3384 1504 3437 sanctorum
1519 3374 1634 3435 centes·

371 3467 482 3542 justum
506 3464 657 3525 hominem
680 3464 782 3524 vivere
797 3480 888 3542 posse
941 3465 1047 3537 rienes,
1064 3462 1175 3544 quibus
1187 3463 1267 3526 hunc
1278 3460 1423 3543 peccandi
1435 3462 1634 3543 frequentiam

370 3560 416 3625 t03
441 3571 477 3611 ao
498 3553 608 3612 multos
624 3552 732 3623 fnisse,
755 3552 888 3630 quisine
941 3550 1091 3611 humiliter
1114 3552 1145 3610 in
1167 3552 1290 3629 seipsis
1306 3559 1489 3629 agnoscuntq
1513 3558 1547 3608 ut
1561 3547 1634 3608 Hic·

371 3639 488 3698 sissent
941 3656 1086 3717 ronymus
1101 3636 1142 3698 ad
1156 3636 1380 3698 Pammachium
1395 3635 1539 3699 edversus
1555 3654 1634 3695 erro·

371 3722 457 3784 modo
471 3732 592 3805 propter
604 3732 770 3804 peecatum,
786 3724 817 3784 in
828 3743 888 3803 quo
941 3743 988 3785 res
1017 3724 1147 3786 Josnnis
1174 3722 1455 3802 Hierosolymitsni:
1487 3721 1635 3803 Quotidie

371 3832 394 3880 s,
422 3810 472 3870 vel
501 3810 581 3891 quod
610 3817 662 3871 eut
685 3830 764 3891 quse
779 3808 888 3871 deinde
938 3830 1105 3888 peccemus
1120 3828 1238 3886 omnes,
1255 3819 1284 3872 et
1298 3815 1334 3872 in
1349 3813 1458 3888 aliquo
1475 3811 1633 3885 intimum

371 3899 497 3971 risimus,
521 3906 644 3977 propter
665 3917 744 3977 quse
758 3916 834 3976 opus
851 3899 889 3958 sit
940 3896 1118 3960 Ambrosius
1129 3896 1206 3958 libro
1219 3902 1249 3960 4.
1262 3898 1300 3959 tle
1311 3895 1634 3977 sacramentiscap.ti.:

370 3986 426 4043 isto
456 3985 651 4065 propitiatore
677 3994 706 4043 et
730 3982 887 4045 advocato.
941 3986 1004 4063 Qut
1016 4003 1140 4060 semper
1151 4003 1258 4061 pecco,
1275 3985 1370 4046 debeo
1384 4001 1506 4061 semper
1520 3984 1634 4044 nabere

371 4091 409 4130 rm
436 4070 556 4131 modurn
585 4073 732 4131 sententia
757 4071 887 4132 Joannis
941 4072 1143 4146 medicinam,
1157 4070 1506 4152 etinspologisDaviti:
1529 4072 1634 4133 Unus·

371 4156 538 4234 lpeccsts
553 4159 724 4236 praeterite,
747 4160 886 4237 quemvis
940 4161 1070 4236 quiaque
1099 4166 1244 4219 nostrum
1272 4177 1332 4234 per
1359 4159 1504 4234 tinnulus
1539 4160 1635 4218 nores

384 4242 503 4319 delets3
519 4253 554 4303 ut
569 4246 607 4304 sit
622 4262 741 4304 sensus:
770 4244 886 4323 Siquis
941 4263 1037 4321 quern
1059 4245 1163 4306 multu
1186 4245 1366 4323 delinquit!
1392 4243 1582 4325 Augustinus
1603 4245 1635 4304 in

388 4349 448 4389 non
463 4349 621 4409 peccasse,
645 4350 699 4390 uec
713 4333 745 4391 in
760 4338 885 4409 peccato
941 4332 1130 4393 enarratione
1157 4332 1270 4392 Psslmi
1299 4332 1386 4392 128.ι
1417 4333 1452 4394 Si
1480 4333 1635 4393 susciter

371 4418 454 4489 risse,
475 4417 607 4496 ideoque
624 4415 743 4478 Christo
760 4426 886 4495 patrone
939 4419 998 4478 sibi
1012 4419 1158 4480 tundunt
1171 4420 1466 4495 nonsummum,
1486 4425 1634 4496 pcccato-

371 4503 479 4575 rabere‚
503 4512 560 4564 etc.
590 4502 702 4563 Sensus
716 4504 764 4564 hie
779 4504 884 4584 proha·
939 4522 988 4564 res
1017 4513 1100 4566 sunt.
1138 4506 1182 4566 Et
1211 4507 1281 4581 quis
1308 4512 1454 4567 nostrum
1480 4503 1632 4567 nonsibi

371 4609 416 4649 sm
443 4588 538 4649 videri
564 4598 667 4669 posset
689 4610 726 4650 ex
749 4589 884 4651 losicin
938 4591 1046 4652 tundit
1057 4593 1190 4668 pectus?
1212 4590 1379 4671 Gregorius
1395 4590 1447 4653 lib.
1460 4594 1489 4652 4.
1506 4588 1635 4673 epistole

371 4694 387 4734 ι.
428 4674 600 4737 Praecessit
626 4679 704 4737 enirn
731 4679 884 4756 proxime:
939 4682 988 4740 31.
1005 4677 1043 4738 sd
1058 4679 1233 4740 Mauritium
1248 4679 1474 4758 imperatorem:
1497 4680 1542 4741 su
1557 4681 1634 4755 quio

370 4765 488 4825 sJesn
513 4764 630 4825 Christi
652 4764 886 4824 emundatum
938 4767 1151 4842 omnipotenti
1178 4768 1247 4827 Deo
1271 4767 1466 4828 incessanter·
1492 4765 1632 4843 quotidie

371 4856 486 4924 secato,
503 4859 534 4908 et
549 4850 698 4929 sequitur:
714 4850 748 4911 Si
764 4850 884 4912 diutri-
938 4852 1100 4929 delinquo,
1123 4852 1350 4914 incessantibus
1373 4853 1514 4929 quotidie
1527 4853 1633 4930 plnps‘s

371 4938 456 4995 niem
473 4955 541 4997 non
554 4940 756 5012 peccavimus
771 4944 836 5011 ste,
853 4944 885 4997 et
936 4939 1058 5016 ferior3
1081 4938 1255 5000 Bernardus
1278 4939 1407 5017 epistole
1429 4942 1480 5001 24.
1503 4940 1535 5001 in
1558 4939 1633 5000 fine:

371 5023 584 5105 insequentis:
607 5024 697 5086 Haec
709 5023 809 5087 sorite
825 5042 883 5087 uo·
938 5026 1037 5088 Orers'
1055 5044 1120 5107 pro
1142 5045 1191 5087 me
1212 5020 1371 5090 instanter
1387 5027 1533 5115 postulo,
1554 5029 1633 5113 quio
