4442 5825
752 578 917 635 tolsrotre
932 579 972 634 lo
989 577 1154 633 multos.
1170 576 1255 632 VEB&
1272 578 1392 632 22.-2t.
1701 584 1775 653 255

353 758 500 819 urideetis
514 756 671 831 cordibus,
697 760 742 819 ite
765 765 800 818 ut
823 759 854 817 iu
876 757 921 818 eis
943 754 1028 817 nulle
1081 754 1244 834 legendum
1274 753 1413 815 continuo
1446 754 1567 835 spiritu:
1606 755 1650 816 Et
1674 754 1777 819 atton

353 846 792 927 isideetoousoientiepeccsti.
815 845 909 903 Item:
926 843 1028 904 oblati
1080 860 1196 918 corpus
1210 860 1295 919 aquo
1310 841 1434 903 mundo
1450 849 1612 903 teneamus
1627 852 1685 904 ete
1715 843 1777 904 Sed

353 950 444 1013 orpus
463 950 550 1011 aqua
571 933 712 1008 mondo,
739 931 770 991 id
794 941 839 991 eet
863 929 1027 991 mundante
1080 938 1193 1003 totum,
1224 927 1304 1008 quod
1327 927 1497 1007 preecedit,
1522 928 1712 990 relerendum
1738 930 1778 990 sd

353 1022 469 1081 nimum.
504 1017 573 1100 Qus
595 1028 681 1101 perte
695 1019 837 1099 baptismi
860 1036 1027 1077 sacremen-
1080 1016 1220 1093 yerbum:
1243 1015 1436 1077 accedemus.
1471 1016 1578 1098 ltsque
1592 1036 1700 1079 senens
1716 1026 1778 1079 est:

353 1126 390 1168 ιιι
405 1106 567 1187 significet,
582 1108 614 1167 iu
629 1127 690 1186 qno
706 1107 750 1166 sic
763 1123 873 1185 corpus
889 1103 1027 1178 abluitur,
1079 1104 1277 1164 Retineemus
1300 1120 1421 1184 quoque
1451 1122 1518 1163 eem
1543 1123 1626 1184 spem
1650 1113 1682 1165 et
1702 1104 1776 1165 fidu·

353 1213 423 1277 μ,
441 1202 477 1254 ut
490 1212 545 1275 psr
559 1210 627 1253 cem
641 1195 741 1254 suime
755 1190 922 1254 mundetur.
1080 1191 1175 1265 ciem,
1201 1209 1291 1271 quem
1306 1191 1433 1270 prolessi
1448 1210 1549 1251 sumus
1565 1192 1597 1251 iu
1612 1191 1778 1272 bsptism03

367 1280 462 1341 llaec
483 1280 522 1341 de
542 1279 690 1361 beptlemo
714 1279 876 1340 communis
897 1285 943 1337 eet
965 1285 1027 1337 tum
1079 1274 1196 1337 neceb
1226 1296 1264 1336 ee
1287 1276 1472 1358 professione
1500 1297 1554 1358 per
1583 1276 1778 1340 diffidentium

353 1386 534 1439 nouorum,
558 1387 648 1448 quam
669 1368 843 1428 Letinornm
869 1365 1026 1445 expositio.
1080 1362 1281 1439 declinemus,
1304 1383 1364 1424 uon
1379 1364 1501 1425 vacillet
1515 1373 1569 1427 eut
1583 1365 1695 1426 titubet
1708 1384 1777 1446 spes

353 1474 427 1531 ,ιιιιιι
444 1462 521 1535 puto
536 1454 657 1514 omnino
678 1452 881 1525 retinendam,
903 1451 961 1512 boc
975 1470 1026 1530 po·
1080 1459 1191 1510 nostre.
1229 1451 1464 1528 Confessionem
1488 1456 1555 1530 spei
1568 1462 1658 1513 vocet
1679 1455 1778 1532 ipsum

353 1543 479 1603 dmum
495 1550 688 1621 ergumento,
710 1543 784 1621 quie
804 1556 919 1616 corpus
933 1538 1026 1598 nomi·
1078 1536 1148 1596 fidei
1166 1536 1403 1616 contessionem
1427 1558 1487 1600 uon
1503 1537 1583 1620 quod
1599 1538 1690 1601 tidem
1709 1559 1778 1600 cum

353 1636 392 1701 o,
421 1627 507 1709 quod
529 1627 671 1708 bsptisml
692 1626 813 1687 luvscro
832 1644 958 1686 necesse
981 1631 1028 1684 est
1080 1643 1135 1704 spo
1156 1623 1328 1699 contundet,
1350 1640 1383 1686 ut
1411 1627 1533 1687 secwii
1555 1625 1686 1704 lecinut3
1722 1629 1777 1689 sed

353 1714 428 1790 elui,
466 1720 503 1775 ut
530 1717 649 1776 enimse
683 1712 841 1775 mundatio
873 1720 1025 1793 sequetur.
1080 1713 1168 1793 quie,
1199 1713 1307 1793 quiin
1329 1712 1477 1794 bsptismo
1499 1713 1590 1775 tidem
1612 1715 1778 1791 confitetur,

353 1822 406 1865 ιι
429 1802 460 1863 si
482 1820 543 1863 uon
564 1800 649 1863 eliud
673 1801 732 1862 buc
750 1810 836 1882 perte
858 1798 1027 1879 significare
1079 1799 1170 1859 simul
1197 1800 1285 1860 etium
1311 1800 1467 1880 profitetur
1489 1821 1540 1875 ee,
1566 1820 1646 1881 queo
1665 1811 1778 1883 speret,

353 1887 437 1964 utos,
462 1908 551 1970 quem
567 1889 682 1971 priore,
707 1890 785 1949 sicut
798 1884 949 1948 nonnullis
965 1885 1025 1966 ple·
1080 1905 1189 1968 nempe
1211 1887 1414 1948 remissionem
1445 1897 1651 1969 peecatorum,
1680 1891 1778 1953 camis

353 1986 390 2055 ις
414 1998 480 2039 uon
494 1994 611 2057 eorpus,
637 1972 691 2036 scd
704 1977 837 2037 suimsm
851 1974 1026 2044 nomineret,
1079 1976 1326 2034 resurrectionem
1342 1983 1373 2036 et
1389 1976 1480 2035 vitem
1497 1986 1658 2037 ueternum.

353 2063 476 2127 eundo:
499 2064 542 2123 Et
555 2062 660 2123 abluti
673 2066 817 2125 oninium
828 2079 915 2139 aquo
929 2077 1026 2120 mon·
1124 2061 1245 2122 Fidelis
1257 2063 1340 2121 enim
1353 2069 1407 2137 est,
1421 2065 1477 2139 qui
1487 2067 1677 2139 repromisit
1700 2063 1777 2146 Spes

353 2170 385 2228 u,
415 2150 448 2212 id
474 2160 520 2211 est
541 2151 639 2230 gretie
653 2149 784 2231 Spiritus
799 2149 905 2210 suncti.
943 2147 1028 2206 Certe
1081 2155 1197 2221 nostre,
1214 2167 1275 2228 que
1289 2167 1443 2228 spor-smne
1459 2171 1495 2210 eo
1510 2150 1706 2225 confidimus,
1721 2170 1776 2212 nos

353 2241 465 2321 teporis
478 2238 599 2310 eblutio,
615 2236 923 2298 lieetmundetionem
935 2234 1027 2295 enimi
1080 2236 1268 2315 ingressuros
1296 2236 1328 2294 in
1354 2244 1458 2297 sencte
1484 2237 1642 2312 coelestio,
1672 2239 1790 2300 nititur*

353 2326 432 2407 rpioe
446 2323 611 2406 significet,
640 2343 790 2404 nusquam
805 2330 907 2384 tumen
921 2341 975 2402 pro
991 2341 1028 2383 ee
1079 2323 1153 2394 tide,
1179 2342 1240 2403 qus
1255 2320 1418 2395 credimur,
1446 2323 1544 2393 Deum
1564 2345 1631 2387 esse
1645 2325 1775 2399 fidelem,

353 2414 441 2493 gitur
457 2414 558 2494 posite
573 2414 603 2473 in
618 2411 793 2492 Scripturis.
1081 2408 1112 2470 id
1128 2420 1175 2470 est
1189 2428 1327 2470 resecem
1343 2417 1374 2469 et
1386 2420 1570 2472 constantem
1587 2413 1617 2472 in
1632 2414 1693 2473 euie
1707 2433 1775 2493 pro-

368 2498 439 2560 Rsc
470 2518 543 2559 vero
571 2508 692 2560 nostroe
721 2499 892 2560 sententiae
921 2496 1029 2567 obstet,
1081 2497 1196 2570 missis,
1226 2499 1325 2576 utqui
1347 2499 1466 2557 mentiri
1488 2518 1549 2559 uon
1563 2501 1666 2580 possit.
1704 2500 1776 2561 Pro·

353 2585 410 2647 uod
435 2588 480 2660 ii,
509 2584 621 2665 quibus
646 2585 721 2645 beec
750 2586 937 2658 scribuntur,
963 2584 1028 2663 jem
1080 2585 1164 2645 misit
1179 2593 1279 2644 autom
1303 2585 1456 2644 introitum
1476 2585 1559 2645 illum
1575 2584 1777 2661 credentibus,

353 2675 474 2755 sptiuti
500 2682 598 2745 erent,
623 2668 754 2750 ideoque
781 2671 821 2733 ed
846 2671 1027 2752 baptismum
1082 2671 1288 2750 operantibus,
1319 2671 1396 2731 bene
1411 2672 1621 2751 operentibue,
1647 2673 1777 2756 denique

353 2760 449 2821 linime
465 2757 651 2819 cohortandi.
685 2758 755 2819 Non
771 2760 850 2821 enim
865 2757 1028 2838 spostolus
1081 2757 1349 2838 perseverantibus.
1387 2758 1476 2838 Quae
1497 2759 1596 2820 medie
1621 2762 1692 2841 quie
1716 2781 1777 2822 uon

353 2845 502 2909 hvesbis
524 2844 673 2920 bortetur,
701 2853 733 2906 ut
754 2845 903 2926 bsptiueri
927 2865 959 2905 se
978 2864 1027 2904 cu·
1081 2844 1216 2905 omnibns
1232 2846 1378 2925 promisse
1394 2854 1480 2921 sunt,
1499 2846 1555 2906 sed
1577 2848 1649 2908 solis
1665 2847 1777 2922 electis,

353 2941 411 3009 ut,
433 2933 491 2994 sed
513 2942 548 2993 ut
562 2935 710 2994 accedunt
732 2952 800 2993 cum
823 2954 861 2996 ee
875 2932 1028 3003 munditie,
1080 2951 1158 3012 quos
1184 2932 1266 2993 eolus
1289 2934 1373 2992 novit
1394 2933 1494 3006 Deus,
1519 2934 1632 2996 idcirco
1655 2955 1695 2997 ex
1716 2934 1776 2997 fide

353 3037 418 3100 ,uem
449 3039 491 3081 ex
525 3020 713 3080 institutione
748 3017 859 3082 Christi
896 3028 1028 3100 preestet
1081 3021 1292 3098 promissorum
1308 3020 1367 3079 Dei
1381 3023 1503 3081 minime
1517 3041 1706 3102 consequeus
1722 3031 1776 3093 est,

353 3109 497 3187 sptismus
515 3107 633 3186 corpori
656 3105 816 3167 adbibitus.
855 3106 917 3167 Sed
932 3108 1027 3186 ejunt,
1078 3106 1242 3185 uuicuique
1262 3114 1342 3166 certo
1368 3126 1544 3186 persuasum
1567 3127 1635 3169 esse
1657 3109 1776 3182 debore,

353 3191 510 3274 lpostolum
533 3193 590 3254 bec
610 3201 696 3273 perte
715 3195 839 3272 exigere
860 3194 1025 3255 eunctifice·
1080 3192 1161 3272 quod
1175 3193 1215 3252 sit
1236 3201 1412 3271 accepturus
1434 3195 1527 3253 vitem
1550 3205 1719 3269 ueternum,
1746 3205 1777 3256 et

353 3279 439 3342 leuem
460 3280 609 3358 corporis,
633 3279 674 3340 de
697 3297 758 3359 qus
776 3284 791 3339 1
806 3280 915 3341 Thess.
930 3282 960 3340 4.
983 3282 1026 3340 sic
1079 3278 1118 3339 sb
1133 3278 1306 3357 hujusmodi
1325 3281 1521 3359 persuasione
1543 3301 1628 3360 opem
1644 3290 1776 3344 nostrum

353 3369 478 3450 equitur:
504 3367 594 3428 Haeo
608 3373 654 3426 est
668 3367 817 3428 voluntat
832 3369 893 3429 Dei
907 3369 1026 3428 sancti·
1081 3375 1191 3425 certem
1207 3366 1323 3438 noceri,
1349 3369 1427 3426 elcut
1449 3376 1551 3426 contre
1570 3371 1776 3447 spertiesimss

353 3451 435 3516 tono
450 3460 574 3527 osdra,
600 3460 637 3515 et
651 3454 836 3514 abstinentie
849 3471 906 3514 ooo
920 3471 941 3513 a
954 3455 1026 3534 (or-
1080 3452 1266 3531 Scripturas,
1282 3459 1312 3510 et
1328 3452 1403 3511 benc
1419 3456 1530 3531 ipsum,
1545 3473 1606 3532 que
1619 3454 1657 3515 sd
1674 3474 1775 3535 perse·

353 3541 511 3618 tbttion03
542 3538 793 3620 quemadmodum
819 3542 911 3619 priori
942 3550 1028 3619 perte
1079 3541 1244 3598 ementium
1266 3557 1336 3598 euos
1360 3539 1515 3600 llebreeos
1536 3541 1674 3602 hortetur
1696 3545 1775 3623 Apo·

353 3639 472 3710 quest
497 3628 690 3687 seuctitstem
716 3629 874 3700 mentium,
908 3627 1026 3687 dicens:
1080 3625 1187 3697 stolus,
1211 3624 1320 3685 docent
1342 3625 1445 3686 horum
1462 3634 1628 3705 tempor-um
1644 3631 1775 3691 sectarii.

353 3715 458 3792 ment
472 3714 573 3776 cordo
587 3722 643 3773 etc.
672 3713 868 3793 Respondso,
883 3734 944 3775 nou
959 3733 1027 3774 esse
1078 3712 1150 3774 Juru
1166 3731 1202 3771 ox
1219 3732 1271 3783 eo,
1292 3711 1373 3793 quod
1387 3713 1553 3792 Apostolus
1568 3712 1609 3773 ad
1622 3735 1707 3794 spem
1723 3738 1774 3777 uo·

353 3817 440 3862 meru
455 3799 646 3881 Scriptum,
665 3799 795 3860 utillum
811 3801 1024 3879 corporiseun-
1079 3808 1172 3859 strum
1198 3797 1431 3861 confirmandum
1461 3799 1573 3879 alleget
1597 3799 1690 3863 fidem
1714 3803 1774 3863 Dei

353 3885 539 3948 ffiutiouem
554 3885 726 3965 hujusmodi
749 3886 851 3967 pbresi
873 3887 1025 3966 designet:
1079 3886 1295 3965 promittentis,
1329 3885 1452 3965 collige,
1488 3887 1569 3947 bone
1595 3908 1687 3969 opere
1715 3910 1776 3951 uon

353 3969 431 4036 tien
444 3991 563 4051 eorpus
576 3991 664 4049 oque
675 3974 806 4034 mondo.
829 3971 913 4053 Quin
928 3974 1026 4053 potius
1079 3980 1186 4052 euspte
1204 3980 1313 4033 nature
1334 3975 1415 4033 vitee
1437 3982 1580 4034 eeteruee
1602 3994 1667 4035 eese
1689 3977 1775 4037 meri·

353 4060 466 4122 nevolt
479 4058 661 4141 Apostolus,
688 4069 720 4119 et
735 4060 814 4121 bunc
829 4059 965 4121 ordinem
982 4061 1024 4119 iu·
1079 4060 1170 4131 tor-iu,
1197 4060 1274 4119 sicut
1288 4060 1409 4140 quidum
1424 4061 1540 4139 opineti
1554 4071 1639 4137 sunt3
1667 4063 1721 4124 eed
1736 4083 1776 4125 ex

353 4145 443 4222 het,
473 4147 559 4227 prius
573 4164 656 4219 esse,
681 4154 716 4205 ut
731 4148 851 4209 enimus
864 4147 1027 4209 mundetur
1079 4144 1200 4206 decreto
1224 4166 1261 4207 ec
1275 4146 1471 4227 promissione
1491 4147 1564 4220 Dei,
1587 4169 1649 4229 que
1664 4170 1773 4212 meroe·

353 4229 502 4296 bedente
521 4234 655 4314 pecceti3
681 4232 763 4313 quod
785 4234 819 4294 tlt
841 4236 906 4296 eine
927 4254 1024 4294 secre-
1078 4229 1147 4292 dem
1173 4251 1210 4292 ec
1235 4235 1401 4313 proemium
1431 4242 1573 4297 eetemue
1603 4237 1686 4298 vitoe
1715 4236 1775 4299 illis

353 4329 444 4382 uto:
470 4320 636 4402 posteriue,
664 4326 697 4380 ut
711 4339 730 4379 e
743 4321 864 4381 mecule
887 4332 917 4381 et
938 4329 1024 4381 restu
1069 4321 1240 4380 constituit

353 4399 435 4490 ἃμ·
456 4406 616 4483 liberetur3
645 4416 721 4487 quot
738 4418 773 4467 ut
794 4408 861 4482 list,
884 4426 959 4487 opus
981 4415 1027 4467 est
1123 4408 1173 4466 ol.
1196 4408 1240 4467 Et
1254 4407 1488 4468 consideremus
1498 4410 1633 4470 invicem
1645 4413 1682 4470 in
1696 4425 1774 4486 pro-

353 4500 516 4556 mente
531 4491 584 4554 vel
597 4492 663 4573 ojus
676 4501 757 4554 voto.
1078 4496 1277 4555 vocationem
1300 4497 1444 4554 ourionis
1466 4503 1496 4555 et
1519 4494 1674 4557 bonorum
1697 4513 1774 4572 ope·

371 4579 420 4646 Ἀ
447 4581 721 4658 amanuensi·
749 4588 876 4643 nostrae
899 4582 1025 4659 confet-
1076 4598 1162 4640 rum.
1199 4578 1336 4640 Observa
1365 4581 1476 4659 gredne
1506 4583 1537 4642 in
1567 4582 1775 4644 exhortstione

353 4666 725 4730 Mtndeeltnobilem.
748 4669 882 4729 Nostrae
896 4687 956 4729 nou
971 4664 1023 4727 ed·
1080 4667 1265 4746 Apostolice
1304 4669 1436 4728 Primum
1463 4670 1539 4729 enirn
1571 4670 1705 4730 bortstur
1734 4667 1775 4731 sd

353 4745 450 4818 bin
466 4753 596 4818 Graecis
607 4749 776 4828 codicibus,
793 4773 977 4835 quemquem
992 4755 1025 4815 in
1076 4752 1147 4814 fidei
1164 4754 1398 4834 plenitudinem,
1424 4753 1534 4815 deiude
1551 4753 1589 4814 sd
1606 4755 1773 4817 tirmitetem

353 4839 454 4920 besec
477 4841 599 4920 legitur.
638 4839 796 4920 Adjectum
824 4839 945 4904 videtur
972 4861 1022 4902 ex·
1077 4842 1160 4922 spei,
1181 4843 1270 4902 tertio
1285 4839 1325 4901 ed
1339 4860 1432 4920 opere
1447 4842 1592 4902 ceritetie.
1624 4841 1715 4923 Quod
1730 4844 1773 4906 iu-

353 4925 460 4990 llseudi
474 4947 577 4989 muse
613 4927 700 4989 Heec
722 4947 792 5008 pers
806 4927 1024 4988 exhortetiouls
1077 4936 1194 5007 terpres
1210 4926 1287 4989 dixit
1299 4929 1579 5004 provocationem,
1595 4928 1712 4992 Graece
1727 4939 1774 4994 est

353 5013 519 5098 dmg-de
539 5023 590 5076 est
607 5035 629 5074 s
650 5015 812 5098 superiore.
849 5014 920 5076 bion
946 5015 1032 5098 euim*
1072 5006 1288 5092 nupotoopte,
1315 5032 1391 5096 quse
1419 5033 1481 5074 vrrs
1500 5018 1626 5096 proprie
1652 5017 1773 5102 quidem
