4442 5825
436 610 510 678 584
870 600 1103 656 remurinus
1121 600 1152 654 ιιι
1169 600 1261 653 anst.
1280 600 1308 654 11.
1326 600 1353 654 u.
1371 560 1468 655 suras.
1548 640 1552 646 .

434 799 499 840 rom
529 777 713 840 adscribitur.
758 778 835 838 Item
866 780 1046 857 quicumque
1077 777 1129 838 alii
1183 777 1239 837 hac
1261 778 1328 856 ipsa
1347 775 1488 856 Epistola
1508 777 1604 836 citant
1627 775 1779 837 interdum
1802 779 1869 836 teati-

434 868 654 944 Scriptnrarum
666 865 836 944 catalogum
853 873 1081 937 recensuerunt3
1097 871 1132 923 nt
1183 866 1283 923 monia
1294 866 1459 944 pressuris.
1482 863 1769 940 ImoDamascenns
1788 863 1833 923 lib.
1846 870 1869 926 4.

434 953 616 1014 Athanasius
640 954 669 1013 iu
692 953 841 1032 Synopsi,
865 950 1052 1029 Augustinus
1078 951 1129 1010 lib.
1184 971 1248 1032 cap.
1268 953 1315 1011 18.
1340 970 1480 1029 expresse
1500 969 1569 1010 earn
1593 950 1735 1030 catalogo
1753 950 1868 1031 Scriptu-

435 1041 463 1099 3.
480 1038 518 1099 de
533 1038 610 1099 doct.
629 1037 815 1110 Christiana,
841 1058 906 1117 cap.
922 1039 968 1108 8.,
983 1038 1130 1099 Innoccn·
1184 1058 1281 1098 rarum
1298 1038 1413 1098 intexit.

435 1129 494 1187 tius
509 1126 533 1184 I.
549 1129 579 1187 in
595 1127 690 1205 Epist.
707 1127 736 1185 3.
752 1125 790 1187 ad
802 1126 1008 1203 Emporium,
1026 1134 1056 1184 et
1071 1125 1131 1185 Ge·

436 1212 527 1273 larius
542 1214 567 1272 Ι.
592 1215 624 1272 in
646 1213 773 1272 concilio
788 1213 887 1272 LXX.
904 1213 1131 1292 Episcopornm.
1227 1211 1297 1272 Jam
1313 1212 1337 1270 si
1353 1212 1497 1271 canonica
1513 1218 1542 1270 et
1553 1229 1644 1270 sacra
1660 1219 1710 1271 est
1723 1211 1798 1272 baec
1811 1212 1871 1291 Epi·

435 1299 497 1361 Sed
524 1307 554 1358 et
577 1298 629 1360 alii
657 1299 780 1369 Patres,
807 1308 867 1358 tam
892 1296 1014 1370 Graeci,
1041 1319 1132 1376 quam
1185 1297 1279 1368 stola,
1313 1305 1442 1368 constat,
1480 1306 1633 1358 auctorem
1667 1317 1737 1358 esse
1765 1300 1873 1360 Petrum

434 1386 551 1458 Latini,
576 1388 654 1446 inter
669 1405 745 1465 qnos
761 1384 908 1464 Origenes
926 1381 1037 1461 (homil.
1056 1389 1083 1445 7.
1100 1387 1131 1443 iu
1185 1385 1377 1463 Apostolum,
1401 1384 1484 1461 cujus
1507 1403 1616 1445 nomen
1631 1386 1715 1462 gerit
1730 1385 1762 1446 ἰιι
1776 1384 1873 1446 saluta

437 1468 547 1546 Josue)
564 1482 594 1534 et
609 1473 829 1552 Hieronymus,
852 1471 953 1531 multis
976 1472 1049 1531 locis
1073 1470 1131 1530 fre·
1185 1473 1274 1531 tione.
1315 1471 1356 1530 Et
1378 1491 1451 1531 sane
1474 1472 1654 1550 Apostolum
1678 1471 1775 1532 luisse
1796 1494 1873 1534 anun

436 1567 563 1640 quanter
578 1580 615 1621 ex
631 1559 689 1618 hac
703 1558 858 1640 Epistola,
882 1567 1035 1638 tamquam
1051 1557 1128 1618 Scri·
1186 1579 1224 1620 ex
1240 1559 1343 1630 tribus,
1360 1560 1413 1637 qni
1426 1558 1606 1618 Dominicae
1621 1558 1874 1637 transfigurationi

435 1656 524 1727 ptura
540 1666 641 1718 sacra,
659 1647 814 1723 proferunt
829 1646 1008 1704 testimonia.
1186 1645 1398 1717 iuterfuerunt,
1422 1654 1525 1723 aperte
1549 1642 1706 1705 declarant
1729 1646 1782 1705 illa
1797 1647 1874 1706 rerba

479 1732 597 1812 Quibus
612 1733 749 1793 omnibus
771 1734 899 1793 accessit
915 1731 1047 1791 definitio
1064 1750 1132 1790 con·
1187 1733 1293 1810 capitis
1318 1733 1417 1810 primi:
1441 1734 1484 1792 Et
1506 1733 1589 1792 hauc
1608 1749 1720 1793 uocem
1746 1727 1821 1805 (Hic
1840 1740 1875 1793 aa

437 1821 498 1880 cilii
515 1819 653 1880 Trident.
670 1839 741 1879 aeae.
757 1821 802 1891 4.,
823 1819 932 1897 utjam
949 1819 988 1878 de
1004 1819 1133 1878 auctori·
1187 1820 1291 1880 Filius
1312 1837 1399 1878 meus
1422 1818 1553 1878 dilectus
1579 1817 1648 1895 otc.)
1673 1837 1735 1880 uos
1757 1821 1875 1880 audiui·

436 1917 501 1967 tate
515 1906 672 1985 Epistolae
688 1906 823 1966 dubitare
835 1923 954 1985 prorsus
967 1926 1026 1965 non
1037 1905 1133 1964 liceat.
1186 1925 1256 1966 urus
1271 1906 1309 1965 dc
1324 1907 1408 1964 corio
1422 1905 1568 1979 allatum,
1584 1924 1657 1965 cum
1671 1924 1806 1967 essemus
1816 1926 1874 1967 eam

437 1995 502 2054 Nec
518 1993 562 2052 bis
579 1993 693 2066 obstat,
720 1993 801 2072 quod
817 1994 849 2052 in
864 1992 989 2071 Syriaco
1005 2012 1064 2051 non
1080 1992 1132 2050 ha·
1186 1996 1254 2068 ipso
1277 1996 1312 2052 in
1336 2000 1581 2052 montesancto.
1616 1992 1689 2072 Quo
1710 2004 1875 2072 argumento

436 2080 532 2140 bctur.
574 2079 653 2139 Nam
681 2099 719 2140 ex
745 2098 780 2139 eo
805 2100 865 2140 non
891 2077 973 2138 aliud
999 2078 1133 2156 colligas,
1185 2081 1279 2138 utitur
1291 2079 1454 2158 Gregorius
1466 2078 1651 2140 homilialss.
1662 2099 1757 2159 super
1768 2080 1873 2153 Enoch,

438 2186 530 2246 quam
545 2165 712 2226 dubitatum
735 2165 899 2246 aliquando
921 2164 1030 2238 fuisse,
1056 2166 1134 2224 sicut
1187 2166 1333 2226 adversus
1348 2185 1413 2240 eos,
1440 2168 1493 2245 qui
1507 2165 1587 2226 hanc
1601 2167 1779 2245 Epistulam
1798 2186 1874 2246 nega·

438 2263 466 2314 et
481 2252 520 2314 de
535 2252 674 2332 Epistola
689 2253 806 2327 Judae,
833 2252 933 2331 deque
957 2252 1089 2313 secunda
1104 2259 1135 2311 et
1186 2253 1261 2312 haut
1283 2272 1348 2312 esse
1363 2253 1446 2312 Petri
1460 2252 1614 2332 Apostoli,
1637 2253 1808 2314 tribuentes
1822 2273 1875 2312 ean

436 2342 528 2402 tertia
549 2340 692 2414 Joannia,
722 2348 752 2400 et
781 2341 820 2402 de
846 2343 911 2419 ejus
937 2338 1133 2419 Apocalypsi.
1187 2339 1239 2399 alli
1263 2340 1393 2419 cuipiam
1416 2339 1553 2418 Cephae,
1579 2359 1633 2404 sen
1654 2340 1767 2413 Petro,
1793 2342 1875 2401 cuias

438 2428 527 2508 Quae
553 2427 687 2487 similiter
710 2427 740 2486 in
764 2427 893 2489 editione
916 2425 1044 2504 Syriaca
1073 2445 1132 2485 nun
1186 2426 1298 2487 Paulus
1324 2427 1354 2485 in
1377 2425 1486 2486 faciem
1508 2427 1655 2486 restitisse
1678 2427 1797 2500 scribit,
1818 2426 1874 2487 Gal

438 2523 564 2576 exstant.
594 2515 633 2574 Et
647 2523 749 2574 tamen
764 2514 835 2593 Syri
850 2514 996 2573 Doctores
1010 2513 1133 2592 egregii,
1187 2515 1234 2589 2.;
1251 2512 1564 2575 cumillersveranon
1577 2514 1655 2573 alius
1668 2513 1772 2587 luerit,
1786 2533 1874 2592 qucu-

437 2603 566 2682 Ephrem
590 2609 619 2661 et
641 2601 777 2662 Joannes
792 2602 1014 2673 Damascenus,
1037 2598 1132 2660 Grae·
1187 2599 1347 2660 admodum
1365 2602 1396 2662 in
1408 2601 1475 2679 ejus
1487 2600 1545 2661 loci
1558 2602 1774 2663 commentario
1790 2610 1873 2661 oster

438 2698 504 2749 cam
519 2687 679 2749 editionem
695 2688 800 2748 merito
812 2686 908 2768 pluris
924 2686 1079 2760 iacientes,
1094 2704 1134 2746 ex
1187 2684 1292 2747 dimus.

483 3025 601 3106 Scripta
616 3033 662 3087 est
679 3025 717 3085 ad
739 3024 878 3098 eosdem,
901 3024 940 3086 ad
963 3045 1040 3105 qnos
1054 3028 1136 3106 prior
1187 3026 1405 3107 Prophetarum
1430 3026 1642 3088 scrutabantur
1668 3029 1825 3089 ueritatem
1847 3024 1876 3086 de

440 3114 590 3195 Epistola.
614 3112 706 3193 Quod
721 3113 813 3193 plane
831 3112 927 3191 liquet
941 3131 980 3173 ex
995 3113 1054 3172 illis
1069 3132 1134 3171 ver·
1189 3111 1319 3173 Christo.

439 3202 487 3262 bis
498 3201 604 3281 capitis
617 3202 664 3261 3.:
681 3202 775 3262 Hono
787 3220 853 3261 ecce
866 3201 952 3261 vobis
963 3200 1136 3262 secundom
1232 3199 1325 3275 Sunt,
1352 3201 1404 3281 qui
1419 3201 1559 3281 scriptam
1574 3200 1674 3262 velint
1689 3202 1740 3262 vel
1757 3201 1874 3281 peculia·

439 3288 539 3350 acribo
569 3287 758 3365 Epistulam.
810 3286 885 3347 (lum
925 3296 1025 3348 autem
1054 3288 1137 3367 prior
1188 3288 1261 3347 riter
1276 3286 1316 3347 ad
1331 3287 1474 3365 gentiles,
1498 3288 1548 3348 vel
1562 3288 1601 3348 ad
1619 3308 1726 3349 omnes
1743 3287 1873 3349 Christis·

440 3377 552 3456 scripta
563 3374 657 3435 luerit
667 3373 706 3434 ad
719 3394 779 3445 eos,
793 3376 845 3454 qui
857 3394 895 3434 ex
908 3376 1136 3434 circumcisione
1189 3394 1244 3433 nos
1259 3375 1435 3454 promiscue.
1469 3374 1549 3435 Nam
1565 3373 1697 3434 alterum
1713 3376 1873 3455 hornmpu·

440 3470 525 3523 erant
538 3462 659 3534 fidelos,
684 3463 763 3521 utin
779 3461 845 3539 ejus
862 3462 1074 3521 commentario
1091 3481 1136 3520 sa·
1189 3467 1256 3521 tant
1279 3460 1441 3540 significari
1464 3462 1532 3541 ipsa
1554 3462 1756 3541 inscriptione
1771 3463 1874 3540 Episto

440 3550 478 3610 tia
493 3570 512 3608 a
526 3548 613 3609 nobis
628 3546 862 3608 demonstratum
878 3547 1021 3607 arbitror:
1048 3548 1136 3607 etiam
1190 3546 1256 3610 las:
1272 3549 1326 3621 Iis,
1336 3551 1391 3625 qui
1399 3550 1601 3626 coaequalem
1612 3549 1781 3609 nobiscum
1789 3547 1877 3609 sortiti

439 3635 518 3696 banc
533 3633 571 3694 ad
587 3655 655 3706 eos,
674 3634 705 3695 id
722 3643 767 3694 est
782 3633 917 3696 Judaeos
936 3636 968 3696 in
984 3633 1137 3695 Christum
1190 3642 1264 3694 sunt
1279 3635 1381 3712 tidem.
1412 3634 1472 3697 Sed
1489 3635 1529 3695 ad
1543 3637 1600 3696 hoc
1614 3635 1876 3715 respondebiturin

442 3721 604 3795 credentes,
620 3723 762 3801 scriptam
778 3740 854 3793 esse,
870 3724 1071 3803 consequitur.
1098 3719 1138 3779 Id
1191 3722 1256 3799 ejus
1272 3720 1331 3781 loci
1347 3722 1545 3799 expositione.

440 3829 513 3871 vero
529 3810 716 3870 confirmatur
731 3810 820 3868 etiam
836 3828 876 3868 ex
892 3829 943 3881 co,
967 3807 1048 3888 quod
1064 3807 1139 3867 dicit
1233 3808 1453 3887 Argumentum
1469 3809 1625 3889 Epistolae
1650 3810 1718 3888 ipse
1733 3808 1769 3867 B.
1786 3809 1876 3868 Petrus

440 3917 505 3977 cap.
524 3902 568 3957 1.:
586 3898 630 3959 Et
644 3896 794 3956 babemus
809 3896 983 3972 firmiorem
996 3895 1137 3973 propbe—
1191 3894 1305 3956 indicat
1326 3915 1385 3954 nno
1410 3905 1439 3956 et
1462 3895 1555 3956 altero
1576 3894 1653 3955 loco.
1691 3897 1824 3956 Primum
1838 3892 1878 3954 ubi

440 3986 536 4044 ticum
566 4002 750 4044 sermonem.
801 3982 879 4043 Nam
917 3983 1137 4064 Prophetarum
1190 3981 1265 4041 dicit
1284 4001 1349 4061 cap.
1376 3986 1418 4042 1.:
1449 3983 1586 4059 Propter
1616 3983 1705 4059 quod
1736 3985 1877 4059 incipiam

441 4089 538 4129 sermo
554 4069 594 4129 ad
608 4067 744 4131 Judaeos
764 4069 861 4129 lactus
883 4068 995 4140 inerat,
1023 4089 1082 4129 nou
1098 4065 1136 4126 ad
1191 4076 1244 4127 cto.
1279 4066 1356 4129 (lum
1373 4070 1452 4129 enim
1469 4070 1573 4143 sciret,
1596 4068 1684 4129 brevi
1700 4070 1828 4130 laturam
1843 4066 1877 4129 ml

440 4156 586 4233 gentilem
603 4164 728 4234 eratque
743 4155 871 4217 Judaeis
883 4156 992 4215 firmior
1006 4159 1136 4234 Aposto-
1191 4157 1324 4235 corporis
1340 4154 1577 4227 dissolutionem,
1593 4154 1649 4214 hae
1661 4155 1807 4237 Epistola
1818 4155 1877 4217 tide

439 4242 535 4302 lorum
557 4261 707 4311 sermone,
739 4242 818 4301 sicut
836 4241 900 4301 illic
928 4243 1137 4323 explicabitur,
1190 4242 1234 4302 les
1250 4243 1396 4302 instruere
1417 4242 1531 4315 voluit,
1553 4250 1587 4302 nt
1609 4243 1640 4302 iu
1662 4261 1741 4303 sana
1756 4243 1879 4304 dorma

440 4347 475 4389 co
503 4329 584 4408 quod
612 4327 830 4408 Prophetarum
862 4331 1023 4389 auctoritas
1053 4328 1136 4407 apud
1191 4336 1222 4388 et
1237 4327 1338 4389 studio
1353 4330 1499 4390 bonorum
1515 4348 1648 4410 operum,
1665 4331 1878 4392 etiamsemor

439 4415 578 4477 Judaeos
594 4413 785 4474 diuturnitate
793 4417 935 4493 temporis
948 4424 978 4474 et
990 4434 1136 4475 consensu
1190 4423 1250 4488 tno,
1266 4426 1486 4495 permanerent.
1509 4414 1627 4477 Deinde
1644 4436 1682 4476 ac
1695 4415 1815 4496 plenius
1826 4435 1879 4493 rap.

439 4503 583 4580 majorum
597 4501 717 4561 firmata
723 4502 787 4579 jam
800 4511 881 4575 erat3
897 4522 956 4561 non
971 4503 1042 4561 item
1054 4502 1135 4579 Apo·
1190 4503 1235 4573 3.‚
1250 4502 1301 4562 ubi
1318 4503 1465 4577 declarat,
1482 4522 1515 4564 se
1529 4503 1585 4562 bac
1595 4502 1742 4583 Epistola
1758 4505 1880 4564 voluisse

441 4590 601 4660 stolorum,
629 4589 683 4667 qui
699 4607 784 4646 suam
799 4585 879 4667 apud
896 4588 963 4647 illos
978 4586 1135 4666 praedica·
1190 4590 1444 4650 commonefacere
1457 4588 1579 4663 fideles,
1600 4597 1633 4649 ut
1648 4589 1777 4652 firmiter
1792 4590 1879 4651 inbac

441 4678 552 4736 fiunem
568 4673 765 4735 adstruebant
786 4693 824 4733 ex
840 4672 926 4733 dictis
942 4673 1136 4753 propheticis,
1190 4685 1278 4736 ceant
1293 4674 1444 4738 doctrinae
1468 4698 1486 4735 a
1500 4674 1666 4755 Prophetis
1688 4690 1722 4739 et
1738 4675 1880 4757 Apostoli·

441 4769 593 4840 tamquam
610 4761 738 4822 oraculis
754 4760 872 4820 divinis.
909 4761 989 4820 Hinc
1006 4769 1037 4821 et
1051 4760 1136 4835 illud,
1191 4762 1335 4833 traditae,
1362 4782 1417 4823 uec
1440 4764 1479 4823 ab
1503 4782 1542 4823 ea
1560 4782 1594 4821 se
1608 4765 1768 4843 patiantur
1783 4760 1880 4826 abduci

441 4847 523 4926 quod
537 4848 578 4907 ibi
596 4849 747 4928 sequitur:
765 4848 826 4909 Oui
837 4845 1020 4925 benefacitis
1030 4857 1136 4909 otten-
1190 4868 1243 4930 per
1271 4848 1364 4909 talsos
1393 4851 1553 4930 magistros
1587 4849 1711 4911 diversa
1741 4852 1879 4917 noenta

441 4934 566 5007 dentes,
590 4934 780 5013 peculiariter
793 4932 834 4993 ad
849 4932 985 4994 Judaeos
999 4938 1137 5015 pertinet,
1191 4955 1317 5014 quorum
1337 4937 1427 4997 etiam
1445 4956 1541 4996 morae
1569 4943 1601 4997 et
1624 4937 1731 4998 studia
1750 4936 1880 5019 graphice

442 5021 496 5099 qni
537 5018 698 5101 diligenter
731 5039 768 5080 ac
809 5018 940 5081 studiose
976 5041 1015 5083 ex
1051 5022 1137 5082 libris
1190 5022 1329 5103 depingit
1342 5031 1407 5085 toto
1421 5023 1486 5086 fere
1501 5042 1566 5104 cap.
1584 5027 1612 5086 2.
1637 5023 1734 5106 Quod
1750 5025 1879 5108 ipsamet
