4442 5825
796 593 1016 651 merentum
1035 596 1198 655 mertuos.
1233 596 1376 653 rursm.
1394 596 1437 651 ra
1752 601 1829 689 W

406 767 617 850 Supraquoque
631 792 696 852 cap.
713 776 743 836 9.
766 772 924 854 sanguinis
940 773 1076 853 aspersio
1133 772 1213 832 utin
1227 770 1365 833 Psalmo:
1388 774 1432 834 Et
1453 772 1582 835 aridam
1601 771 1750 851 teudone
1790 779 1829 849 ,ιιι

406 864 429 915 et
444 856 539 918 eundo
561 866 717 938 tamquam
736 858 856 921 diverse
878 861 1077 921 nominantur.
1132 878 1249 919 manus
1264 861 1355 938 Ejus,
1381 869 1413 919 et
1428 860 1533 920 Matth.
1550 860 1615 921 22:
1649 861 1770 935 Vaepo
1791 861 1828 933 ia,

404 941 486 1004 Facile
500 953 601 1007 umen
621 955 779 1028 utrumqne
795 947 1010 1026 comprehendi
1025 967 1075 1026 po·
1133 949 1211 1023 quia
1233 948 1372 1006 circuitis
1391 965 1480 1007 more
1503 954 1533 1006 et
1557 947 1695 1017 pridem.
1722 947 1830 1015 Trun-

404 1031 463 1103 terit,
484 1031 509 1090 si
523 1050 581 1110 per
594 1040 712 1112 tropum
729 1053 922 1113 exponamus,
944 1033 1002 1092 hoc
1017 1054 1076 1092 mo·
1133 1036 1265 1108 cierunt,
1280 1032 1394 1112 supple,
1406 1031 1572 1108 Ineelitae,
1588 1033 1747 1115 siguificeti
1758 1052 1830 1119 ¹pro·

403 1115 442 1175 dc:
460 1116 629 1180 celebravit
642 1120 826 1197 effusionem
842 1123 1021 1196 respuistis,
1046 1118 1077 1179 id
1132 1121 1251 1186 nornine
1264 1137 1325 1194 eor,
1342 1117 1424 1199 quod
1438 1121 1608 1201 praecessit.
1632 1118 1692 1183 Sed
1704 1137 1829 1202 quorum

402 1211 443 1275 cet,
454 1203 538 1264 effusi
553 1207 709 1285 sanguinis
724 1209 936 1287 respersionem.
1132 1203 1215 1265 fide?
1231 1226 1295 1278 sna,
1311 1227 1350 1266 an
1366 1204 1467 1271 Moci?
1490 1206 1615 1269 Videtur
1625 1206 1670 1275 ‚ad
1685 1199 1829 1285 utrosque

433 1287 596 1366 Quaeritur,
620 1311 682 1373 qus
702 1292 764 1353 lide
789 1294 890 1354 Moses
913 1293 1079 1353 celebravit
1132 1292 1328 1353 referendum.
1352 1291 1432 1352 Nem
1444 1293 1521 1353 Mosi
1537 1291 1660 1374 quidem
1675 1291 1751 1363 fides
1768 1292 1828 1369 illic

399 1376 504 1454 pache
527 1377 722 1459 Respondeo,
737 1379 798 1440 fide
813 1380 1017 1460 promissionis
1034 1379 1077 1438 di·
1132 1379 1326 1458 singulariter
1341 1379 1499 1453 eminebat,
1523 1381 1573 1459 qni
1597 1378 1709 1461 populo
1725 1377 1830 1456 ductor

400 1462 481 1536 mre,
503 1483 582 1544 quae
596 1466 809 1527 continebatur
822 1469 853 1528 in
867 1465 1019 1548 paschatis
1034 1466 1076 1525 in·
1132 1476 1163 1527 et
1186 1468 1322 1528 hortator
1348 1465 1390 1526 ad
1415 1466 1632 1527 transeundum
1659 1485 1739 1529 mare
1762 1464 1829 1537 fnit.

398 1549 546 1611 titutione
580 1551 631 1613 Sic
657 1555 734 1614 enim
761 1553 887 1634 legitur:
914 1553 1079 1616 Habebitie
1132 1551 1334 1613 crediderunt
1356 1561 1458 1614 temen
1482 1553 1576 1613 etiarn
1599 1553 1745 1634 epopulo
1768 1573 1829 1615 non

396 1634 465 1696 leuc
479 1638 563 1698 diem
576 1641 611 1699 in
623 1648 875 1714 monumentum,
893 1649 922 1701 st
937 1640 1077 1701 celebra·
1131 1659 1243 1713 omnes,
1267 1642 1340 1718 quia
1354 1659 1422 1700 uon
1437 1643 1473 1701 iss
1486 1640 1634 1716 pluribus
1651 1658 1759 1713 eorum
1775 1638 1828 1704 be-

357 1730 366 1797 ,
396 1718 453 1782 litis
467 1743 536 1785 eum
552 1726 722 1787 solemnem
734 1729 875 1788 Domino
891 1730 927 1789 in
941 1745 1077 1802 penere-
1131 1727 1327 1803 esplecitum
1351 1733 1422 1785 eret
1444 1727 1524 1802 Deo,
1552 1733 1566 1786 1
1592 1727 1659 1788 (lor.
1685 1722 1751 1802 10.;
1775 1724 1828 1788 sed

357 1824 361 1829 ·
395 1810 517 1871 mnibus
540 1816 652 1874 vestris
673 1815 761 1875 cultu
783 1816 985 1891 sempiterno.
1008 1813 1077 1873 Hoc
1131 1813 1236 1894 aliqui,
1258 1832 1386 1892 quorum
1409 1813 1485 1874 fides
1501 1833 1568 1876 cunr
1593 1813 1651 1875 fide
1666 1813 1745 1874 Mosi
1760 1832 1827 1873 con·

395 1904 479 1957 entem
500 1899 629 1978 populns
650 1899 751 1960 facere
771 1921 832 1962 non
852 1910 962 1981 posset,
984 1901 1077 1960 nisis
1128 1901 1233 1980 juncta
1247 1920 1309 1959 non
1320 1899 1415 1960 solum
1429 1921 1479 1961 sos
1491 1900 1618 1981 impulit,
1634 1909 1668 1961 ut
1682 1897 1829 1979 intrepide

396 1985 525 2045 servitute
547 1986 708 2060 liberatus,
731 1996 762 2047 et
781 1989 812 2047 in
833 1987 892 2048 Dei
917 1984 999 2048 cultu
1023 2006 1076 2066 per
1132 1988 1310 2059 transirent,
1337 1985 1406 2047 Deo
1430 1986 1556 2067 jubente
1583 1995 1613 2048 et
1638 1988 1827 2047 securitatem

395 2069 500 2132 ramula
526 2072 751 2134 conservandus
773 2073 939 2134 incolumis.
973 2073 1077 2153 Hujus
1131 2074 1331 2152 promittente,
1354 2077 1568 2135 verumetiam
1591 2074 1697 2135 meruit
1711 2081 1827 2134 tentum

395 2171 452 2235 ugo
473 2158 610 2221 beneficii
626 2160 800 2240 praestandi
824 2160 883 2220 fide
898 2160 1012 2241 pascha
1028 2179 1075 2220 ce·
1131 2160 1320 2231 miraculum,
1346 2169 1380 2219 nt
1402 2180 1500 2242 aquae
1527 2160 1644 2221 divisae
1669 2159 1828 2221 transitum

394 2238 515 2305 labravit
538 2244 601 2307 Sed
622 2267 684 2328 qua
705 2246 767 2307 fide
788 2249 944 2328 sanguinis
960 2247 1075 2307 effusio-
1130 2248 1204 2326 ipsis
1232 2247 1424 2327 praeberent,
1459 2256 1611 2327 tamqnam
1638 2266 1692 2326 per
1719 2248 1827 2316 siccam

394 2329 470 2390 nem?
491 2331 528 2392 Id
539 2333 605 2412 jam
624 2335 775 2414 sequitur:
1131 2342 1238 2394 terram
1268 2332 1417 2394 euntibus.
1453 2333 1540 2394 Haec
1567 2336 1645 2394 enim
1673 2331 1731 2394 duo
1758 2332 1828 2394 fidei

426 2417 479 2494 lic,
498 2423 555 2497 qrst'
570 2421 717 2481 vastabat
730 2422 908 2497 primitiva,
933 2427 1077 2496 temperet
1131 2419 1236 2482 tribuit
1259 2420 1422 2498 Apostolus
1450 2420 1508 2479 hoc
1531 2418 1606 2494 loco,
1633 2418 1826 2500 quemadmo-

395 2520 439 2565 ιιι
470 2507 661 2582 Primitivu,
685 2506 800 2568 Graece
821 2497 1022 2584 πρωτότοκα,
1046 2509 1076 2567 id
1131 2506 1202 2566 dum
1213 2506 1248 2565 Β.
1261 2507 1396 2566 Thomas
1411 2509 1581 2567 annotavit:
1594 2507 1727 2580 alterum,
1744 2503 1825 2587 quod

394 2598 430 2652 tet
439 2596 662 2670 primopenitu.
686 2594 799 2655 Sensus
811 2603 871 2655 est:
888 2594 917 2653 N
920 2614 937 2653 e
949 2592 1076 2675 angelus
1130 2593 1200 2653 lecit
1215 2592 1360 2672 populus3
1377 2593 1511 2667 alterum,
1527 2593 1607 2674 quod
1622 2593 1717 2653 Deus.
1735 2594 1827 2655 Mare

392 2675 551 2761 ‚Aegyptum
573 2681 730 2754 transiens,
754 2689 785 2741 et
806 2681 908 2741 omnia
929 2680 994 2760 ejus
1018 2681 1075 2760 pri·
1130 2680 1263 2739 rubrum
1295 2688 1341 2740 est
1367 2679 1446 2759 qnod
1474 2678 1585 2740 Graeci
1618 2688 1729 2742 vocant
1749 2680 1829 2760 Ery·

395 2769 531 2845 negenita
546 2775 671 2829 vastans
693 2766 823 2844 (Graece
838 2758 1023 2844 ὀλοθρεύων,
1047 2764 1077 2825 id
1131 2766 1275 2837 thracum,
1299 2767 1442 2827 Arabiam
1457 2787 1476 2826 a
1491 2767 1615 2828 meridie
1635 2766 1773 2840 abluens,
1797 2775 1828 2828 et

396 2860 431 2910 ιιι
446 2857 619 2931 perimens,
642 2851 869 2932 exterminans)
892 2855 931 2914 ab
955 2853 1077 2915 homine
1130 2855 1272 2933 Aegypto
1288 2854 1520 2931 conterminum
1543 2852 1715 2937 Geogrephi
1730 2852 1828 2916 sinum

395 2955 477 3020 uque
492 2940 531 3001 ad
551 2962 652 3022 pecus,
676 2961 863 3021 quemquam
884 2940 1019 3002 laederet
1034 2941 1077 3002 Ie·
1132 2939 1294 3000 Arabicum
1313 2939 1477 3020 appellant.

394 3026 571 3105 totlitarum3
601 3037 705 3109 utpote
728 3027 896 3108 prohibitus
923 3028 1078 3107 sangnine,
1176 3025 1238 3087 Cur
1263 3045 1353 3087 mare
1378 3028 1510 3087 rubrum
1537 3036 1678 3102 vocetur,
1707 3028 1827 3087 variant

394 3128 443 3191 qno
464 3113 580 3175 rideret
602 3135 741 3195 aspersas
764 3134 867 3176 eorum
890 3112 979 3174 fores.
1004 3115 1075 3174 Pro·
1131 3115 1298 3193 scriptores.
1327 3112 1388 3193 Qui
1411 3116 1490 3173 enim
1514 3133 1620 3175 revera
1642 3133 1738 3194 eques
1761 3113 1827 3193 ejus

393 3197 502 3261 meru
524 3204 603 3263 enim
618 3203 711 3275 Deus,
733 3199 798 3262 fore
820 3201 929 3263 liberos
946 3220 965 3259 s
979 3200 1078 3281 plaga,
1131 3200 1240 3260 rubere
1262 3200 1440 3272 existimant,
1464 3201 1516 3260 alii
1539 3201 1662 3281 quidem
1677 3200 1708 3260 id
1723 3219 1828 3281 prove·

393 3301 504 3366 querum
535 3287 627 3351 aedes
658 3289 729 3368 agni
759 3288 903 3349 immolati
933 3288 1079 3367 sanguine
1132 3288 1198 3347 niro
1213 3286 1338 3346 credunt
1360 3285 1398 3345 ab
1415 3305 1515 3360 arena,
1539 3308 1627 3369 quarn
1642 3287 1772 3348 volvunt
1786 3286 1827 3347 el·

394 3382 482 3435 erent
503 3374 672 3454 insignitae.
707 3375 799 3435 Patet
821 3395 908 3454 ergo,
935 3394 996 3454 qna
1017 3371 1079 3432 fids
1131 3374 1183 3433 vei
1198 3394 1216 3433 a
1232 3371 1341 3450 tnnd03
1365 3382 1396 3432 at
1411 3372 1462 3433 elii
1477 3373 1570 3436 talem
1592 3372 1677 3434 reddi
1700 3372 1829 3435 colorem

393 3461 537 3541 unguinis
559 3460 736 3522 effusionem
750 3460 853 3522 Moses
875 3459 1079 3522 celebraverit.
1132 3468 1240 3539 putant
1254 3479 1273 3518 a
1287 3459 1436 3520 radiorum
1458 3460 1530 3521 solis
1553 3479 1740 3543 repercussu.
1768 3458 1829 3521 Sed

394 3541 457 3622 Eos,
477 3546 571 3608 refert
594 3547 634 3609 ad
657 3547 825 3620 Isra'elitas,
849 3548 986 3628 quamvis
1009 3554 1079 3606 ante
1133 3565 1206 3606 vero
1234 3548 1356 3625 propior
1383 3555 1428 3606 est
1455 3567 1556 3608 eornm
1583 3539 1750 3619 sententia,
1775 3547 1829 3628 qni

395 3649 445 3694 nnn
466 3636 644 3696 nominatos.
674 3634 753 3695 Nem
777 3633 1024 3713 intelligebantur
1050 3634 1079 3691 in
1134 3631 1244 3693 dictum
1267 3641 1390 3693 censent
1415 3634 1615 3713 Erythraeum
1638 3632 1676 3694 ab
1697 3629 1828 3713 Erythra

396 3735 433 3792 et,
451 3719 532 3800 quod
550 3721 635 3793 dixit,
658 3720 766 3781 Mosen
782 3721 951 3783 celebrasse
966 3718 1080 3800 pasche
1133 3738 1214 3798 rege,
1239 3719 1337 3799 quiin
1352 3718 1410 3779 illis
1432 3719 1513 3794 locis,
1522 3710 1668 3802 regiravit
1691 3719 1760 3800 Quo
1776 3738 1827 3780 no·

396 3810 443 3866 atr.
463 3804 641 3869 Celebravit
656 3808 744 3881 enim,
760 3828 819 3869 non
835 3808 927 3880 eolus,
943 3805 996 3866 sed
1013 3824 1079 3865 cum
1134 3806 1213 3866 mine
1228 3825 1296 3866 curn
1319 3808 1408 3866 etiam
1423 3806 1556 3867 mbram
1574 3806 1700 3868 Graecis
1714 3805 1827 3887 signiti-

395 3894 503 3972 populo.
526 3893 592 3955 Nec
615 3894 749 3967 dubium,
774 3896 847 3974 quin
871 3892 958 3953 etiarn
975 3913 1012 3952 ex
1028 3913 1078 3970 po·
1134 3900 1232 3964 cetur,
1260 3912 1359 3952 errore
1385 3891 1494 3954 factum
1521 3902 1644 3974 putant,
1670 3902 1720 3967 nt,
1747 3893 1830 3982 qnod

397 3977 457 4058 pelo
470 3978 592 4055 fuerint,
610 3982 665 4063 qui
681 3981 739 4041 fide
755 3981 950 4043 celebrarent.
974 3978 1079 4038 Vasta·
1134 3977 1243 4040 Graeci
1258 3987 1369 4039 vocant
1383 3980 1597 4055 Erythraeum
1613 3999 1705 4051 nuere,
1726 3979 1831 4040 Latini

397 4070 436 4126 tor
454 4077 554 4129 autem
577 4067 704 4149 angelus
720 4066 798 4128 idem
818 4075 864 4128 est
879 4087 946 4126 cum
962 4085 1005 4138 eo,
1027 4066 1081 4144 qni
1134 4065 1267 4126 rubrum
1291 4065 1491 4145 appellarent.
1514 4066 1550 4126 In
1571 4065 1716 4128 Hebraeo
1739 4086 1828 4128 voce-

402 4151 494 4215 lCor.
520 4156 569 4216 10.
591 4163 718 4215 vocatur
741 4157 980 4227 exterminator,
1008 4143 1079 4210 ὀλο·
1134 4160 1183 4211 tnr
1197 4171 1280 4218 maro
1295 4151 1389 4231 Suph,
1414 4152 1445 4213 id
1460 4157 1508 4213 est
1528 4172 1609 4213 mere
1621 4154 1717 4233 junci.
1741 4152 1831 4234 Quod

398 4232 526 4319 ὃριυτής.
548 4242 599 4302 De
615 4262 676 4322 qno
700 4240 788 4321 plura
803 4241 834 4302 in
849 4242 913 4317 ejus
927 4239 986 4300 loci
1002 4258 1079 4301 cam·
1134 4236 1187 4297 alii
1210 4246 1345 4298 vertunt:
1373 4246 1563 4300 cunctorum
1587 4240 1653 4299 sive
1675 4241 1829 4317 ulpoaum,

398 4330 536 4389 amaria.
560 4328 634 4391 Jarn
658 4326 732 4408 qnid
754 4328 892 4407 mysterii
912 4326 1033 4386 latentis
1050 4326 1080 4384 in
1136 4326 1178 4382 ite
1194 4323 1315 4398 dictum,
1340 4324 1419 4405 quod
1435 4328 1466 4385 in
1482 4344 1519 4385 eo
1534 4326 1609 4385 mari
1622 4326 1781 4404 juncorum
1797 4335 1829 4387 et

398 4429 464 4492 Quo
478 4424 509 4477 et
522 4416 673 4494 sanguino
686 4415 797 4475 viderit
807 4413 920 4485 Moses,
937 4413 1080 4492 quoniam
1135 4410 1224 4489 alges
1240 4412 1327 4488 copia
1343 4413 1389 4483 sit,
1411 4413 1481 4491 plns
1496 4431 1586 4494 quam
1602 4413 1633 4473 in
1649 4414 1725 4475 aliis.

397 4495 558 4563 sdesnsurn
581 4502 672 4582 hujus
694 4499 752 4561 loci
775 4499 895 4579 proprie
915 4519 975 4559 non
991 4499 1079 4577 perti·
1180 4498 1270 4576 (lund
1283 4501 1404 4573 experti
1415 4499 1573 4575 Aepyptii,
1591 4498 1736 4561 devorati
1746 4505 1829 4561 runs.

394 4594 447 4661 ns,
459 4589 507 4670 pio
522 4587 630 4650 lectori
644 4586 880 4668 perquirendum
895 4585 1043 4666 relinquo.
1135 4583 1267 4645 Graece:
1285 4585 1382 4660 CuJus
1397 4582 1524 4661 (scilicet
1538 4586 1629 4647 meris
1644 4581 1830 4659 transeundi)

1136 4674 1387 4747 experimentum
1411 4690 1482 4732 cum
1506 4674 1658 4747 cepissent
1672 4674 1829 4749 Aepyptii,

431 4761 479 4825 29.
501 4762 584 4825 etde
605 4764 805 4823 monuerunt
826 4777 916 4818 mure
934 4758 1079 4831 mbram,
1136 4758 1279 4833 absorpti
1304 4765 1387 4819 sunt.
1418 4760 1587 4818 Tentarnnt
1607 4761 1685 4819 enim
1705 4760 1831 4819 naurire

392 4852 549 4926 amquam
563 4867 625 4925 per·
638 4849 765 4908 aridem
782 4855 912 4907 terrem.
936 4845 1081 4906 Scribitnr
1137 4853 1206 4923 post
1228 4844 1401 4920 Israeliten
1424 4843 1475 4904 sed
1500 4845 1640 4931 quoniam
1663 4845 1832 4906 temeritate

390 4932 482 4998 Exod
500 4939 549 4998 14.
578 4933 696 4996 Graeca
716 4954 777 4994 non
800 4933 928 4993 addunt:
953 4939 1081 4991 terrem.
1137 4931 1168 4991 id
1183 4930 1327 5004 fecerunt,
1342 4952 1404 4991 non
1419 4929 1488 5003 fide,
1504 4940 1675 4992 meruemnt
1690 4934 1777 5011 equis
1792 4930 1831 4993 sd

386 5019 576 5085 subanditur
599 5022 677 5084 enirn
698 5040 781 5084 more
794 5019 945 5081 Hebraeis
960 5019 1082 5093 usitato,
1136 5016 1279 5097 depressa
1308 5017 1376 5079 loce
1407 5015 1626 5094 revertentibus
1655 5016 1771 5082 involvi
1789 5026 1833 5110 ¹pt

1555 5116 1625 5184 202
