4442 5825
1664 611 1991 668 marom
2024 614 2105 667 m
2139 614 2472 669 nmmos.
2507 613 2676 668 vsas.
2711 585 2769 668 ιζ

762 792 821 843 ut
876 785 1145 864 proinde
1202 788 1434 866 virgam
1492 789 1701 849 Aaron
1760 791 2161 852 verisimiliter
2216 795 2219 867 j'

762 891 978 950 capere
1008 891 1133 934 non
1162 875 1460 953 potuerit3
1506 885 1637 935 erat
1681 877 1841 936 enim
1877 874 2025 937 haec
2059 877 2158 938 ob-

764 957 1026 1038 longior,
1078 967 1145 1018 ut
1174 959 1374 1021 solent
1402 979 1538 1022 esse
1570 963 1776 1040 virgae
1806 964 2158 1042 pastorales.

765 1044 1075 1123 Siquidem
1106 1045 1185 1106 ad
1216 1067 1363 1107 oves
1392 1050 1585 1108 soceri
1608 1051 1705 1108 sui
1737 1049 2071 1128 pascendas
2100 1051 2161 1109 in

764 1130 1007 1191 Madian
1062 1132 1268 1194 Moses
1313 1153 1386 1194 ea
1436 1136 1696 1216 primum
1749 1154 1897 1196 usus
1948 1136 2160 1197 fuerat.

763 1219 962 1295 Atque
1006 1217 1126 1280 boc
1169 1230 1520 1300 argumento
1568 1224 1631 1283 in
1674 1224 2018 1283 universum
2058 1223 2157 1284 de·

762 1314 1078 1366 struuntur
1119 1309 1429 1386 opiniones
1483 1327 1725 1381 eorum,
1779 1311 1886 1389 qui
1930 1318 2161 1390 putant,

761 1392 993 1470 virgam
1024 1393 1347 1474 aliqnando
1377 1393 1612 1456 fuisse‘
1595 1417 1657 1456 m
1688 1415 1845 1456 arca.

834 1522 999 1583 Sunt
1045 1532 1243 1584 autem
1295 1523 1598 1596 nonnulli,
1651 1527 1754 1604 qui
1810 1526 2043 1604 virgam
2098 1535 2162 1586 et

760 1629 967 1671 urnam
1001 1631 1123 1670 non
1145 1611 1304 1672 intra
1334 1631 1533 1671 arcam
1558 1619 1799 1690 ponant,
1830 1610 1938 1672 sed
1970 1620 2158 1686 extra,

762 1691 1102 1756 videlicet
1085 1718 1145 1757 ιιι
1177 1698 1383 1757 arcula
1414 1696 1675 1777 quadam
1707 1697 1782 1757 ad
1816 1716 1951 1757 eum
1981 1717 2157 1758 nsum

757 1781 951 1855 facta,
999 1803 1166 1862 quae
1194 1783 1370 1844 lateri
1416 1804 1593 1849 arcae
1625 1785 1946 1863 conjuncta
1978 1793 2154 1860 esset,

756 1877 816 1930 ut
840 1868 1296 1951 quodammodo
1330 1869 1448 1930 dici
1483 1878 1731 1951 possent
1754 1889 1888 1931 esse
1911 1872 1973 1932 in
1996 1891 2151 1932 arca.

757 1954 846 2017 Sic
879 1957 1051 2017 enim
1097 1967 1232 2037 post
1260 1958 1551 2018 Liranum
1581 1956 1940 2018 scribentem
1971 1975 2156 2038 super

758 2041 973 2124 3323.
1008 2047 1067 2104 8.
1102 2045 1282 2104 etiam
1314 2041 1641 2124 Oajetanus
1684 2043 1940 2123 glossari
1973 2063 2153 2124 posse

757 2137 928 2210 putat
983 2129 1148 2192 hunc
1198 2131 1391 2190 locum
1442 2129 1792 2209 Epistoiae,
1847 2133 1896 2191 si
1951 2130 2153 2193 defen·

756 2214 953 2277 denda
1009 2218 1090 2277 sit
1141 2220 1271 2297 ejus
1332 2217 1673 2278 auctoritas.

755 2304 959 2364 merito
1002 2304 1175 2364 velut
1215 2305 1675 2366 commentitium
1728 2303 2149 2383 rejiciendum3

757 2399 868 2451 tum
909 2391 1197 2471 quoniam
1229 2390 1519 2472 ejusmodi
1540 2391 1744 2452 arcula
1766 2393 1998 2471 virgam
2030 2413 2151 2453 non

755 2487 1031 2557 caperet,
1085 2479 1201 2538 nisi
1245 2479 1474 2540 faceres
1518 2496 1652 2538 eam
1692 2480 1824 2559 ipsa
1853 2498 1995 2540 arca
2023 2479 2150 2540 lon-

752 2566 1015 2644 giorem3
1063 2573 1190 2626 tum
1235 2567 1377 2646 qnia
1413 2584 1524 2626 nec
1554 2565 1786 2639 Moses,
1840 2567 1946 2647 qni
1975 2566 2149 2627 nobis

754 2655 980 2725 omnia,
1032 2672 1188 2733 quae
1220 2652 1297 2714 ad
1330 2649 1987 2714 arca-fabricationem
2017 2673 2148 2733 per-

754 2741 949 2800 tinent
966 2786 980 2812 ,
1038 2747 1250 2801 exacte
1297 2738 1639 2819 descripsit,
1687 2759 1799 2800 nec
1825 2739 2148 2821 Josephus‚

752 2836 848 2888 sut
877 2824 1048 2887 alins
1078 2828 1393 2906 quisquam
1425 2832 1728 2899 veterum,
1768 2825 1949 2906 hujus
1982 2847 2149 2888 arcu·

751 2913 837 2976 lae
868 2914 1292 2976 meminerunt.
1340 2911 1499 2974 Nam
1523 2911 1685 2994 quod
1710 2910 1981 2975 adfertur
2003 2922 2149 2975 tam·

751 3022 933 3082 qnam
977 3001 1120 3061 hnic
1163 3001 1431 3080 opinioni
1478 3021 1801 3061 consonum
1844 3021 1923 3064 ex
1967 3001 2147 3063 Dent.

750 3088 844 3150 31.
866 3134 880 3160 ,
944 3088 1053 3148 ubi
1111 3088 1315 3149 Moses
1384 3087 1618 3149 Levitis
1690 3088 2010 3169 praecipit,
2082 3096 2151 3148 nt

750 3174 969 3236 librum
1027 3174 1478 3236 Deuteronomii
1541 3182 1772 3255 ponant
1826 3174 2146 3236 observan-

748 3260 888 3323 dum
924 3263 988 3323 in
1019 3260 1209 3323 latere
1240 3281 1415 3323 arcae
1446 3260 1726 3334 foederis,
1758 3260 1821 3321 id
1849 3260 2147 3343 quomodo

747 3350 817 3410 sit
846 3347 1315 3428 intelligendum
1335 3394 1349 3423 ‚
1384 3347 1539 3409 infra
1568 3347 1850 3409 dicemus.

826 3480 1034 3541 Aliam
1066 3479 1367 3562 quandam
1409 3480 1767 3560 solutionem
1809 3476 2011 3540 adfert
2038 3477 2087 3539 J
2088 3497 2148 3538 a·

746 3564 934 3628 cobus
967 3567 1369 3646 Stapulensis.
1452 3565 1605 3627 Cum
1636 3567 1795 3627 enim
1827 3566 2147 3638 existimet,

744 3653 1086 3734 Epistulam
1131 3655 1290 3715 hanc
1332 3653 1633 3714 Hebraico
1677 3655 1961 3733 scriptam
1994 3670 2144 3728 esse,

744 3759 858 3803 nec
889 3748 1095 3801 tamen
1122 3740 1451 3813 Hebraico,
1498 3749 1564 3800 ut
1608 3742 1834 3820 scripta
1863 3747 1987 3812 est,
2040 3758 2141 3799 ex·

746 3836 942 3900 stare,
999 3827 1177 3902 dicit,
1228 3847 1339 3889 nos
1368 3829 1631 3899 nescire,
1687 3846 1807 3908 qua
1835 3826 2142 3905 praeposi-

746 3916 915 3977 tione
943 3915 1175 3975 Paulus
1201 3934 1344 3976 usus
1374 3914 1582 3991 fuerit3
1616 3912 1912 3975 Graecum
1943 3920 2142 3975 autem

742 4005 1133 4081 interpretem
1186 4001 1442 4063 subinde
1500 4001 2003 4103 praepositionem
2055 3999 2141 4060 di·

744 4095 985 4149 versam
1046 4097 1150 4149 aut
1205 4091 1404 4149 minus
1463 4090 1765 4168 propriam
1832 4106 2140 4165 reponere.

745 4173 961 4256 Quare
991 4195 1098 4255 pro
1130 4195 1221 4250 eo,
1254 4173 1412 4255 quod
1445 4195 1523 4236 ex
1555 4174 1785 4235 Graeco
1817 4173 2139 4234 habemns·

743 4267 816 4323 in
872 4280 1037 4339 qua,
1101 4270 1277 4340 putat
1333 4260 1686 4342 Apostolum
1738 4263 1804 4322 in
1862 4259 2141 4321 Hebraeo

743 4350 1091 4429 scripsisse:
1146 4367 1288 4410 cum
1318 4368 1487 4428 qua3
1540 4357 1601 4409 et
1640 4347 1796 4410 adeo
1826 4355 2026 4428 putat,
2075 4356 2142 4407 ut

744 4438 930 4497 etiam
964 4437 1124 4497 ausit
1166 4439 1251 4496 ita
1295 4443 1567 4497 vertere.
1628 4455 1771 4496 cum
1812 4452 1942 4512 qua
1968 4453 2145 4496 urna

742 4541 952 4586 aurea
983 4531 1097 4583 etc.
1167 4522 1340 4603 Quae
1372 4524 1567 4584 versio
1599 4524 1650 4582 si
1681 4523 1942 4594 valeret,
1972 4521 2142 4584 haud

744 4608 932 4671 dubie
964 4609 1209 4670 tolleret
1240 4629 1472 4672 omnem
1517 4610 1930 4688 diaphoniam,
1982 4628 2144 4689 quae

743 4695 988 4757 videtur
1016 4716 1152 4757 esse
1195 4697 1374 4776 hujus
1421 4698 1540 4757 loci
1571 4716 1705 4756 cum
1749 4697 1996 4757 historia
2024 4696 2141 4757 Re·

744 4803 905 4864 gum.
953 4781 1076 4845 Sed
1106 4782 1449 4861 Epistolam
1490 4784 1644 4844 hanc
1675 4784 1974 4845 Hebraico
2004 4783 2142 4844 scri·

743 4877 912 4952 ptam
942 4890 1107 4943 esse,
1156 4868 1506 4949 Stapulensi
1534 4891 1655 4930 non
1686 4870 1912 4931 damus.
1981 4869 2065 4930 Et
2092 4869 2144 4929 si

746 4955 955 5031 detur,
1028 4978 1148 5018 non
1210 4966 1407 5019 tamen
1466 4967 1554 5018 est
1613 4957 1721 5017 fidi
1782 4958 2143 5038 interpretis,

745 5046 966 5109 omisso
997 5052 1173 5106 textu
1190 5088 1206 5120 ,
1254 5064 1432 5127 quem
1476 5042 1834 5108 vertendum
1870 5061 2143 5126 susspe-

1740 2217 1861 2280 Sed
1921 2226 1982 2278 οι
2038 2220 2153 2281 hoc
2203 2259 2204 2266 κ

3523 616 3665 684 19⁷

2269 792 2381 862 ris,
2435 789 2601 850 aliud
2633 788 2921 869 quiddam
2960 784 3218 848 reddere
3248 794 3557 867 tamquam
3587 804 3669 849 ex

2268 876 2471 952 fonte,
2502 896 2683 956 quem
2713 895 3012 956 nusquam
3042 874 3285 934 videris.

2354 965 2508 1025 Sunt
2529 964 2710 1042 igitur
2735 963 2856 1036 alii,
2889 960 3107 1042 quibus
3131 980 3211 1020 ex
3234 960 3472 1022 Graeco
3496 966 3667 1022 textu

2269 1070 2413 1112 vera
2437 1049 2800 1110 difficultatis
2825 1046 3102 1108 enodatio
3124 1046 3386 1127 petenda
3408 1044 3666 1109 videtur.

2268 1137 2495 1198 Dicunt
2514 1137 2705 1209 enim,
2738 1134 3121 1216 particulam:
3154 1136 3226 1196 in
3256 1151 3409 1212 qua,
3439 1153 3561 1194 non
3583 1134 3667 1194 ad

2268 1242 2486 1299 arcam
2531 1223 2738 1284 referri
2782 1220 3005 1283 debere
3023 1265 3037 1293 ,
3090 1221 3202 1282 sed
3253 1219 3333 1281 ad
3378 1219 3664 1281 remotius

2268 1307 2631 1371 vocabulum
2649 1355 2664 1383 ,
2692 1328 2915 1389 nempe
2936 1307 3427 1369 tabernaculum
3440 1350 3463 1384 ,
3497 1305 3666 1391 quod

2212 1398 2213 1427 ³
2267 1407 2329 1456 et
2356 1398 2552 1477 ipsum
2582 1399 2644 1457 in
2672 1395 2912 1458 Graeco
2955 1394 3239 1456 foeminei
3281 1394 3522 1474 generis
3556 1401 3663 1468 est,

2212 1480 2213 1484 ’
2266 1485 2423 1543 sicut
2450 1502 2640 1559 arca,
2673 1490 2741 1543 ut
2768 1501 2978 1544 sensus
3008 1483 3121 1542 sit=
3173 1483 3259 1542 In
3288 1498 3414 1558 quo
3445 1480 3663 1547 taber-

2265 1571 2534 1644 noculo,
2603 1578 2751 1648 post
2820 1570 3246 1631 velamentum
3313 1564 3661 1629 coeundam

2258 1659 2465 1733 posito
2491 1651 2690 1734 (quod
2719 1657 2957 1716 dicitur
2976 1657 3217 1730 δαηοια
3237 1649 3660 1728 satiatorum),

2262 1762 2414 1804 urna
2444 1751 2573 1804 erat
2601 1763 2812 1815 aurea,
2858 1741 3088 1803 habens
3117 1761 3366 1815 manna,
3397 1747 3456 1801 et
3485 1738 3664 1820 virge

2265 1830 2469 1890 Aaron
2496 1839 2611 1891 etc.
2657 1829 2783 1910 Qui
2813 1849 3028 1891 sensus
3066 1829 3443 1909 perspicuam
3473 1826 3661 1889 babet

2259 1918 2594 1978 veritatem.
2689 1915 2917 1978 Verum
2972 1936 3086 1977 nee
3143 1917 3264 1975 ista
3320 1914 3656 1995 responsio,

2260 2005 2538 2083 quamvis
2598 2022 2730 2063 eam
2787 2010 2855 2064 ut
2911 2001 3295 2083 plausibilem
3342 1998 3660 2062 adducant

2258 2089 2483 2152 Bibere
2527 2100 2589 2150 et
2619 2089 2989 2162 Tremelius,
3042 2088 3216 2149 nobis
3262 2087 3504 2168 probari
3547 2108 3652 2169 po·

2261 2186 2410 2252 test,
2457 2186 2583 2236 tum
2614 2179 2756 2256 quia
2802 2175 2969 2235 nulla
2996 2177 3170 2237 ratio
3184 2184 3305 2248 est,
3360 2193 3464 2234 cur
3494 2176 3657 2255 Apo·

2258 2263 2448 2325 stolus
2479 2265 2541 2324 in
2586 2271 2872 2323 contextu
2914 2269 3107 2322 mutet
3152 2278 3484 2322 sermonem
3503 2303 3519 2335 ,
3572 2269 3658 2334 ut,

2203 2368 2204 2371 ’
2259 2369 2392 2410 cum
2453 2348 2531 2410 de
2588 2348 2973 2410 tabernaculo
3048 2345 3313 2408 secundo
3372 2346 3656 2408 dixisset:

2259 2455 2529 2498 aureum
2572 2436 2806 2497 habam
2849 2435 3243 2496 thuribulum
3256 2478 3278 2511 ,
3327 2441 3389 2495 et
3433 2451 3654 2494 arcam

2263 2527 2658 2598 testamenti,
2716 2530 2931 2603 postea
2974 2519 3052 2582 de
3088 2520 3302 2582 eodem
3331 2520 3523 2582 dicat:
3582 2520 3655 2582 ὄπ’

2258 2628 2384 2688 quo
2412 2628 2587 2672 uma
2617 2627 2820 2671 aurea
2849 2617 2907 2671 et
2939 2610 3124 2683 viv-qa
3149 2608 3399 2682 Aaron,
3429 2625 3502 2668 ac
3531 2626 3653 2669 non

2257 2699 2488 2778 potius:
2550 2705 2609 2758 et
2663 2715 2902 2759 umam
2963 2714 3234 2757 auream
3284 2702 3346 2756 et
3395 2696 3650 2771 vir-qam

2256 2789 2520 2860 Aaron,
2573 2785 2728 2844 sicut
2756 2784 3182 2863 consequentia
3225 2781 3511 2844 sermonis
3543 2801 3649 2861 po·

2255 2870 2538 2933 stulabat.
2607 2871 2767 2932 Tum
2797 2889 2938 2933 vero
2968 2871 3142 2953 quia,
3188 2868 3352 2952 quod
3378 2865 3653 2951 pioxime

2257 2978 2366 3040 seq
2374 2960 2558 3020 uitur:
2586 2976 2899 3037 superque
2916 2976 3059 3019 eam
3079 2965 3268 3020 erant
3286 2956 3648 3032 Cherubim,

2254 3066 2377 3107 non
2407 3044 2487 3106 de
2516 3044 2926 3119 tabernaculo,
2982 3044 3090 3107 sod
3131 3044 3210 3106 de
3252 3063 3396 3105 arca
3424 3043 3649 3105 dictum

2256 3141 2364 3194 est.
2432 3132 2573 3194 Non
2603 3134 2762 3192 enim
2793 3152 2977 3212 super
3006 3130 3457 3193 tabernaculum
3474 3175 3490 3203 ,
3542 3128 3650 3192 sed

2257 3239 2439 3299 super
2467 3238 2665 3280 arcam
2696 3220 3066 3292 testamenti,
3112 3220 3176 3280 in
3215 3220 3344 3298 ipso
3377 3217 3648 3279 taberna-

2256 3306 2392 3366 culo
2411 3351 2425 3380 ‚
2478 3304 2809 3367 Cherubim
2853 3305 2984 3365 alas
3024 3320 3167 3366 suas
3202 3303 3647 3385 expandebant.

2201 3453 2202 3458 ,
2257 3392 2465 3473 Quare
2494 3402 2557 3454 et
2599 3391 2748 3453 illud
2794 3391 3195 3472 praecedenm
3247 3393 3320 3451 in
3348 3409 3476 3468 qua
3489 3434 3512 3466 ,
3565 3389 3645 3453 ad

2254 3499 2455 3541 arcam
2485 3478 2863 3541 referendum
2891 3487 3000 3553 est,
3036 3499 3155 3539 non
3185 3476 3265 3539 ad
3292 3476 3644 3539 tabernacu-

2255 3566 2397 3627 lum.
2464 3568 2697 3627 Etenim
2729 3567 2893 3646 prius
2923 3564 3122 3627 dicere
3150 3564 3375 3639 voluit,
3405 3563 3549 3646 quid
3579 3565 3643 3626 in

2253 3673 2395 3715 arca
2438 3653 2647 3726 fuerit,
2700 3652 2953 3728 deinde,
3003 3651 3148 3733 quid
3199 3672 3380 3733 super
3423 3670 3640 3712 arcam.

2255 3740 2434 3821 Quod
2479 3743 2534 3800 si
2578 3741 2658 3802 ad
2703 3740 2948 3801 diversa
2991 3740 3252 3801 referas:

2250 3845 2443 3905 super
2483 3846 2622 3888 cam
2635 3871 2656 3904 ,
2711 3828 2976 3907 implexa
3014 3835 3074 3889 et
3120 3824 3465 3907 perturbata
3506 3823 3641 3887 red·

2253 3913 2430 3974 detur
2460 3915 2680 3990 oratio3
2726 3913 3231 3993 quemadmodum
3261 3912 3445 3974 facile
3473 3919 3645 3993 patet

2206 4024 2207 4028 ¹
2251 4002 2537 4063 attentius
2569 3999 2986 4062 consideranti.

2335 4089 2551 4149 Restat
2581 4088 2776 4149 adhuc
2822 4106 2942 4147 una
2983 4086 3204 4148 solutio
3223 4131 3238 4162 ,
3290 4105 3449 4167 quae
3477 4084 3643 4172 apud

2249 4175 2594 4236 Hervaeum
2657 4176 2722 4234 in
2779 4182 3091 4236 comment.
3142 4174 3396 4253 legitur,
3449 4183 3517 4234 ut
3566 4175 3640 4234 in
3726 4193 3730 4197 ·

2249 4280 2405 4323 arca
2432 4261 2622 4323 fuisse
2649 4260 2926 4323 dicantur
2970 4280 3122 4321 uma
3149 4269 3212 4321 et
3235 4262 3442 4341 virga,
3495 4262 3644 4342 quia

2241 4350 2422 4428 juxta
2451 4346 2650 4411 arcam
2681 4358 2869 4411 erant.
2913 4347 3071 4409 Nam
3102 4366 3269 4410 more
3295 4347 3640 4429 Scripturae

2250 4433 2562 4517 quidpiam
2595 4438 2660 4499 in
2701 4437 2834 4496 loco
2879 4434 3078 4517 aliquo
3125 4453 3261 4496 esse
3297 4434 3546 4507 dicitur,
3589 4433 3642 4492 si

2248 4523 2347 4583 vel
2378 4523 2510 4583 loeo
2541 4524 2674 4603 ipso
2705 4524 3110 4595 contineatur,
3162 4521 3263 4582 vel
3291 4524 3374 4582 sit
3417 4522 3479 4581 in
3507 4520 3641 4580 loco

2251 4610 2547 4690 contiguo.
2608 4610 2711 4671 Sic
2740 4611 2896 4671 enim
2929 4605 3070 4670 dicit
3098 4610 3391 4670 Dominus
3421 4606 3501 4667 ad
3529 4605 3575 4667 J
3579 4625 3639 4666 e-

2246 4698 2497 4758 remiam
2542 4716 2674 4777 cap.
2709 4698 2808 4759 35.
2855 4695 2934 4757 de
2972 4694 3351 4758 Rechabitis:
3401 4694 3489 4755 Et
3532 4693 3641 4754 in-

2249 4784 2539 4845 troduces
2613 4800 2716 4844 eos
2784 4786 2860 4844 in
2917 4784 3176 4845 domum
3244 4781 3512 4842 Domi-m·
3567 4783 3641 4842 in

2205 4903 2208 4910 «
2248 4888 2449 4932 unam
2481 4870 2779 4934 exedram
2826 4871 3306 4945 thesaurorum3
3359 4875 3419 4929 et
3462 4867 3641 4929 dabis

2253 4960 2338 5018 eis
2383 4957 2591 5019 bibere
2636 4960 2880 5018 vinum.
2955 4956 3060 5017 Sic
3102 4962 3173 5014 et.
3201 4954 3251 5014 J
3253 4973 3475 5016 oannes
3507 4974 3639 5034 cap.

2252 5044 2389 5141 {Oa
2414 5046 2505 5110 Et
2532 5043 2906 5140 ambtolcbat
2931 5046 3124 5110 Jeme
3151 5042 3226 5106 ὄπ
3252 5041 3491 5123 templo
3504 5086 3527 5120 ,
3567 5045 3642 5104 in

3301 3740 3376 3801 in
3421 3745 3645 3816 quaet
3744 3821 3755 3830 .
