4442 5825
788 579 951 637 muretus
968 582 1008 636 Ab
1026 580 1196 637 nstitutus.
1233 581 1317 637 vm.
1335 583 1360 636 t
1377 582 1402 636 7.
1756 591 1803 659 32

356 753 464 816 talene
479 755 648 817 secuudum
661 757 832 820 versionem
845 756 945 819 Lxx
961 759 1050 820 inter·
1106 758 1281 839 Scripturas
1304 756 1421 832 docent,
1443 766 1478 819 ut
1499 759 1584 821 Rom.
1607 761 1668 833 14,
1693 763 1710 820 1
1734 757 1803 823 θοι.

356 851 479 922 pratum.
505 844 573 904 Ner
587 853 691 907 tamen
704 843 789 917 illud,
805 845 831 905 si
845 843 922 905 bene
938 864 1049 926 expeu·
1107 848 1166 918 15,
1182 845 1261 905 Phil.
1278 847 1316 917 2.,
1331 847 1426 925 Apoc
1443 845 1472 906 5.

355 929 444 1001 datur,
459 929 503 989 ah
515 928 658 991 Hebraeo
673 931 856 992 discordare.
881 932 958 992 Nam
975 934 1050 993 siin
1148 933 1197 994 lix
1222 931 1269 993 his
1295 929 1427 1012 denique
1456 930 1546 993 valde
1576 928 1734 1010 probabile
1759 931 1801 1006 fit,

355 1016 513 1095 Scripturis
536 1016 686 1079 interdum
708 1017 843 1081 homiues
864 1021 999 1098 potentia
1014 1040 1050 1080 ac
1103 1019 1279 1099 Apostolum
1294 1019 1344 1078 hic
1358 1020 1441 1100 loqui
1456 1017 1495 1078 de
1511 1039 1555 1091 eo,
1571 1019 1652 1099 quod
1667 1019 1802 1098 futurum

354 1101 501 1181 dignitate
523 1103 708 1165 axcassentes
732 1104 923 1187 appellantur
945 1104 995 1175 dii,
1017 1113 1051 1166 ut
1102 1114 1150 1165 est
1164 1106 1195 1166 in
1210 1104 1345 1167 secundo
1362 1104 1476 1166 Christi
1492 1105 1633 1178 dventu,
1656 1107 1734 1167 dont
1749 1125 1800 1166 sn·

353 1189 458 1251 Psalm.
471 1191 526 1250 81.
550 1193 639 1252 Daras
650 1195 785 1255 sistitis
799 1209 961 1269 synogoga
977 1193 1047 1253 deo·
1101 1211 1157 1270 pra
1171 1193 1347 1253 monuimus.
1371 1193 1459 1253 Tunc
1475 1193 1553 1253 enim
1568 1191 1720 1253 Christum
1735 1193 1799 1254 uni·

353 1294 427 1347 rum,
441 1279 482 1338 isa
498 1278 605 1338 madio
619 1285 726 1340 autom
742 1281 814 1341 daos
829 1280 996 1354 dijudicat,
1018 1287 1050 1342 et
1100 1279 1248 1340 versalem
1264 1281 1396 1339 omnium
1407 1280 1559 1340 hominum
1575 1286 1607 1337 ot
1621 1279 1798 1359 angelorum

353 1364 470 1424 itarmn:
496 1365 568 1441 Ego
590 1365 677 1426 diui:
700 1367 747 1426 dii
768 1369 839 1428 estis
860 1367 971 1445 attilii
992 1385 1047 1428 aa·
1095 1364 1232 1443 jndicem
1248 1385 1284 1426 ac
1299 1365 1462 1440 dominum,
1478 1367 1509 1426 in
1521 1365 1607 1443 regni
1622 1366 1668 1426 sui
1683 1365 1798 1445 plenis·

353 1451 417 1510 celsi
431 1470 557 1526 oman,
573 1450 648 1532 quid
663 1453 776 1527 mirum,
799 1457 825 1515 sl
841 1460 874 1513 et
887 1453 987 1533 angeli
1004 1456 1057 1517 in·¹
1099 1453 1204 1512 simam
1219 1455 1439 1533 possessionem
1451 1449 1654 1514 inducendum
1666 1471 1685 1511 a
1695 1451 1797 1526 Patre,

353 1536 460 1597 tardum
488 1537 570 1598 idem
592 1557 700 1600 nomen
725 1539 930 1620 participant?
956 1539 1046 1602 Unde
1099 1539 1171 1599 boui
1186 1538 1307 1619 quidem
1323 1539 1424 1618 angeli
1440 1538 1608 1619 gaudentes
1623 1558 1659 1617 ar,
1673 1557 1798 1600 reuera·

352 1633 391 1682 ast
411 1623 491 1684 illud
506 1623 620 1684 Psalm.
637 1628 665 1686 8.
689 1627 837 1691 Minuisti
858 1645 931 1687 eum
943 1628 1046 1703 paulo
1098 1625 1202 1698 hundi,
1225 1627 1385 1687 daemones
1407 1636 1517 1699 autem,
1545 1622 1683 1686 dolentes
1706 1632 1799 1706 atque

352 1714 451 1772 maus
473 1710 518 1771 oh
533 1714 667 1788 asadia,
690 1712 785 1774 Hebr.
801 1734 822 1774 o
837 1714 906 1774 diis.
929 1715 978 1774 De
993 1733 1043 1773 ou·
1099 1704 1196 1784 inviti,
1216 1715 1380 1793 potentiam
1396 1714 1463 1792 ejus
1478 1733 1514 1774 ac
1529 1711 1714 1773 divinitatem
1730 1731 1796 1791 reg

351 1799 394 1876 jus
415 1798 567 1859 versiculi
597 1798 752 1861 intellectu
781 1802 916 1881 proximo
946 1802 1045 1880 capite
1098 1800 1189 1879 nique
1212 1798 1447 1879 magnitudinem
1469 1806 1666 1879 agnoscentes
1689 1795 1795 1880 adora·

353 1886 516 1945 scmratius
531 1886 590 1945 erit
603 1885 761 1966 agendum.
783 1889 878 1949 Recte
893 1895 994 1947 autem
1006 1906 1045 1947 ex
1097 1886 1181 1959 bunt,
1198 1906 1235 1946 ea
1246 1887 1385 1946 nimirum
1401 1885 1575 1947 adoratione
1587 1892 1619 1947 et
1633 1883 1724 1960 cultu,
1741 1885 1797 1966 qui

353 1970 435 2032 llsbr.
455 1980 522 2032 tam
538 1971 746 2053 Hieronymus
767 1994 856 2055 quam
878 1973 930 2034 alii
952 1977 1043 2037 iuter·
1097 1972 1153 2032 soli
1168 1973 1237 2033 Deo
1254 1971 1388 2034 debetur.

353 2067 444 2136 protes
457 2060 494 2119 in
509 2058 623 2119 Psalm
641 2061 691 2122 96.
706 2069 842 2123 vertunt:
863 2079 971 2122 omncs
986 2061 1042 2135 dli,
1139 2058 1305 2139 Aptissima
1324 2068 1425 2120 autern
1440 2060 1533 2119 utitur
1547 2057 1605 2118 hoc
1621 2058 1791 2120 testimonio

352 2164 403 2206 non
421 2145 526 2206 solum
549 2147 581 2205 in
602 2146 802 2221 hemistichio,
825 2147 907 2229 quod
930 2147 1045 2227 allegat
1097 2143 1181 2205 Trid.
1197 2145 1339 2226 Synodus
1360 2145 1399 2206 ad
1415 2144 1668 2227 comprobandam
1684 2143 1789 2206 adora·

353 2233 527 2312 Apostolus,
557 2232 611 2293 scd
642 2235 731 2294 etism
766 2237 796 2296 in
822 2236 882 2296 alio
909 2232 1044 2312 ejusdcm
1095 2233 1208 2293 tionem
1235 2231 1346 2293 Christi
1371 2234 1403 2293 in
1432 2232 1634 2294 Eschatiotis.
1663 2232 1740 2292 Nam
1765 2232 1791 2292 si

353 2317 460 2392 Psalmi,
485 2318 690 2381 ubidicitur:
716 2322 818 2383 Nimis
840 2321 998 2384 accltotraa
1013 2339 1044 2381 cs
1096 2319 1198 2399 angeli
1222 2318 1373 2380 Christum
1394 2317 1535 2379 adorant:
1560 2325 1675 2396 quanto
1695 2319 1798 2398 magis.

355 2422 434 2482 uper
456 2425 574 2469 omncs
595 2408 679 2482 deos,
703 2405 756 2469 ubi
776 2409 819 2470 sic
835 2419 867 2471 st
880 2408 979 2471 LXX.
1006 2408 1042 2468 Id
1095 2407 1233 2467 hominos
1248 2407 1336 2466 etiam
1352 2408 1383 2464 iu
1397 2403 1598 2478 Eschatiotis,
1621 2403 1674 2463 ubi
1687 2401 1794 2465 fidelos

358 2495 419 2553 niu
432 2493 758 2573 repereruntinlonte,
773 2495 1042 2557 sedoonrmentato·
1097 2512 1166 2553 eum
1188 2493 1286 2552 sciunt
1308 2511 1382 2554 vete
1397 2510 1464 2552 esse
1483 2488 1694 2572 praesentem?
1715 2490 1793 2551 Nam

361 2580 443 2640 r'saat
456 2599 621 2660 quaerero,
645 2582 767 2661 quinam
783 2582 826 2644 ibi
842 2585 975 2644 deorum
990 2602 1040 2642 uo·
1096 2581 1270 2660 ubicunque
1293 2577 1429 2648 Christus
1455 2587 1517 2651 est,
1540 2586 1620 2638 recte
1642 2575 1793 2637 adoratur.

357 2666 417 2726 uiue
437 2666 661 2746 intelligantur.
693 2667 753 2728 Alii
775 2668 850 2730 deos
871 2669 981 2741 labos,
1008 2679 1043 2728 ut
1096 2666 1190 2727 Porro
1203 2686 1325 2728 sensum
1336 2666 1402 2745 jam
1413 2665 1515 2726 datum
1527 2665 1702 2726 confirmant
1713 2663 1791 2724 Scri·

356 2752 441 2825 alon,
465 2754 574 2815 lunam
591 2757 751 2816 autetiam
774 2754 952 2832 daemones;
979 2756 1041 2828 alii,
1096 2763 1210 2833 pturae,
1231 2773 1309 2834 quae
1325 2752 1511 2813 desecando
1527 2750 1639 2814 christi
1660 2749 1793 2813 adventu

354 2837 455 2916 judicas
479 2848 512 2901 at
534 2840 699 2922 priucipea3
722 2840 789 2916 alii,
809 2843 933 2924 angelos
957 2842 1043 2904 intel·
1095 2850 1235 2921 agentes,
1262 2847 1412 2901 testantur
1437 2858 1505 2899 oum
1536 2847 1698 2900 venturum
1723 2856 1792 2898 cum

356 2925 398 3005 ligi
413 2936 534 3009 putant.
953 2958 957 2964 ·
1095 2935 1246 3007 potestate
1267 2947 1378 3008 magna
1400 2935 1433 2987 et
1450 2927 1624 3005 majestate,
1645 2927 1792 3004 stipatum

388 3012 463 3075 Saue
479 3014 641 3095 probabile
662 3023 710 3077 est
724 3034 761 3077 eo
775 3019 895 3078 nomine
910 3036 1043 3097 compre·
1095 3013 1264 3094 agminibus
1290 3013 1466 3093 angelorum
1493 3033 1529 3073 ac
1554 3013 1697 3075 virtutum
1724 3031 1790 3073 coe·

356 3100 432 3162 bandi
446 3114 512 3163 tarn
536 3103 663 3182 angelos
679 3122 770 3183 quarn
786 3104 933 3177 homines,
955 3112 1041 3183 quot·
1095 3101 1221 3174 lestium,
1244 3100 1398 3162 utMatth.
1417 3102 1465 3161 16.
1482 3101 1532 3160 24.
1548 3101 1599 3161 26.
1616 3099 1747 3160 etaliaa.

356 3197 412 3267 quor
425 3189 566 3268 potentia
589 3197 683 3269 atque
696 3189 845 3268 dignitate
861 3210 952 3271 super
965 3190 1042 3250 alios
1140 3190 1167 3247 7.
1191 3190 1235 3249 Et
1257 3189 1300 3247 od
1321 3189 1451 3264 unpclos
1472 3186 1599 3264 quidem
1621 3186 1706 3245 dieis
1737 3184 1790 3246 Aa

356 3278 483 3337 subant.
518 3275 594 3335 Vult
619 3278 699 3338 enim
725 3277 905 3352 Psalmista,
930 3277 1043 3338 nullam
1094 3275 1235 3351 assoles,
1252 3274 1283 3335 id
1298 3284 1344 3335 est
1358 3276 1396 3336 de
1411 3273 1544 3350 nauelis,
1560 3282 1594 3333 ut
1608 3271 1789 3333 beneventit

356 3371 486 3423 metam
506 3361 667 3424 sublimem
689 3367 864 3444 potentiam,
888 3383 967 3445 quae
981 3382 1042 3424 nou
1075 3362 1201 3423 ·Faber.
1232 3360 1324 3441 Quod
1345 3362 1425 3421 enim
1447 3361 1495 3421 hio
1521 3362 1643 3433 citatur,
1668 3378 1729 3419 uon
1752 3357 1793 3419 ad

356 3449 505 3511 hcurmc
527 3468 562 3509 se
587 3449 699 3512 debeat
720 3472 756 3513 ac
777 3452 955 3513 submittere
977 3451 1039 3511 Do·
1094 3448 1229 3528 angelos,
1252 3447 1306 3508 sed
1329 3445 1368 3507 ds
1387 3446 1503 3527 angelis
1525 3445 1607 3518 dicit,
1631 3444 1681 3505 vol
1704 3446 1791 3505 Deus

355 3537 413 3597 uiui
433 3539 596 3617 regnantis
618 3538 753 3617 imperio.
780 3540 870 3600 Hanc
892 3538 1041 3620 generali·
1094 3537 1143 3597 vel
1173 3536 1335 3615 Scriptura.
1372 3533 1451 3594 Nam
1480 3532 1625 3593 utrumvis
1654 3531 1791 3611 suppleri

354 3631 433 3684 totam
458 3623 579 3696 Lxx,
609 3644 737 3705 quorum
763 3628 901 3687 versione
926 3624 1041 3687 Paulus
1069 3628 1200 3704 potest.
1228 3623 1278 3684 Sic
1294 3620 1373 3681 infra
1387 3641 1452 3701 cap.
1469 3624 1498 3682 4.
1525 3619 1577 3681 Ad
1592 3636 1685 3697 quem
1699 3618 1790 3681 nohis

352 3712 442 3785 utitur,
465 3713 688 3773 restrinxerunt
702 3708 742 3773 ad
757 3712 1041 3789 excellentissimum
1092 3728 1215 3785 sermo,
1230 3708 1262 3769 id
1283 3717 1330 3770 est
1351 3708 1477 3785 dequo.
1500 3705 1540 3767 Et
1558 3705 1643 3767 Rom.
1663 3708 1712 3766 10.
1735 3705 1788 3766 Aa

352 3801 747 3878 gsnmcreatsepotestatis,
758 3797 843 3862 idest
854 3801 893 3861 ad
905 3801 1039 3879 angelos.
1095 3799 1198 3858 Isroi‘l
1214 3804 1320 3857 cratem
1336 3795 1423 3869 dicit
1440 3794 1471 3854 id
1487 3801 1533 3854 est
1547 3791 1586 3852 de
1601 3792 1690 3853 Iralil.
1713 3790 1791 3853 Item

387 3886 433 3946 lix
445 3885 1040 3966 quoliquet,testimouiumabApostolo
1093 3887 1167 3946 Luc.
1185 3885 1234 3944 18.
1262 3884 1353 3944 Diris
1366 3883 1421 3941 >od
1441 3880 1606 3958 quosdam,
1631 3881 1687 3956 qui
1708 3881 1745 3940 iss
1759 3898 1790 3940 sc

351 3971 398 4031 rita
411 3971 549 4053 produci,
565 3992 633 4033 cum
649 3993 668 4033 a
682 3993 792 4052 genere
805 3975 947 4037 universe
962 3994 1040 4036 eum·
1093 3971 1307 4047 confidebant,
1320 3967 1351 4029 id
1363 3977 1408 4029 est
1419 3967 1456 4028 de
1468 3966 1663 4047 quibusdam,
1679 3974 1711 4026 et
1721 3985 1788 4047 cap.

352 4068 395 4137 pto
409 4058 449 4119 ad
465 4067 578 4120 cartam
601 4062 733 4139 speciem
748 4060 883 4140 legitima
896 4062 938 4121 sit
953 4080 1039 4141 argu·
1096 4060 1145 4120 19.
1161 4060 1216 4119 Ais
1226 4062 1321 4119 Jasras
1332 4056 1375 4115 od
1387 4074 1469 4129 aum,
1485 4073 1591 4134 nempe
1604 4051 1792 4129 Zachaeum3

350 4147 494 4207 mentatio.
518 4145 601 4226 Quin
623 4147 787 4207 verisimile
801 4155 855 4221 est,
878 4151 903 4209 si
919 4146 959 4207 ad
973 4168 1039 4210 seu·
1094 4166 1162 4206 cum
1183 4165 1244 4206 non
1258 4144 1298 4204 ad
1313 4163 1391 4213 eom,
1412 4141 1467 4203 sed
1490 4137 1528 4200 de
1544 4158 1580 4200 eo
1595 4140 1790 4220 loqueretur;

351 4249 405 4293 arm
416 4233 534 4294 Psalmi
545 4241 607 4294 tarn
617 4233 765 4295 literalem
779 4254 867 4313 quam
879 4238 1040 4314 mysticum
1093 4242 1124 4294 at
1134 4253 1199 4313 cap.
1212 4233 1263 4293 20.
1280 4231 1517 4308 Ουρηουσναηι,
1534 4228 1620 4305 qood
1635 4228 1679 4287 ad
1694 4230 1790 4305 ipsos,

351 4322 555 4399 respiciamus,
582 4322 674 4381 etiam
696 4320 792 4381 malos
814 4321 939 4401 angelos
962 4342 1039 4383 oom-
1092 4320 1124 4381 id
1151 4328 1209 4392 eet,
1239 4316 1278 4378 do
1304 4320 1377 4398 ipsis
1403 4316 1520 4378 duam
1548 4314 1791 4376 similitudinem

351 4406 507 4484 prehendi,
543 4427 620 4490 quos
649 4408 763 4488 passim
793 4409 980 4488 principatus
1010 4418 1041 4470 st
1092 4410 1194 4484 horse,
1211 4403 1461 4487 quemadmodum
1478 4411 1509 4462 et
1522 4402 1642 4462 Marcus
1657 4401 1789 4481 loquitur

351 4504 510 4571 potasutes
526 4493 661 4575 appellat
674 4495 837 4574 Scriptura,
861 4494 899 4557 de
913 4516 1040 4575 quorum
1093 4515 1160 4574 cap.
1179 4498 1227 4555 12.
1259 4491 1380 4573 Quibus
1400 4490 1535 4552 omnibus
1557 4489 1702 4560 locissst
1723 4486 1788 4566 qui·

351 4583 479 4662 principa
500 4584 644 4662 scriptum
665 4590 714 4643 est
735 4580 797 4644 Job
818 4585 869 4643 41.
900 4586 974 4645 Non
997 4590 1041 4644 cst
1093 4580 1162 4642 dem
1178 4580 1295 4643 Graeca
1316 4579 1502 4659 praepositio
1518 4569 1598 4653 πρὸς
1612 4573 1789 4634 accusativo

352 4684 437 4745 super
458 4676 580 4730 unum
601 4677 751 4746 potestas,
773 4688 855 4746 quoe
874 4687 1041 4747 compars-
1089 4671 1206 4749 juncta,
1230 4666 1283 4728 sed
1306 4685 1385 4744 quse
1406 4663 1554 4725 interdum
1570 4680 1642 4734 reru,
1665 4659 1704 4721 de
1727 4679 1791 4740 qua

352 4760 396 4814 tur
409 4759 447 4816 ei.
470 4755 552 4816 liam
565 4757 755 4818 ethiDeum
769 4756 904 4818 madunt
919 4765 949 4818 at
962 4775 1040 4820 cors·
1092 4758 1202 4837 agitur,
1224 4754 1376 4833 designat.

354 4846 528 4904 hemissum
553 4843 623 4905 dac.
650 4843 689 4917 2.,
715 4850 746 4903 et
768 4841 895 4907 ,eosdem
923 4844 1052 4904 Christo.
1135 4845 1198 4923 Qui
1221 4843 1304 4919 fucit
1329 4839 1459 4917 angelos
1484 4852 1555 4897 suos
1580 4834 1732 4922 spiritura,
1745 4848 1747 4851 ’
1761 4842 1791 4900 ct

354 4929 476 5005 perfecte
491 4929 704 5009 subjiciendos,
720 4932 1038 5009 eumqueadoraturos
1092 4933 1254 4992 ministros
1278 4945 1350 4990 asos
1376 4929 1539 5006 flammam
1565 4922 1659 4997 ionia
1690 4922 1789 4987 Locus

355 5031 419 5093 usa
430 5016 512 5099 quod
522 5016 603 5079 mala
612 5015 799 5080 warinus
809 5026 911 5100 negat,
925 5018 1038 5091 multae
1091 5027 1138 5082 eat
1148 5017 1259 5080 Psalm.
1273 5016 1343 5080 103.
1355 5010 1522 5077 secundum
1531 5008 1641 5085 Lxx,
1654 5027 1710 5072 noc
1723 5007 1788 5071 Hc·
