4442 5825
815 613 978 669 trimum
994 613 1035 669 AB
1052 612 1219 669 ΙΜΕΟΒ.
1253 610 1339 665 Vm.
1357 610 1382 665 t
1399 609 1425 665 ι.
1754 613 1826 685 105

394 789 543 852 ιιίιιιιιιιιι
568 788 730 853 mendo
751 789 806 852 retr
819 791 852 852 in
870 791 974 870 primis
987 810 1077 852 roue-
1128 789 1262 852 stimouii
1283 786 1451 868 cajetanus
1470 784 1586 862 ediert,
1608 806 1644 848 eo
1666 783 1747 867 quod
1769 784 1826 846 filii

393 881 436 938 tio.
473 878 691 955 Oloriflooott,
718 879 866 958 interpres
892 875 971 938 dixit
995 897 1077 939 more
1129 878 1318 957 primogeniti
1334 886 1400 937 eret
1416 875 1485 954 jure
1507 873 1707 936 hoereditsrio
1729 891 1827 934 moer·

390 983 436 1025 tuo
449 985 522 1045 pro:
541 964 753 1042 glorifieavit,
774 955 928 1030 ιὸόξασιν.
951 965 1076 1026 Ambro·
1129 962 1251 1025 dotium.
1288 963 1367 1024 Nem
1382 963 1590 1043 primogenitis
1609 962 1678 1022 olim
1690 961 1760 1039 jure
1775 958 1826 1021 de·

387 1053 443 1112 siue
462 1052 494 1112 in
508 1051 653 1133 Epistole
674 1049 713 1111 ed
727 1052 891 1113 Eoolesiem
905 1051 1075 1113 Veroeilen·
1129 1050 1219 1117 bitem
1255 1049 1349 1111 inisse
1380 1047 1543 1115 secerdotii
1571 1048 1825 1130 preerogetisem,

386 1157 439 1199 sen
453 1139 497 1198 ite
510 1138 605 1218 legit:
627 1140 702 1200 Nom
715 1157 746 1200 se
760 1137 984 1214 honorificavit
1006 1139 1077 1216 fleri
1129 1144 1248 1199 vetuste
1270 1145 1319 1198 est
1337 1137 1544 1197 Hebraeorum
1559 1134 1691 1197 muditio.
1729 1131 1826 1213 Cujus

385 1243 542 1286 κιιιιιιιιιιι
555 1225 759 1286 medonem.
781 1225 877 1287 Porro
887 1224 1009 1285 verbum
1020 1224 1078 1286 hoo
1130 1226 1217 1286 etiem
1233 1225 1441 1304 Hieronymus
1456 1224 1619 1304 eliquoties
1633 1221 1776 1295 meminit,
1792 1229 1828 1282 ιιι

384 1311 500 1393 quidem
515 1320 691 1391 exponunt:
707 1312 941 1374 oommemdoos't
949 1357 959 1387 ,
976 1321 1075 1373 osten·
1130 1312 1162 1373 in
1175 1313 1274 1391 Epist
1299 1314 1370 1373 126.
1392 1310 1431 1370 ed
1445 1310 1613 1388 liuegrinm
1636 1317 1667 1370 et
1687 1308 1719 1368 in
1734 1307 1825 1370 tredi-

384 1397 467 1459 teudo
481 1398 668 1477 euesdotes,
683 1401 811 1461 uirtutes
824 1401 985 1472 eomerite,
1000 1403 1078 1459 sieut
1130 1398 1262 1459 tionibus
1289 1398 1448 1459 Hebraicis
1470 1417 1560 1478 super
1581 1395 1673 1470 Gen,
1699 1403 1762 1456 tum
1788 1394 1827 1456 ed

384 1484 528 1548 nbitiosi
542 1485 645 1548 seuere
660 1485 768 1548 solent.
805 1485 867 1547 Sed
883 1487 981 1547 verior
996 1486 1076 1566 Apo·
1128 1485 1182 1547 ille
1207 1485 1302 1545 verbe
1326 1505 1393 1564 esp.
1417 1485 1484 1546 iim
1509 1486 1553 1546 Et
1577 1481 1714 1545 oestuo
1737 1483 1828 1545 Ειιιιι

384 1572 445 1634 soti
460 1592 575 1635 murus
590 1580 651 1634 est:
676 1573 727 1634 Ite
747 1580 779 1634 et
792 1571 932 1634 Christus
954 1591 1015 1633 non
1030 1591 1076 1632 se·
1128 1571 1223 1634 ualde
1245 1572 1335 1634 bostis
1356 1580 1431 1646 ete,
1455 1578 1519 1634 tum
1541 1569 1580 1631 ed
1602 1571 1663 1631 iste
1677 1588 1744 1649 sep.
1759 1572 1827 1632 49.ι

384 1661 552 1740 reipsum
574 1660 684 1722 extulit
701 1658 740 1720 ed
755 1659 934 1741 pontiiioiem
949 1658 1075 1740 dignito·
1129 1660 1261 1735 nuum,
1284 1660 1519 1737 primogenitus
1540 1676 1634 1719 mette.
1671 1654 1734 1718 Sed
1761 1675 1827 1717 sem

384 1753 453 1819 ten,
475 1767 541 1809 non
562 1754 662 1808 semet
683 1748 783 1826 iprum
804 1748 976 1826 pontificem
994 1745 1075 1807 feeit.
1129 1746 1319 1808 traditionem
1335 1744 1412 1807 edeo
1427 1766 1487 1807 non
1501 1754 1642 1827 putemne
1655 1762 1776 1817 rerem,
1794 1750 1830 1803 ut

419 1833 460 1893 Δι
474 1831 577 1894 diees:
601 1832 763 1914 Quomodo
777 1851 838 1894 non
860 1841 955 1895 semet
970 1833 1077 1915 ipsum,
1129 1854 1169 1895 ex
1194 1834 1267 1914 ipsis
1293 1832 1385 1894 etiem
1410 1832 1574 1914 Soriptnris
1599 1830 1696 1893 refelli
1721 1831 1827 1910 possit

386 1920 431 1999 gei
443 1919 534 1981 Deus
550 1929 620 1981 eret
637 1940 673 1982 ee
695 1920 800 1981 divine
822 1927 973 2000 potestate
988 1918 1077 1981 simul
1129 1920 1209 1981 Nem
1223 1929 1296 1980 ente
1310 1920 1407 1999 legem
1418 1919 1582 1982 Moseioem
1594 1920 1674 1981 Abel
1688 1925 1719 1979 et
1731 1918 1826 1979 Abre-

388 2009 559 2069 nuieeum
570 2005 873 2086 Petreoperebetur?
886 2006 1076 2087 Respondeo,
1129 2007 1212 2080 hem,
1238 2015 1271 2068 et
1295 2006 1349 2067 elii
1375 2005 1498 2087 quidem
1521 2008 1661 2086 leguntur
1683 2004 1829 2067 obtulisse

389 2093 557 2173 Apostolum
588 2093 626 2154 de
654 2094 774 2156 Christo
804 2093 888 2174 ioqui
913 2092 1077 2156 seeundum
1129 2093 1291 2167 seorifioie,
1317 2094 1369 2173 qui
1395 2094 1586 2175 primogeniti
1610 2113 1671 2156 non
1696 2092 1828 2154 fuerunt

388 2198 445 2241 ιιιι
465 2188 623 2254 neturem,
650 2200 713 2260 que
733 2179 869 2262 pontifex
895 2187 954 2252 est,
978 2179 1007 2240 id
1031 2189 1077 2241 est
1130 2180 1190 2242 Sed
1206 2189 1238 2241 et
1252 2182 1283 2240 in
1306 2182 1373 2260 ipse
1385 2180 1457 2260 lege
1471 2200 1619 2260 nusquem
1635 2180 1828 2261 preeoipitur,

390 2267 541 2329 mudum
566 2267 738 2329 humenem.
775 2266 826 2328 flio
852 2268 932 2328 enim
957 2287 1018 2327 non
1044 2287 1078 2329 se
1130 2276 1165 2327 ut
1178 2267 1235 2327 soli
1251 2267 1442 2347 primogeniti
1456 2270 1517 2329 sint
1532 2266 1717 2343 secerdotes,
1733 2286 1825 2346 quen-

390 2355 476 2433 ipsum
497 2353 700 2434 giorifiesrit,
725 2351 778 2416 sed
800 2356 834 2414 in
847 2353 970 2415 Christo
992 2353 1078 2414 Deus
1130 2353 1292 2433 doquidem
1316 2362 1382 2414 tote
1404 2355 1493 2436 stirps
1515 2353 1667 2415 Auronioe
1690 2351 1826 2414 secerdo-

393 2437 524 2502 hinem
544 2440 735 2520 gioritioevit
774 2439 964 2521 Quemquem
987 2442 1077 2501 etiem
1130 2441 1200 2503 tulis
1217 2447 1290 2500 eret
1313 2439 1421 2520 Iteque
1435 2461 1494 2501 non
1510 2439 1593 2500 eliud
1606 2440 1693 2502 nobie
1708 2438 1828 2501 videtur

395 2526 521 2588 stI‘iiiue
538 2526 599 2589 Dei
620 2547 680 2589 nou
703 2529 745 2588 ite
765 2527 971 2608 semetipsum
985 2527 1077 2587 hemi·
1129 2526 1295 2609 Apostolus
1311 2527 1343 2587 in
1357 2527 1413 2587 hoe
1432 2529 1603 2589 testimonio
1626 2525 1745 2588 eitendo
1760 2545 1826 2608 spe·

392 2630 447 2675 ιιι
473 2613 674 2694 glorifieevit,
704 2622 738 2675 ut
762 2635 823 2674 non
847 2613 905 2674 hoo
935 2615 1033 2694 ipsum
1058 2634 1077 2674 e
1130 2623 1247 2689 otesse,
1262 2634 1352 2693 quem
1367 2614 1449 2694 quod
1462 2613 1601 2675 diximus.
1634 2614 1714 2675 Nem
1728 2614 1767 2675 de
1781 2633 1828 2694 se·

391 2696 470 2761 Petro
483 2702 647 2782 eosiperet
684 2700 776 2763 Unde
796 2709 829 2761 et
842 2700 949 2761 Filium
968 2701 1076 2779 potius,
1131 2701 1262 2763 oordotio
1278 2702 1429 2780 sequitur:

391 2804 468 2867 ιιιιιι
482 2785 623 2862 Putrem,
638 2788 789 2850 iuoemeri
804 2785 911 2848 deeutt.
947 2786 981 2848 Si
997 2789 1075 2848 enim
1174 2792 1203 2851 6.
1235 2787 1509 2868 Quemadmodum
1539 2796 1570 2849 et
1598 2791 1636 2850 ιιι
1663 2788 1729 2848 otto
1758 2787 1826 2849 loeo

390 2870 471 2936 tue
491 2875 668 2937 inoernetus
689 2875 813 2947 inisset,
837 2894 898 2936 non
913 2872 1077 2953 jemChri·
1130 2875 1215 2938 dicit.
1253 2875 1358 2936 Potest
1380 2877 1471 2937 etiem
1486 2876 1582 2938 uerti:
1613 2875 1827 2955 οιιιιιιιιιιιιιο·

390 2967 443 3020 tus
455 2960 496 3023 eb
510 2962 575 3023 elio
590 2964 700 3024 missus
713 2962 752 3022 ud
775 2980 830 3023 nos
846 2963 998 3036 venisset,
1023 2979 1079 3022 neo
1130 2964 1207 3025 dum
1224 2970 1254 3024 et
1267 2965 1303 3024 ιἰι
1318 2964 1384 3023 olto
1399 2964 1527 3025 Peolmo
1543 2963 1628 3024 dicit.
1665 2964 1743 3025 Nem
1757 2960 1826 3024 sub·

390 3046 420 3108 ιιι
443 3047 505 3110 eiio
531 3051 726 3131 pontitioetus
751 3049 896 3110 honorem
920 3051 1078 3129 reciperet,
1131 3052 1294 3111 steutivum
1332 3049 1365 3110 in
1399 3048 1516 3111 Greeso
1551 3070 1613 3111 uon
1641 3051 1827 3132 exprimitur.

389 3133 433 3195 sed
454 3155 473 3196 e
494 3156 530 3198 ee
552 3138 628 3218 ipso.
665 3135 755 3217 Quod
782 3145 865 3196 uerte
888 3138 987 3196 minus
1009 3156 1076 3196 eon·
1130 3138 1231 3200 Lotus
1247 3144 1347 3198 sutem
1362 3136 1672 3200 estinPselm.109,

390 3221 514 3300 gestet,
528 3224 575 3284 uti
590 3224 832 3305 pressensloous
846 3222 987 3284 ostendit
1010 3223 1078 3284 Non
1177 3227 1227 3286 dis
1250 3243 1281 3284 es
1301 3223 1446 3285 sueardus
1470 3228 1507 3288 ιιι
1527 3232 1694 3286 oeternum
1714 3240 1827 3286 sesum-

389 3309 457 3369 tuim
478 3310 577 3371 solem
598 3319 737 3372 neturem
759 3310 889 3372 ettendit
903 3310 1076 3390 Apostolus,
1131 3312 1208 3373 dum
1220 3310 1366 3371 ordimem
1379 3311 1607 3373 Melchisedech.
1631 3313 1748 3372 Rursus
1759 3330 1825 3373 rer·

391 3413 472 3475 ῃιιιι
493 3396 570 3458 dicit
597 3397 750 3460 Christum
774 3414 836 3458 nou
860 3405 955 3458 semet
979 3398 1076 3478 ipsum
1130 3399 1171 3459 be
1186 3407 1255 3459 snut
1269 3398 1369 3458 Petris
1391 3396 1544 3478 loquentis
1566 3398 1602 3459 ed
1619 3398 1737 3460 Filium.
1775 3395 1825 3457 ld-

390 3479 572 3557 susum-s,
587 3483 643 3546 sed
654 3487 747 3546 etium
762 3504 934 3565 personsm3
948 3493 984 3544 ιιι
994 3490 1079 3566 petet
1131 3488 1211 3547 oiroo
1241 3492 1340 3545 entem
1368 3483 1426 3545 hoo
1459 3486 1659 3547 testimonium
1688 3483 1827 3564 adjungit

392 3585 422 3630 ιι
435 3589 487 3644 eo,
502 3570 586 3652 quod
601 3573 750 3651 seqnitur:
1131 3572 1295 3653 superiori,
1311 3582 1345 3631 ut
1361 3570 1503 3647 eundem,
1526 3592 1617 3651 quem
1631 3571 1745 3632 Filium
1760 3590 1827 3652 pro·

423 3657 483 3720 &d
503 3660 562 3736 pret
585 3658 708 3720 domtus
730 3665 774 3720 ort
796 3657 839 3717 od
860 3677 950 3719 sum:
975 3658 1078 3720 mltos
1129 3659 1228 3732 bavit,
1251 3659 1358 3738 probet
1380 3661 1469 3722 etium
1484 3680 1502 3720 e
1518 3660 1611 3721 Petro
1633 3660 1827 3720 constitutum

393 3759 513 3807 mss
528 3752 584 3820 ιιι,
611 3764 667 3821 spo
686 3746 779 3806 toute
800 3748 897 3821 omos·
918 3752 956 3805 te.
994 3744 1075 3804 Peri·
1130 3745 1323 3807 sacerdotem.
1357 3746 1423 3807 Neo
1438 3748 1556 3808 mireris
1570 3748 1726 3808 transitum
1742 3766 1760 3806 e
1775 3765 1827 3805 no·

391 3828 496 3908 phrasis
510 3839 558 3893 est
571 3832 680 3905 Petris,
695 3833 781 3914 qussi
797 3832 891 3892 diest:
911 3830 972 3892 Sed
987 3831 1078 3891 Peter
1129 3835 1210 3894 mine
1222 3834 1383 3910 pontificis
1394 3833 1433 3895 ed
1445 3854 1554 3895 nomeu
1565 3835 1744 3908 sucerdotis,
1759 3852 1826 3893 eum

393 3933 448 3977 tem
461 3919 657 3992 clarificavit,
682 3928 716 3979 ut
730 3918 866 3999 pontifex
880 3919 976 3979 fieret.
1013 3917 1075 3996 Ap·
1129 3920 1199 3999 plus
1214 3922 1267 3988 sit,
1289 3922 1459 4000 pontificem
1476 3940 1560 3993 esse,
1582 3940 1672 4001 quem
1687 3918 1824 3982 meerdo·

394 4002 472 4080 tiitet
489 4007 571 4068 euim
599 4003 719 4066 Christo
744 4013 858 4086 partem
885 4005 985 4065 illem:
1015 4004 1076 4066 seo
1130 4016 1199 4066 tem.
1237 4006 1315 4066 Nem
1338 4009 1364 4068 si
1386 4006 1522 4080 dederis,
1548 4008 1658 4067 Filium
1679 4008 1737 4068 Dei
1760 4026 1826 4069 esse

395 4092 620 4163 messurum
636 4093 712 4153 Deo.
750 4092 799 4152 De
813 4111 903 4152 sensu
924 4091 1075 4164 versieuli,
1130 4091 1334 4167 sacerdotem,
1348 4093 1429 4175 qood
1445 4096 1502 4155 iste
1516 4094 1598 4155 loeus
1613 4093 1716 4155 deest:
1735 4093 1826 4156 ieeiis

394 4191 467 4253 qutun
487 4178 538 4240 itio
558 4178 632 4239 uitet
653 4198 692 4240 ex
714 4178 823 4238 Pselm.
840 4180 878 4251 ιι,
901 4188 951 4240 set
974 4179 1075 4238 multis
1129 4182 1218 4241 etiem
1234 4182 1435 4254 ooneesseris,
1451 4180 1715 4259 essepontifioem,
1732 4180 1828 4242 idest

395 4263 496 4342 ιμίιιι
518 4267 551 4326 in
574 4265 760 4345 expositione
782 4284 847 4345 eep.
871 4269 899 4326 1.
940 4264 1000 4326 sod
1022 4285 1076 4325 our
1129 4286 1276 4328 summum
1303 4267 1504 4341 secerdotum,
1532 4269 1604 4346 quin
1631 4288 1720 4329 nemo
1747 4267 1826 4331 elius

394 4343 562 4430 htepmuit
574 4350 633 4411 hoe
646 4353 867 4428 testimonium,
886 4371 922 4413 eo
936 4372 996 4412 non
1012 4352 1075 4412 bre·
1129 4353 1269 4414 sacerdos
1285 4356 1364 4415 Filio
1383 4355 1442 4414 Dei
1463 4355 1608 4434 presponi
1632 4353 1749 4417 debeet
1787 4356 1826 4415 ut

393 4433 459 4496 rte
470 4436 564 4500 dixit:
579 4438 643 4500 seu
658 4440 746 4499 Deus
756 4439 848 4499 illum
863 4439 1076 4513 munificavit?
1129 4449 1211 4501 oerte
1236 4444 1302 4522 ipse
1327 4441 1488 4521 Apostolus
1516 4442 1595 4503 infre
1621 4462 1649 4503 ιι.
1674 4445 1723 4503 10.
1749 4441 1824 4502 illud

393 4518 514 4587 hretio
532 4532 596 4598 eet,
616 4535 653 4586 ut
667 4524 781 4587 Christi
804 4526 951 4605 pontificis
974 4525 1074 4587 exoel·
1129 4527 1244 4589 Psalmi
1266 4528 1411 4591 sacerdos
1432 4529 1662 4609 interpretetur,
1689 4538 1723 4588 ut
1746 4527 1825 4589 idem

393 4602 601 4692 letmsupn
611 4603 970 4691 eiiospoutifiosseedem
983 4632 1076 4693 opere
1128 4614 1247 4690 velent,
1277 4616 1358 4694 quod
1386 4616 1542 4693 pontifex.
1584 4615 1826 4695 Explicetionom

394 4689 600 4760 moeret.
637 4698 718 4760 Nem
740 4698 785 4759 illi
801 4697 924 4778 quidem
940 4701 1040 4760 vooeti
1057 4722 1075 4761 e
1128 4700 1221 4781 hujus
1236 4702 1378 4763 versiculi
1394 4703 1563 4764 differemus
1578 4706 1609 4764 in
1624 4722 1688 4782 oep.
1708 4703 1750 4774 7.,
1772 4701 1826 4766 ubi

393 4777 463 4858 Dte,
484 4784 537 4848 sed
560 4784 700 4846 Christus
721 4794 846 4847 voeetus
868 4806 887 4847 e
908 4786 992 4857 Deo,
1023 4790 1076 4867 qui
1128 4791 1194 4867 ipse
1206 4789 1369 4870 Apostolus
1381 4810 1450 4851 eum
1462 4810 1515 4869 per
1526 4787 1643 4870 singule
1657 4787 1719 4851 iere
1729 4788 1826 4852 'verbe

393 4864 460 4929 iden
482 4872 573 4934 Peter
600 4872 671 4951 ejus
698 4879 757 4946 eet,
780 4879 816 4932 ut
844 4893 863 4933 ιι
893 4891 955 4951 quo
976 4873 1075 4936 Filius
1128 4875 1285 4954 diligenter
1301 4875 1452 4957 expendit,
1818 4902 1822 4910 ·

391 4956 558 5037 wdetun
579 4957 664 5040 quod
678 4958 718 5020 de
731 4959 814 5020 nullo
829 4957 888 5020 elio
904 4959 1020 5039 legitur.
1171 4962 1253 5024 Illud
1277 4963 1326 5023 hie
1351 4964 1454 5044 queeri
1479 4969 1592 5042 potest,
1619 4981 1672 5023 eur
1697 4985 1758 5027 uon
1785 4983 1824 5028 ex

425 5041 685 5110 Λιιιιιιιιίοιιιιι
697 5047 818 5132 repetiti
839 5063 878 5114 οι
891 5046 1074 5112 Peelmote·
1129 5049 1234 5115 eodem
1247 5049 1306 5112 boe
1320 5049 1440 5124 Pselmo
1454 5047 1561 5131 probet
1574 5057 1745 5133 utrumque,
1763 5051 1820 5114 sei·
