4442 5825
714 574 879 632 muretus
894 576 912 631 1.
929 572 1016 630 suu
1031 572 1127 629 runs.
1162 573 1246 629 esne
1266 574 1383 631 ss-ss
1669 582 1749 651 ute

371 756 438 820 ibus
462 755 550 819 idem
575 755 792 828 Christianum,
822 773 859 814 ao
886 752 927 813 tle
956 770 1002 825 eu,
1049 736 1264 823 icribeutium,
1305 752 1356 831 qui
1393 751 1574 833 superfluum
1602 759 1750 833 peterent,

390 845 629 926 interregnum,
654 841 921 924 respondentibus,
949 839 1001 898 im·
1055 839 1167 898 omissa
1189 837 1287 898 tuerit.
1324 838 1472 899 Convenit
1499 839 1549 899 hic
1573 839 1659 899 loeus
1684 858 1751 900 eum

371 930 409 993 tis
436 931 609 992 necessarie
635 939 684 992 est
708 930 787 991 bone
809 928 1001 998 conscientie,
1056 945 1100 997 eo,
1118 925 1171 1005 qui
1186 933 1232 984 est
1247 926 1277 984 iu
1292 926 1392 1006 cupite
1406 928 1581 1007 superiore:
1603 927 1643 987 Ut
1657 926 1750 987 bene·

371 1036 394 1078 u
413 1021 549 1079 aterius
571 1016 679 1099 produt
702 1017 768 1079 vite
790 1021 896 1075 uncte
912 1022 944 1073 et
958 1014 1001 1072 in·
1053 1014 1209 1091 facientes
1232 1010 1441 1072 obmutescere
1467 1014 1596 1090 faciatis
1624 1016 1751 1090 impru-

371 1112 436 1165 tte.
479 1104 566 1166 Erec
594 1106 673 1165 euim
702 1100 846 1183 loquendi
877 1098 1002 1180 preebot
1056 1100 1202 1160 cientium
1227 1099 1394 1159 bominum
1421 1101 1649 1176 ionorcntiam.
1687 1099 1752 1160 Nec

371 1192 456 1252 rium
496 1190 586 1271 Quod
608 1192 634 1251 si
657 1191 721 1250 vitu
742 1187 920 1268 professioni
943 1206 1003 1246 non
1056 1186 1136 1246 euim
1158 1186 1244 1265 piget
1265 1184 1443 1265 Apostolum
1469 1205 1531 1247 rem
1552 1187 1751 1251 emerium

371 1276 506 1350 auden,
531 1296 593 1339 uou
617 1276 708 1338 modo
733 1274 836 1336 nullus
858 1275 914 1334 erit
936 1292 1001 1353 pro·
1056 1274 1178 1353 saepius
1193 1271 1355 1332 inculcare.

371 1382 403 1426 ss
413 1384 455 1425 ex
465 1363 679 1445 disputatione,
692 1361 883 1443 quantumvis
896 1361 1003 1435 doctu3
1102 1360 1151 1419 17.
1174 1359 1287 1419 Melius
1302 1366 1346 1419 est
1365 1362 1450 1419 enim
1466 1359 1696 1438 benefacientes
1709 1353 1753 1435 (ei

373 1453 465 1513 etism
481 1448 672 1531 dispendium
691 1456 831 1530 sequetur
845 1447 926 1528 spud
941 1464 1003 1521 eos,
1056 1448 1208 1506 voluntas
1223 1447 1284 1506 Dei
1305 1443 1395 1522 velo)
1416 1448 1505 1522 poti,
1533 1464 1630 1524 quom
1651 1448 1752 1507 mele-

371 1536 413 1599 sle
430 1554 568 1598 sermone
583 1556 622 1598 ex
636 1537 768 1599 moribus
779 1535 926 1614 judicent
1011 1542 1014 1549 '
1055 1534 1215 1610 facientcu
1254 1531 1429 1593 Consolatio
1455 1542 1502 1594 est
1526 1534 1565 1594 rb
1580 1552 1643 1608 eo,
1666 1532 1752 1615 quui

371 1626 450 1686 ltin
465 1642 511 1700 eo,
527 1625 613 1702 quod
625 1624 798 1685 detrabunt
812 1622 909 1697 vobis,
926 1638 1003 1681 oon·
1057 1622 1154 1699 magis
1169 1618 1317 1700 optebss03
1333 1619 1422 1680 simul
1435 1628 1468 1680 et
1481 1619 1669 1681 uvoluutete
1683 1621 1752 1694 Dei,

371 1712 513 1786 dentur,
537 1714 593 1788 qui
607 1712 851 1772 calumniantur
865 1715 1003 1769 vestram
1057 1709 1106 1766 cui
1123 1705 1372 1787 acquiescendum
1387 1715 1441 1767 est.
1471 1706 1509 1768 In
1523 1707 1625 1768 multis
1640 1706 1750 1768 codici·

371 1816 424 1859 aen
438 1800 476 1860 in
493 1799 615 1860 Obristo
631 1798 910 1859 concenationem.
940 1794 1004 1854 Vo·
1057 1792 1115 1853 bus
1131 1793 1302 1873 legebatur:
1316 1801 1354 1854 ut
1368 1793 1616 1872 benefacientes,
1631 1793 1753 1874 adjectu

393 1884 512 1947 mouns
526 1882 663 1946 Grecos:
686 1892 850 1962 tamquam
867 1881 1004 1958 malefo·
1057 1879 1200 1941 videlicet
1214 1881 1377 1961 perticuli:
1393 1889 1438 1942 ut.
1468 1880 1584 1941 Sedes
1597 1881 1751 1942 meliorum

371 1972 456 2034 ibus.
503 1972 599 2052 Syre:
632 1979 795 2049 tamquam
825 1968 1005 2030 bominibus
1058 1966 1504 2049 codicumopemeritorejectu
1518 1977 1592 2029 este
1606 1979 1751 2032 corrulo

371 2062 408 2120 is.
431 2057 493 2121 Sed
507 2057 642 2119 additum
658 2058 754 2119 videri
770 2066 870 2137 potest
885 2076 925 2116 ex
939 2074 1004 2134 cup.
1057 2054 1142 2115 ribus
1155 2054 1306 2116 Remmis.
1339 2055 1418 2116 Nem
1440 2065 1472 2116 et
1493 2056 1525 2115 iu
1540 2055 1658 2117 Graeco
1676 2054 1753 2117 nihil

371 2145 448 2207 seed.
468 2165 498 2205 v.
523 2145 588 2220 12,
614 2146 667 2206 ubi
690 2147 734 2205 sio
756 2143 944 2224 legebamus:
969 2148 1006 2202 ut
1059 2144 1087 2202 ei
1114 2141 1286 2221 respondet.
1323 2143 1417 2203 Porro
1446 2141 1554 2203 mebur
1578 2162 1645 2204 esse
1669 2142 1752 2218 dicit,

371 2252 421 2308 ro,
445 2232 531 2309 quod
554 2231 726 2293 detrabunt
748 2232 787 2291 sle
809 2231 897 2292 vobis
919 2238 1005 2290 tom·
1059 2228 1304 2306 benefacientem
1316 2233 1405 2306 pati,
1430 2248 1526 2308 quam
1541 2230 1751 2309 malefaeien·

371 2338 405 2381 m
431 2318 472 2380 de
497 2319 764 2396 malefactoribus.
806 2318 895 2398 Quae
915 2315 1006 2376 verba
1058 2323 1137 2391 tem,
1163 2317 1247 2396 quod
1268 2315 1307 2376 sd
1330 2335 1396 2376 eum
1422 2318 1541 2389 attinet,
1567 2320 1618 2398 qui
1634 2321 1753 2398 petitur

371 2424 431 2468 rue
448 2409 553 2465 eudem
576 2405 633 2466 hoe
656 2405 721 2467 looo
741 2414 810 2465 sunt
830 2406 861 2466 iu
877 2404 1005 2466 Graeco.
1059 2399 1103 2479 (id
1119 2405 1194 2463 euim
1206 2402 1254 2463 bio
1265 2411 1384 2483 spectet
1396 2399 1583 2485 Apostolus),
1599 2425 1659 2466 non
1670 2405 1752 2486 quod

371 2510 501 2574 mquam
518 2496 695 2553 econtrario
707 2492 802 2572 Syrus
813 2490 903 2552 illud:
922 2499 1006 2550 tam·
1059 2489 1099 2549 ed
1122 2508 1210 2563 eum,
1233 2493 1284 2571 qui
1307 2490 1399 2555 infert
1423 2492 1610 2570 peseionem3
1637 2502 1673 2553 ut
1692 2495 1753 2574 qui,

371 2600 406 2641 m
430 2580 475 2638 sle
499 2579 773 2656 malefactoribus,
804 2580 836 2639 in
862 2578 1007 2659 superiori
1058 2574 1292 2638 benefecieutem
1316 2577 1456 2651 leedeus,
1482 2586 1584 2638 contre
1602 2581 1752 2658 justitium

371 2678 409 2728 te
432 2666 554 2726 omniuo
577 2685 636 2726 uon
660 2666 739 2747 legit.
774 2665 946 2726 Refereuds
961 2673 1007 2723 est
1058 2671 1145 2743 eget,
1172 2664 1293 2745 sibique
1313 2666 1372 2745 ipsi
1397 2673 1505 2726 uoceut
1529 2664 1621 2745 louge
1646 2669 1753 2748 megie

371 2776 379 2815 t
407 2770 480 2834 pers
502 2752 543 2813 ed
565 2753 780 2831 preeeedentie
805 2752 843 2814 ub
870 2771 907 2813 eo
933 2750 1006 2824 loco,
1059 2748 1283 2814 Additsutem:
1309 2759 1335 2811 ri
1352 2753 1501 2813 uoluntas
1515 2752 1577 2812 Dei
1593 2753 1676 2830 osli,
1691 2774 1754 2817 uon

374 2839 475 2900 dixit:
490 2842 607 2900 Parati
617 2858 740 2917 semper
754 2839 797 2899 ad
812 2840 1006 2918 satisfactio·
1058 2836 1169 2914 solum,
1195 2850 1229 2898 ut
1250 2840 1370 2913 innuat,
1394 2839 1489 2901 melos
1511 2837 1587 2900 nihil
1607 2860 1700 2922 posse
1721 2845 1753 2903 iu

371 2947 378 2987 ι
403 2935 461 2988 stc.
499 2926 579 2988 Nem
606 2945 714 2987 seusus
740 2935 802 2987 est:
829 2928 862 2989 si
888 2925 927 2986 do
951 2944 1007 3005 spe
1058 2925 1162 2998 bonos,
1177 2928 1327 2987 uisiDeus
1337 2929 1521 3008 permiserim
1536 2929 1753 3005 verumetiam,

371 3033 411 3075 re
426 3014 619 3094 interrogati,
640 3011 848 3094 respondeatis
870 3030 937 3073 oum
960 3030 1005 3070 re·
1058 3021 1091 3073 ut
1106 3013 1322 3092 intelligamus,
1337 3013 1449 3075 nullum
1461 3014 1650 3078 stillationem
1665 3018 1753 3080 uobis

371 3097 653 3248 utililas:
666 3097 1009 3267 :tltltllssli
1060 3098 1162 3245 iiii
1175 3099 1620 3249 tllsstfflttttlltzst
1634 3109 1753 3254 „ppe-

1304 3230 1312 3259 t
1617 3231 1625 3261 e
1715 3215 1754 3256 on

371 3275 511 3354 ulpetemc
527 3274 567 3331 ite
582 3272 715 3334 futurum
731 3282 792 3346 est,
810 3282 845 3333 ut
859 3274 1006 3332 obtrecte·
1059 3281 1174 3332 tentum
1188 3276 1390 3353 permittento.
1423 3273 1502 3334 Num
1525 3272 1564 3333 ed
1586 3273 1617 3335 te
1638 3277 1753 3357 signifi-

370 3360 850 3439 evestri,quiconoersotionem
858 3367 1006 3432 vestram,
1060 3357 1186 3418 crudum
1209 3358 1340 3441 loqulttir
1361 3362 1527 3439 geminate:
1553 3363 1581 3421 ei
1602 3364 1683 3423 velit·
1696 3386 1754 3430 uo·

371 3454 411 3508 set
432 3447 542 3519 vitem,
568 3464 660 3526 quem
683 3447 772 3526 egilis
790 3448 881 3526 juxte
895 3445 1008 3509 christi
1061 3447 1170 3507 luntas
1184 3448 1261 3522 Dei,
1277 3446 1308 3507 id
1324 3457 1378 3521 est,
1395 3449 1421 3507 si
1437 3446 1497 3508 Dei
1511 3446 1668 3526 voluntis,
1688 3457 1753 3517 eleo

371 3535 495 3605 umen,
521 3533 765 3595 cobsmniantur
786 3543 819 3594 ut
843 3532 1006 3594 maleficum
1061 3531 1148 3593 Deus
1162 3551 1217 3613 per
1231 3552 1314 3594 susm
1338 3533 1541 3606 voluntatem,
1564 3543 1680 3601 statuet
1701 3562 1752 3624 pe-

371 3621 508 3693 uuum,
533 3637 607 3680 mue
621 3619 839 3701 sycophmtiee
852 3627 885 3681 et
898 3621 1004 3699 impro·
1060 3617 1194 3681 tiendum
1208 3637 1283 3681 esse.
1321 3619 1412 3700 Quod
1425 3640 1499 3682 vero
1514 3620 1597 3700 opud
1611 3623 1753 3710 Augusti·

371 3707 414 3767 tie
428 3705 551 3767 taudem
566 3707 712 3781 convicti,
734 3706 893 3789 pudefient
908 3716 940 3766 et
955 3705 1004 3765 ob·
1060 3726 1132 3766 uum
1158 3705 1209 3767 lib.
1235 3709 1286 3767 ts.
1312 3716 1417 3769 coutrs
1441 3707 1587 3769 Frustum
1614 3729 1680 3797 erp.
1703 3717 1754 3777 20.

371 3811 479 3854 escere
493 3802 647 3872 cogentur.
1059 3814 1115 3873 pro
1132 3794 1295 3854 uoluntate
1311 3794 1419 3875 legitur
1434 3799 1582 3871 spiritus:
1607 3798 1754 3881 siwert-

371 3887 663 3942 ememtemeuuou
675 3879 766 3959 poulo
780 3879 1007 3940 commodiorem
1060 3887 1111 3940 tus
1131 3881 1193 3941 Dei
1213 3881 1304 3954 uelit,
1332 3899 1515 3964 quemquem
1539 3881 1667 3949 eundem
1683 3895 1753 3951 sim·

371 3968 445 4047 perit
459 3973 560 4026 textus
571 3965 723 4046 Syriscus,
738 3967 769 4027 iu
784 3986 843 4048 quo
859 3965 1007 4047 particule
1060 3983 1126 4027 eum
1151 3966 1240 4041 feeit,
1267 3966 1316 4028 sel
1342 3969 1487 4029 mendoso
1516 3967 1612 4028 codici
1637 3975 1754 4038 Greooo

371 4051 530 4136 lipsliuis:
560 4059 742 4130 tamquam,
776 4052 908 4115 secundo
941 4053 1007 4114 loeo
1060 4052 1264 4133 impetendum
1281 4053 1425 4128 arbitros,
1450 4054 1502 4117 vel
1518 4057 1697 4122 oscitantiae
1711 4064 1755 4124 iu.

371 4142 473 4215 titur,
498 4137 538 4200 ud
561 4140 641 4200 huuc
661 4139 799 4201 modum:
829 4143 1006 4217 Tamquam
1059 4142 1213 4219 improlis,
1229 4142 1281 4220 qui
1295 4142 1414 4220 πνεῦμα
1429 4142 1549 4224 legerit,
1564 4141 1617 4205 ubi
1632 4140 1755 4229 θέλημα

375 4273 388 4305 ,
415 4225 731 4306 mnealumniantur
753 4229 1008 4289 conversationes
1060 4227 1201 4306 scriptum
1216 4235 1290 4287 eret.

371 4332 431 4376 rae
459 4313 577 4388 bonas,
604 4331 687 4391 quoe
711 4316 848 4375 suntin
875 4315 1006 4376 obsisto.
1105 4314 1152 4373 18.
1176 4314 1260 4392 Quia
1277 4322 1308 4375 et
1324 4314 1582 4377 communest
1600 4333 1662 4392 pro
1680 4332 1755 4393 pes·

381 4402 466 4464 enirn
491 4417 597 4461 murus
622 4407 685 4461 eet:
715 4401 764 4460 Ite
787 4400 853 4470 fiet,
881 4409 930 4475 ut,
956 4401 1007 4486 qui
1045 4403 1137 4461 eatis
1161 4404 1279 4461 nortris
1303 4401 1448 4463 minutis
1465 4410 1533 4477 sn,
1560 4405 1754 4480 fustem-pro

371 4507 386 4551 r
414 4486 454 4549 de
479 4488 566 4548 vobis
586 4486 762 4568 loquuntur,
789 4494 943 4568 tamquam
970 4485 1008 4547 ds
1058 4490 1194 4562 infusus.
1231 4489 1428 4564 Nostris,·iu
1444 4487 1559 4550 Graeco
1581 4497 1613 4549 et
1628 4488 1754 4569 Syris'mo

371 4573 455 4636 eficis
483 4583 516 4634 et
543 4572 701 4636 murem
719 4573 912 4648 bominibus,
950 4574 1007 4655 ipsi
1059 4594 1120 4634 uon
1134 4573 1273 4650 additum
1288 4573 1374 4635 multi
1386 4593 1508 4655 quoque
1522 4575 1623 4636 Latini
1635 4575 1754 4636 codieee

371 4662 454 4736 eim,
468 4666 622 4741 tumqurm
636 4661 868 4721 calumnietores
882 4669 1007 4721 sunctee
1058 4660 1147 4722 MSS.
1169 4682 1229 4722 non
1254 4671 1432 4743 eguoeouut.
1470 4660 1678 4723 NeeGrsees
1696 4661 1755 4724 ‘hs-

371 4746 709 4820 miconismninn,
734 4747 814 4807 mele
836 4746 960 4808 audient
976 4756 1008 4807 et
1058 4747 1147 4808 haut:
1162 4747 1471 4825 mursensem-sod:
1499 4742 1630 4824 ἕκαθεν,
1643 4755 1756 4825 pausa

371 4842 495 4897 meunt.
517 4832 699 4895 'Prubeb'ilis
714 4842 796 4894 certe
811 4835 915 4906 lectio,
926 4835 1006 4894 *tieri-
1061 4842 1112 4894 est.
1136 4834 1263 4896 Dixerat
1278 4838 1355 4897 suirn
1370 4835 1534 4915 Apostolus
1545 4856 1562 4895 τι
1571 4836 1753 4909 meliustest,

374 4927 509 5002 vpctest,
535 4920 733 5001 utipsrtleule
757 4913 1015 4989 sic'iutllruseol
1061 4920 1384 4999 bcstifacientespati.
1407 4921 1500 5002 Quod
1512 4939 1588 4983 nuuc
1600 4919 1756 4983 coeirm'rt

371 5007 471 5088 ujem
484 5005 557 5068 olim
570 5005 622 5068 vel
636 5005 842 5083 incuriosus}
857 5007 1006 5088 imperitis
1060 5007 1201 5089 exemplo
1217 5008 1346 5086 ebriati,
1369 5012 1438 5089 qui,
1460 5009 1562 5090 justus
1583 5018 1756 5088 eunucu,
