4442 5825
709 581 1126 639 anastasianam
1160 583 1243 638 sess.
1265 585 1304 638 li.
1323 585 1363 638 ta
1685 591 1756 660 501

351 754 590 835 ugltutecilicct
600 758 637 817 in
648 759 761 818 timore
773 768 1009 835 conversentur,
1061 780 1130 822 esse
1144 779 1202 820 oon
1218 767 1327 840 potest,
1342 767 1560 820 conversentur
1574 777 1641 818 cum
1652 759 1757 821 timore

351 858 467 918 uosque
486 842 620 902 saluum
646 853 819 920 operentur
824 868 837 924 ,·
867 867 906 907 ne
931 866 1011 907 rana
1059 848 1127 921 Dei,
1154 846 1237 907 velut
1248 845 1369 924 judicis,
1385 864 1475 926 quem
1488 846 1629 905 noverint
1643 844 1757 925 ubique

351 926 473 987 natata
494 945 529 988 se
548 928 631 1008 ipsos
653 929 768 992 fallunt
807 932 1011 994 Particulasi
1058 942 1265 1014 praesentem,
1293 940 1323 992 ct
1339 933 1454 1002 omnia,
1481 941 1686 1010 quaeagunt,
1714 932 1758 993 in·

351 1032 377 1075 su
389 1010 554 1074 dubitantis
568 1022 630 1087 set,
656 1016 711 1077 sed
731 1021 931 1098 supponentis
946 1040 1009 1080 rem
1060 1029 1209 1095 tuentem3
1225 1039 1342 1079 necnon
1351 1016 1534 1078 redditumrn
1544 1018 1663 1097 cuique,
1676 1018 1758 1096 quod

351 1108 422 1161 stem
441 1098 592 1161 listcnim
605 1103 734 1163 omnium
747 1116 918 1166 renatorum
932 1126 1009 1165 com·
1058 1117 1206 1178 meretur,
1233 1107 1299 1166 sine
1324 1104 1385 1165 ullo
1408 1124 1555 1184 personae
1580 1105 1758 1185 cujusquam

351 1187 545 1248 minoratio:
571 1190 670 1248 Pater
690 1199 814 1266 noster,
842 1196 897 1270 qui
919 1212 950 1253 ee
974 1196 1010 1253 in
1058 1203 1209 1272 respectu.

351 1270 413 1335 slis
443 1275 563 1334 Dicitur
578 1275 663 1336 Deus
674 1277 814 1354 judicare
830 1281 893 1339 sine
908 1299 1008 1360 perso·
1104 1283 1152 1341 18.
1175 1281 1329 1353 scientes,
1360 1277 1446 1355 quod
1467 1296 1535 1340 non
1563 1276 1757 1353 eouuptibi·

351 1378 419 1421 uum
443 1362 635 1440 acceptione,
665 1374 727 1424 tum
754 1365 811 1424 hoc
836 1366 917 1437 loco,
947 1374 1009 1424 tum
1058 1366 1140 1426 libus
1162 1384 1243 1426 ouro
1267 1365 1316 1426 vel
1340 1372 1473 1441 argento
1496 1364 1653 1440 redempti
1677 1366 1756 1424 estis.

351 1445 403 1519 ibi,
426 1457 462 1506 ut
476 1447 599 1508 Denter.
626 1450 690 1523 10.‚
717 1451 801 1511 Rom.
818 1453 860 1527 2.,
888 1451 953 1513 Gal.
971 1453 1009 1523 2.,
1058 1450 1175 1514 Graece
1201 1461 1229 1511 et
1255 1452 1399 1531 Syriaco:
1429 1459 1562 1527 argento
1589 1451 1639 1511 uel
1664 1468 1755 1511 auro.

351 1532 389 1593 sia
409 1533 441 1594 in
461 1533 630 1595 exercendo
647 1535 762 1614 judicio
779 1537 877 1599 solum
891 1540 1010 1618 respicit
1057 1539 1136 1599 Nam
1151 1539 1356 1611 conveniebat,
1373 1540 1404 1598 iu
1421 1539 1657 1618 exaggeratione
1668 1537 1757 1617 pretii

351 1616 476 1680 imerita
490 1640 614 1693 mune,
638 1642 699 1683 non
721 1622 759 1683 ad
775 1643 919 1704 personae
934 1644 1008 1703 qua·
1059 1627 1143 1703 prius
1159 1625 1320 1695 nominari,
1342 1622 1423 1702 quod
1438 1627 1537 1684 minus
1552 1632 1616 1697 est,
1638 1621 1756 1695 deinde,

351 1714 414 1767 ates
436 1726 455 1766 a
479 1726 570 1767 eausa
591 1707 716 1769 alienas.
754 1711 857 1788 Atque
880 1712 936 1771 boc
954 1719 1008 1782 est,
1058 1713 1141 1790 quod
1160 1712 1268 1789 majus.
1303 1711 1549 1771 Exhortationem
1573 1710 1756 1790 superiorem

351 1792 396 1855 ssd
407 1792 585 1875 expoucndo
597 1793 695 1855 addit:
710 1798 883 1858 seeundum
895 1801 1009 1858 uniue-
1057 1801 1262 1859 novaretione
1273 1797 1437 1870 confirmet,
1447 1796 1632 1877 desumptae
1641 1796 1755 1875 magni·

351 1882 462 1958 teque
477 1898 574 1957 opus,
598 1881 629 1942 id
652 1892 698 1943 est
719 1903 773 1962 pro
788 1886 934 1965 cujusque
950 1903 1008 1944 me·
1047 1884 1163 1961 ⁸tusiine
1184 1886 1285 1965 pretii,
1313 1904 1373 1964 qno
1405 1883 1550 1963 redempti
1575 1903 1696 1958 sumos3
1720 1900 1756 1942 sc

351 1974 382 2027 ta
401 1966 445 2028 Ut
461 1969 553 2027 etiem
567 1967 638 2028 binc
657 1972 761 2031 merita
776 1971 921 2031 bonorum
937 1990 1007 2051 ope·
1058 1974 1082 2032 si
1114 1973 1208 2044 dicat,
1244 1979 1412 2051 exponente
1447 1970 1621 2030 Venerabili
1653 1968 1754 2030 Bada:

351 2070 393 2127 Ι,
407 2052 658 2132 quemadmodum
675 2058 835 2130 malorum,
852 2067 934 2119 recte
949 2065 1007 2116 sta·
1058 2061 1186 2138 Quanto
1202 2064 1306 2134 majus
1321 2065 1365 2118 eet
1377 2060 1536 2134 pretium,
1553 2074 1615 2133 quo
1631 2056 1754 2116 redem-

351 2147 442 2201 sntur.
478 2139 561 2200 Illud
590 2149 700 2202 totum:
730 2147 800 2205 sine
828 2147 1009 2221 acceptione
1056 2148 1106 2221 pti
1128 2149 1197 2206 estis
1219 2164 1240 2204 o
1262 2147 1467 2219 corruptione
1489 2146 1574 2203 uitae
1601 2143 1753 2216 carnalis,

351 2242 543 2300 marum,
568 2226 686 2289 Graece
702 2229 856 2311 eleganter
870 2231 1007 2311 exprimi·
1056 2239 1147 2292 tanto
1163 2232 1302 2307 amplius
1323 2233 1433 2291 timere
1454 2229 1571 2290 debetis
1578 2274 1589 2304 ,
1615 2249 1656 2290 ne
1669 2231 1755 2308 sorte

351 2330 441 2375 suno
456 2312 601 2375 adverbio
623 2315 839 2394 tricomposito:
867 2309 1008 2395 icporc-
1057 2319 1101 2378 od
1129 2318 1343 2395 corruptelam
1377 2319 1529 2377 vitiorum
1567 2315 1755 2376 revertendo

351 2392 490 2480 Ιὶήκτως.
531 2400 657 2461 Interim
680 2403 764 2477 vide,
792 2424 871 2483 quae
892 2406 931 2465 de
952 2404 1009 2463 bac
1056 2407 1201 2466 animum
1229 2408 1324 2466 vestri
1349 2404 1557 2480 redemptoris
1573 2403 1750 2480 offendatis.

351 2484 874 2570 tsut:ccesperepersonos,ccj1n
891 2490 1006 2551 abHe-
1055 2493 1144 2552 Haec
1169 2491 1229 2552 ille.
1278 2491 1385 2569 Neque
1413 2491 1493 2550 euim
1519 2488 1664 2549 ultionem
1692 2488 1754 2548 Dei

351 2576 410 2635 stris
434 2574 520 2655 origo
546 2583 608 2646 est,
633 2579 843 2638 annotavimus
869 2578 954 2639 Rom.
979 2578 1008 2636 2,
1056 2578 1193 2658 effugiet,
1213 2580 1269 2654 qui
1283 2579 1470 2652 sanguinem
1487 2579 1666 2637 testamenti
1679 2574 1755 2652 pol·

351 2676 404 2737 aro
416 2680 526 2722 seusus
540 2660 633 2741 bajas
646 2661 705 2722 loci
721 2673 779 2724 est:
806 2664 838 2725 Si
854 2674 1008 2742 tamquam
1056 2667 1158 2726 tutum
1174 2665 1319 2740 duxerit,
1335 2666 1371 2725 in
1386 2683 1448 2743 quo
1464 2662 1680 2740 sanctificatus
1695 2668 1750 2736 eet,

351 2746 413 2810 iiin
433 2751 572 2810 oratione
593 2748 769 2829 quotidiana
783 2751 906 2812 Patrem
922 2751 1005 2811 inro-
1056 2752 1151 2813 Hebr.
1170 2754 1217 2812 10.
1256 2753 1349 2812 Porro
1372 2751 1466 2812 rerba
1480 2748 1617 2830 Apostoli
1639 2751 1682 2810 sic
1700 2768 1751 2810 cx·

351 2834 402 2907 tis,
432 2842 465 2894 et
492 2833 661 2897 invocando
689 2837 848 2898 nominatis
879 2833 1009 2915 (Graece
1055 2840 1163 2921 plane:
1180 2839 1363 2899 Praesertim
1380 2857 1472 2916 qnam
1487 2838 1607 2909 sciatis,
1625 2857 1679 2898 vos
1693 2855 1754 2897 uon

351 2918 528 3000 mittete)
544 2923 638 2997 lium,
659 2927 711 3002 qni
727 2925 801 2985 citra
816 2944 1007 3006 personarum
1056 2927 1146 2988 rebus
1162 2925 1406 3005 corruptibilibus
1419 2934 1472 2986 ant
1486 2923 1618 2997 caducis,
1636 2924 1754 2985 tametsi

351 3018 481 3090 spectum
502 3010 619 3090 judicat
639 3030 882 3093 unumquemque
907 3029 1008 3072 secuu-
1054 3013 1171 3094 judicio
1186 3013 1355 3074 mortalium
1372 3011 1463 3072 valde
1479 3012 1636 3091 pretiosis,
1660 3020 1693 3071 ut
1707 3031 1752 3071 ar·

351 3113 384 3158 Ι
398 3116 505 3178 opera,
528 3094 559 3157 id
574 3100 687 3178 estqui
703 3119 764 3159 non
777 3107 891 3160 tanmm
909 3099 1009 3170 Pater,
1057 3110 1149 3182 gento
1165 3100 1215 3160 vel
1230 3118 1319 3173 suro,
1335 3100 1428 3159 fnisse
1443 3098 1621 3179 redemptos.

351 3179 470 3244 letiam
478 3182 575 3263 judex
585 3191 640 3258 set,
656 3184 795 3265 idemque
806 3186 1008 3265 justissimas:
1101 3189 1151 3249 De
1166 3206 1253 3249 oona
1268 3193 1373 3248 oestro
1388 3188 1628 3246 conversatione
1641 3192 1752 3260 pater·

351 3267 401 3332 itur
417 3290 487 3332 cum
502 3272 611 3332 timore
621 3272 651 3332 ei
662 3273 775 3333 sessim
790 3273 915 3334 debetis.
939 3271 1009 3331 Hoc
1057 3294 1120 3337 nce
1134 3274 1327 3335 traditionis.
1357 3271 1493 3334 Graece:
1518 3261 1754 3349 πατροπαραδό-

351 3361 376 3430 t,
388 3356 470 3439 quod
485 3360 640 3439 sequitur:
1058 3378 1123 3421 roo.
1145 3360 1243 3440 Quasi
1254 3359 1348 3421 dicat:
1363 3361 1634 3421 conversationen
1647 3362 1754 3433 patri·

357 3443 400 3508 In
419 3447 534 3506 tirnore
557 3446 717 3507 incolatur
745 3449 841 3508 vestri
869 3453 1010 3521 tempore
1059 3448 1258 3511 buetrodito.
1281 3447 1331 3508 Sic
1344 3445 1752 3525 enimlsgnntHieronymus

351 3535 558 3594 aversamini.
582 3534 755 3608 Incolume,
772 3532 890 3595 Graece
904 3546 1011 3609 napat-
1058 3538 1088 3597 in
1111 3555 1216 3594 comm.
1231 3534 1256 3595 J
1257 3534 1376 3606 esaiae,
1404 3541 1434 3593 ct
1448 3533 1636 3612 Augustinus
1656 3531 1687 3591 in
1701 3550 1752 3592 ex·

351 3629 398 3689 au
435 3620 490 3680 list
505 3628 605 3681 antem
620 3614 765 3698 παροικία
779 3618 1012 3680 viciniamulto-
1059 3622 1147 3702 posit.
1171 3620 1282 3681 Pselm.
1307 3622 1377 3681 146.
1410 3619 1556 3680 Erasnsns
1579 3620 1622 3678 ita
1644 3619 1753 3677 vertit:

351 3719 382 3767 as
396 3705 618 3788 inquilinorum.
640 3707 767 3786 Proprie
777 3726 849 3768 roro
861 3706 1010 3786 significat
1059 3712 1161 3789 (λιαηι
1173 3725 1212 3769 ee
1222 3714 1354 3784 patrum
1367 3709 1560 3783 acceperatis
1571 3704 1754 3765 traditione.

351 3795 627 3855 memorationem
668 3793 868 3865 advenarum,
908 3811 1010 3853 eorum
1059 3794 1216 3873 Significat
1230 3794 1408 3875 Apostolus,
1425 3813 1534 3854 vanam
1550 3791 1750 3852 conversatio·

351 3875 449 3952 ilicet,
475 3882 527 3963 qui
550 3880 623 3941 alibi
639 3881 702 3941 nati
717 3889 792 3941 sunt.
826 3879 933 3955 Unde,
959 3879 1013 3957 qni
1058 3903 1125 3944 nem
1151 3891 1295 3960 paternae
1315 3879 1482 3941 traditionis
1504 3879 1598 3939 inisse
1626 3879 1754 3938 servitu·

351 3968 529 4030 sueones
552 3975 690 4049 vertunt:
720 3969 1011 4041 commorationem,
1061 3978 1119 4030 tem
1136 3967 1305 4046 quendam,
1320 3988 1339 4026 u
1354 3988 1415 4046 qua
1431 3963 1712 4045 inerintredenspti.

351 4051 530 4118 nonme
566 4055 665 4129 vocis,
710 4053 846 4133 adeoque
881 4062 1012 4113 mentem
1103 4054 1164 4115 Sed
1180 4074 1270 4132 quarn
1294 4063 1382 4114 vocot
1405 4056 1677 4115 conversationem
1692 4071 1754 4129 pa·

351 4139 452 4216 postoli
476 4162 537 4202 non
562 4141 636 4202 satie
658 4140 819 4222 explicant.
857 4139 1013 4219 Significat
1059 4150 1171 4203 ternae
1183 4141 1379 4216 traditionis,
1387 4140 1468 4201 band
1479 4142 1584 4219 liquot.
1609 4139 1757 4219 Quibauc

351 4224 393 4291 *im
406 4227 582 4310 Apostolus.
599 4247 654 4289 nos
669 4237 820 4307 tamquam
836 4228 1012 4307 peregrinos
1060 4228 1231 4308 Epistulam
1257 4230 1399 4306 scriptam
1425 4228 1530 4288 volunt
1555 4226 1594 4287 ad
1621 4227 1758 4307 gentiles,

351 4316 428 4378 uari
442 4317 474 4377 in
495 4315 626 4389 mundo,
651 4324 685 4376 nt
708 4315 759 4396 qai
782 4335 843 4375 non
866 4315 958 4373 simus
973 4312 1012 4374 de
1061 4316 1220 4394 significari
1236 4325 1343 4393 potant
1358 4314 1453 4376 vitam
1470 4314 1638 4382 carnalem,
1657 4323 1692 4373 ut
1705 4334 1756 4373 aa·

351 4401 613 4476 emendadum.
631 4401 679 4463 15.
697 4411 728 4463 et
745 4402 809 4473 17.,
825 4398 1012 4481 proindeque
1061 4402 1190 4462 divimus
1206 4402 1304 4463 verbis
1319 4401 1435 4475 Bedae,
1462 4401 1494 4462 id
1518 4410 1565 4462 est
1582 4402 1710 4479 positam
1727 4403 1757 4462 in

351 4491 422 4562 iis,
443 4508 524 4569 quea
537 4488 741 4562 mundisunt,
765 4507 895 4548 amorem
912 4496 1010 4566 etap·
1061 4489 1204 4567 operibus
1225 4489 1338 4561 carnis,
1370 4487 1408 4550 de
1430 4487 1539 4567 quibus
1561 4487 1631 4549 Gal.
1651 4490 1679 4549 6.
1717 4487 1759 4547 Et

351 4578 440 4640 titum
452 4585 595 4638 avertere
606 4574 725 4644 debers,
742 4583 822 4635 totos
834 4577 864 4635 iu
880 4576 1010 4654 patriam
1060 4575 1139 4636 hanc
1154 4575 1211 4636 dici
1230 4584 1389 4653 paternae
1411 4576 1615 4649 traditionis,
1643 4572 1724 4651 qaod
1741 4593 1759 4633 a

351 4667 471 4728 slestem
488 4666 628 4725 intentos.
662 4661 752 4724 Unde
767 4672 795 4722 et
810 4663 947 4741 sequenti
963 4681 1009 4721 ca·
1061 4663 1225 4741 majoribus
1247 4665 1340 4744 longe
1363 4663 1440 4724 serie
1461 4661 1567 4722 inisset
1590 4662 1759 4732 observata,

351 4767 388 4815 a:
414 4759 585 4828 tamquam
608 4749 751 4811 advenas
773 4756 803 4810 et
826 4750 1014 4824 pereprinoe
1061 4749 1195 4827 filiisque
1222 4759 1376 4828 tamquam
1400 4749 1481 4809 bons
1508 4757 1539 4808 et
1559 4748 1684 4808 honesta
1705 4766 1760 4828 per

351 4845 452 4904 sumt
466 4837 626 4898 abstinere
647 4855 668 4896 a
690 4836 875 4898 censalibus
891 4835 1012 4897 deside-
1062 4857 1169 4897 manus
1190 4836 1310 4897 tradita.
1344 4836 1430 4896 Nihil
1452 4837 1530 4895 euim
1552 4834 1707 4915 gentilitas
1729 4835 1761 4895 in

351 4921 398 5006 sii
412 4925 541 4990 flumme
569 4922 782 4984 admonitionis
809 4930 871 4996 est,
897 4930 930 4983 nt
960 4941 1013 5001 per
1061 4924 1230 4986 actionibus
1246 4925 1317 4996 suis,
1333 4923 1386 4984 nisi
1404 4942 1522 4984 carnem
1538 4922 1683 5004 sapiebat
1706 4923 1761 4982 Est

351 5033 398 5082 mc
415 5011 603 5095 tenpus-sui
613 5009 778 5088 incolatus,
792 5008 875 5094 quod
889 5008 1013 5091 longum
1062 5009 1236 5075 hiereneus
1259 5013 1350 5074 etiam
1373 5009 1456 5092 apud
1471 5011 1676 5093 Augustinum
1694 5009 1761 5073 loco
