4442 5825
433 578 506 646 744
973 560 1391 627 commensuratum

430 746 482 809 rel
497 745 536 807 ad
559 755 648 827 eaput
670 745 903 820 exhortationis,
925 753 961 807 ut
982 747 1022 807 ait
1036 745 1125 807 rebe
1178 767 1219 808 ua
1232 748 1330 827 prima
1343 747 1423 809 tertii
1438 745 1605 819 Noeturui,
1624 743 1718 805 Feato
1733 741 1851 804 Sb'l'r‘r

430 835 557 896 mentior
578 833 793 895 commendatio
817 832 968 895 fraternae
990 835 1127 895 ueritatie
1179 835 1296 910 nitatis,
1321 835 1366 894 ita
1389 835 1513 896 reeitat:
1540 832 1672 895 comae
1695 831 1792 891 Putet
1811 837 1854 905 eal,

430 941 469 983 ex
498 940 553 981 aua
579 921 712 1000 origin03
739 918 822 1000 quod
848 922 987 982 nimirum
1018 921 1127 981 raritae
1181 919 1294 984 Gratia
1315 922 1433 998 mem,
1457 920 1717 983 communicatio
1734 917 1855 993 spiren

429 1027 489 1070 uon
504 1006 598 1068 eolum
614 1027 652 1068 ex
666 1006 733 1067 Deo
748 1009 802 1080 eit,
824 1006 879 1068 aed
905 1008 994 1068 etiam
1010 1008 1048 1068 eit
1062 1009 1127 1088 ipee
1178 1016 1315 1072 eunome.

429 1093 523 1157 Deua.
556 1093 636 1154 Nam
652 1095 677 1153 ei
693 1096 780 1156 Deae
802 1097 920 1155 cartura
935 1102 996 1170 eet,
1019 1095 1128 1174 utique
1222 1099 1252 1158 9.
1274 1095 1317 1158 Iro
1341 1096 1398 1155 boo
1422 1093 1578 1171 opponit
1606 1094 1729 1153 euritea
1752 1092 1857 1153 Dait'a

429 1181 539 1242 earitae
557 1187 604 1242 eet
617 1181 711 1241 Deae.
1179 1183 1286 1257 noble,
1301 1182 1452 1260 quoniam
1469 1180 1592 1243 biliam
1614 1197 1712 1241 mm
1725 1179 1856 1255 maarai·

472 1267 580 1329 Poteat
609 1275 706 1328 antem
735 1266 831 1328 tribue
861 1265 957 1329 modia
986 1266 1127 1347 intelligi,
1179 1277 1247 1330 taem
1262 1271 1348 1330 mint
1362 1269 1448 1330 Deua
1468 1270 1504 1328 in
1526 1265 1708 1340 mandram
1729 1272 1766 1327 at
1782 1268 1857 1326 otuu·

432 1356 535 1416 Deam
551 1373 612 1415 eree
627 1356 813 1432 caritatem
829 1354 1040 1428 eaeentialiter,
1056 1373 1126 1415 eau-
1179 1374 1315 1434 mamper
1323 1375 1402 1417 euna
1425 1352 1574 1435 Exemplo
1586 1353 1653 1414 Dei
1665 1353 1772 1424 Patria,
1785 1371 1856 1432 quea

431 1440 552 1514 ealiter,
579 1447 610 1500 et
631 1440 790 1520 objectiva.
826 1441 1042 1502 Eaeentialiter
1063 1442 1128 1523 qui·
1180 1443 1299 1504 dixerat
1317 1461 1385 1504 eeee
1407 1442 1573 1512 arinen,
1597 1449 1687 1520 urget
1710 1435 1857 1500 tideleaal

429 1526 511 1602 dem,
534 1528 684 1608 quomodo
699 1527 785 1589 Deae
799 1526 911 1588 dieitur
926 1548 994 1588 eeee
1008 1529 1126 1608 eapien·
1181 1529 1366 1610 diligendum
1382 1547 1414 1589 ee
1425 1535 1538 1588 mutuo.
1561 1524 1643 1587 (lum
1660 1537 1762 1588 autem
1775 1525 1856 1585 nure

428 1615 488 1688 tia,
514 1615 664 1694 potentia,
691 1614 811 1676 benitae
834 1622 863 1675 et
885 1623 1004 1676 caetere
1023 1614 1126 1695 bujtra·
1179 1615 1285 1677 iariam
1299 1615 1384 1677 Deae
1402 1633 1485 1675 auam
1506 1633 1580 1694 erga
1603 1632 1705 1693 genua
1720 1611 1857 1673 bumaura
1898 1610 1900 1646 ³

429 1699 511 1762 modi
532 1720 585 1780 per
608 1702 785 1779 eeeentiam3
820 1721 889 1763 nam
912 1704 944 1763 in
967 1702 1049 1774 Deo,
1076 1702 1127 1782 qui
1180 1702 1344 1764 oetenderit
1358 1702 1526 1772 amntem,
1552 1701 1584 1762 in
1601 1718 1642 1761 eo
1656 1707 1756 1760 tamen
1770 1699 1858 1760 effoeta

429 1795 511 1850 totae
527 1795 574 1848 eet
590 1788 724 1849 eeeentia
745 1787 870 1870 eimplex
894 1809 930 1849 ae
947 1808 1069 1869 proreae
1084 1789 1127 1849 iu·
1180 1789 1328 1866 ringulari
1341 1797 1372 1850 et
1385 1789 1494 1850 eximio
1508 1785 1708 1848 menifeetata
1722 1795 1782 1860 eat,
1795 1782 1858 1867 quoi

428 1876 607 1955 eompoeita,
643 1874 804 1955 qualitatee
831 1897 850 1934 a
870 1875 1040 1937 eubetantia
1067 1894 1128 1936 non
1180 1879 1301 1940 Filiam
1334 1895 1425 1938 auum
1458 1875 1665 1952 autumem
1694 1874 1858 1934 Μὴ

430 1961 662 2042 dietinguuntur.
686 1959 864 2037 causaliter,
880 1963 1128 2041 quomodeDeue
1180 1965 1356 2039 mandunt,
1378 1961 1408 2023 id
1429 1971 1477 2023 eet
1496 1964 1527 2022 iu
1547 1959 1685 2022 bumana
1705 1979 1793 2022 earne
1805 1960 1858 2019 r'a‘·

429 2056 477 2109 eet
487 2048 609 2126 juetitia
624 2055 655 2108 et
668 2046 812 2109 fortitudo
825 2057 943 2124 noema,
970 2051 1042 2132 quia
1057 2049 1128 2109 feeit
1181 2051 1271 2112 bilem
1284 2047 1394 2112 mundo
1409 2047 1595 2124 exhibuerit3
1614 2054 1672 2122 at,
1696 2047 1752 2128 qai
1771 2044 1857 2107 Μ’

428 2152 484 2197 noe
495 2135 595 2214 juetoa
610 2155 647 2196 ae
658 2133 760 2196 fortae.
784 2135 959 2211 Objeotive,
976 2133 1128 2218 quomodo
1182 2156 1317 2212 aramue,
1339 2137 1396 2197 boe
1411 2142 1473 2206 eat,
1499 2141 1644 2196 aeternae
1658 2134 1749 2194 morti
1762 2131 1856 2194 metet

429 2220 539 2283 dieitur
558 2241 627 2283 eeee
648 2240 718 2302 epea
745 2231 777 2285 et
797 2221 980 2284 deeiderium
1004 2231 1034 2285 et
1054 2243 1126 2302 gan·
1181 2233 1305 2307 propter
1322 2230 1491 2304 poetam,
1510 2240 1573 2299 per
1596 2238 1690 2296 eum,
1712 2220 1796 2281 tunt
1812 2237 1856 2280 ar

429 2306 511 2370 dium
534 2316 684 2382 metrum,
711 2310 784 2389 quia
809 2310 840 2370 in
866 2329 935 2371 eum
962 2329 1129 2391 speremue,
1182 2310 1344 2384 dietorem,
1379 2309 1431 2391 qui
1459 2307 1595 2369 debitum
1626 2325 1717 2369 omne
1745 2315 1857 2367 noatm

429 2413 497 2456 eum
520 2393 740 2473 deeidemmue,
766 2403 799 2459 et
825 2396 862 2457 de
885 2416 922 2458 eo
944 2396 1128 2478 gaudemue3
1182 2397 1322 2478 patiendo
1337 2403 1368 2457 et
1381 2393 1535 2456 moriendo
1556 2396 1587 2456 iu
1604 2413 1640 2456 ae
1654 2394 1856 2476 eueeiperet,a

431 2483 629 2562 quaeratione
646 2483 736 2544 etiam
760 2483 789 2544 ei
806 2482 930 2545 dieitur:
956 2487 1007 2547 lle
1021 2503 1052 2546 ea
1066 2502 1129 2561 pu·
1180 2493 1275 2547 morte
1301 2482 1434 2556 liberati,
1457 2484 1638 2544 viveremaea
1663 2481 1732 2542 vita
1756 2489 1856 2541 aeteae

430 2571 546 2630 tieretta
575 2588 664 2644 mea,
702 2568 732 2631 id
762 2577 809 2631 eet
845 2572 1022 2633 sustinentia
1050 2589 1129 2641 mea,
1182 2570 1382 2653 etquebeata.

430 2655 544 2718 Pealm.
561 2658 610 2717 70.
640 2656 721 2719 Vide
734 2667 839 2718 noetra
855 2660 888 2718 in
904 2662 931 2719 1.
946 2658 1014 2720 (liet
1033 2659 1082 2718 10.
1098 2663 1129 2717 et
1224 2657 1407 2721 Sententiam
1422 2653 1501 2716 bane
1513 2654 1621 2717 baueit
1633 2653 1773 2716 Joauuea
1786 2668 1855 2713 aeae

432 2743 482 2804 17.
506 2743 619 2804 Verum
635 2745 705 2824 quia
722 2744 1028 2807 noudieitJoaunee:
1043 2744 1128 2805 Deue
1181 2746 1341 2824 megietro,
1363 2743 1448 2823 eujue
1471 2739 1510 2801 ad
1524 2739 1731 2804 ruentem
1752 2739 1854 2800 tuear

432 2836 481 2890 eet
495 2831 604 2890 earitee
616 2838 738 2908 nostra,
754 2833 842 2892 aienti
859 2832 967 2894 dieitur
977 2830 1130 2904 tortitudo,
1181 2832 1249 2894 dem
1272 2839 1341 2892 eunt
1363 2827 1469 2902 verba,
1491 2825 1636 2889 dieentie:
1657 2830 1713 2891 seo
1728 2824 1856 2889 Domai·

433 2935 504 2996 epea
519 2926 619 2977 noatra
635 2926 666 2977 et
682 2920 826 3000 gaudium
840 2930 991 2997 nemun,
1008 2920 1062 2982 eed
1076 2919 1127 2980 ab·
1182 2922 1260 2983 leaeit
1272 2918 1445 2993 mundam,
1466 2924 1503 2977 et
1517 2917 1643 2979 Filium
1656 2934 1753 2979 earm
1765 2916 1856 2989 mite

432 3003 544 3065 aolute:
571 3006 658 3066 Deae
674 3014 719 3067 ert
741 3010 876 3084 coritae,
902 3007 984 3090 quod
1008 3016 1038 3068 ot
1052 3006 1131 3068 inira
1181 3010 1286 3071 niteam
1310 3006 1417 3080 deret,
1441 3010 1479 3065 aa
1493 3005 1616 3078 emnia,
1643 3006 1704 3081 qui
1723 3001 1856 3064 ΜΓ·

432 3091 542 3172 repetit
566 3110 642 3151 rere.
671 3097 736 3155 te:
767 3093 876 3155 ideireo
903 3094 985 3157 eolue
1014 3096 1129 3176 primae
1183 3114 1272 3170 eum,
1306 3112 1373 3154 nora
1394 3097 1523 3169 pereat,
1551 3091 1609 3152 aed
1633 3091 1753 3151 babeat
1779 3091 1855 3151 ean

432 3177 621 3258 intelligendi
636 3180 742 3243 modae
761 3182 903 3242 convenit
915 3182 986 3242 bnie
1001 3184 1128 3263 Apoato·
1182 3188 1345 3244 attentem
1353 3224 1364 3255 ,
1383 3178 1471 3240 Jeen.
1487 3181 1516 3240 3.
1538 3178 1682 3259 Utroque
1697 3176 1766 3239 loeo
1777 3172 1855 3254 eapti·

433 3264 492 3326 lieo
519 3268 723 3344 pronuntiato,
761 3267 861 3348 Quem
889 3276 919 3329 et
943 3269 1130 3331 tradiderunt
1183 3270 1274 3329 mitur
1287 3286 1394 3328 nomen
1406 3266 1584 3341 uniemlti,
1607 3274 1674 3325 tum
1695 3262 1738 3325 ad
1751 3278 1856 3343 eraut

435 3352 621 3433 Augustinue
636 3354 750 3435 aliique
763 3356 880 3416 Patree.
1182 3354 1305 3416 randum
1321 3353 1380 3414 Dei
1401 3352 1551 3413 mritatem
1572 3370 1650 3432 erga
1664 3371 1740 3427 noa,
1758 3365 1857 3431 quam

477 3439 536 3500 Eat
550 3448 649 3500 autem
673 3449 704 3502 et
719 3441 810 3502 Pater
832 3443 959 3516 earitae,
983 3451 1015 3503 et
1029 3442 1130 3502 Filiae
1183 3444 1264 3503 tione
1278 3439 1419 3502 laudatur
1432 3438 1605 3500 obedientie
1618 3439 1775 3513 Abrabae,
1787 3431 1857 3517 qd

435 3527 560 3599 aerim,
587 3534 617 3586 et
643 3526 774 3608 Spiritue
800 3537 923 3590 eanotua
950 3531 1074 3601 caritas,
1100 3536 1131 3588 et
1183 3529 1275 3590 filium
1290 3526 1475 3605 unigenitum
1487 3523 1645 3587 immolare
1655 3526 1857 3605 ianuam

419 3631 537 3677 ‚omnee
552 3621 614 3673 tree
630 3634 690 3676 nna
705 3615 823 3676 earitae.
863 3616 932 3678 Hoe
947 3625 1048 3678 autem
1062 3616 1130 3677 loeo
1183 3624 1235 3697 pte
1248 3614 1396 3696 paruerit,
1419 3610 1495 3674 Gen.
1510 3613 1578 3689 223
1601 3622 1669 3673 tam
1686 3622 1722 3674 ut
1736 3609 1858 3689 intelle*

435 3699 501 3761 Deo
517 3699 602 3761 Patri
618 3701 807 3777 attribuitur,
829 3704 916 3782 cuiue
932 3704 1044 3764 caritas
1058 3723 1132 3782 erga
1183 3714 1232 3764 tur
1257 3701 1389 3763 Obrietue
1416 3717 1484 3761 eeee
1508 3698 1608 3759 Filiae
1635 3699 1701 3761 Dei
1727 3694 1858 3763 nauata

434 3806 487 3848 uoe
514 3784 665 3848 deelarata
693 3797 740 3850 eet
773 3789 804 3850 in
829 3808 880 3863 eo,
911 3789 991 3870 quod
1016 3790 1130 3851 Filium
1182 3810 1243 3851 non
1262 3787 1437 3869 adoptivus,
1463 3784 1568 3866 qualee
1596 3786 1650 3847 alii
1673 3788 1773 3850 multi
1803 3781 1857 3845 «ln

433 3892 519 3934 enum
536 3874 616 3935 miait
630 3877 661 3936 in
675 3875 829 3952 mundum,
847 3884 881 3937 ut
895 3895 949 3957 per
964 3897 1033 3939 eum
1047 3878 1129 3937 riae·
1183 3878 1261 3939 euim
1282 3873 1445 3936 Geriutbue
1468 3879 1500 3934 et
1519 3870 1623 3935 ebion
1643 3873 1759 3936 ‹loeere
1777 3885 1857 3951 ωφ

433 3979 551 4035 remue3
578 3961 828 4043 quemadmodum
850 3965 987 4045 proxime
1010 3963 1129 4026 dieitur.
1181 3971 1263 4037 rant,
1277 3962 1385 4024 Jeeum
1400 3980 1459 4021 nou
1481 3967 1588 4020 natura
1603 3960 1666 4021 Dei
1680 3961 1859 4025 eiua-ua

433 4047 627 4128 Quamquam
648 4049 724 4111 eolet
754 4051 812 4111 boo
834 4070 941 4112 nomeu
964 4071 1128 4112 aeoommo·
1182 4049 1237 4113 aed
1249 4048 1376 4111 aliumne
1387 4066 1469 4107 more
1479 4054 1664 4119 sanatorum,
1686 4049 1728 4110 ob
1739 4048 1858 4125 breim

433 4132 498 4196 ‹lari
513 4133 639 4213 Spiritui
653 4145 772 4209 saneto,
788 4138 855 4218 qui,
871 4157 910 4198 ex
924 4137 1017 4198 Patre
1033 4138 1128 4197 Filio·
1180 4138 1345 4218 proiectum
1358 4135 1510 4206 virtutum,
1526 4132 1742 4213 appellatione
1752 4134 1803 4196 tilii
1814 4126 1858 4192 lla'

432 4239 492 4301 que
514 4219 696 4301 proeedene,
723 4222 944 4303 quodammodo
966 4243 1062 4285 nexue
1084 4232 1130 4284 eet
1180 4225 1368 4286 honoratum.

432 4308 533 4369 Patria
549 4315 581 4368 et
594 4309 677 4369 Filii.
710 4310 799 4372 Unde
821 4318 851 4371 et
871 4311 971 4372 omnia
985 4311 1044 4371 Dei
1059 4311 1127 4371 eba-
1226 4312 1275 4373 10.
1297 4312 1339 4373 Ira
1352 4312 1411 4372 boe
1424 4313 1468 4367 eet
1482 4309 1612 4382 teritur,
1628 4326 1703 4371 nera
1718 4308 1859 4386 quaein

431 4394 569 4469 riemeta,
584 4393 625 4455 ad
639 4395 762 4458 bomani
778 4398 896 4477 generie
911 4399 1127 4479 reparationem
1182 4398 1384 4460 attexeremus
1408 4397 1530 4467 Deum,
1554 4395 1613 4455 ted
1635 4393 1859 4472 qumi!

432 4490 464 4542 et
478 4481 605 4543 ealutem
620 4480 773 4553 ordinate,
795 4486 908 4564 paeeim
924 4485 955 4544 in
970 4485 1130 4566 Seriptnrie
1181 4484 1294 4547 dilexit
1307 4503 1374 4545 eoa.
1407 4477 1608 4543 Oeteutlitbie
1623 4482 1746 4556 varbie,
1760 4481 1859 4543 uda

431 4567 633 4630 attribuuntur
661 4569 787 4650 Spiritui
818 4579 932 4631 sancto.
966 4570 1025 4633 Sed
1056 4572 1129 4650 quia
1180 4571 1298 4632 ritatem
1315 4589 1388 4650 erga
1401 4566 1859 4650 neeomuiueiuiaeegnth

431 4656 541 4717 earitae
562 4655 849 4719 expellentieeimum
872 4666 918 4719 eet
933 4657 993 4718 Dei
1009 4657 1128 4728 tionum,
1179 4665 1214 4718 ut
1228 4657 1298 4737 qui,
1318 4655 1400 4717 nullo
1422 4660 1541 4717 nostrae
1563 4672 1640 4735 erga
1658 4675 1697 4718 ae
1712 4647 1859 4718 diladd

430 4743 463 4803 iu
492 4742 579 4821 eujue
616 4744 874 4805 eommendatioue
903 4751 1041 4805 vereatur
1070 4744 1129 4805 boe
1180 4742 1326 4825 obeequio
1341 4748 1536 4823 provoeatue,
1564 4740 1647 4803 ultru
1661 4761 1723 4804 uua
1737 4736 1861 4804 etad

430 4827 497 4889 loeo
526 4828 680 4904 Joannee,
707 4831 776 4893 ideo
802 4830 997 4911 peculiariter
1022 4830 1060 4891 ab
1090 4849 1127 4892 eo
1180 4832 1255 4893 Pro:
1270 4831 1377 4907 queri,
1392 4827 1509 4891 Graeee
1525 4833 1591 4889 eet:
1615 4820 1686 4905 ὅτι,
1710 4833 1801 4910 quie,
1817 4835 1860 4888 aa

430 4913 542 4979 dietam
568 4925 617 4977 eat
645 4915 683 4978 de
709 4919 816 4980 Patre:
854 4920 1014 4998 Quoniam
1041 4918 1128 4979 Deua
1179 4920 1280 5001 potina
1294 4916 1389 4995 qood.
1422 4914 1500 4977 llam
1515 4932 1625 4976 eoum
1640 4924 1706 4977 eat=
1729 4913 1859 4977 Perh'

429 5004 549 5065 writer
561 5010 613 5067 eet.
635 5000 728 5067 Oerte
743 5014 773 5068 et
788 5004 927 5068 Eeeleeia
940 5006 972 5068 in
982 5002 1127 5085 Antipho·
1178 5002 1297 5068 modum
1311 5008 1468 5067 exermtm
1480 5007 1512 5062 et
1522 5004 1757 5067 aommmdatar
1768 4997 1864 5065 affl
