<?xml version="1.0" encoding="UTF-8"?>
<!DOCTYPE html PUBLIC "-//W3C//DTD XHTML 1.0 Transitional//EN"
    "http://www.w3.org/TR/xhtml1/DTD/xhtml1-transitional.dtd">
<html xmlns="http://www.w3.org/1999/xhtml" xml:lang="en" lang="en">
 <head>
  <title>
</title>
<meta http-equiv="Content-Type" content="text/html;charset=utf-8" />
  <meta name='ocr-system' content='tesseract 3.04.00' />
  <meta name='ocr-capabilities' content='ocr_page ocr_carea ocr_par ocr_line ocrx_word'/>
</head>
<body>
  <div class='ocr_page' id='page_1' title='image "./guilielmiestiii01estigoog_0310.png"; bbox 0 0 4442 5825; ppageno 0'>
   <div class='ocr_carea' id='block_1_1' title="bbox 428 600 1374 675">
    <p class='ocr_par' dir='ltr' id='par_1_1' title="bbox 428 600 1374 675">
     <span class='ocr_line' id='line_1_1' title="bbox 428 600 1374 675; baseline -0.002 -17"><span class='ocrx_word' id='word_1_1' title='bbox 428 606 503 675; x_wconf 67' lang='lat'>300</span> <span class='ocrx_word' id='word_1_2' title='bbox 951 600 1374 659; x_wconf 64' lang='lat' dir='ltr'>cosmrususmcsrm</span> 
     </span>
    </p>
   </div>
   <div class='ocr_carea' id='block_1_2' title="bbox 423 773 1864 5003">
    <p class='ocr_par' dir='ltr' id='par_1_2' title="bbox 423 773 1864 5003">
     <span class='ocr_line' id='line_1_2' title="bbox 426 773 1840 857; baseline -0.002 -21"><span class='ocrx_word' id='word_1_3' title='bbox 426 773 613 846; x_wconf 86' lang='lat' dir='ltr'>eruditionis,</span> <span class='ocrx_word' id='word_1_4' title='bbox 633 773 801 836; x_wconf 77' lang='lat' dir='ltr'>(lassamus</span> <span class='ocrx_word' id='word_1_5' title='bbox 816 774 897 857; x_wconf 88' lang='lat' dir='ltr'>apud</span> <span class='ocrx_word' id='word_1_6' title='bbox 911 776 1121 837; x_wconf 86' lang='lat' dir='ltr'>Lovanisnaee</span> <span class='ocrx_word' id='word_1_7' title='bbox 1174 775 1270 855; x_wconf 80' lang='lat' dir='ltr'>Quasi</span> <span class='ocrx_word' id='word_1_8' title='bbox 1291 778 1381 856; x_wconf 75' lang='lat' dir='ltr'>igitur</span> <span class='ocrx_word' id='word_1_9' title='bbox 1402 778 1447 837; x_wconf 91' lang='lat' dir='ltr'>sic</span> <span class='ocrx_word' id='word_1_10' title='bbox 1472 775 1559 836; x_wconf 86' lang='lat' dir='ltr'>dicit:</span> <span class='ocrx_word' id='word_1_11' title='bbox 1581 775 1627 836; x_wconf 72' lang='lat' dir='ltr'>et</span> <span class='ocrx_word' id='word_1_12' title='bbox 1648 774 1789 834; x_wconf 63' lang='lat' dir='ltr'>monos</span> <span class='ocrx_word' id='word_1_13' title='bbox 1802 774 1840 851; x_wconf 73' lang='lat' dir='ltr'>{o-</span> 
     </span>
     <span class='ocr_line' id='line_1_3' title="bbox 426 859 1840 942; baseline -0.001 -19"><span class='ocrx_word' id='word_1_14' title='bbox 426 861 598 940; x_wconf 78' lang='lat' dir='ltr'>Scripturse</span> <span class='ocrx_word' id='word_1_15' title='bbox 618 879 721 920; x_wconf 83' lang='lat' dir='ltr'>sacrse</span> <span class='ocrx_word' id='word_1_16' title='bbox 739 861 890 941; x_wconf 78' lang='lat' dir='ltr'>quondam</span> <span class='ocrx_word' id='word_1_17' title='bbox 910 863 1065 942; x_wconf 74' lang='lat' dir='ltr'>interpres,</span> <span class='ocrx_word' id='word_1_18' title='bbox 1088 863 1121 921; x_wconf 93' lang='lat' dir='ltr'>in</span> <span class='ocrx_word' id='word_1_19' title='bbox 1173 866 1300 938; x_wconf 74' lang='lat' dir='ltr'>stipium</span> <span class='ocrx_word' id='word_1_20' title='bbox 1330 867 1440 939; x_wconf 78' lang='lat' dir='ltr'>virpoe</span> <span class='ocrx_word' id='word_1_21' title='bbox 1480 865 1564 935; x_wconf 73' lang='lat' dir='ltr'>ejus,</span> <span class='ocrx_word' id='word_1_22' title='bbox 1602 859 1840 937; x_wconf 73' lang='lat' dir='ltr'>quemadmodem</span> 
     </span>
     <span class='ocr_line' id='line_1_4' title="bbox 426 947 1840 1026; baseline -0.001 -18"><span class='ocrx_word' id='word_1_23' title='bbox 426 947 517 1026; x_wconf 87' lang='lat' dir='ltr'>hujus</span> <span class='ocrx_word' id='word_1_24' title='bbox 540 947 599 1006; x_wconf 92' lang='lat' dir='ltr'>loci</span> <span class='ocrx_word' id='word_1_25' title='bbox 621 958 777 1008; x_wconf 79' lang='lat' dir='ltr'>comment.</span> <span class='ocrx_word' id='word_1_26' title='bbox 799 968 931 1009; x_wconf 87' lang='lat' dir='ltr'>manusc.</span> <span class='ocrx_word' id='word_1_27' title='bbox 953 950 1050 1020; x_wconf 78' lang='lat' dir='ltr'>docet,</span> <span class='ocrx_word' id='word_1_28' title='bbox 1074 969 1119 1009; x_wconf 93' lang='lat' dir='ltr'>re·</span> <span class='ocrx_word' id='word_1_29' title='bbox 1173 950 1354 1011; x_wconf 78' lang='lat' dir='ltr'>bobeturin</span> <span class='ocrx_word' id='word_1_30' title='bbox 1367 950 1469 1009; x_wconf 82' lang='lat' dir='ltr'>bibliis</span> <span class='ocrx_word' id='word_1_31' title='bbox 1485 948 1623 1021; x_wconf 81' lang='lat' dir='ltr'>Graccis,</span> <span class='ocrx_word' id='word_1_32' title='bbox 1638 964 1840 1023; x_wconf 75' lang='lat' dir='ltr'>quocootcsn</span> 
     </span>
     <span class='ocr_line' id='line_1_5' title="bbox 425 1030 1863 1115; baseline -0.001 -21"><span class='ocrx_word' id='word_1_33' title='bbox 425 1037 504 1094; x_wconf 87' lang='lat' dir='ltr'>etius</span> <span class='ocrx_word' id='word_1_34' title='bbox 518 1033 664 1094; x_wconf 85' lang='lat' dir='ltr'>iacturum</span> <span class='ocrx_word' id='word_1_35' title='bbox 685 1032 779 1094; x_wconf 81' lang='lat' dir='ltr'>luisse</span> <span class='ocrx_word' id='word_1_36' title='bbox 795 1036 829 1095; x_wconf 90' lang='lat' dir='ltr'>B.</span> <span class='ocrx_word' id='word_1_37' title='bbox 845 1036 1073 1115; x_wconf 75' lang='lat' dir='ltr'>Hieronymum,</span> <span class='ocrx_word' id='word_1_38' title='bbox 1094 1036 1121 1094; x_wconf 88' lang='lat' dir='ltr'>ai</span> <span class='ocrx_word' id='word_1_39' title='bbox 1174 1040 1379 1097; x_wconf 73' lang='lat' dir='ltr'>comotione</span> <span class='ocrx_word' id='word_1_40' title='bbox 1401 1038 1511 1112; x_wconf 75' lang='lat' dir='ltr'>lepitis.</span> <span class='ocrx_word' id='word_1_41' title='bbox 1534 1035 1581 1094; x_wconf 80' lang='lat' dir='ltr'>Ac</span> <span class='ocrx_word' id='word_1_42' title='bbox 1601 1034 1681 1097; x_wconf 82' lang='lat' dir='ltr'>forte</span> <span class='ocrx_word' id='word_1_43' title='bbox 1699 1030 1840 1093; x_wconf 74' lang='lat' dir='ltr'>dnfflrrt</span> <span class='ocrx_word' id='word_1_44' title='bbox 1862 1108 1863 1113; x_wconf 8' lang='grc' dir='ltr'>η</span> 
     </span>
     <span class='ocr_line' id='line_1_6' title="bbox 425 1117 1863 1195; baseline -0.003 -14"><span class='ocrx_word' id='word_1_45' title='bbox 425 1139 511 1181; x_wconf 83' lang='lat' dir='ltr'>susm</span> <span class='ocrx_word' id='word_1_46' title='bbox 526 1121 694 1180; x_wconf 75' lang='lat' dir='ltr'>versionem</span> <span class='ocrx_word' id='word_1_47' title='bbox 710 1119 786 1182; x_wconf 82' lang='lat' dir='ltr'>Gen</span> <span class='ocrx_word' id='word_1_48' title='bbox 802 1124 853 1183; x_wconf 81' lang='lat'>47.</span> <span class='ocrx_word' id='word_1_49' title='bbox 869 1123 901 1182; x_wconf 86' lang='lat' dir='ltr'>in</span> <span class='ocrx_word' id='word_1_50' title='bbox 918 1122 987 1195; x_wconf 77' lang='lat' dir='ltr'>fine,</span> <span class='ocrx_word' id='word_1_51' title='bbox 1004 1121 1120 1181; x_wconf 77' lang='lat' dir='ltr'>confor-</span> <span class='ocrx_word' id='word_1_52' title='bbox 1174 1122 1305 1185; x_wconf 88' lang='lat' dir='ltr'>hibenda</span> <span class='ocrx_word' id='word_1_53' title='bbox 1319 1134 1366 1183; x_wconf 85' lang='lat' dir='ltr'>est</span> <span class='ocrx_word' id='word_1_54' title='bbox 1380 1123 1488 1183; x_wconf 86' lang='lat' dir='ltr'>solutio</span> <span class='ocrx_word' id='word_1_55' title='bbox 1504 1120 1544 1182; x_wconf 88' lang='lat' dir='ltr'>ad</span> <span class='ocrx_word' id='word_1_56' title='bbox 1559 1121 1658 1182; x_wconf 81' lang='lat' dir='ltr'>locem</span> <span class='ocrx_word' id='word_1_57' title='bbox 1673 1119 1745 1179; x_wconf 68' lang='lat' dir='ltr'>Iane</span> <span class='ocrx_word' id='word_1_58' title='bbox 1761 1117 1839 1191; x_wconf 61' lang='lat' dir='ltr'>eutr·</span> <span class='ocrx_word' id='word_1_59' title='bbox 1862 1124 1863 1177; x_wconf 77' lang='grc' dir='ltr'>ζ</span> 
     </span>
     <span class='ocr_line' id='line_1_7' title="bbox 424 1206 1864 1289; baseline -0.001 -22"><span class='ocrx_word' id='word_1_60' title='bbox 424 1215 538 1267; x_wconf 82' lang='lat' dir='ltr'>merset</span> <span class='ocrx_word' id='word_1_61' title='bbox 557 1206 796 1285; x_wconf 67' lang='lat' dir='ltr'>interpretationi</span> <span class='ocrx_word' id='word_1_62' title='bbox 818 1210 950 1286; x_wconf 88' lang='lat' dir='ltr'>ipsorum</span> <span class='ocrx_word' id='word_1_63' title='bbox 970 1207 1070 1269; x_wconf 86' lang='lat' dir='ltr'>LXX.</span> <span class='ocrx_word' id='word_1_64' title='bbox 1085 1228 1123 1268; x_wconf 89' lang='lat' dir='ltr'>ac</span> <span class='ocrx_word' id='word_1_65' title='bbox 1174 1218 1293 1289; x_wconf 84' lang='lat' dir='ltr'>prester</span> <span class='ocrx_word' id='word_1_66' title='bbox 1313 1210 1403 1270; x_wconf 85' lang='lat' dir='ltr'>fidem</span> <span class='ocrx_word' id='word_1_67' title='bbox 1428 1209 1557 1269; x_wconf 86' lang='lat' dir='ltr'>omnium</span> <span class='ocrx_word' id='word_1_68' title='bbox 1579 1206 1790 1267; x_wconf 81' lang='lat' dir='ltr'>Hebraieorum</span> <span class='ocrx_word' id='word_1_69' title='bbox 1808 1224 1839 1264; x_wconf 81' lang='lat' dir='ltr'>oo</span> <span class='ocrx_word' id='word_1_70' title='bbox 1860 1246 1864 1281; x_wconf 62' lang='lat'>3</span> 
     </span>
     <span class='ocr_line' id='line_1_8' title="bbox 425 1290 1863 1371; baseline -0.001 -17"><span class='ocrx_word' id='word_1_71' title='bbox 425 1291 620 1354; x_wconf 87' lang='lat' dir='ltr'>reddidisset:</span> <span class='ocrx_word' id='word_1_72' title='bbox 640 1294 793 1355; x_wconf 82' lang='lat' dir='ltr'>adoravit</span> <span class='ocrx_word' id='word_1_73' title='bbox 806 1313 902 1371; x_wconf 78' lang='lat' dir='ltr'>super</span> <span class='ocrx_word' id='word_1_74' title='bbox 916 1290 982 1371; x_wconf 83' lang='lat' dir='ltr'>(eut</span> <span class='ocrx_word' id='word_1_75' title='bbox 996 1302 1120 1367; x_wconf 81' lang='lat' dir='ltr'>eontra,</span> <span class='ocrx_word' id='word_1_76' title='bbox 1174 1295 1272 1357; x_wconf 89' lang='lat' dir='ltr'>dicum</span> <span class='ocrx_word' id='word_1_77' title='bbox 1290 1316 1328 1356; x_wconf 86' lang='lat' dir='ltr'>ex</span> <span class='ocrx_word' id='word_1_78' title='bbox 1343 1297 1408 1356; x_wconf 91' lang='lat' dir='ltr'>sola</span> <span class='ocrx_word' id='word_1_79' title='bbox 1432 1296 1570 1356; x_wconf 83' lang='lat' dir='ltr'>versione</span> <span class='ocrx_word' id='word_1_80' title='bbox 1584 1293 1683 1355; x_wconf 69' lang='lat' dir='ltr'>Lxx</span> <span class='ocrx_word' id='word_1_81' title='bbox 1707 1306 1863 1370; x_wconf 54' lang='lat' dir='ltr'>umerus*</span> 
     </span>
     <span class='ocr_line' id='line_1_9' title="bbox 425 1377 1841 1461; baseline -0.001 -23"><span class='ocrx_word' id='word_1_82' title='bbox 425 1377 576 1461; x_wconf 86' lang='lat' dir='ltr'>quomodo</span> <span class='ocrx_word' id='word_1_83' title='bbox 610 1378 690 1439; x_wconf 87' lang='lat' dir='ltr'>idem</span> <span class='ocrx_word' id='word_1_84' title='bbox 724 1380 929 1461; x_wconf 69' lang='lat' dir='ltr'>Hieronymus</span> <span class='ocrx_word' id='word_1_85' title='bbox 962 1385 1053 1442; x_wconf 88' lang='lat' dir='ltr'>vertit</span> <span class='ocrx_word' id='word_1_86' title='bbox 1083 1401 1122 1441; x_wconf 83' lang='lat' dir='ltr'>ex</span> <span class='ocrx_word' id='word_1_87' title='bbox 1174 1386 1253 1443; x_wconf 90' lang='lat' dir='ltr'>ratio</span> <span class='ocrx_word' id='word_1_88' title='bbox 1281 1383 1473 1443; x_wconf 84' lang='lat' dir='ltr'>interseritur.</span> <span class='ocrx_word' id='word_1_89' title='bbox 1513 1382 1553 1441; x_wconf 78' lang='lat' dir='ltr'>Et</span> <span class='ocrx_word' id='word_1_90' title='bbox 1582 1379 1705 1458; x_wconf 90' lang='lat' dir='ltr'>quidem</span> <span class='ocrx_word' id='word_1_91' title='bbox 1732 1377 1841 1438; x_wconf 77' lang='lat' dir='ltr'>Cornelii</span> 
     </span>
     <span class='ocr_line' id='line_1_10' title="bbox 425 1462 1840 1548; baseline -0.002 -20"><span class='ocrx_word' id='word_1_92' title='bbox 425 1467 524 1528; x_wconf 63' lang='lat' dir='ltr'>Lxx</span> <span class='ocrx_word' id='word_1_93' title='bbox 541 1467 572 1525; x_wconf 93' lang='lat' dir='ltr'>iu</span> <span class='ocrx_word' id='word_1_94' title='bbox 585 1462 716 1542; x_wconf 82' lang='lat' dir='ltr'>Tradit.)</span> <span class='ocrx_word' id='word_1_95' title='bbox 737 1469 903 1546; x_wconf 71' lang='lat' dir='ltr'>fmtiyium</span> <span class='ocrx_word' id='word_1_96' title='bbox 922 1471 1029 1544; x_wconf 74' lang='lat' dir='ltr'>cisque</span> <span class='ocrx_word' id='word_1_97' title='bbox 1045 1472 1120 1542; x_wconf 65' lang='lat' dir='ltr'>elus.</span> <span class='ocrx_word' id='word_1_98' title='bbox 1175 1470 1339 1542; x_wconf 65' lang='lat' dir='ltr'>‚lauseuio,</span> <span class='ocrx_word' id='word_1_99' title='bbox 1367 1468 1555 1548; x_wconf 73' lang='lat' dir='ltr'>praeceptori</span> <span class='ocrx_word' id='word_1_100' title='bbox 1577 1486 1660 1539; x_wconf 92' lang='lat' dir='ltr'>meo,</span> <span class='ocrx_word' id='word_1_101' title='bbox 1685 1467 1728 1525; x_wconf 87' lang='lat' dir='ltr'>ita</span> <span class='ocrx_word' id='word_1_102' title='bbox 1748 1482 1840 1543; x_wconf 70' lang='lat' dir='ltr'>respo*</span> 
     </span>
     <span class='ocr_line' id='line_1_11' title="bbox 424 1548 1840 1635; baseline -0.003 -21"><span class='ocrx_word' id='word_1_103' title='bbox 424 1555 466 1615; x_wconf 82' lang='lat' dir='ltr'>Et</span> <span class='ocrx_word' id='word_1_104' title='bbox 492 1553 524 1614; x_wconf 87' lang='lat' dir='ltr'>S.</span> <span class='ocrx_word' id='word_1_105' title='bbox 554 1553 742 1632; x_wconf 75' lang='lat' dir='ltr'>Augustinus</span> <span class='ocrx_word' id='word_1_106' title='bbox 769 1566 884 1634; x_wconf 85' lang='lat' dir='ltr'>quaest</span> <span class='ocrx_word' id='word_1_107' title='bbox 912 1553 965 1614; x_wconf 93' lang='lat' dir='ltr'>illa</span> <span class='ocrx_word' id='word_1_108' title='bbox 992 1557 1062 1616; x_wconf 76' lang='lat'><strong>162.</strong></span> <span class='ocrx_word' id='word_1_109' title='bbox 1090 1555 1121 1614; x_wconf 92' lang='lat' dir='ltr'>in</span> <span class='ocrx_word' id='word_1_110' title='bbox 1174 1554 1246 1616; x_wconf 91' lang='lat' dir='ltr'>dere</span> <span class='ocrx_word' id='word_1_111' title='bbox 1260 1557 1357 1615; x_wconf 84' lang='lat' dir='ltr'>visum</span> <span class='ocrx_word' id='word_1_112' title='bbox 1369 1556 1436 1615; x_wconf 88' lang='lat' dir='ltr'>fnit</span> <span class='ocrx_word' id='word_1_113' title='bbox 1460 1556 1499 1615; x_wconf 80' lang='lat' dir='ltr'>Et</span> <span class='ocrx_word' id='word_1_114' title='bbox 1511 1556 1564 1635; x_wconf 92' lang='lat' dir='ltr'>qui</span> <span class='ocrx_word' id='word_1_115' title='bbox 1576 1551 1663 1614; x_wconf 85' lang='lat' dir='ltr'>aliter</span> <span class='ocrx_word' id='word_1_116' title='bbox 1679 1548 1840 1631; x_wconf 70' lang='lat' dir='ltr'>respondes.</span> 
     </span>
     <span class='ocr_line' id='line_1_12' title="bbox 425 1638 1852 1722; baseline -0.002 -20"><span class='ocrx_word' id='word_1_117' title='bbox 425 1638 536 1702; x_wconf 84' lang='lat' dir='ltr'>Ge&#39;nes.</span> <span class='ocrx_word' id='word_1_118' title='bbox 547 1640 606 1698; x_wconf 88' lang='lat' dir='ltr'>ait:</span> <span class='ocrx_word' id='word_1_119' title='bbox 630 1641 721 1718; x_wconf 83' lang='lat' dir='ltr'>Quod</span> <span class='ocrx_word' id='word_1_120' title='bbox 736 1642 946 1717; x_wconf 74' lang='lat' dir='ltr'>Septnoqinte</span> <span class='ocrx_word' id='word_1_121' title='bbox 960 1644 1121 1718; x_wconf 81' lang='lat' dir='ltr'>interpre-</span> <span class='ocrx_word' id='word_1_122' title='bbox 1175 1652 1362 1722; x_wconf 85' lang='lat' dir='ltr'>torquentes</span> <span class='ocrx_word' id='word_1_123' title='bbox 1378 1639 1584 1702; x_wconf 81' lang='lat' dir='ltr'>mirisrnodie.</span> <span class='ocrx_word' id='word_1_124' title='bbox 1701 1668 1704 1685; x_wconf 85' lang='lat'><em>=</em></span> <span class='ocrx_word' id='word_1_125' title='bbox 1850 1642 1852 1647; x_wconf 86' lang='lat'>&#39;</span> 
     </span>
     <span class='ocr_line' id='line_1_13' title="bbox 425 1725 1846 1809; baseline -0.003 -22"><span class='ocrx_word' id='word_1_126' title='bbox 425 1729 486 1787; x_wconf 75' lang='lat' dir='ltr'>tati</span> <span class='ocrx_word' id='word_1_127' title='bbox 515 1732 607 1799; x_wconf 81' lang='lat' dir='ltr'>eunt,</span> <span class='ocrx_word' id='word_1_128' title='bbox 638 1726 766 1788; x_wconf 72' lang='lat' dir='ltr'>eisdem</span> <span class='ocrx_word' id='word_1_129' title='bbox 795 1729 846 1788; x_wconf 82' lang='lat' dir='ltr'>vel</span> <span class='ocrx_word' id='word_1_130' title='bbox 870 1729 969 1788; x_wconf 84' lang='lat' dir='ltr'>levem</span> <span class='ocrx_word' id='word_1_131' title='bbox 995 1746 1120 1790; x_wconf 75' lang='lat' dir='ltr'>sensum</span> <span class='ocrx_word' id='word_1_132' title='bbox 1219 1730 1409 1809; x_wconf 72' lang='lat' dir='ltr'>Quamquam</span> <span class='ocrx_word' id='word_1_133' title='bbox 1431 1727 1514 1807; x_wconf 90' lang='lat' dir='ltr'>quod</span> <span class='ocrx_word' id='word_1_134' title='bbox 1535 1725 1576 1786; x_wconf 92' lang='lat' dir='ltr'>ad</span> <span class='ocrx_word' id='word_1_135' title='bbox 1590 1744 1654 1786; x_wconf 90' lang='lat' dir='ltr'>rem</span> <span class='ocrx_word' id='word_1_136' title='bbox 1678 1730 1846 1807; x_wconf 74' lang='lat' dir='ltr'>praesente</span> 
     </span>
     <span class='ocr_line' id='line_1_14' title="bbox 424 1814 1837 1894; baseline -0.004 -20"><span class='ocrx_word' id='word_1_137' title='bbox 424 1814 551 1887; x_wconf 79' lang='lat' dir='ltr'>bebere,</span> <span class='ocrx_word' id='word_1_138' title='bbox 565 1814 750 1887; x_wconf 77' lang='lat' dir='ltr'>petendum</span> <span class='ocrx_word' id='word_1_139' title='bbox 764 1832 832 1875; x_wconf 81' lang='lat' dir='ltr'>non</span> <span class='ocrx_word' id='word_1_140' title='bbox 848 1822 900 1875; x_wconf 81' lang='lat' dir='ltr'>est.</span> <span class='ocrx_word' id='word_1_141' title='bbox 1175 1817 1295 1888; x_wconf 80' lang='lat' dir='ltr'>attinet,</span> <span class='ocrx_word' id='word_1_142' title='bbox 1325 1825 1482 1894; x_wconf 83' lang='lat' dir='ltr'>utrumque</span> <span class='ocrx_word' id='word_1_143' title='bbox 1514 1832 1621 1874; x_wconf 89' lang='lat' dir='ltr'>verum</span> <span class='ocrx_word' id='word_1_144' title='bbox 1652 1828 1722 1871; x_wconf 85' lang='lat' dir='ltr'>esse</span> <span class='ocrx_word' id='word_1_145' title='bbox 1751 1814 1837 1887; x_wconf 65' lang='lat' dir='ltr'>potem</span> 
     </span>
     <span class='ocr_line' id='line_1_15' title="bbox 468 1895 1849 1981; baseline -0.004 -21"><span class='ocrx_word' id='word_1_146' title='bbox 468 1900 658 1979; x_wconf 85' lang='lat' dir='ltr'>Verumque</span> <span class='ocrx_word' id='word_1_147' title='bbox 675 1908 762 1977; x_wconf 87' lang='lat' dir='ltr'>pacto</span> <span class='ocrx_word' id='word_1_148' title='bbox 775 1920 841 1961; x_wconf 90' lang='lat' dir='ltr'>cmn</span> <span class='ocrx_word' id='word_1_149' title='bbox 856 1900 913 1961; x_wconf 85' lang='lat' dir='ltr'>lrsc</span> <span class='ocrx_word' id='word_1_150' title='bbox 928 1901 1120 1981; x_wconf 73' lang='lat' dir='ltr'>responsione</span> <span class='ocrx_word' id='word_1_151' title='bbox 1174 1903 1274 1965; x_wconf 86' lang='lat' dir='ltr'>Jacob</span> <span class='ocrx_word' id='word_1_152' title='bbox 1297 1901 1439 1962; x_wconf 81' lang='lat' dir='ltr'>adorasse</span> <span class='ocrx_word' id='word_1_153' title='bbox 1462 1918 1566 1961; x_wconf 76' lang='lat' dir='ltr'>veram</span> <span class='ocrx_word' id='word_1_154' title='bbox 1589 1906 1682 1977; x_wconf 88' lang='lat' dir='ltr'>caput</span> <span class='ocrx_word' id='word_1_155' title='bbox 1703 1895 1810 1967; x_wconf 89' lang='lat' dir='ltr'>lectuli,</span> <span class='ocrx_word' id='word_1_156' title='bbox 1823 1898 1849 1955; x_wconf 82' lang='lat' dir='ltr'>t·</span> 
     </span>
     <span class='ocr_line' id='line_1_16' title="bbox 425 1980 1840 2067; baseline -0.003 -20"><span class='ocrx_word' id='word_1_157' title='bbox 425 1985 580 2047; x_wconf 82' lang='lat' dir='ltr'>conciliari</span> <span class='ocrx_word' id='word_1_158' title='bbox 601 1988 695 2064; x_wconf 89' lang='lat' dir='ltr'>possit</span> <span class='ocrx_word' id='word_1_159' title='bbox 717 2007 860 2066; x_wconf 81' lang='lat' dir='ltr'>praeseus</span> <span class='ocrx_word' id='word_1_160' title='bbox 874 1988 1013 2066; x_wconf 75' lang='lat' dir='ltr'>Apostoli</span> <span class='ocrx_word' id='word_1_161' title='bbox 1029 1988 1121 2061; x_wconf 90' lang='lat' dir='ltr'>locus,</span> <span class='ocrx_word' id='word_1_162' title='bbox 1175 1989 1317 2049; x_wconf 86' lang='lat' dir='ltr'>adorasse</span> <span class='ocrx_word' id='word_1_163' title='bbox 1332 1988 1483 2067; x_wconf 65' lang='lat' dir='ltr'>lentigium</span> <span class='ocrx_word' id='word_1_164' title='bbox 1506 1987 1610 2066; x_wconf 81' lang='lat' dir='ltr'>virgae</span> <span class='ocrx_word' id='word_1_165' title='bbox 1624 1981 1744 2062; x_wconf 85' lang='lat' dir='ltr'>Josepb</span> <span class='ocrx_word' id='word_1_166' title='bbox 1758 1980 1840 2043; x_wconf 70' lang='lat' dir='ltr'>sust</span> 
     </span>
     <span class='ocr_line' id='line_1_17' title="bbox 424 2067 1840 2155; baseline -0.003 -22"><span class='ocrx_word' id='word_1_167' title='bbox 424 2074 456 2133; x_wconf 91' lang='lat' dir='ltr'>in</span> <span class='ocrx_word' id='word_1_168' title='bbox 471 2092 531 2153; x_wconf 94' lang='lat' dir='ltr'>quo</span> <span class='ocrx_word' id='word_1_169' title='bbox 547 2090 606 2132; x_wconf 93' lang='lat' dir='ltr'>non</span> <span class='ocrx_word' id='word_1_170' title='bbox 622 2072 764 2149; x_wconf 78' lang='lat' dir='ltr'>lectulus,</span> <span class='ocrx_word' id='word_1_171' title='bbox 780 2073 833 2134; x_wconf 86' lang='lat' dir='ltr'>sed</span> <span class='ocrx_word' id='word_1_172' title='bbox 848 2077 940 2149; x_wconf 75' lang='lat' dir='ltr'>sirpo</span> <span class='ocrx_word' id='word_1_173' title='bbox 952 2076 1122 2135; x_wconf 89' lang='lat' dir='ltr'>nominatur</span> <span class='ocrx_word' id='word_1_174' title='bbox 1175 2074 1214 2136; x_wconf 88' lang='lat' dir='ltr'>sd</span> <span class='ocrx_word' id='word_1_175' title='bbox 1229 2075 1331 2135; x_wconf 80' lang='lat' dir='ltr'>lectuli</span> <span class='ocrx_word' id='word_1_176' title='bbox 1346 2083 1445 2155; x_wconf 84' lang='lat' dir='ltr'>caput</span> <span class='ocrx_word' id='word_1_177' title='bbox 1467 2073 1538 2133; x_wconf 87' lang='lat' dir='ltr'>Non</span> <span class='ocrx_word' id='word_1_178' title='bbox 1552 2073 1632 2133; x_wconf 90' lang='lat' dir='ltr'>euim</span> <span class='ocrx_word' id='word_1_179' title='bbox 1646 2067 1840 2151; x_wconf 77' lang='lat' dir='ltr'>pugnantis·</span> 
     </span>
     <span class='ocr_line' id='line_1_18' title="bbox 426 2152 1841 2240; baseline -0.001 -22"><span class='ocrx_word' id='word_1_180' title='bbox 426 2158 508 2235; x_wconf 86' lang='lat' dir='ltr'>(nam</span> <span class='ocrx_word' id='word_1_181' title='bbox 530 2167 630 2237; x_wconf 88' lang='lat' dir='ltr'>caput,</span> <span class='ocrx_word' id='word_1_182' title='bbox 652 2161 817 2236; x_wconf 85' lang='lat' dir='ltr'>summitas,</span> <span class='ocrx_word' id='word_1_183' title='bbox 840 2160 992 2240; x_wconf 77' lang='lat' dir='ltr'>festigium</span> <span class='ocrx_word' id='word_1_184' title='bbox 1015 2160 1121 2221; x_wconf 91' lang='lat' dir='ltr'>eadem</span> <span class='ocrx_word' id='word_1_185' title='bbox 1176 2163 1245 2222; x_wconf 90' lang='lat' dir='ltr'>duo.</span> <span class='ocrx_word' id='word_1_186' title='bbox 1269 2161 1347 2222; x_wconf 86' lang='lat' dir='ltr'>Nam</span> <span class='ocrx_word' id='word_1_187' title='bbox 1370 2159 1451 2240; x_wconf 88' lang='lat' dir='ltr'>qnod</span> <span class='ocrx_word' id='word_1_188' title='bbox 1474 2179 1529 2220; x_wconf 88' lang='lat' dir='ltr'>noe</span> <span class='ocrx_word' id='word_1_189' title='bbox 1546 2157 1693 2237; x_wconf 79' lang='lat' dir='ltr'>legimus:</span> <span class='ocrx_word' id='word_1_190' title='bbox 1721 2152 1841 2217; x_wconf 59' lang='lat' dir='ltr'>odom</span> 
     </span>
     <span class='ocr_line' id='line_1_19' title="bbox 425 2236 1839 2325; baseline -0.003 -19"><span class='ocrx_word' id='word_1_191' title='bbox 425 2254 496 2306; x_wconf 93' lang='lat' dir='ltr'>sunt</span> <span class='ocrx_word' id='word_1_192' title='bbox 524 2247 555 2306; x_wconf 91' lang='lat' dir='ltr'>in</span> <span class='ocrx_word' id='word_1_193' title='bbox 580 2247 751 2325; x_wconf 89' lang='lat' dir='ltr'>proposito,</span> <span class='ocrx_word' id='word_1_194' title='bbox 782 2261 812 2307; x_wconf 89' lang='lat' dir='ltr'>ct</span> <span class='ocrx_word' id='word_1_195' title='bbox 838 2246 943 2307; x_wconf 83' lang='lat' dir='ltr'>eadem</span> <span class='ocrx_word' id='word_1_196' title='bbox 967 2248 1121 2309; x_wconf 85' lang='lat' dir='ltr'>Hebraics</span> <span class='ocrx_word' id='word_1_197' title='bbox 1175 2251 1361 2322; x_wconf 75' lang='lat' dir='ltr'>Dominum,</span> <span class='ocrx_word' id='word_1_198' title='bbox 1384 2249 1593 2325; x_wconf 84' lang='lat' dir='ltr'>Hieronymus</span> <span class='ocrx_word' id='word_1_199' title='bbox 1617 2246 1788 2307; x_wconf 77' lang='lat' dir='ltr'>Dominum</span> <span class='ocrx_word' id='word_1_200' title='bbox 1804 2236 1839 2299; x_wconf 82' lang='lat' dir='ltr'>ai·</span> 
     </span>
     <span class='ocr_line' id='line_1_20' title="bbox 425 2329 1840 2413; baseline -0.004 -20"><span class='ocrx_word' id='word_1_201' title='bbox 425 2351 502 2394; x_wconf 92' lang='lat' dir='ltr'>voce</span> <span class='ocrx_word' id='word_1_202' title='bbox 516 2332 730 2411; x_wconf 78' lang='lat' dir='ltr'>significentur,</span> <span class='ocrx_word' id='word_1_203' title='bbox 753 2354 809 2394; x_wconf 90' lang='lat' dir='ltr'>nec</span> <span class='ocrx_word' id='word_1_204' title='bbox 828 2332 866 2394; x_wconf 92' lang='lat' dir='ltr'>de</span> <span class='ocrx_word' id='word_1_205' title='bbox 882 2353 919 2394; x_wconf 87' lang='lat' dir='ltr'>ea</span> <span class='ocrx_word' id='word_1_206' title='bbox 934 2354 968 2395; x_wconf 92' lang='lat' dir='ltr'>re</span> <span class='ocrx_word' id='word_1_207' title='bbox 983 2334 1121 2413; x_wconf 76' lang='lat' dir='ltr'>quaestio</span> <span class='ocrx_word' id='word_1_208' title='bbox 1175 2336 1252 2395; x_wconf 87' lang='lat' dir='ltr'>didit</span> <span class='ocrx_word' id='word_1_209' title='bbox 1266 2335 1305 2395; x_wconf 88' lang='lat' dir='ltr'>de</span> <span class='ocrx_word' id='word_1_210' title='bbox 1321 2354 1383 2395; x_wconf 90' lang='lat' dir='ltr'>suo.</span> <span class='ocrx_word' id='word_1_211' title='bbox 1408 2333 1500 2395; x_wconf 83' lang='lat' dir='ltr'>Certe</span> <span class='ocrx_word' id='word_1_212' title='bbox 1515 2333 1553 2392; x_wconf 88' lang='lat' dir='ltr'>D.</span> <span class='ocrx_word' id='word_1_213' title='bbox 1571 2330 1707 2392; x_wconf 83' lang='lat' dir='ltr'>Thomas</span> <span class='ocrx_word' id='word_1_214' title='bbox 1722 2329 1840 2390; x_wconf 70' lang='lat' dir='ltr'>varient</span> 
     </span>
     <span class='ocr_line' id='line_1_21' title="bbox 426 2414 1841 2502; baseline -0.004 -23"><span class='ocrx_word' id='word_1_215' title='bbox 426 2417 493 2495; x_wconf 88' lang='lat' dir='ltr'>est),</span> <span class='ocrx_word' id='word_1_216' title='bbox 516 2418 722 2499; x_wconf 84' lang='lat' dir='ltr'>Hieronymus</span> <span class='ocrx_word' id='word_1_217' title='bbox 744 2419 819 2480; x_wconf 89' lang='lat' dir='ltr'>nihil</span> <span class='ocrx_word' id='word_1_218' title='bbox 839 2420 919 2481; x_wconf 86' lang='lat' dir='ltr'>dicit.</span> <span class='ocrx_word' id='word_1_219' title='bbox 940 2420 1025 2482; x_wconf 87' lang='lat' dir='ltr'>Inter</span> <span class='ocrx_word' id='word_1_220' title='bbox 1041 2440 1118 2480; x_wconf 91' lang='lat' dir='ltr'>com·</span> <span class='ocrx_word' id='word_1_221' title='bbox 1173 2423 1319 2493; x_wconf 66' lang='lat' dir='ltr'>lectionis,</span> <span class='ocrx_word' id='word_1_222' title='bbox 1341 2440 1431 2502; x_wconf 88' lang='lat' dir='ltr'>qnam</span> <span class='ocrx_word' id='word_1_223' title='bbox 1453 2418 1545 2480; x_wconf 87' lang='lat' dir='ltr'>reiert</span> <span class='ocrx_word' id='word_1_224' title='bbox 1565 2420 1597 2477; x_wconf 93' lang='lat' dir='ltr'>iu</span> <span class='ocrx_word' id='word_1_225' title='bbox 1612 2436 1727 2489; x_wconf 76' lang='lat' dir='ltr'>comm,</span> <span class='ocrx_word' id='word_1_226' title='bbox 1749 2414 1841 2475; x_wconf 64' lang='lat' dir='ltr'>nond</span> 
     </span>
     <span class='ocr_line' id='line_1_22' title="bbox 424 2496 1842 2588; baseline -0.004 -22"><span class='ocrx_word' id='word_1_227' title='bbox 424 2515 608 2567; x_wconf 69' lang='lat' dir='ltr'>mentituros</span> <span class='ocrx_word' id='word_1_228' title='bbox 630 2515 732 2567; x_wconf 88' lang='lat' dir='ltr'>autem</span> <span class='ocrx_word' id='word_1_229' title='bbox 755 2508 872 2579; x_wconf 90' lang='lat' dir='ltr'>nescio,</span> <span class='ocrx_word' id='word_1_230' title='bbox 899 2527 939 2567; x_wconf 93' lang='lat' dir='ltr'>an</span> <span class='ocrx_word' id='word_1_231' title='bbox 961 2508 1121 2587; x_wconf 74' lang='lat' dir='ltr'>quisquam</span> <span class='ocrx_word' id='word_1_232' title='bbox 1174 2509 1321 2579; x_wconf 79' lang='lat' dir='ltr'>offensus,</span> <span class='ocrx_word' id='word_1_233' title='bbox 1343 2517 1493 2588; x_wconf 75' lang='lat' dir='ltr'>tamquam</span> <span class='ocrx_word' id='word_1_234' title='bbox 1517 2501 1589 2564; x_wconf 86' lang='lat' dir='ltr'>inde</span> <span class='ocrx_word' id='word_1_235' title='bbox 1612 2496 1842 2582; x_wconf 73' lang='lat' dir='ltr'>consequeusril</span> 
     </span>
     <span class='ocr_line' id='line_1_23' title="bbox 424 2578 1842 2671; baseline -0.007 -18"><span class='ocrx_word' id='word_1_236' title='bbox 424 2594 472 2665; x_wconf 76' lang='lat' dir='ltr'>sit,</span> <span class='ocrx_word' id='word_1_237' title='bbox 488 2593 540 2671; x_wconf 87' lang='lat' dir='ltr'>qui</span> <span class='ocrx_word' id='word_1_238' title='bbox 554 2591 676 2653; x_wconf 88' lang='lat' dir='ltr'>lectoris</span> <span class='ocrx_word' id='word_1_239' title='bbox 691 2594 791 2653; x_wconf 90' lang='lat' dir='ltr'>auimo</span> <span class='ocrx_word' id='word_1_240' title='bbox 806 2592 982 2654; x_wconf 81' lang='lat' dir='ltr'>satisfaciet</span> <span class='ocrx_word' id='word_1_241' title='bbox 1174 2595 1224 2655; x_wconf 86' lang='lat' dir='ltr'>vel</span> <span class='ocrx_word' id='word_1_242' title='bbox 1240 2594 1367 2655; x_wconf 90' lang='lat' dir='ltr'>Paulum</span> <span class='ocrx_word' id='word_1_243' title='bbox 1391 2594 1470 2654; x_wconf 88' lang='lat' dir='ltr'>mele</span> <span class='ocrx_word' id='word_1_244' title='bbox 1485 2590 1676 2670; x_wconf 84' lang='lat' dir='ltr'>Scripturam</span> <span class='ocrx_word' id='word_1_245' title='bbox 1692 2590 1799 2659; x_wconf 71' lang='lat' dir='ltr'>citasse</span> <span class='ocrx_word' id='word_1_246' title='bbox 1809 2578 1842 2643; x_wconf 73' lang='lat' dir='ltr'>vd</span> 
     </span>
     <span class='ocr_line' id='line_1_24' title="bbox 469 2677 1840 2761; baseline -0.006 -20"><span class='ocrx_word' id='word_1_247' title='bbox 469 2679 563 2741; x_wconf 79' lang='lat' dir='ltr'>Nobis</span> <span class='ocrx_word' id='word_1_248' title='bbox 574 2677 869 2759; x_wconf 89' lang='lat' dir='ltr'>videturutcumque</span> <span class='ocrx_word' id='word_1_249' title='bbox 877 2681 1122 2759; x_wconf 80' lang='lat' dir='ltr'>satisfieriposse,</span> <span class='ocrx_word' id='word_1_250' title='bbox 1174 2682 1394 2761; x_wconf 87' lang='lat' dir='ltr'>Hieronymum</span> <span class='ocrx_word' id='word_1_251' title='bbox 1409 2680 1487 2740; x_wconf 89' lang='lat' dir='ltr'>mele</span> <span class='ocrx_word' id='word_1_252' title='bbox 1509 2680 1647 2738; x_wconf 67' lang='lat' dir='ltr'>vertiam.</span> <span class='ocrx_word' id='word_1_253' title='bbox 1675 2677 1840 2737; x_wconf 70' lang='lat' dir='ltr'>umens</span> 
     </span>
     <span class='ocr_line' id='line_1_25' title="bbox 425 2760 1842 2845; baseline -0.002 -18"><span class='ocrx_word' id='word_1_254' title='bbox 425 2767 452 2827; x_wconf 91' lang='lat' dir='ltr'>si</span> <span class='ocrx_word' id='word_1_255' title='bbox 468 2763 705 2845; x_wconf 87' lang='lat' dir='ltr'>respondeamus</span> <span class='ocrx_word' id='word_1_256' title='bbox 720 2765 814 2827; x_wconf 86' lang='lat' dir='ltr'>altero</span> <span class='ocrx_word' id='word_1_257' title='bbox 836 2765 940 2826; x_wconf 89' lang='lat' dir='ltr'>bornm</span> <span class='ocrx_word' id='word_1_258' title='bbox 957 2765 1120 2827; x_wconf 86' lang='lat' dir='ltr'>modorum.</span> <span class='ocrx_word' id='word_1_259' title='bbox 1175 2777 1263 2828; x_wconf 86' lang='lat' dir='ltr'>netur</span> <span class='ocrx_word' id='word_1_260' title='bbox 1283 2769 1458 2828; x_wconf 70' lang='lat' dir='ltr'>serietatem</span> <span class='ocrx_word' id='word_1_261' title='bbox 1480 2764 1564 2826; x_wconf 90' lang='lat' dir='ltr'>illam</span> <span class='ocrx_word' id='word_1_262' title='bbox 1585 2764 1629 2824; x_wconf 83' lang='lat' dir='ltr'>ite</span> <span class='ocrx_word' id='word_1_263' title='bbox 1649 2760 1842 2833; x_wconf 67' lang='lat' dir='ltr'>conciliaus!</span> 
     </span>
     <span class='ocr_line' id='line_1_26' title="bbox 426 2851 1573 2927; baseline -0.004 -12"><span class='ocrx_word' id='word_1_264' title='bbox 426 2851 511 2914; x_wconf 87' lang='lat' dir='ltr'>Unus</span> <span class='ocrx_word' id='word_1_265' title='bbox 537 2860 598 2927; x_wconf 88' lang='lat' dir='ltr'>est,</span> <span class='ocrx_word' id='word_1_266' title='bbox 627 2854 655 2914; x_wconf 86' lang='lat' dir='ltr'>si</span> <span class='ocrx_word' id='word_1_267' title='bbox 681 2871 749 2913; x_wconf 89' lang='lat' dir='ltr'>cum</span> <span class='ocrx_word' id='word_1_268' title='bbox 774 2853 810 2913; x_wconf 82' lang='lat' dir='ltr'>F.</span> <span class='ocrx_word' id='word_1_269' title='bbox 837 2852 949 2914; x_wconf 81' lang='lat' dir='ltr'>Bibere</span> <span class='ocrx_word' id='word_1_270' title='bbox 978 2852 1123 2927; x_wconf 84' lang='lat' dir='ltr'>dicamus,</span> <span class='ocrx_word' id='word_1_271' title='bbox 1174 2874 1280 2916; x_wconf 89' lang='lat' dir='ltr'>sensus</span> <span class='ocrx_word' id='word_1_272' title='bbox 1294 2852 1384 2914; x_wconf 90' lang='lat' dir='ltr'>simul</span> <span class='ocrx_word' id='word_1_273' title='bbox 1400 2854 1573 2914; x_wconf 85' lang='lat' dir='ltr'>consistant.</span> 
     </span>
     <span class='ocr_line' id='line_1_27' title="bbox 426 2934 1844 3020; baseline -0.002 -21"><span class='ocrx_word' id='word_1_274' title='bbox 426 2947 587 3020; x_wconf 88' lang='lat' dir='ltr'>utrumque</span> <span class='ocrx_word' id='word_1_275' title='bbox 617 2958 739 2999; x_wconf 91' lang='lat' dir='ltr'>sensum</span> <span class='ocrx_word' id='word_1_276' title='bbox 769 2939 870 3000; x_wconf 87' lang='lat' dir='ltr'>verbis</span> <span class='ocrx_word' id='word_1_277' title='bbox 901 2939 1074 3012; x_wconf 76' lang='lat' dir='ltr'>Hebraicis,</span> <span class='ocrx_word' id='word_1_278' title='bbox 1104 2959 1123 2998; x_wconf 90' lang='lat' dir='ltr'>a</span> <span class='ocrx_word' id='word_1_279' title='bbox 1216 2939 1377 3002; x_wconf 74' lang='lat' dir='ltr'>Caeterum</span> <span class='ocrx_word' id='word_1_280' title='bbox 1392 2941 1463 3002; x_wconf 87' lang='lat' dir='ltr'>lruic</span> <span class='ocrx_word' id='word_1_281' title='bbox 1477 2948 1599 3000; x_wconf 74' lang='lat' dir='ltr'>nosuae</span> <span class='ocrx_word' id='word_1_282' title='bbox 1614 2934 1795 3016; x_wconf 80' lang='lat' dir='ltr'>responsioni</span> <span class='ocrx_word' id='word_1_283' title='bbox 1808 2945 1844 3013; x_wconf 68' lang='grc' dir='ltr'>μ</span> 
     </span>
     <span class='ocr_line' id='line_1_28' title="bbox 425 3013 1841 3105; baseline -0.006 -16"><span class='ocrx_word' id='word_1_284' title='bbox 425 3026 512 3089; x_wconf 79' lang='lat' dir='ltr'>Mose</span> <span class='ocrx_word' id='word_1_285' title='bbox 533 3027 663 3105; x_wconf 86' lang='lat' dir='ltr'>scriptis,</span> <span class='ocrx_word' id='word_1_286' title='bbox 687 3024 915 3105; x_wconf 76' lang='lat' dir='ltr'>comprehendl3</span> <span class='ocrx_word' id='word_1_287' title='bbox 940 3045 976 3085; x_wconf 88' lang='lat' dir='ltr'>sc</span> <span class='ocrx_word' id='word_1_288' title='bbox 990 3026 1122 3105; x_wconf 83' lang='lat' dir='ltr'>Spiritus</span> <span class='ocrx_word' id='word_1_289' title='bbox 1176 3028 1318 3089; x_wconf 80' lang='lat' dir='ltr'>coronide</span> <span class='ocrx_word' id='word_1_290' title='bbox 1333 3028 1410 3088; x_wconf 86' lang='lat' dir='ltr'>illud</span> <span class='ocrx_word' id='word_1_291' title='bbox 1435 3026 1603 3104; x_wconf 74' lang='lat' dir='ltr'>adjicimus,</span> <span class='ocrx_word' id='word_1_292' title='bbox 1627 3013 1841 3098; x_wconf 55' lang='lat' dir='ltr'>directiones!¹</span> 
     </span>
     <span class='ocr_line' id='line_1_29' title="bbox 426 3099 1841 3189; baseline -0.005 -15"><span class='ocrx_word' id='word_1_293' title='bbox 426 3114 522 3174; x_wconf 76' lang='lat' dir='ltr'>uncti</span> <span class='ocrx_word' id='word_1_294' title='bbox 545 3112 670 3173; x_wconf 88' lang='lat' dir='ltr'>consilio</span> <span class='ocrx_word' id='word_1_295' title='bbox 690 3112 812 3185; x_wconf 86' lang='lat' dir='ltr'>iactum,</span> <span class='ocrx_word' id='word_1_296' title='bbox 838 3121 873 3172; x_wconf 90' lang='lat' dir='ltr'>ut</span> <span class='ocrx_word' id='word_1_297' title='bbox 891 3110 950 3173; x_wconf 89' lang='lat' dir='ltr'>dno</span> <span class='ocrx_word' id='word_1_298' title='bbox 973 3132 1076 3173; x_wconf 87' lang='lat' dir='ltr'>sensus</span> <span class='ocrx_word' id='word_1_299' title='bbox 1092 3113 1122 3172; x_wconf 90' lang='lat' dir='ltr'>iu</span> <span class='ocrx_word' id='word_1_300' title='bbox 1175 3115 1358 3176; x_wconf 88' lang='lat' dir='ltr'>ritussencti</span> <span class='ocrx_word' id='word_1_301' title='bbox 1371 3114 1483 3174; x_wconf 87' lang='lat' dir='ltr'>iactum</span> <span class='ocrx_word' id='word_1_302' title='bbox 1495 3132 1571 3184; x_wconf 86' lang='lat' dir='ltr'>esee,</span> <span class='ocrx_word' id='word_1_303' title='bbox 1584 3118 1619 3170; x_wconf 90' lang='lat' dir='ltr'>ut</span> <span class='ocrx_word' id='word_1_304' title='bbox 1626 3110 1668 3183; x_wconf 93' lang='lat' dir='ltr'>id,</span> <span class='ocrx_word' id='word_1_305' title='bbox 1682 3099 1841 3189; x_wconf 76' lang='lat' dir='ltr'>quodffl</span> 
     </span>
     <span class='ocr_line' id='line_1_30' title="bbox 427 3185 1840 3279; baseline -0.007 -18"><span class='ocrx_word' id='word_1_306' title='bbox 427 3199 533 3261; x_wconf 85' lang='lat' dir='ltr'>eadem</span> <span class='ocrx_word' id='word_1_307' title='bbox 559 3201 695 3261; x_wconf 88' lang='lat' dir='ltr'>oratioue</span> <span class='ocrx_word' id='word_1_308' title='bbox 722 3198 850 3260; x_wconf 89' lang='lat' dir='ltr'>latentes</span> <span class='ocrx_word' id='word_1_309' title='bbox 876 3201 1123 3279; x_wconf 88' lang='lat' dir='ltr'>exprimerentur,</span> <span class='ocrx_word' id='word_1_310' title='bbox 1177 3202 1374 3279; x_wconf 86' lang='lat' dir='ltr'>scripserunt,</span> <span class='ocrx_word' id='word_1_311' title='bbox 1398 3200 1485 3260; x_wconf 87' lang='lat' dir='ltr'>eliud</span> <span class='ocrx_word' id='word_1_312' title='bbox 1501 3198 1643 3259; x_wconf 82' lang='lat' dir='ltr'>lortsssis</span> <span class='ocrx_word' id='word_1_313' title='bbox 1659 3216 1716 3275; x_wconf 89' lang='lat' dir='ltr'>pro</span> <span class='ocrx_word' id='word_1_314' title='bbox 1731 3185 1840 3257; x_wconf 70' lang='lat' dir='ltr'>aliord·</span> 
     </span>
     <span class='ocr_line' id='line_1_31' title="bbox 423 3273 1841 3370; baseline -0.005 -23"><span class='ocrx_word' id='word_1_315' title='bbox 423 3290 514 3370; x_wconf 76' lang='lat' dir='ltr'>Juxta</span> <span class='ocrx_word' id='word_1_316' title='bbox 528 3286 665 3365; x_wconf 88' lang='lat' dir='ltr'>ejusdem</span> <span class='ocrx_word' id='word_1_317' title='bbox 687 3286 826 3347; x_wconf 76' lang='lat' dir='ltr'>vocabuli</span> <span class='ocrx_word' id='word_1_318' title='bbox 846 3285 995 3347; x_wconf 70' lang='lat' dir='ltr'>diversam</span> <span class='ocrx_word' id='word_1_319' title='bbox 1010 3285 1123 3365; x_wconf 78' lang='lat' dir='ltr'>siguifi-</span> <span class='ocrx_word' id='word_1_320' title='bbox 1177 3289 1297 3359; x_wconf 87' lang='lat' dir='ltr'>dentes,</span> <span class='ocrx_word' id='word_1_321' title='bbox 1321 3288 1449 3346; x_wconf 85' lang='lat' dir='ltr'>serviret</span> <span class='ocrx_word' id='word_1_322' title='bbox 1471 3285 1628 3365; x_wconf 88' lang='lat' dir='ltr'>mysterio,</span> <span class='ocrx_word' id='word_1_323' title='bbox 1651 3284 1733 3344; x_wconf 87' lang='lat' dir='ltr'>sicut</span> <span class='ocrx_word' id='word_1_324' title='bbox 1753 3282 1781 3342; x_wconf 94' lang='lat' dir='ltr'>iu</span> <span class='ocrx_word' id='word_1_325' title='bbox 1798 3273 1841 3340; x_wconf 57' lang='grc' dir='ltr'>ὦ</span> 
     </span>
     <span class='ocr_line' id='line_1_32' title="bbox 428 3365 1838 3453; baseline -0.008 -17"><span class='ocrx_word' id='word_1_326' title='bbox 428 3375 587 3436; x_wconf 75' lang='lat' dir='ltr'>cntionem.</span> <span class='ocrx_word' id='word_1_327' title='bbox 609 3373 700 3434; x_wconf 91' lang='lat' dir='ltr'>Dico:</span> <span class='ocrx_word' id='word_1_328' title='bbox 725 3373 862 3448; x_wconf 78' lang='lat' dir='ltr'>ejusdem</span> <span class='ocrx_word' id='word_1_329' title='bbox 878 3373 1034 3447; x_wconf 77' lang='lat' dir='ltr'>vocabuli,</span> <span class='ocrx_word' id='word_1_330' title='bbox 1050 3374 1124 3453; x_wconf 91' lang='lat' dir='ltr'>quis</span> <span class='ocrx_word' id='word_1_331' title='bbox 1177 3375 1358 3453; x_wconf 87' lang='lat' dir='ltr'>quibusdam</span> <span class='ocrx_word' id='word_1_332' title='bbox 1374 3373 1485 3434; x_wconf 81' lang='lat' dir='ltr'>fectum</span> <span class='ocrx_word' id='word_1_333' title='bbox 1500 3392 1560 3432; x_wconf 92' lang='lat' dir='ltr'>non</span> <span class='ocrx_word' id='word_1_334' title='bbox 1583 3388 1741 3450; x_wconf 80' lang='lat' dir='ltr'>negemus.</span> <span class='ocrx_word' id='word_1_335' title='bbox 1763 3365 1838 3428; x_wconf 75' lang='lat' dir='ltr'>uis</span> 
     </span>
     <span class='ocr_line' id='line_1_33' title="bbox 426 3456 1839 3544; baseline -0.004 -24"><span class='ocrx_word' id='word_1_336' title='bbox 426 3462 546 3542; x_wconf 64' lang='lat' dir='ltr'>pendis</span> <span class='ocrx_word' id='word_1_337' title='bbox 560 3461 694 3530; x_wconf 88' lang='lat' dir='ltr'>remotis,</span> <span class='ocrx_word' id='word_1_338' title='bbox 710 3479 789 3539; x_wconf 89' lang='lat' dir='ltr'>quae</span> <span class='ocrx_word' id='word_1_339' title='bbox 804 3460 907 3520; x_wconf 88' lang='lat' dir='ltr'>Hoses</span> <span class='ocrx_word' id='word_1_340' title='bbox 924 3479 984 3520; x_wconf 91' lang='lat' dir='ltr'>non</span> <span class='ocrx_word' id='word_1_341' title='bbox 999 3457 1124 3531; x_wconf 74' lang='lat' dir='ltr'>addidit,</span> <span class='ocrx_word' id='word_1_342' title='bbox 1177 3470 1236 3520; x_wconf 89' lang='lat' dir='ltr'>tem</span> <span class='ocrx_word' id='word_1_343' title='bbox 1258 3460 1451 3537; x_wconf 85' lang='lat' dir='ltr'>mysterium,</span> <span class='ocrx_word' id='word_1_344' title='bbox 1479 3458 1561 3538; x_wconf 92' lang='lat' dir='ltr'>quod</span> <span class='ocrx_word' id='word_1_345' title='bbox 1586 3456 1755 3544; x_wconf 82' lang='lat' dir='ltr'>Apostolus</span> <span class='ocrx_word' id='word_1_346' title='bbox 1773 3463 1839 3544; x_wconf 68' lang='grc' dir='ltr'>αφ</span> 
     </span>
     <span class='ocr_line' id='line_1_34' title="bbox 426 3545 1841 3626; baseline -0.006 -16"><span class='ocrx_word' id='word_1_347' title='bbox 426 3548 542 3611; x_wconf 83' lang='lat' dir='ltr'>nullum</span> <span class='ocrx_word' id='word_1_348' title='bbox 566 3556 614 3607; x_wconf 88' lang='lat' dir='ltr'>eat</span> <span class='ocrx_word' id='word_1_349' title='bbox 628 3546 795 3607; x_wconf 87' lang='lat' dir='ltr'>discrimen.</span> <span class='ocrx_word' id='word_1_350' title='bbox 823 3545 911 3626; x_wconf 82' lang='lat' dir='ltr'>Quae</span> <span class='ocrx_word' id='word_1_351' title='bbox 925 3548 1081 3626; x_wconf 87' lang='lat' dir='ltr'>responsio</span> <span class='ocrx_word' id='word_1_352' title='bbox 1098 3546 1125 3606; x_wconf 88' lang='lat' dir='ltr'>ei</span> <span class='ocrx_word' id='word_1_353' title='bbox 1177 3568 1255 3607; x_wconf 92' lang='lat' dir='ltr'>mere</span> <span class='ocrx_word' id='word_1_354' title='bbox 1278 3549 1383 3619; x_wconf 90' lang='lat' dir='ltr'>noluit,</span> <span class='ocrx_word' id='word_1_355' title='bbox 1410 3564 1620 3624; x_wconf 87' lang='lat' dir='ltr'>esseqnsmur,</span> <span class='ocrx_word' id='word_1_356' title='bbox 1647 3546 1841 3616; x_wconf 75' lang='lat' dir='ltr'>snnotmtq·</span> 
     </span>
     <span class='ocr_line' id='line_1_35' title="bbox 426 3630 1841 3714; baseline -0.006 -18"><span class='ocrx_word' id='word_1_357' title='bbox 426 3655 487 3697; x_wconf 92' lang='lat' dir='ltr'>nou</span> <span class='ocrx_word' id='word_1_358' title='bbox 516 3634 634 3714; x_wconf 88' lang='lat' dir='ltr'>placet,</span> <span class='ocrx_word' id='word_1_359' title='bbox 662 3643 824 3713; x_wconf 85' lang='lat' dir='ltr'>propterea</span> <span class='ocrx_word' id='word_1_360' title='bbox 854 3630 936 3711; x_wconf 88' lang='lat' dir='ltr'>quod</span> <span class='ocrx_word' id='word_1_361' title='bbox 962 3632 1124 3693; x_wconf 83' lang='lat' dir='ltr'>absurdum</span> <span class='ocrx_word' id='word_1_362' title='bbox 1178 3635 1206 3693; x_wconf 92' lang='lat' dir='ltr'>iu</span> <span class='ocrx_word' id='word_1_363' title='bbox 1224 3633 1366 3695; x_wconf 87' lang='lat' dir='ltr'>Genesim</span> <span class='ocrx_word' id='word_1_364' title='bbox 1382 3632 1528 3704; x_wconf 88' lang='lat' dir='ltr'>scribunt,</span> <span class='ocrx_word' id='word_1_365' title='bbox 1543 3630 1673 3709; x_wconf 86' lang='lat' dir='ltr'>Joseph,</span> <span class='ocrx_word' id='word_1_366' title='bbox 1691 3635 1841 3706; x_wconf 55' lang='lat' dir='ltr'>aroge?</span> 
     </span>
     <span class='ocr_line' id='line_1_36' title="bbox 427 3707 1843 3799; baseline -0.006 -16"><span class='ocrx_word' id='word_1_367' title='bbox 427 3720 573 3784; x_wconf 84' lang='lat' dir='ltr'>lrabeetnr</span> <span class='ocrx_word' id='word_1_368' title='bbox 595 3722 626 3780; x_wconf 90' lang='lat' dir='ltr'>iu</span> <span class='ocrx_word' id='word_1_369' title='bbox 650 3720 730 3780; x_wconf 90' lang='lat' dir='ltr'>omni</span> <span class='ocrx_word' id='word_1_370' title='bbox 752 3738 864 3799; x_wconf 80' lang='lat' dir='ltr'>genere</span> <span class='ocrx_word' id='word_1_371' title='bbox 886 3720 1068 3798; x_wconf 91' lang='lat' dir='ltr'>scriptionis,</span> <span class='ocrx_word' id='word_1_372' title='bbox 1091 3729 1126 3778; x_wconf 88' lang='lat' dir='ltr'>ut</span> <span class='ocrx_word' id='word_1_373' title='bbox 1177 3722 1298 3791; x_wconf 77' lang='lat' dir='ltr'>nimum,</span> <span class='ocrx_word' id='word_1_374' title='bbox 1324 3721 1442 3797; x_wconf 83' lang='lat' dir='ltr'>virgam</span> <span class='ocrx_word' id='word_1_375' title='bbox 1468 3737 1521 3778; x_wconf 89' lang='lat' dir='ltr'>eeu</span> <span class='ocrx_word' id='word_1_376' title='bbox 1545 3725 1712 3796; x_wconf 87' lang='lat' dir='ltr'>sceptrum,</span> <span class='ocrx_word' id='word_1_377' title='bbox 1738 3707 1843 3775; x_wconf 77' lang='lat' dir='ltr'>riddit</span> 
     </span>
     <span class='ocr_line' id='line_1_37' title="bbox 427 3800 1842 3886; baseline -0.004 -18"><span class='ocrx_word' id='word_1_378' title='bbox 427 3808 622 3879; x_wconf 86' lang='lat' dir='ltr'>vocabulum,</span> <span class='ocrx_word' id='word_1_379' title='bbox 651 3809 820 3886; x_wconf 79' lang='lat' dir='ltr'>aequivoce</span> <span class='ocrx_word' id='word_1_380' title='bbox 850 3805 910 3866; x_wconf 90' lang='lat' dir='ltr'>duo</span> <span class='ocrx_word' id='word_1_381' title='bbox 940 3806 1124 3886; x_wconf 77' lang='lat' dir='ltr'>significans,</span> <span class='ocrx_word' id='word_1_382' title='bbox 1178 3807 1339 3886; x_wconf 74' lang='lat' dir='ltr'>potestatis</span> <span class='ocrx_word' id='word_1_383' title='bbox 1356 3807 1484 3884; x_wconf 80' lang='lat' dir='ltr'>insigne,</span> <span class='ocrx_word' id='word_1_384' title='bbox 1506 3811 1657 3884; x_wconf 81' lang='lat' dir='ltr'>gestasse.</span> <span class='ocrx_word' id='word_1_385' title='bbox 1682 3800 1781 3880; x_wconf 84' lang='lat' dir='ltr'>flujrr</span> <span class='ocrx_word' id='word_1_386' title='bbox 1795 3805 1842 3872; x_wconf 69' lang='grc' dir='ltr'>ΙΙ</span> 
     </span>
     <span class='ocr_line' id='line_1_38' title="bbox 428 3871 1842 3973; baseline -0.005 -18"><span class='ocrx_word' id='word_1_387' title='bbox 428 3894 518 3955; x_wconf 91' lang='lat' dir='ltr'>simul</span> <span class='ocrx_word' id='word_1_388' title='bbox 539 3901 600 3954; x_wconf 87' lang='lat' dir='ltr'>atet</span> <span class='ocrx_word' id='word_1_389' title='bbox 621 3914 676 3973; x_wconf 93' lang='lat' dir='ltr'>pro</span> <span class='ocrx_word' id='word_1_390' title='bbox 699 3901 827 3972; x_wconf 91' lang='lat' dir='ltr'>utroque</span> <span class='ocrx_word' id='word_1_391' title='bbox 841 3892 1016 3972; x_wconf 73' lang='lat' dir='ltr'>significato,</span> <span class='ocrx_word' id='word_1_392' title='bbox 1038 3894 1124 3952; x_wconf 79' lang='lat' dir='ltr'>meri·</span> <span class='ocrx_word' id='word_1_393' title='bbox 1178 3893 1380 3953; x_wconf 77' lang='lat' dir='ltr'>summitatem</span> <span class='ocrx_word' id='word_1_394' title='bbox 1402 3890 1546 3952; x_wconf 84' lang='lat' dir='ltr'>adoravit</span> <span class='ocrx_word' id='word_1_395' title='bbox 1569 3889 1681 3960; x_wconf 86' lang='lat' dir='ltr'>Jacob,</span> <span class='ocrx_word' id='word_1_396' title='bbox 1703 3885 1735 3948; x_wconf 88' lang='lat' dir='ltr'>id</span> <span class='ocrx_word' id='word_1_397' title='bbox 1756 3871 1842 3956; x_wconf 59' lang='lat' dir='ltr'>estfl</span> 
     </span>
     <span class='ocr_line' id='line_1_39' title="bbox 429 3974 1842 4063; baseline -0.006 -21"><span class='ocrx_word' id='word_1_398' title='bbox 429 3987 522 4063; x_wconf 88' lang='lat' dir='ltr'>toque</span> <span class='ocrx_word' id='word_1_399' title='bbox 550 3989 663 4060; x_wconf 74' lang='lat' dir='ltr'>negent</span> <span class='ocrx_word' id='word_1_400' title='bbox 693 3981 749 4041; x_wconf 87' lang='lat' dir='ltr'>viri</span> <span class='ocrx_word' id='word_1_401' title='bbox 779 3979 961 4055; x_wconf 88' lang='lat' dir='ltr'>doctissimi,</span> <span class='ocrx_word' id='word_1_402' title='bbox 999 3978 1124 4039; x_wconf 84' lang='lat' dir='ltr'>eandem</span> <span class='ocrx_word' id='word_1_403' title='bbox 1178 3998 1241 4040; x_wconf 80' lang='lat' dir='ltr'>eam</span> <span class='ocrx_word' id='word_1_404' title='bbox 1258 3980 1429 4039; x_wconf 86' lang='lat' dir='ltr'>incurvavit</span> <span class='ocrx_word' id='word_1_405' title='bbox 1455 3998 1498 4052; x_wconf 88' lang='lat' dir='ltr'>se,</span> <span class='ocrx_word' id='word_1_406' title='bbox 1520 3982 1702 4056; x_wconf 85' lang='lat' dir='ltr'>potestatem</span> <span class='ocrx_word' id='word_1_407' title='bbox 1724 3974 1842 4034; x_wconf 71' lang='lat' dir='ltr'>norom</span> 
     </span>
     <span class='ocr_line' id='line_1_40' title="bbox 428 4053 1843 4147; baseline -0.008 -16"><span class='ocrx_word' id='word_1_408' title='bbox 428 4067 610 4147; x_wconf 81' lang='lat' dir='ltr'>Scripturam</span> <span class='ocrx_word' id='word_1_409' title='bbox 622 4065 734 4127; x_wconf 84' lang='lat' dir='ltr'>habere</span> <span class='ocrx_word' id='word_1_410' title='bbox 745 4066 846 4146; x_wconf 88' lang='lat' dir='ltr'>plures</span> <span class='ocrx_word' id='word_1_411' title='bbox 857 4084 963 4126; x_wconf 86' lang='lat' dir='ltr'>seusus</span> <span class='ocrx_word' id='word_1_412' title='bbox 976 4065 1124 4126; x_wconf 75' lang='lat' dir='ltr'>litorales:</span> <span class='ocrx_word' id='word_1_413' title='bbox 1178 4068 1208 4126; x_wconf 92' lang='lat' dir='ltr'>in</span> <span class='ocrx_word' id='word_1_414' title='bbox 1224 4065 1293 4125; x_wconf 84' lang='lat' dir='ltr'>filie.</span> <span class='ocrx_word' id='word_1_415' title='bbox 1320 4064 1380 4126; x_wconf 88' lang='lat' dir='ltr'>Sed</span> <span class='ocrx_word' id='word_1_416' title='bbox 1402 4084 1455 4125; x_wconf 92' lang='lat' dir='ltr'>cur</span> <span class='ocrx_word' id='word_1_417' title='bbox 1470 4066 1502 4124; x_wconf 93' lang='lat' dir='ltr'>id</span> <span class='ocrx_word' id='word_1_418' title='bbox 1519 4061 1615 4124; x_wconf 82' lang='lat' dir='ltr'>iecit?</span> <span class='ocrx_word' id='word_1_419' title='bbox 1637 4053 1843 4124; x_wconf 62' lang='lat' dir='ltr'>usercenses</span> 
     </span>
     <span class='ocr_line' id='line_1_41' title="bbox 427 4145 1843 4232; baseline -0.006 -16"><span class='ocrx_word' id='word_1_420' title='bbox 427 4161 524 4216; x_wconf 83' lang='lat' dir='ltr'>restat</span> <span class='ocrx_word' id='word_1_421' title='bbox 536 4151 613 4214; x_wconf 83' lang='lat' dir='ltr'>alter</span> <span class='ocrx_word' id='word_1_422' title='bbox 627 4152 742 4225; x_wconf 89' lang='lat' dir='ltr'>modus,</span> <span class='ocrx_word' id='word_1_423' title='bbox 764 4161 799 4212; x_wconf 95' lang='lat' dir='ltr'>ut</span> <span class='ocrx_word' id='word_1_424' title='bbox 814 4152 959 4225; x_wconf 88' lang='lat' dir='ltr'>dicamus,</span> <span class='ocrx_word' id='word_1_425' title='bbox 982 4150 1022 4222; x_wconf 93' lang='lat' dir='ltr'>id,</span> <span class='ocrx_word' id='word_1_426' title='bbox 1044 4150 1125 4232; x_wconf 85' lang='lat' dir='ltr'>quod</span> <span class='ocrx_word' id='word_1_427' title='bbox 1177 4153 1327 4230; x_wconf 87' lang='lat' dir='ltr'>inquiunt,</span> <span class='ocrx_word' id='word_1_428' title='bbox 1348 4152 1512 4212; x_wconf 71' lang='lat' dir='ltr'>veritatem</span> <span class='ocrx_word' id='word_1_429' title='bbox 1536 4149 1643 4209; x_wconf 88' lang='lat' dir='ltr'>somnii</span> <span class='ocrx_word' id='word_1_430' title='bbox 1666 4145 1787 4228; x_wconf 80' lang='lat' dir='ltr'>Josepb,</span> <span class='ocrx_word' id='word_1_431' title='bbox 1804 4151 1843 4220; x_wconf 61' lang='grc' dir='ltr'>Ρ</span> 
     </span>
     <span class='ocr_line' id='line_1_42' title="bbox 427 4221 1842 4322; baseline -0.01 -19"><span class='ocrx_word' id='word_1_432' title='bbox 427 4237 510 4322; x_wconf 85' lang='lat' dir='ltr'>apud</span> <span class='ocrx_word' id='word_1_433' title='bbox 524 4239 623 4302; x_wconf 77' lang='lat' dir='ltr'>Lxx.</span> <span class='ocrx_word' id='word_1_434' title='bbox 640 4236 805 4316; x_wconf 75' lang='lat' dir='ltr'>legebatur,</span> <span class='ocrx_word' id='word_1_435' title='bbox 820 4239 888 4297; x_wconf 84' lang='lat' dir='ltr'>eise</span> <span class='ocrx_word' id='word_1_436' title='bbox 903 4257 969 4299; x_wconf 88' lang='lat' dir='ltr'>cum</span> <span class='ocrx_word' id='word_1_437' title='bbox 984 4238 1124 4302; x_wconf 86' lang='lat' dir='ltr'>Hebraeo</span> <span class='ocrx_word' id='word_1_438' title='bbox 1177 4237 1296 4299; x_wconf 86' lang='lat' dir='ltr'>viderat</span> <span class='ocrx_word' id='word_1_439' title='bbox 1312 4258 1345 4297; x_wconf 89' lang='lat' dir='ltr'>se</span> <span class='ocrx_word' id='word_1_440' title='bbox 1361 4259 1378 4297; x_wconf 87' lang='lat' dir='ltr'>a</span> <span class='ocrx_word' id='word_1_441' title='bbox 1403 4239 1476 4311; x_wconf 89' lang='lat' dir='ltr'>sole,</span> <span class='ocrx_word' id='word_1_442' title='bbox 1501 4237 1533 4297; x_wconf 94' lang='lat' dir='ltr'>id</span> <span class='ocrx_word' id='word_1_443' title='bbox 1549 4243 1604 4310; x_wconf 79' lang='lat' dir='ltr'>est,</span> <span class='ocrx_word' id='word_1_444' title='bbox 1625 4243 1714 4316; x_wconf 83' lang='lat' dir='ltr'>patre</span> <span class='ocrx_word' id='word_1_445' title='bbox 1736 4249 1785 4294; x_wconf 91' lang='lat' dir='ltr'>suo</span> <span class='ocrx_word' id='word_1_446' title='bbox 1796 4221 1842 4288; x_wconf 59' lang='lat' dir='ltr'>ab</span> 
     </span>
     <span class='ocr_line' id='line_1_43' title="bbox 427 4322 1475 4404; baseline -0.007 -14"><span class='ocrx_word' id='word_1_447' title='bbox 427 4327 513 4390; x_wconf 82' lang='lat' dir='ltr'>iente</span> <span class='ocrx_word' id='word_1_448' title='bbox 539 4325 733 4396; x_wconf 82' lang='lat' dir='ltr'>conveniret,</span> <span class='ocrx_word' id='word_1_449' title='bbox 760 4326 826 4384; x_wconf 90' lang='lat' dir='ltr'>sive</span> <span class='ocrx_word' id='word_1_450' title='bbox 851 4341 928 4394; x_wconf 92' lang='lat' dir='ltr'>non,</span> <span class='ocrx_word' id='word_1_451' title='bbox 959 4333 1125 4404; x_wconf 87' lang='lat' dir='ltr'>opportune</span> <span class='ocrx_word' id='word_1_452' title='bbox 1178 4322 1316 4394; x_wconf 84' lang='lat' dir='ltr'>rendum,</span> <span class='ocrx_word' id='word_1_453' title='bbox 1333 4323 1408 4384; x_wconf 87' lang='lat' dir='ltr'>Gen.</span> <span class='ocrx_word' id='word_1_454' title='bbox 1424 4325 1475 4385; x_wconf 77' lang='lat'>3⁷.</span> 
     </span>
     <span class='ocr_line' id='line_1_44' title="bbox 427 4391 1843 4496; baseline -0.008 -21"><span class='ocrx_word' id='word_1_455' title='bbox 427 4414 588 4496; x_wconf 68' lang='lat' dir='ltr'>allegasse,</span> <span class='ocrx_word' id='word_1_456' title='bbox 602 4427 722 4487; x_wconf 87' lang='lat' dir='ltr'>seoque</span> <span class='ocrx_word' id='word_1_457' title='bbox 736 4410 871 4469; x_wconf 86' lang='lat' dir='ltr'>instituto</span> <span class='ocrx_word' id='word_1_458' title='bbox 885 4408 1124 4471; x_wconf 86' lang='lat' dir='ltr'>accommodasse</span> <span class='ocrx_word' id='word_1_459' title='bbox 1221 4410 1281 4470; x_wconf 80' lang='lat' dir='ltr'>Sed</span> <span class='ocrx_word' id='word_1_460' title='bbox 1297 4408 1445 4487; x_wconf 90' lang='lat' dir='ltr'>quomodo</span> <span class='ocrx_word' id='word_1_461' title='bbox 1476 4409 1533 4469; x_wconf 85' lang='lat' dir='ltr'>fide</span> <span class='ocrx_word' id='word_1_462' title='bbox 1548 4408 1693 4469; x_wconf 76' lang='lat' dir='ltr'>edotavit</span> <span class='ocrx_word' id='word_1_463' title='bbox 1715 4391 1843 4486; x_wconf 76' lang='lat' dir='ltr'>(quelli</span> 
     </span>
     <span class='ocr_line' id='line_1_45' title="bbox 427 4487 1843 4584; baseline -0.007 -22"><span class='ocrx_word' id='word_1_464' title='bbox 427 4500 624 4584; x_wconf 70' lang='lat' dir='ltr'>Apostolum,</span> <span class='ocrx_word' id='word_1_465' title='bbox 647 4492 730 4575; x_wconf 92' lang='lat' dir='ltr'>quod</span> <span class='ocrx_word' id='word_1_466' title='bbox 745 4513 784 4555; x_wconf 88' lang='lat' dir='ltr'>ea</span> <span class='ocrx_word' id='word_1_467' title='bbox 798 4494 897 4554; x_wconf 87' lang='lat' dir='ltr'>versio</span> <span class='ocrx_word' id='word_1_468' title='bbox 914 4492 994 4575; x_wconf 88' lang='lat' dir='ltr'>apud</span> <span class='ocrx_word' id='word_1_469' title='bbox 1010 4514 1070 4568; x_wconf 91' lang='lat' dir='ltr'>eos,</span> <span class='ocrx_word' id='word_1_470' title='bbox 1085 4495 1124 4556; x_wconf 89' lang='lat' dir='ltr'>ad</span> <span class='ocrx_word' id='word_1_471' title='bbox 1182 4504 1313 4556; x_wconf 87' lang='lat' dir='ltr'>testatur</span> <span class='ocrx_word' id='word_1_472' title='bbox 1338 4493 1527 4574; x_wconf 83' lang='lat' dir='ltr'>Apostolus),</span> <span class='ocrx_word' id='word_1_473' title='bbox 1551 4515 1620 4555; x_wconf 89' lang='lat' dir='ltr'>cum</span> <span class='ocrx_word' id='word_1_474' title='bbox 1642 4495 1725 4556; x_wconf 88' lang='lat' dir='ltr'>illam</span> <span class='ocrx_word' id='word_1_475' title='bbox 1748 4487 1795 4552; x_wconf 76' lang='lat' dir='ltr'>elii</span> <span class='ocrx_word' id='word_1_476' title='bbox 1810 4497 1843 4564; x_wconf 65' lang='grc' dir='ltr'>Ρ</span> 
     </span>
     <span class='ocr_line' id='line_1_46' title="bbox 427 4579 1843 4668; baseline -0.006 -19"><span class='ocrx_word' id='word_1_477' title='bbox 427 4607 506 4668; x_wconf 78' lang='lat' dir='ltr'>quoa</span> <span class='ocrx_word' id='word_1_478' title='bbox 530 4583 698 4653; x_wconf 85' lang='lat' dir='ltr'>scribebat,</span> <span class='ocrx_word' id='word_1_479' title='bbox 723 4580 756 4640; x_wconf 92' lang='lat' dir='ltr'>in</span> <span class='ocrx_word' id='word_1_480' title='bbox 781 4580 959 4639; x_wconf 68' lang='lat' dir='ltr'>insensate</span> <span class='ocrx_word' id='word_1_481' title='bbox 985 4588 1126 4642; x_wconf 75' lang='lat' dir='ltr'>essetne</span> <span class='ocrx_word' id='word_1_482' title='bbox 1182 4588 1344 4652; x_wconf 88' lang='lat' dir='ltr'>testatem,</span> <span class='ocrx_word' id='word_1_483' title='bbox 1378 4582 1491 4641; x_wconf 90' lang='lat' dir='ltr'>somnio</span> <span class='ocrx_word' id='word_1_484' title='bbox 1523 4581 1779 4660; x_wconf 83' lang='lat' dir='ltr'>praenuntiatam,</span> <span class='ocrx_word' id='word_1_485' title='bbox 1805 4579 1843 4630; x_wconf 72' lang='grc' dir='ltr'>ΙΙ</span> 
     </span>
     <span class='ocr_line' id='line_1_47' title="bbox 427 4659 1843 4748; baseline -0.007 -12"><span class='ocrx_word' id='word_1_486' title='bbox 427 4672 644 4743; x_wconf 82' lang='lat' dir='ltr'>veneratione,</span> <span class='ocrx_word' id='word_1_487' title='bbox 683 4662 933 4746; x_wconf 77' lang='lat' dir='ltr'>quemadmodum</span> <span class='ocrx_word' id='word_1_488' title='bbox 969 4664 1029 4726; x_wconf 88' lang='lat' dir='ltr'>alio</span> <span class='ocrx_word' id='word_1_489' title='bbox 1060 4665 1125 4728; x_wconf 88' lang='lat' dir='ltr'>loce</span> <span class='ocrx_word' id='word_1_490' title='bbox 1176 4669 1242 4746; x_wconf 88' lang='lat' dir='ltr'>jam</span> <span class='ocrx_word' id='word_1_491' title='bbox 1275 4665 1347 4738; x_wconf 89' lang='lat' dir='ltr'>fide,</span> <span class='ocrx_word' id='word_1_492' title='bbox 1375 4666 1427 4726; x_wconf 89' lang='lat' dir='ltr'>sed</span> <span class='ocrx_word' id='word_1_493' title='bbox 1453 4668 1548 4728; x_wconf 90' lang='lat' dir='ltr'>oculis</span> <span class='ocrx_word' id='word_1_494' title='bbox 1576 4663 1748 4748; x_wconf 73' lang='lat' dir='ltr'>aspiceret?</span> <span class='ocrx_word' id='word_1_495' title='bbox 1773 4659 1843 4736; x_wconf 69' lang='lat'>0¹⁸¹</span> 
     </span>
     <span class='ocr_line' id='line_1_48' title="bbox 428 4733 1844 4832; baseline -0.008 -10"><span class='ocrx_word' id='word_1_496' title='bbox 428 4755 630 4832; x_wconf 64' lang='lat' dir='ltr'>mdlmuaq</span> <span class='ocrx_word' id='word_1_497' title='bbox 647 4761 683 4814; x_wconf 89' lang='lat' dir='ltr'>nt</span> <span class='ocrx_word' id='word_1_498' title='bbox 697 4750 772 4811; x_wconf 84' lang='lat' dir='ltr'>haec</span> <span class='ocrx_word' id='word_1_499' title='bbox 782 4751 822 4811; x_wconf 86' lang='lat' dir='ltr'>sit</span> <span class='ocrx_word' id='word_1_500' title='bbox 832 4749 973 4829; x_wconf 74' lang='lat' dir='ltr'>allegatio</span> <span class='ocrx_word' id='word_1_501' title='bbox 989 4769 1050 4810; x_wconf 92' lang='lat' dir='ltr'>nou</span> <span class='ocrx_word' id='word_1_502' title='bbox 1064 4760 1125 4813; x_wconf 87' lang='lat' dir='ltr'>tam</span> <span class='ocrx_word' id='word_1_503' title='bbox 1179 4752 1276 4813; x_wconf 91' lang='lat' dir='ltr'>multo</span> <span class='ocrx_word' id='word_1_504' title='bbox 1298 4753 1407 4811; x_wconf 87' lang='lat' dir='ltr'>rectius</span> <span class='ocrx_word' id='word_1_505' title='bbox 1423 4753 1453 4811; x_wconf 92' lang='lat' dir='ltr'>in</span> <span class='ocrx_word' id='word_1_506' title='bbox 1470 4773 1513 4822; x_wconf 90' lang='lat' dir='ltr'>eo,</span> <span class='ocrx_word' id='word_1_507' title='bbox 1528 4753 1613 4831; x_wconf 84' lang='lat' dir='ltr'>quod</span> <span class='ocrx_word' id='word_1_508' title='bbox 1628 4753 1729 4814; x_wconf 86' lang='lat' dir='ltr'>Jacob</span> <span class='ocrx_word' id='word_1_509' title='bbox 1743 4733 1844 4810; x_wconf 49' lang='lat' dir='ltr'>ador&amp;</span> 
     </span>
     <span class='ocr_line' id='line_1_49' title="bbox 609 4831 1843 4920; baseline -0.002 -21"><span class='ocrx_word' id='word_1_510' title='bbox 609 4889 617 4918; x_wconf 86' lang='grc'>,</span> <span class='ocrx_word' id='word_1_511' title='bbox 644 4855 739 4920; x_wconf 82' lang='lat' dir='ltr'>quam</span> <span class='ocrx_word' id='word_1_512' title='bbox 762 4837 807 4899; x_wconf 86' lang='lat' dir='ltr'>rei</span> <span class='ocrx_word' id='word_1_513' title='bbox 831 4853 1000 4896; x_wconf 65' lang='lat' dir='ltr'>consutae.</span> <span class='ocrx_word' id='word_1_514' title='bbox 1035 4835 1126 4917; x_wconf 80' lang='lat' dir='ltr'>Quod</span> <span class='ocrx_word' id='word_1_515' title='bbox 1179 4837 1339 4913; x_wconf 76' lang='lat' dir='ltr'>fastigium</span> <span class='ocrx_word' id='word_1_516' title='bbox 1359 4837 1529 4914; x_wconf 81' lang='lat' dir='ltr'>virgselilii</span> <span class='ocrx_word' id='word_1_517' title='bbox 1546 4840 1605 4910; x_wconf 89' lang='lat' dir='ltr'>sui,</span> <span class='ocrx_word' id='word_1_518' title='bbox 1629 4839 1662 4900; x_wconf 91' lang='lat' dir='ltr'>id</span> <span class='ocrx_word' id='word_1_519' title='bbox 1677 4845 1733 4909; x_wconf 85' lang='lat' dir='ltr'>est,</span> <span class='ocrx_word' id='word_1_520' title='bbox 1747 4831 1843 4918; x_wconf 54' lang='lat' dir='ltr'>peta*</span> 
     </span>
     <span class='ocr_line' id='line_1_50' title="bbox 618 4911 1844 5003; baseline -0.001 -19"><span class='ocrx_word' id='word_1_521' title='bbox 618 4931 705 4988; x_wconf 84' lang='lat' dir='ltr'>reete</span> <span class='ocrx_word' id='word_1_522' title='bbox 718 4921 783 4984; x_wconf 80' lang='lat' dir='ltr'>fleri</span> <span class='ocrx_word' id='word_1_523' title='bbox 797 4922 900 5003; x_wconf 81' lang='lat' dir='ltr'>potuit,</span> <span class='ocrx_word' id='word_1_524' title='bbox 919 4928 950 4981; x_wconf 87' lang='lat' dir='ltr'>et</span> <span class='ocrx_word' id='word_1_525' title='bbox 963 4921 1003 4981; x_wconf 86' lang='lat' dir='ltr'>ad</span> <span class='ocrx_word' id='word_1_526' title='bbox 1019 4920 1125 4984; x_wconf 87' lang='lat' dir='ltr'>docen-</span> <span class='ocrx_word' id='word_1_527' title='bbox 1180 4935 1246 4984; x_wconf 88' lang='lat' dir='ltr'>tem</span> <span class='ocrx_word' id='word_1_528' title='bbox 1262 4922 1327 4999; x_wconf 85' lang='lat' dir='ltr'>ejus</span> <span class='ocrx_word' id='word_1_529' title='bbox 1350 4923 1518 4993; x_wconf 87' lang='lat' dir='ltr'>honoravit,</span> <span class='ocrx_word' id='word_1_530' title='bbox 1540 4923 1738 5003; x_wconf 79' lang='lat' dir='ltr'>intelligimus</span> <span class='ocrx_word' id='word_1_531' title='bbox 1753 4911 1844 4992; x_wconf 58' lang='grc' dir='ltr'>ιΙιψ</span> 
     </span>
    </p>
   </div>
   <div class='ocr_carea' id='block_1_3' title="bbox 580 4997 1845 5092">
    <p class='ocr_par' dir='ltr' id='par_1_3' title="bbox 580 4997 1845 5092">
     <span class='ocr_line' id='line_1_51' title="bbox 580 4997 1845 5092; baseline -0.003 -18"><span class='ocrx_word' id='word_1_532' title='bbox 580 5011 593 5026; x_wconf 83' lang='grc'><strong><em>”</em></strong></span> <span class='ocrx_word' id='word_1_533' title='bbox 627 5006 850 5074; x_wconf 62' lang='lat' dir='ltr'>“briudun</span> <span class='ocrx_word' id='word_1_534' title='bbox 864 5007 946 5071; x_wconf 83' lang='lat' dir='ltr'>valet</span> <span class='ocrx_word' id='word_1_535' title='bbox 959 5026 1014 5068; x_wconf 86' lang='lat' dir='ltr'>suo</span> <span class='ocrx_word' id='word_1_536' title='bbox 1029 5007 1126 5070; x_wconf 90' lang='lat' dir='ltr'>modo.</span> <span class='ocrx_word' id='word_1_537' title='bbox 1181 5009 1233 5071; x_wconf 90' lang='lat' dir='ltr'>rei</span> <span class='ocrx_word' id='word_1_538' title='bbox 1247 5006 1366 5087; x_wconf 80' lang='lat' dir='ltr'>futurae</span> <span class='ocrx_word' id='word_1_539' title='bbox 1392 5009 1573 5088; x_wconf 88' lang='lat' dir='ltr'>mysterium.</span> <span class='ocrx_word' id='word_1_540' title='bbox 1598 5008 1694 5092; x_wconf 79' lang='lat' dir='ltr'>Quod</span> <span class='ocrx_word' id='word_1_541' title='bbox 1712 4997 1845 5086; x_wconf 71' lang='lat' dir='ltr'>‘11qu</span> 
     </span>
    </p>
   </div>
   <div class='ocr_carea' id='block_1_4' title="bbox 0 0 2231 5825">
    <p class='ocr_par' dir='ltr' id='par_1_4' title="bbox 0 0 2231 5825">
     <span class='ocr_line' id='line_1_52' title="bbox 0 0 2231 5825; baseline 0 0"><span class='ocrx_word' id='word_1_542' title='bbox 0 0 2231 5825; x_wconf 95' lang='lat' dir='ltr'> </span> 
     </span>
    </p>
   </div>
  </div>
 </body>
</html>
