4442 5825
463 1424 729 1567 uiuitur
771 1424 933 1567 uitii
977 1424 1145 1565 tiit!
1187 1425 1461 1572 sittim!
1506 1431 1742 1574 sittim

835 1886 1055 1988 ’611ῦῖ
1102 1900 1360 1988 inim

493 2070 606 2140 Simon
631 2074 768 2161 Petrus,
796 2086 912 2141 servus
939 2077 974 2139 et
1000 2069 1183 2159 Apostolus
1209 2071 1294 2140 Jesu
1322 2071 1465 2163 Christi,
1493 2076 1553 2163 iis,
1582 2077 1639 2165 qui
1666 2090 1792 2160 coaequa·

389 2176 455 2245 lem
480 2175 652 2246 nobiseum
679 2180 788 2246 sortiti
814 2182 890 2246 sunt
916 2174 1014 2243 fidem
1037 2177 1071 2243 in
1094 2177 1228 2262 justitia
1253 2176 1319 2244 Dei
1345 2180 1451 2246 nostri
1478 2185 1515 2247 et
1541 2167 1792 2271 suvetorisgin

390 2279 524 2349 Christi.
580 2283 614 2349 1.
643 2281 761 2350 Gratia
801 2280 898 2350 vobis
938 2285 972 2347 ct
1010 2299 1078 2368 pax
1121 2278 1344 2368 adimpleatur
1378 2283 1412 2350 in
1453 2284 1645 2370 cognitione
1676 2283 1792 2367 Dei‚t

390 2382 514 2454 Christi
548 2386 633 2455 Jcsu
659 2387 793 2454 Domini
826 2386 950 2471 nostri;
992 2384 1026 2451 3.
1054 2382 1220 2472 quomodo
1258 2387 1368 2452 omnia
1403 2386 1502 2455 nobis
1536 2386 1669 2456 divinae
1703 2382 1792 2453 virtuti

389 2508 487 2578 suae,
525 2510 610 2580 quac
647 2491 690 2558 ad
722 2493 824 2559 vitam
853 2496 888 2559 et
921 2488 1082 2577 pietatem
1119 2489 1243 2556 donata
1274 2496 1367 2578 sunt,
1406 2511 1466 2582 per
1495 2493 1715 2579 cognitionem
1736 2488 1791 2574 bin

389 2594 446 2682 qui
472 2596 607 2663 vocavit
630 2615 692 2663 nos
718 2598 854 2685 propria
880 2594 988 2682 gloria
1016 2598 1049 2661 et
1075 2594 1211 2680 virtute,
1245 2596 1279 2659 4.
1307 2615 1369 2681 per
1396 2616 1495 2686 quem
1522 2598 1668 2663 maxima
1694 2601 1725 2662 et
1744 2609 1792 2681 prr

389 2699 476 2764 tiosa
501 2697 599 2767 nobis
625 2701 788 2788 promissa
824 2700 977 2784 donavit,
1014 2703 1051 2765 ut
1077 2718 1139 2785 per
1165 2698 1250 2765 hace
1278 2699 1468 2768 efficiamini
1505 2700 1639 2768 divinae
1667 2700 1792 2766 censorio

388 2808 548 2888 naturae3
585 2803 752 2890 fugientes
780 2807 868 2892 cJus,
897 2823 982 2892 quae
1009 2804 1043 2869 in
1069 2801 1192 2870 mundo
1221 2808 1291 2888 est,
1326 2804 1619 2891 concupiscentiae
1648 2799 1792 2889 corruptio

383 2914 475 2974 nem.
530 2909 563 2975 5.
593 2907 664 2977 Vos
700 2914 810 2977 autem
852 2928 963 2977 curam
998 2927 1126 2974 ornnem
1168 2905 1431 2996 subinferentes,
1472 2908 1661 2976 ministrate
1699 2899 1792 2975 init

389 3017 502 3079 vestra
528 3012 703 3101 virtutem,
737 3016 770 3080 in
805 3017 929 3081 virtute
966 3017 1074 3080 autem
1112 3012 1305 3099 scientiam,
1344 3017 1377 3079 6.
1404 3014 1437 3080 in
1466 3014 1608 3081 seientia
1634 3003 1792 3080 autemab

390 3118 592 3204 stinontiam,
619 3119 653 3185 in
680 3117 884 3186 abstinentia
911 3124 1020 3186 autem
1047 3117 1256 3203 patientiam,
1284 3118 1317 3184 in
1338 3118 1502 3204 patientIa
1526 3123 1640 3185 autem
1665 3116 1792 3205 pietate!

392 3224 425 3289 7.
454 3222 640 3310 inpietate
667 3228 779 3290 autem
813 3242 957 3291 amorem
985 3220 1223 3307 fraternitatis,
1260 3222 1293 3287 in
1328 3241 1440 3290 amore
1474 3228 1589 3289 autem
1617 3209 1792 3289 interriti

389 3327 575 3393 caritatem.
631 3329 664 3398 8.
692 3327 785 3394 Haec
821 3329 907 3395 enim
934 3327 962 3393 si
989 3322 1162 3391 vobiscum
1189 3324 1299 3392 adsint
1326 3332 1361 3393 et
1388 3331 1568 3413 superent,
1609 3345 1677 3392 non
1702 3325 1792 3389 vacet¹

389 3449 452 3498 nec
480 3431 549 3498 sinc
577 3430 688 3498 fructu
714 3450 774 3498 vos
801 3432 1005 3499 constituent
1030 3430 1064 3495 in
1083 3428 1217 3495 Domini
1243 3431 1348 3496 nostri
1373 3429 1458 3498 Jesu
1481 3428 1607 3497 Christi
1636 3425 1792 3516 cognito!

392 3537 425 3602 9.
454 3535 517 3604 (iui
554 3535 639 3603 enim
671 3555 736 3601 non
771 3541 907 3623 praesto
948 3537 1023 3602 sunt
1062 3532 1163 3620 hace,
1204 3552 1324 3600 caecus
1365 3540 1435 3621 est,
1476 3539 1510 3602 ct
1550 3552 1651 3600 manu
1690 3533 1792 3608 tentus

389 3638 589 3708 oblivionem
617 3641 784 3728 accipiens
809 3640 1017 3728 purgationis
1044 3642 1194 3704 veterum
1222 3657 1353 3705 suorum
1382 3636 1592 3706 delictorum.
1658 3637 1713 3704 10.
1737 3629 1792 3718 Q!

389 3750 543 3832 propter,
582 3744 719 3830 fratres,
760 3747 865 3832 magis
905 3744 1066 3830 satagite,
1106 3747 1144 3808 ut
1178 3762 1239 3828 per
1274 3740 1363 3810 bona
1398 3762 1500 3829 opera
1540 3747 1667 3809 certam
1693 3741 1792 3814 vest!

390 3850 598 3916 vocationem
628 3853 662 3915 ct
694 3848 889 3917 electionem
918 3849 1069 3932 faciatis3
1107 3847 1190 3912 hacc
1219 3849 1304 3912 enim
1341 3846 1523 3932 iacientes,
1558 3866 1625 3913 non
1652 3829 1792 3932 peccabi!

391 3951 578 4041 aliquando.
637 3956 694 4020 11.
733 3951 789 4019 Sic
830 3956 914 4020 enim
952 3950 1163 4019 abundanter
1198 3949 1439 4018 ministrabitur
1472 3948 1571 4017 vobis
1610 3950 1753 4016 introitus

390 4067 562 4124 aeternum
590 4075 728 4142 regnum
752 4058 886 4125 Domini
911 4058 1015 4123 nostri
1043 4062 1078 4123 et
1104 4054 1289 4122 Salvatoris
1312 4054 1396 4122 Jesu
1419 4053 1555 4122 Christi.
1614 4055 1672 4121 12.
1695 4052 1734 4119 Pr
1775 4131 1778 4140 Ι

390 4159 479 4249 quod
516 4159 671 4247 incipiam
709 4181 768 4229 vos
804 4182 934 4248 semper
970 4179 1178 4227 commonere
1216 4158 1257 4226 dc
1292 4160 1361 4246 his,
1403 4165 1437 4225 et
1470 4157 1605 4247 quidem
1633 4159 1760 4225 sereneo

390 4266 600 4331 confirmatos
626 4284 686 4331 vos
704 4268 746 4332 in
773 4266 943 4353 praesenti
970 4266 1123 4332 veritate.
1156 4265 1214 4331 13.
1237 4262 1370 4331 Justum
1398 4267 1510 4330 autem
1536 4260 1692 4347 arbitror,
1790 4253 1791 4258 ’

391 4367 448 4437 diu
474 4389 545 4436 sum
573 4370 606 4434 in
636 4367 700 4434 hoe
727 4368 957 4456 tabernaculo,
986 4370 1147 4436 suscitare
1175 4389 1235 4437 vos
1261 4369 1296 4435 in
1323 4367 1599 4453 commonitione,
1631 4367 1688 4433 14.

391 4472 479 4561 quod
506 4473 605 4541 velox
647 4477 699 4539 ost
726 4472 891 4560 depositio
928 4466 1137 4540 tabernaculi
1164 4476 1248 4558 met,
1283 4470 1464 4538 seeundum
1500 4470 1590 4559 quod
1617 4476 1654 4538 et

391 4583 504 4644 noster
538 4576 640 4645 Jesus
675 4573 828 4644 Christus
867 4578 1065 4665 significavit
1098 4576 1189 4643 mihi.
1259 4576 1316 4642 15.
1344 4573 1443 4643 Dabo
1483 4579 1595 4642 autem
1631 4585 1750 4663 opera!

390 4679 581 4770 frequenter
608 4678 734 4749 habere
769 4701 827 4748 vos
853 4690 931 4770 post
958 4679 1084 4749 obitum
1112 4699 1232 4765 mcum,
1268 4687 1305 4747 ut
1332 4679 1448 4747 borum
1475 4679 1667 4747 memoriam

394 4787 451 4851 lo.
479 4786 554 4852 Non
594 4786 679 4852 enim
720 4785 838 4853 doctas
877 4785 1010 4855 fabulas
1045 4785 1152 4853 secuti
1163 4776 1208 4872 ¹),
1247 4790 1361 4851 notam
1399 4782 1538 4853 iacimus
1574 4779 1671 4851 vobis
1766 4841 1768 4846 .

494 4977 518 5050 ¹)
537 4982 550 5036 1
569 4980 628 5037 (ior.
646 4982 672 5049 2,
692 4983 715 5038 1.
