4442 5825
775 607 939 663 errarem:
956 607 997 662 AD
1015 607 1181 664 mmm.
1214 606 1437 665 math-17.
1541 688 1544 695 Ι
1780 617 1827 689 85

393 806 456 857 ros,
471 791 505 846 ut
519 784 611 846 fidem
627 791 801 846 constanter
814 784 968 846 retineatis
983 803 1081 865 neque
1131 785 1240 863 viginti
1263 787 1349 846 annis
1372 795 1459 848 erant
1479 785 1652 862 inferiores,
1676 786 1829 869 iidemque

389 872 422 933 ad
446 873 552 945 finam,
581 873 640 932 hoc
666 879 729 947 est,
759 873 834 932 dum
861 870 996 946 dicitur,
1028 891 1079 930 seu
1119 880 1237 951 postes
1251 873 1282 932 in
1304 875 1478 952 promissam
1501 876 1637 955 requiem
1657 874 1827 951 introducti,

386 958 524 1039 quamdiu
548 957 658 1019 dieitur
679 958 765 1019 nobis
780 978 864 1019 roce
886 958 1078 1038 prophetica:
1131 961 1409 1039 nonutiquepanci
1425 969 1519 1021 eraut
1541 961 1675 1035 Accedit,
1690 970 1830 1043 utsupra

384 1046 484 1106 Hodie
519 1047 550 1106 ai
584 1063 694 1106 vocem
730 1049 797 1120 ejas
825 1045 993 1106 audieritis
1022 1052 1077 1104 etc.
1131 1043 1276 1118 diximus,
1297 1045 1377 1125 quod
1394 1047 1525 1107 Levitae
1540 1050 1571 1108 in
1586 1049 1639 1108 illa
1654 1039 1829 1110 recensione

382 1131 414 1193 Id
435 1134 517 1193 enim
542 1139 603 1206 est,
633 1131 716 1211 quod
738 1130 942 1210 supradixit:
967 1133 1078 1192 Donec
1131 1152 1191 1192 nou
1207 1131 1544 1212 comprehendebantur.
1581 1133 1630 1194 Ad
1653 1134 1707 1194 hos
1728 1145 1828 1197 autem

380 1220 467 1280 bodie
498 1221 760 1295 coommsoatsr,
794 1217 826 1278 ld
853 1227 900 1278 est
928 1218 986 1279 hac
1014 1220 1078 1279 vita
1131 1220 1280 1297 respicere
1294 1219 1481 1299 Apostolum,
1496 1230 1622 1300 apparat
1636 1240 1730 1294 exeo,
1745 1221 1829 1302 quod

380 1304 514 1366 durante.
553 1305 633 1365 Nam
655 1303 737 1385 quod
761 1305 909 1385 prophete
923 1307 985 1365 suis
1000 1303 1079 1364 dixit
1130 1306 1276 1384 sequitur.

379 1392 543 1465 Hebraeis,
556 1392 600 1452 ita
614 1391 682 1451 volt
695 1392 860 1471 Apostolus
875 1393 980 1470 accipi,
1002 1399 1075 1450 tam·
1172 1391 1235 1453 Sed
1249 1410 1318 1453 rrorr
1339 1394 1499 1467 universi,
1526 1395 1582 1470 qna·
1602 1395 1739 1471 profecti
1753 1402 1829 1457 sant

379 1498 464 1560 qaam
483 1478 626 1539 omnibus
648 1477 757 1538 dictum
779 1479 835 1556 sit;
860 1477 1001 1540 videlicet
1023 1497 1077 1558 per
1130 1495 1169 1541 aa
1178 1482 1320 1556 Aepypto
1329 1498 1389 1556 per
1401 1480 1527 1554 Morem.
1546 1481 1698 1557 Profecti,
1712 1481 1828 1544 Graece

379 1563 684 1627 accommodationem
702 1564 859 1645 quandam,
875 1572 928 1627 aut
943 1564 980 1625 ob
995 1566 1075 1645 pari·
1130 1570 1249 1640 cyrensi.
1275 1568 1336 1626 Per
1351 1566 1479 1642 Morere,
1497 1564 1528 1625 id
1540 1575 1588 1626 est
1598 1566 1723 1629 ductore
1735 1567 1827 1628 Mose.

377 1660 464 1712 tatem
480 1653 620 1713 rationis.
1131 1651 1221 1732 Quod
1237 1653 1347 1732 Syrus,
1374 1651 1558 1715 Hebraicsm
1581 1653 1713 1733 phrasim
1733 1655 1827 1714 imita-

415 1739 512 1799 Porro
529 1736 716 1800 Graecorum
740 1739 990 1798 constructionem
1013 1740 1077 1817 ipse
1129 1749 1194 1813 tus,
1210 1738 1305 1799 dixit:
1324 1741 1366 1798 Ira
1381 1758 1482 1800 morsu
1496 1741 1585 1801 Mori.
1608 1741 1693 1800 Sicut
1707 1749 1738 1800 et
1754 1741 1825 1821 legi·

379 1826 463 1886 etiam
489 1826 637 1886 orationis
663 1832 821 1885 contextus
848 1826 972 1905 respuit
1008 1826 1076 1885 Nisi
1129 1836 1177 1886 tur
1205 1826 1314 1886 Psalm.
1348 1828 1414 1885 to:
1448 1828 1617 1888 Dederistr‘
1646 1831 1726 1888 morat
1755 1845 1829 1889 ocor

381 1913 451 1974 urim
466 1912 549 1973 haec
562 1931 635 1991 pars
656 1910 696 1971 ad
719 1912 900 1991 superiorem
923 1912 1075 1985 referatur,
1126 1912 1286 1990 populum
1297 1920 1387 1972 trram
1399 1916 1435 1975 irs
1447 1933 1549 1975 manu
1561 1916 1642 1975 Most
1654 1923 1684 1975 ct
1692 1918 1827 1992 Acrem

381 1998 501 2080 abrupte
524 2007 558 2059 et
581 1998 776 2078 incomposite
796 2005 865 2078 post
887 2018 953 2059 eam
969 2018 1075 2079 seque·
1127 2000 1245 2060 tametsi
1259 1999 1411 2060 Hebraice
1426 1999 1535 2061 dicitur
1551 2003 1655 2060 etiam:
1672 2005 1715 2063 Ira
1730 2003 1825 2078 More,

381 2092 439 2159 tar,
453 2103 513 2146 neo
527 2084 649 2147 illativa
664 2085 834 2165 conjunctio
857 2087 888 2145 in
903 2086 957 2146 illa
973 2094 1074 2166 parte:
1128 2087 1159 2148 id
1175 2094 1221 2146 est
1235 2106 1291 2166 per
1304 2087 1426 2157 Morem,
1442 2096 1476 2146 ut
1490 2085 1588 2149 Ossae
1602 2090 1669 2149 12:
1684 2090 1726 2150 Ira
1741 2091 1826 2150 Pro·

384 2172 562 2234 memor
585 2189 678 2249 erqo,
706 2190 791 2231 nsum
813 2171 944 2233 habebit
983 2171 1073 2252 Quod
1125 2175 1240 2250 pheta,
1256 2171 1401 2232 videlicet
1412 2174 1513 2246 Mose,
1541 2174 1650 2235 ederit
1665 2176 1827 2237 Dominus

382 2257 597 2319 hoommodum
609 2257 831 2319 neoErasmum
842 2255 920 2338 sugit
932 2260 962 2319 in
973 2267 1072 2319 annot.
1128 2261 1231 2321 Iaret'l
1247 2259 1285 2318 de
1299 2261 1450 2336 Aeyypto.
1479 2259 1637 2340 Quomodo
1658 2281 1762 2322 verum
1778 2265 1826 2336 sit,

386 2340 485 2405 Obiter
497 2342 665 2418 admoneo,
691 2343 765 2405 nibil
786 2364 854 2407 esse
874 2347 1029 2406 varietatis
1044 2347 1075 2406 iu
1128 2367 1188 2408 non
1203 2365 1306 2406 omnes
1322 2365 1359 2405 ex
1369 2348 1513 2427 Aegypto
1528 2366 1582 2427 per
1593 2347 1707 2407 Mosam
1723 2366 1823 2426 egres·

387 2428 508 2504 duaco,
535 2431 608 2492 dum
623 2431 772 2512 interpres
786 2431 875 2493 modo
891 2432 1000 2493 vertit:
1021 2433 1074 2494 Si·
1128 2453 1177 2494 sos
1206 2432 1418 2506 exacerbasse,
1453 2436 1517 2512 jam
1554 2431 1740 2494 declaratum
1769 2442 1824 2496 est

389 2521 475 2579 Hirr
495 2518 759 2595 marabotinum
781 2517 887 2579 modo:
914 2519 1075 2601 Quemad-
1127 2519 1198 2580 Non
1213 2521 1293 2578 enim
1312 2516 1342 2579 id
1364 2527 1480 2580 tantum
1504 2520 1662 2582 veritatem
1684 2520 1777 2581 babet
1791 2523 1823 2584 in

387 2605 501 2666 udum
518 2606 557 2666 a'n
572 2605 632 2665 illo
648 2603 895 2667 ecooabotsoae.
1128 2605 1240 2677 Oaleb,
1263 2613 1295 2666 et
1310 2604 1334 2665 J
1336 2625 1422 2679 osne,
1448 2616 1480 2667 et
1493 2607 1610 2668 Levitis
1633 2606 1824 2686 quibusdam,

418 2694 467 2753 16.
490 2693 633 2769 midam
656 2694 740 2752 araim
765 2692 931 2755 audientes
944 2710 1074 2754 cencer-
1128 2691 1183 2755 sed
1198 2693 1288 2752 etiam
1304 2693 1335 2752 in
1348 2693 1541 2754 multitudine
1555 2712 1655 2756 eorum
1671 2695 1725 2774 qui
1740 2693 1826 2754 bien·

384 2774 541 2840 munt.
571 2778 765 2863 Audieratcs,
788 2778 905 2841 Graece
921 2772 1073 2838 ἀκοῦσαν·
1126 2781 1176 2841 nio
1191 2800 1210 2839 a
1225 2788 1358 2858 tempore
1377 2782 1559 2858 egressionis
1581 2800 1692 2842 annum
1715 2782 1824 2842 aetatis

383 2877 444 2943 tte,
469 2885 573 2945 puram
587 2866 767 2942 usedissent,
794 2866 909 2928 scilicet
923 2867 1072 2947 promissa
1126 2867 1307 2949 vigesimum
1332 2865 1463 2928 nondum
1492 2866 1695 2946 expleverant.
1733 2866 1825 2929 Unde

381 2958 578 3035 apraeeepta
590 2954 658 3014 Dei.
677 2954 1073 3016 Eeooerbovcrrrrrtautem
1126 2954 1173 3025 hi,
1199 2961 1353 3033 tamquam
1374 2974 1470 3016 novus
1484 2954 1614 3035 populus
1630 2963 1662 3015 et
1676 2973 1756 3016 nova
1770 2974 1822 3034 ge·

380 3041 467 3118 p‘uno
497 3041 624 3119 quidem
653 3040 776 3116 Mosen,
802 3042 891 3120 juxta
916 3041 1073 3101 historiam
1125 3041 1255 3115 naratio,
1285 3047 1392 3122 typum
1418 3050 1578 3121 gesserunt
1598 3042 1726 3102 filiorum
1752 3042 1824 3101 nori

380 3124 470 3189 hoa
488 3130 540 3188 1⁷.
559 3136 654 3207 atque
669 3128 760 3187 etiam
775 3127 864 3189 Num.
882 3131 948 3204 14.;
968 3146 1071 3189 conse·
1126 3128 1333 3202 Testamenti,
1359 3131 1413 3209 qni
1435 3128 1494 3189 Dei
1517 3149 1623 3191 vocem
1648 3127 1823 3191 obedienter

380 3223 498 3294 quantu
520 3222 622 3275 autem
639 3213 754 3288 Deum,
780 3215 866 3294 cujus
887 3215 954 3275 vice
968 3214 1071 3275 Moses
1126 3213 1262 3276 audiunt

379 3300 563 3381 tangebatur.
587 3298 647 3363 Sed
659 3320 725 3362 cum
740 3300 866 3362 historia
880 3320 967 3363 sacra
982 3309 1070 3362 teste·

379 3395 435 3460 tar,
459 3406 687 3469 paenaflomnes
710 3388 923 3464 exacerbasse,
950 3385 1071 3467 quando
1170 3388 1219 3448 17.
1243 3386 1362 3467 Quibrra
1384 3395 1490 3448 autem
1513 3385 1659 3464 infensus
1681 3395 1726 3448 cst
1740 3406 1823 3465 quo·

381 3472 486 3536 dietum
501 3482 550 3536 eat
563 3476 622 3535 eis:
637 3476 673 3536 Sr‘
687 3475 868 3536 inamoena
881 3478 917 3535 r‘rs
932 3477 1070 3553 requiem
1124 3474 1278 3550 drayirsta
1293 3475 1411 3535 abab?
1435 3472 1568 3547 Clarius,
1585 3476 1731 3552 infensus
1743 3476 1821 3550 fuit,

378 3578 486 3637 mm,
503 3580 558 3623 cur
572 3562 738 3642 Apostolus
751 3560 838 3622 dicit:
854 3562 966 3641 Qa‘dam
984 3564 1069 3625 enim
1124 3559 1375 3641 quemadmodum
1391 3580 1497 3641 supra:
1515 3562 1653 3638 Propter
1668 3561 1753 3638 quod
1767 3563 1822 3623 irs·

380 3655 436 3722 aa,
450 3651 543 3729 quasi
558 3669 621 3709 nou
632 3649 674 3709 ita
685 3649 771 3708 multi
782 3647 912 3709 luerint?
933 3649 1068 3729 Respon·
1122 3650 1234 3726 feneus
1246 3648 1307 3724 fai.
1330 3648 1408 3708 Nam
1423 3668 1520 3709 sermo
1532 3647 1572 3708 de
1582 3668 1616 3710 re
1630 3648 1720 3727 longe
1734 3666 1820 3728 prae·

377 3731 442 3810 loo,
468 3735 499 3797 id
522 3754 615 3816 agere
636 3734 831 3815 Apostolum,
858 3744 892 3797 ut
912 3735 1070 3796 Hebraeos
1123 3737 1219 3797 terite.
1262 3735 1461 3815 Prosequitur
1491 3735 1657 3815 Apostolus
1686 3734 1821 3815 reliquas

377 3822 482 3884 oinct
495 3820 537 3883 ad
558 3821 793 3900 permanendum
815 3824 847 3884 in
862 3822 928 3883 fide.
965 3820 1002 3882 Id
1017 3841 1069 3884 aa·
1122 3820 1236 3882 Psalmi
1251 3824 1388 3901 superius
1403 3824 1487 3882 citati
1510 3830 1627 3902 partes,
1651 3820 1819 3895 osteudens,

376 3915 430 3970 taur
444 3908 598 3990 agendum
620 3909 727 3970 statuit
747 3929 808 3971 non
827 3917 945 3970 tantum
960 3929 1068 3988 propo·
1124 3906 1275 3988 quomodo
1290 3909 1389 3988 puniti
1403 3908 1516 3969 fuerint
1527 3908 1758 3969 exacerbatores
1775 3908 1820 3969 illi

376 3996 427 4057 risa
439 3997 600 4077 punitione
615 4015 731 4069 eorum,
754 3997 806 4076 qui
829 4004 951 4076 propter
965 3993 1068 4057 infide·
1122 3996 1154 4058 in
1178 3993 1310 4067 deserto,
1337 4004 1366 4054 et
1389 4015 1477 4075 quam
1499 3994 1537 4054 ob
1560 4015 1684 4055 causam
1711 3994 1819 4075 puniti.

376 4079 484 4143 liutem
516 4092 549 4143 et
574 4080 808 4144 inobedientiam
838 4102 922 4143 suam
948 4083 1070 4144 fuerunt
1123 4081 1193 4161 Quo
1205 4080 1354 4142 efficacior
1365 4091 1466 4142 antem
1478 4080 1622 4143 reddatur
1634 4082 1830 4161 subsequens·

377 4170 522 4231 exclusis
543 4171 648 4249 requie
669 4172 831 4248 promissa,
853 4189 956 4230 rerum
979 4169 1069 4230 etiam
1122 4168 1306 4242 exhortatio,
1330 4167 1509 4247 quibusdam
1525 4169 1820 4249 interrogatiunculis

377 4252 502 4318 adducto
517 4274 621 4316 eorum
636 4255 790 4335 exemplo,
810 4258 864 4337 qui
877 4258 984 4317 merito
998 4254 1069 4316 fidei
1122 4257 1286 4317 orationem
1317 4256 1431 4316 excitat
1460 4262 1551 4334 atque
1581 4257 1726 4318 accendit.
1771 4258 1821 4319 De

378 4342 621 4407 «Mensae
657 4344 792 4423 requiem
828 4350 963 4423 optatam
999 4351 1069 4402 sunt
1122 4343 1342 4403 constructione
1356 4343 1451 4422 partis
1475 4341 1570 4403 illius:
1596 4344 1820 4424 Quadrapirato

379 4427 483 4511 adepti.
510 4428 562 4490 Ad
579 4448 646 4490 eam
661 4436 837 4491 remantem
852 4451 913 4491 non
928 4428 1066 4510 expedie-
1121 4432 1234 4505 anab,
1253 4430 1318 4508 jam
1334 4427 1578 4510 supradiximus.
1615 4430 1756 4492 Notauda
1772 4440 1821 4493 est

378 4512 427 4576 bat
438 4518 614 4582 neminisse
625 4517 787 4597 paucitatis
799 4518 930 4589 istorum,
945 4538 983 4577 ne
997 4535 1068 4577 suos
1122 4524 1223 4577 autem
1238 4517 1269 4575 in
1285 4536 1322 4577 ea
1342 4525 1429 4596 parte
1451 4516 1643 4595 synecdoche
1659 4516 1818 4597 quaedam.

376 4598 526 4686 unaue
541 4602 686 4665 iuducere
700 4602 857 4665 videretur
871 4602 910 4663 ad
926 4601 1067 4683 despera·
1121 4603 1215 4674 Nam,
1244 4609 1278 4663 ut
1307 4602 1403 4683 liquot
1429 4622 1467 4663 ex
1492 4603 1566 4664 libro
1592 4604 1680 4663 Num.
1709 4605 1758 4664 14.
1788 4612 1819 4666 et

376 4685 487 4751 hum
509 4689 609 4764 Adde,
626 4688 709 4770 quod
723 4710 778 4752 uec
789 4690 965 4770 simpliciter
979 4690 1069 4769 pauci
1121 4689 1260 4762 aliunde,
1287 4691 1477 4750 comminatio
1499 4709 1630 4769 poenae,
1658 4691 1744 4769 cujus
1760 4691 1818 4755 boo

377 4771 471 4851 flexa,
484 4778 538 4859 qui
552 4778 585 4838 in
599 4777 736 4856 requiem
751 4777 975 4858 illumingressi
990 4784 1067 4848 sunt,
1121 4775 1187 4837 loco
1217 4777 1351 4837 meminit
1380 4777 1555 4856 Apostolus,
1588 4775 1669 4837 facta
1698 4776 1818 4841 demam

379 4860 527 4943 ndpauci
550 4861 702 4925 duntaxat
723 4883 762 4929 ex
784 4866 837 4938 iis,
864 4861 1068 4944 quiescendo
1120 4863 1178 4922 fuit
1192 4883 1271 4923 anno
1287 4861 1418 4922 seeundo
1441 4871 1509 4942 post
1531 4862 1648 4923 exitum
1662 4863 1816 4929 Hebraeo·

380 4967 450 5012 nuo
476 4951 662 5033 egressionis
692 4969 732 5012 ex
756 4952 900 5032 Aegypto
924 4952 1068 5011 recensiti
1120 4969 1186 5010 rum
1201 4969 1240 5010 ex
1255 4949 1407 5030 Aegypto.
1445 4950 1558 5009 Sensus
1574 4967 1647 5030 ergo
1662 4960 1724 5014 osta
1751 4952 1816 5015 Gir·

379 5031 647 5119 &marigiuti
660 5038 898 5121 mmsotrupra
919 5039 998 5101 Nam
1014 5038 1068 5119 qui
1120 5037 1194 5099 citer
1209 5035 1410 5118 quadraginta
1423 5036 1519 5099 anuis.
1816 5071 1819 5077 ·
