4442 5825
393 599 469 683 app
671 677 679 691 Ι
891 592 1336 659 cimmeriorum

395 770 452 841 tile
472 770 616 845 uincitur,
636 772 799 841 assistente
821 770 882 833 Dei
901 772 1016 853 pretim
1036 778 1088 835 set
1140 774 1237 851 fiam,
1261 769 1292 831 id
1314 769 1530 851 repperientur
1549 777 1721 850 mpeeteu

394 858 466 941 quie
481 857 512 917 in
527 858 683 941 ιιιςιιιιιίιιι
698 868 730 918 st
743 855 941 941 perieulenoe
957 858 1087 939 ooujieit,
1140 858 1246 929 lestern
1276 858 1562 930 remunerationem,
1594 855 1721 921 dedum

394 951 429 1004 ιιι
449 945 492 1004 eit
515 942 771 1024 Theophyleetus.
809 942 887 1004 Nem
909 938 1088 1022 περίστασις
1141 943 1239 1017 dium,
1257 945 1288 1005 in
1304 941 1621 1025 quodingressisunt,
1636 941 1721 1006 sede

394 1030 470 1092 inter
485 1029 544 1091 elie
567 1030 716 1111 signifieat
737 1030 949 1093 necessitatem
965 1038 994 1091 et
1010 1033 1086 1110 peri·
1141 1039 1295 1092 eertemen
1309 1039 1493 1111 susceptum,
1522 1039 1556 1091 ut
1571 1029 1611 1091 sd
1626 1049 1721 1111 prese

393 1117 501 1178 ouium.
536 1118 651 1185 Auctor
673 1118 818 1178 serrnonis
835 1117 885 1176 97.
907 1116 946 1185 de
960 1118 1088 1178 diversit
1140 1120 1233 1178 misse
1248 1127 1281 1178 et
1294 1125 1415 1197 sperate
1431 1116 1619 1196 pervenient.
1641 1117 1721 1198 Iteqr

392 1202 475 1284 spnd
489 1204 695 1284 Augustinum
710 1205 803 1284 legit:
827 1210 856 1263 et
879 1207 962 1280 spite
974 1223 1087 1281 pereo·
1140 1223 1211 1266 rere
1225 1212 1387 1271 certamen
1403 1215 1448 1267 est
1463 1205 1612 1269 eumundo
1628 1212 1721 1269 certer

392 1298 469 1352 tem.
503 1291 641 1369 Exponit
656 1301 770 1364 sutem,
794 1292 865 1369 quie
880 1290 977 1351 subito
993 1291 1089 1370 surgit
1142 1294 1220 1357 cutio
1243 1291 1349 1359 smilis
1371 1310 1437 1353 oum
1462 1289 1515 1356 ille
1539 1290 1651 1357 thn.
1673 1294 1719 1357 6.ι

391 1379 423 1438 ἰιι
438 1378 634 1457 cogitatione,
658 1377 774 1439 etfacit
790 1376 1035 1449 delectationem,
1059 1386 1089 1438 et
1142 1379 1260 1440 bouum
1288 1385 1448 1437 certamen
1475 1376 1569 1453 fidei,
1605 1386 1636 1438 st
1660 1377 1721 1439 rT

392 1485 462 1526 mox
477 1464 568 1524 trehit
582 1467 714 1526 animum
738 1464 776 1525 sd
793 1481 979 1525 eonsensum.
1017 1464 1088 1524 Alie
1142 1467 1271 1527 Bonum
1287 1473 1446 1524 certamen
1462 1467 1602 1539 oertooi,
1623 1482 1720 1525 curere

392 1550 542 1632 quaedam
563 1554 666 1612 versio
682 1550 786 1612 hebet:
810 1568 994 1624 approvano
1011 1569 1087 1629 peo-
1140 1553 1305 1612 summaer.
1345 1549 1508 1611 Certamen
1523 1550 1580 1610 hoe
1596 1570 1720 1612 oureore

391 1646 515 1711 eornm,
534 1647 566 1698 ιιι
580 1638 618 1698 ed
634 1637 751 1719 pondus
766 1635 921 1698 referetur.
1141 1648 1196 1712 est,
1212 1637 1292 1717 quod
1305 1637 1363 1698 sibi
1379 1637 1562 1716 propositum
1579 1637 1675 1699 hebet
1690 1657 1721 1697 re

436 1725 531 1806 Syrus
544 1727 693 1805 interpres
709 1727 750 1786 its
764 1723 933 1785 transtulit:
955 1726 999 1786 m
1010 1742 1087 1801 pee-
1141 1726 1187 1806 pit
1201 1726 1296 1785 omnis
1310 1722 1504 1796 Christianus,
1522 1723 1645 1804 quando
1657 1744 1721 1786 rem

391 1820 516 1886 οαιιιιιι,
532 1813 618 1891 quod
632 1815 875 1886 omnitempore
891 1830 950 1873 ιιοι
964 1811 1087 1873 demer-
1140 1814 1223 1873 vites
1238 1813 1342 1883 veteri,
1363 1820 1393 1871 et
1407 1809 1561 1892 professes
1577 1820 1625 1871 est
1638 1832 1721 1873 nove

389 1902 453 1975 pit,
470 1898 586 1959 scilieet
601 1908 635 1959 ut
649 1898 997 1979 pondusgreuissimum.
1019 1897 1085 1967 Vel,
1141 1908 1225 1959 entur
1252 1906 1355 1959 eutem
1380 1904 1559 1972 cometen,
1591 1899 1668 1978 quis
1692 1918 1721 1958 ιιι

390 1996 423 2045 ut
443 1985 521 2046 elius
544 1987 636 2045 vertit
658 2006 698 2048 ex
720 1985 865 2064 Syriaco:
892 1985 976 2061 quod
999 1987 1088 2046 omni
1141 1983 1314 2046 edversario
1338 1985 1483 2059 eurritur;
1507 2004 1568 2045 uon
1591 1987 1644 2064 qui
1667 1986 1721 2045 etis

390 2080 530 2150 tempore
540 2080 694 2149 peretum
708 2079 752 2141 ιιι
763 2070 863 2145 eote,
877 2069 933 2131 lroe
944 2071 1087 2151 estquod
1141 2082 1202 2147 ret,
1218 2071 1273 2132 sed
1288 2072 1357 2151 qui,
1383 2079 1528 2155 quantum
1544 2080 1659 2152 potest,
1675 2090 1721 2133 eur

390 2179 510 2239 semper
532 2169 578 2221 est
600 2160 631 2219 in
654 2168 811 2240 promptu,
838 2166 871 2216 ut
894 2177 1010 2225 cursum
1035 2180 1085 2221 no·
1141 2157 1295 2241 impediet.

390 2254 482 2313 strum
503 2244 543 2306 ed
569 2248 662 2309 vitem
689 2247 808 2313 beatam
835 2243 989 2325 impediet.
1027 2245 1088 2327 Qui
1185 2248 1213 2305 2.
1237 2247 1432 2323 Aspicierrtes
1458 2246 1494 2307 in
1519 2249 1721 2323 auctorent

390 2352 496 2399 tensius
511 2334 646 2413 proxime
661 2332 783 2394 videtur
798 2329 838 2391 ed
853 2329 989 2410 Apostoli
1007 2352 1086 2401 uren·
1141 2339 1426 2399 eorreummutoreru
1441 2334 1563 2395 Jerum.
1588 2330 1721 2395 Persistit

388 2429 449 2493 tete
476 2419 630 2487 secedere.
668 2419 747 2491 Nero
778 2417 943 2496 Apostolus
972 2419 1003 2480 in
1032 2417 1088 2487 boe
1142 2418 1271 2499 tephors
1286 2437 1389 2480 cursus
1404 2428 1433 2477 et
1449 2416 1547 2491 medii,
1564 2419 1597 2479 in
1612 2438 1676 2501 quo
1691 2438 1721 2479 ee

389 2508 473 2581 loeo,
499 2507 577 2571 siout
599 2514 670 2572 ente
692 2505 772 2579 dixi,
798 2505 893 2565 utitur
914 2505 1088 2585 metaphora
1142 2506 1291 2587 espioiunt
1304 2505 1342 2565 ed
1362 2502 1549 2585 praefectum
1572 2512 1721 2587 etegent

390 2594 553 2669 tumentis,
576 2612 666 2671 quem
689 2600 809 2671 oportet
824 2590 998 2671 expeditum
1022 2610 1088 2657 esse
1142 2593 1194 2673 qni
1219 2611 1362 2673 praesens
1392 2601 1523 2670 spectet,
1557 2601 1588 2653 et
1613 2594 1721 2661 suino

391 2679 429 2745 eb
453 2681 534 2743 omui
556 2698 609 2757 eo,
636 2677 718 2761 quod
742 2680 840 2756 ipsum
868 2677 1015 2758 impediet
1036 2686 1090 2739 eut
1143 2678 1277 2763 proemio
1293 2678 1471 2759 praeposito.
1504 2678 1553 2739 Itu
1573 2687 1721 2754 monet,t

390 2772 562 2837 remoretur.
600 2764 690 2837 Unde
706 2766 736 2833 iu
750 2765 809 2827 hoe
830 2764 980 2835 uocabulo
996 2784 1086 2847 expo·
1143 2766 1222 2827 eieut
1245 2767 1276 2825 in
1295 2762 1465 2843 Christum,
1490 2765 1576 2827 velut
1599 2765 1721 2835 certemi

390 2850 491 2924 nendo
516 2872 578 2924 nou
605 2858 652 2922 eet
677 2850 715 2911 eb
743 2871 780 2918 ee
805 2852 981 2933 metaphore
1008 2871 1088 2922 reee
1142 2851 1308 2933 praesidem
1319 2871 1356 2921 ee
1366 2852 1609 2958 praemiatorem.
1634 2853 1721 2916 Tun

392 2937 532 3015 (lendum.
1142 2939 1200 3004 hoe
1216 2939 1311 3012 solum
1328 2948 1392 3020 egit
1407 2940 1592 3019 Apostolum
1614 2941 1671 3004 sed
1687 2941 1721 3004 οὓ

434 3027 545 3106 Imque
559 3025 713 3101 existimo,
736 3032 892 3104 porcetum
907 3015 1089 3108 eirespioru-
1143 3026 1222 3098 torte
1245 3028 1343 3086 minus
1366 3037 1507 3086 moveant
1528 3027 1671 3107 exemplo
1693 3037 1721 3094 te

393 3130 444 3188 ter,
466 3111 505 3186 pb
519 3111 667 3192 Apostolo
689 3113 810 3185 voeeri,
836 3112 915 3193 quod
940 3111 1089 3178 hominem
1143 3135 1226 3186 ruru,
1254 3113 1350 3192 ipsum
1373 3113 1535 3176 Dominum
1556 3113 1686 3189 Jeeum,
1711 3135 1721 3176 ι

390 3200 483 3274 futile
509 3200 695 3272 circumstet,
725 3195 756 3257 id
780 3207 829 3259 est
850 3198 1089 3280 comprehendet,
1144 3200 1338 3286 ignominium
1366 3199 1462 3260 erneis
1484 3199 1524 3262 ed
1546 3187 1721 3280 summemj

391 3287 521 3378 implicet
544 3305 580 3346 ee
609 3293 723 3364 teneat,
753 3304 790 3346 ne
813 3287 845 3358 in
867 3305 956 3356 eursu
981 3295 1089 3367 coepto
1144 3296 1269 3348 evectus
1285 3293 1346 3360 est,
1363 3294 1517 3368 tumqusm
1533 3287 1721 3370 exemplare

390 3373 613 3456 progredietur,
645 3379 679 3432 ut
703 3372 731 3432 si
755 3373 825 3451 qnis
852 3381 1018 3434 currentem
1047 3376 1088 3436 in·
1143 3374 1272 3442 numeris
1287 3371 1466 3450 absolutum,
1480 3374 1660 3438 intuendum
1675 3376 1719 3438 sis

387 3459 469 3548 jepte
495 3459 604 3542 laqueo
626 3459 763 3528 retineat
795 3460 854 3519 Est
879 3460 960 3530 euim
984 3458 1031 3520 hie
1059 3461 1089 3530 in
1143 3458 1266 3522 tendum
1282 3461 1430 3540 proponit.
1469 3459 1570 3542 Quem
1585 3460 1664 3538 fidei
1679 3483 1721 3526 ve

389 3552 518 3624 pppeutp
541 3544 688 3624 quaedem
711 3544 794 3616 fictio
813 3565 976 3626 personae,
1003 3565 1089 3625 quse,
1143 3553 1271 3621 ctorem,
1289 3545 1336 3606 vel
1354 3549 1425 3627 quis
1440 3546 1632 3614 nobisfidem
1648 3569 1721 3629 perp

391 3642 545 3714 temquem
570 3631 683 3700 homini
709 3632 830 3702 inimioe
856 3641 884 3692 et
909 3630 1089 3712 insidiatrix,
1143 3653 1226 3694 susm
1243 3634 1370 3712 inspiret
1385 3630 1444 3711 (eet
1466 3636 1545 3696 enim
1559 3634 1634 3696 fides
1650 3634 1712 3698 Dei

391 3720 492 3794 obetet
517 3720 585 3797 ejus
611 3716 811 3799 profertibus3
843 3719 922 3788 sieut
946 3720 1033 3780 Rom.
1059 3722 1088 3782 6.
1143 3719 1257 3800 Ephes
1285 3715 1337 3867 tp,
1361 3720 1411 3781 vol
1437 3722 1509 3802 quie
1533 3721 1721 3784 eertemeul

392 3814 551 3888 peeeetum
567 3805 654 3884 fingit
670 3812 702 3866 ut
724 3803 892 3880 dominum,
915 3806 964 3867 eui
978 3807 1089 3868 servire
1143 3827 1201 3888 quo
1216 3806 1306 3888 perti
1329 3826 1376 3867 em
1391 3809 1519 3874 curritur
1529 3807 1569 3877 ud
1584 3808 1721 3874 brevium

392 3891 548 3976 dieantur,
574 3894 627 3971 qui
641 3902 777 3973 peeeent
814 3892 918 3962 Monet
939 3912 1009 3973 ergo
1026 3893 1089 3958 He·
1142 3914 1201 3954 nee
1216 3895 1394 3970 vocationis,
1411 3895 1556 3968 instituit,
1571 3895 1666 3976 eique
1682 3915 1721 3975 pr.

391 3978 499 4041 breees
513 3978 692 4058 Apostolus,
715 3987 750 4038 ut
771 3982 887 4058 percuti
910 3980 1036 4059 loqueos
1059 3986 1090 4039 st
1142 3979 1222 4040 Tele
1239 3979 1311 4064 quid
1329 3981 1408 4050 enim
1431 3979 1600 4063 siguificare
1616 3981 1721 4044 videtu

392 4065 628 4146 implieemente,
650 4084 730 4144 qeee
752 4083 872 4136 eureum
895 4074 1089 4139 remorentur,
1143 4086 1211 4136 eum
1229 4065 1409 4138 vocabulum
1427 4058 1585 4148 ἀρχηγὸν,
1609 4065 1693 4150 quod
1714 4088 1721 4130 ι

394 4152 548 4224 excutient
563 4150 777 4234 abjiciuntque.
1142 4172 1207 4213 cero
1219 4153 1462 4232 interpretentur,
1477 4153 1529 4214 eiii
1537 4155 1721 4233 principetur

436 4239 500 4304 Per
511 4241 703 4314 patientiam
725 4257 892 4308 corruentes
910 4238 954 4299 od
966 4255 1088 4316 propo·
1140 4241 1347 4318 principium.
1385 4241 1512 4324 Legitur
1534 4251 1639 4312 eutem
1660 4251 1721 4308 etr

392 4327 487 4398 ritum
510 4325 602 4396 nodis
622 4331 790 4387 certamen.
825 4325 877 4387 Ad
893 4325 1086 4405 praepositio·
1143 4326 1195 4388 ubi
1210 4338 1314 4388 noster
1329 4325 1436 4386 eodem
1451 4325 1540 4388 modo
1555 4328 1665 4394 vertit:
1680 4345 1721 4398 eu

391 4431 460 4473 nem
475 4410 562 4484 multi
577 4409 697 4480 codices
708 4412 819 4480 vetusti
834 4433 895 4473 uon
910 4411 1039 4487 hebent,
1055 4418 1089 4470 ut
1143 4413 1254 4482 soletis
1269 4430 1378 4474 eorum
1395 4422 1450 4475 ete.

392 4518 449 4561 nee
463 4499 494 4559 in
509 4497 664 4560 Lsudensi
679 4507 741 4573 est,
761 4519 816 4572 nso
830 4498 861 4558 in
877 4497 1013 4570 Graecis,
1035 4518 1090 4558 noo
1185 4498 1272 4568 Idem
1286 4498 1424 4562 Christus
1437 4499 1513 4578 fidei
1531 4519 1721 4572 pomerum

392 4586 424 4646 in
439 4582 575 4646 editione
589 4584 734 4668 Syrieee,
752 4605 807 4646 nee
822 4604 841 4643 e
857 4583 981 4646 Graecis
998 4583 1087 4646 iuter·
1143 4584 1194 4645 vel
1219 4589 1291 4672 quie
1315 4584 1422 4660 fidem,
1448 4588 1534 4670 eujus
1558 4589 1643 4658 initis
1666 4585 1721 4660 ded

392 4671 526 4756 pretibus
541 4671 690 4752 exposite.
712 4669 840 4734 Addidit
851 4690 917 4732 eum
930 4670 1089 4751 quispiam,
1144 4671 1272 4734 eandem
1290 4674 1420 4752 gretiam
1443 4684 1630 4736 consummet
1651 4676 1685 4738 iu
1707 4695 1721 4738 r

394 4757 446 4839 qui
461 4760 580 4839 putssit
602 4758 729 4830 oretioni
748 4755 871 4832 deesse,
899 4777 966 4822 eum
981 4776 1089 4818 revers
1144 4759 1275 4840 perficit3
1299 4757 1347 4821 vel
1364 4761 1437 4840 quie
1459 4769 1613 4834 semmei
1630 4759 1721 4842 boet

393 4846 555 4923 genuinum
570 4844 711 4924 Apostoli
726 4863 847 4906 sensum
867 4851 989 4905 evertet.
1011 4843 1088 4903 Hor·
1145 4846 1350 4918 currentibus,
1372 4852 1532 4926 postquem
1554 4847 1595 4909 sd
1609 4856 1720 4912 metm

393 4937 474 4989 tetur
496 4933 575 4991 enim
591 4930 756 5012 Apostolus
772 4930 927 4992 Hebraeos
950 4929 1090 5009 exemplo
1143 4933 1256 5008 norint,
1270 4931 1371 4993 reddit
1385 4935 1548 4994 constitute
1562 4935 1707 5015 praemis.

394 5015 513 5078 testium
534 5036 625 5101 supra
645 5017 807 5094 dictorum,
832 5025 867 5077 ut
885 5036 948 5097 per
957 5020 1090 5097 patien-
1144 5020 1251 5096 etiem,
1268 5027 1314 5096 et,
1331 5021 1362 5081 ni
1374 5018 1480 5099 fallor,
1495 5019 1622 5110 melius,
1636 5017 1721 5100 dtetfl
