4442 5825
436 612 511 682 σοι
950 602 1354 660 commurmurat

435 781 597 862 prophetia
608 779 666 842 dici
680 790 837 855 mereatur,
854 781 975 862 propria
985 782 1129 862 interpre·
1183 797 1277 860 μενοι,
1293 784 1479 844 locusticum
1494 789 1549 844 etc.
1572 785 1669 845 Artos
1685 788 1716 844 rt
1730 784 1870 861 impulsos

435 869 549 929 tutione
564 868 679 929 nonsit
703 865 825 942 Confer,
848 887 928 949 quse
943 865 1076 931 diximus
1090 867 1131 930 ad
1184 868 1258 929 dicit
1272 890 1291 930 s
1306 869 1420 949 Spiritu
1435 877 1550 944 sancto,
1570 890 1632 932 nou
1654 872 1871 950 arrepticioruu

435 954 511 1017 illud
529 960 545 1015 1
563 952 632 1015 (ior.
650 956 713 1016 lt:
738 957 840 1032 liupis
855 962 971 1031 autem,
995 963 1031 1016 ut
1050 975 1131 1032 pro·
1183 976 1274 1032 more,
1297 976 1424 1037 quorum
1440 957 1559 1037 linguas
1573 957 1619 1018 its
1634 963 1740 1019 m'ovet
1762 959 1873 1037 epiritus

434 1043 574 1119 phststis.
1184 1063 1325 1122 nequam,
1341 1053 1375 1103 ut
1389 1061 1446 1103 nec
1460 1042 1640 1122 intelligant,
1657 1063 1742 1124 quse
1754 1045 1872 1124 loqums·

480 1129 541 1209 Qui
564 1148 635 1188 vero
656 1130 860 1204 prophetiam
881 1131 1067 1206 Scripturoe
1087 1130 1130 1189 in·
1184 1139 1240 1203 tur,
1257 1151 1311 1191 nec
1328 1131 1357 1190 iu
1378 1138 1528 1208 potestate
1550 1129 1687 1192 habeant
1710 1152 1771 1192 non
1790 1130 1874 1210 loqui

438 1215 581 1295 telliguut
603 1214 788 1295 Scriptorum
815 1216 1029 1296 propheticam,
1053 1216 1132 1276 hunc
1185 1214 1363 1295 (hujusmodi
1392 1216 1472 1297 apud
1503 1218 1639 1279 ethnicos
1679 1227 1765 1279 eraut
1797 1227 1875 1279 rates

437 1302 568 1364 reddunt
581 1319 717 1361 sensum:
733 1301 824 1364 Nulla
836 1303 990 1383 Scriptura
1002 1303 1130 1382 prophe·
1185 1302 1313 1375 deorum,
1339 1312 1368 1362 ct
1383 1303 1465 1382 spud
1488 1303 1658 1365 haereticos
1681 1305 1875 1366 Montonistss

438 1391 496 1450 tice
511 1391 648 1469 privatae
662 1397 709 1448 est
724 1390 932 1469 expositionis,
956 1389 986 1449 id
1002 1398 1056 1463 est,
1072 1391 1132 1470 pri·
1184 1389 1392 1470 prophetissae
1418 1390 1522 1451 Prisca
1549 1398 1580 1453 et
1605 1390 1777 1453 Maximills
1805 1387 1876 1467 (usu

436 1485 508 1536 vnto
523 1476 642 1555 iugenio
666 1475 856 1554 exponenda.
885 1477 997 1538 Verum
1017 1476 1049 1535 hi
1070 1475 1132 1536 duo
1185 1477 1316 1537 slieuum
1340 1484 1384 1536 est
1405 1497 1423 1536 s
1445 1475 1558 1556 Spiritu
1581 1476 1651 1551 Dei,
1681 1487 1716 1538 ut
1737 1485 1877 1539 mentun

437 1582 542 1624 sensus
557 1565 588 1622 in
607 1580 699 1622 unum
725 1561 789 1623 lere
815 1563 975 1624 confluunt.
1009 1563 1131 1623 Utrovie
1185 1562 1299 1637 reddat,
1318 1581 1407 1643 quem
1423 1563 1527 1643 replet,
1550 1563 1735 1625 eduliorum
1751 1582 1877 1646 pnsssr

437 1659 535 1711 autom
547 1647 636 1709 modo
653 1648 807 1710 intellecta
820 1651 903 1712 Petri
918 1652 1068 1711 sententia
1078 1650 1131 1710 flu·
1186 1651 1239 1711 tim
1256 1650 1482 1710 instructionem
1498 1658 1529 1710 et
1544 1648 1744 1729 doctrinam),
1767 1651 1824 1712 ssd
1836 1669 1877 1711 su·

437 1736 531 1816 goliat
552 1735 719 1797 hsereticos
734 1744 765 1796 et
779 1755 881 1799 omues
897 1757 956 1810 sos,
978 1738 1039 1818 qui,
1062 1757 1130 1798 con-
1185 1757 1238 1818 pre
1253 1736 1418 1797 naturalem
1435 1735 1608 1797 facultatem
1624 1737 1774 1813 elevatos,
1789 1737 1878 1799 inluso

437 1831 550 1903 tempto
580 1822 630 1883 vel
652 1821 823 1901 posthabito
852 1844 941 1885 sensu
965 1824 1131 1896 Ecclesiae,
1185 1822 1330 1884 videlicet
1351 1824 1463 1883 lumine
1486 1825 1670 1905 prophetico,
1694 1834 1726 1885 et
1740 1825 1879 1905 inspirata

437 1912 485 1971 cui
501 1910 644 1990 Spiritum
659 1928 745 1969 suum
757 1907 897 1972 Christus
913 1912 1057 1991 promisit,
1073 1912 1131 1989 pri·
1185 1911 1394 1990 mysteriorum
1417 1912 1599 1990 cognitione,
1621 1929 1704 1991 quae
1726 1909 1839 1972 deinde
1851 1909 1878 1970 li·

438 2005 525 2057 vetos
541 2015 649 2057 sensus
672 1995 722 2057 vel
737 2016 817 2071 suos,
840 1997 891 2058 vel
905 2018 1025 2058 suorum
1040 2000 1132 2077 megi·
1184 1997 1255 2057 berc
1272 2006 1353 2057 motu
1369 1996 1534 2058 voluntatis
1549 1997 1730 2079 eloquantur
1746 2004 1802 2058 sut
1814 1998 1877 2058 scri·

438 2092 574 2157 strorum,
591 2081 630 2143 ad
641 2082 813 2162 Scripturas
826 2084 1068 2164 interpretsndss
1079 2082 1131 2146 ad·
1185 2085 1266 2145 bsut.
1295 2084 1372 2144 Nem
1396 2084 1548 2160 loquendi
1573 2084 1700 2146 verbum
1724 2085 1775 2145 hic
1798 2087 1879 2145 edan

438 2171 546 2231 lenm.
570 2170 647 2230 Num
666 2168 748 2249 quod
771 2169 809 2231 de
825 2171 988 2252 Scripturis
1004 2170 1131 2252 prophe
1186 2171 1376 2250 scriptionem
1401 2170 1635 2248 comprehendit.
1660 2173 1779 2233 Locus&
1801 2177 1878 2246 sunt,

438 2267 533 2318 tarum
549 2256 597 2317 hic
612 2255 730 2330 dicitur,
747 2256 824 2319 idern
842 2260 907 2338 peri
924 2261 1040 2320 ratione
1052 2260 1134 2320 etde
1187 2257 1337 2337 intellige:
1354 2256 1459 2317 divina
1473 2259 1627 2337 mysterio,
1642 2256 1675 2319 id
1692 2267 1741 2319 est
1756 2257 1878 2338 prophe

438 2345 566 2406 coeteris
588 2344 748 2423 utriusque
776 2349 945 2407 testamenti
968 2346 1133 2425 Scripturis
1186 2351 1339 2417 taverunt,
1378 2341 1543 2403 secundum
1573 2363 1638 2405 eam
1675 2347 1880 2424 receptione·

437 2431 643 2511 accipiendum
659 2439 713 2491 est.
736 2430 848 2513 Utique
859 2435 960 2494 sensui
972 2431 1051 2494 bene
1062 2452 1131 2493 con·
1187 2431 1370 2510 prophetiae,
1386 2448 1466 2511 quas
1481 2433 1618 2512 superius
1633 2432 1780 2511 exposita
1796 2441 1847 2493 est

438 2521 518 2599 gruit
533 2517 670 2598 probatio
686 2537 831 2598 sequens:
1230 2519 1384 2578 Homines
1406 2519 1468 2578 Dei
1489 2526 1635 2579 vocantur
1657 2521 1691 2580 in
1712 2518 1880 2598 Scriptun’s

1187 2606 1241 2685 qui
1269 2605 1384 2665 rstiono
1409 2603 1497 2664 officii
1520 2604 1705 2685 peculiarem
1729 2624 1799 2666 curn
1822 2606 1881 2665 Deo

483 2694 532 2753 21.
556 2694 630 2753 Non
645 2694 729 2753 cuim
743 2693 909 2755 volontate
923 2693 1067 2753 humano
1083 2693 1134 2751 ul·-
1187 2692 1298 2753 habent
1320 2691 1567 2771 conjunctionem,
1589 2692 1720 2753 maxime
1741 2694 1770 2752 si
1793 2709 1882 2753 nores

439 2780 508 2839 luto
524 2778 756 2855 utaliquando
770 2781 949 2857 prophetia.
966 2781 1133 2856 Humano,
1187 2788 1219 2839 et
1243 2780 1374 2838 actiones
1398 2776 1493 2838 officio
1516 2776 1737 2858 respondeaut3
1762 2785 1798 2839 ut
1819 2799 1878 2861 pre

439 2865 570 2929 Graece:
592 2867 737 2929 hominis.
761 2867 798 2927 Et
814 2887 921 2929 sensns
938 2876 999 2927 est:
1027 2866 1134 2948 Neque
1187 2865 1305 2946 phetae,
1321 2863 1500 2939 sacerdotes,
1525 2867 1670 2946 episcopi.
1694 2864 1785 2939 Vide,
1808 2883 1879 2948 quas

440 2955 518 3015 enirn
548 2953 705 3014 voluntate
736 2966 764 3014 et
793 2955 981 3016 institutione
1007 2955 1134 3015 hominis
1187 2952 1317 3013 diximus
1333 2951 1371 3012 sd
1387 2951 1641 3015 illumino:
1661 2954 1801 3015 Ohomo
1817 2954 1879 3026 Dei,

439 3041 567 3120 eliqu’us
582 3041 651 3101 olim
663 3041 832 3102 introducta
843 3050 890 3102 est
901 3042 1054 3121 Scriptura
1065 3062 1133 3122 pro·
1188 3049 1217 3101 et
1232 3040 1272 3101 ad
1287 3038 1363 3100 illud
1388 3040 1504 3102 stin.
1522 3045 1567 3104 3.:
1601 3042 1640 3103 m
1661 3041 1829 3118 perlectus
1847 3040 1882 3099 sit

440 3130 566 3211 phetica,
588 3148 640 3188 ssu
662 3129 762 3208 potius
785 3148 859 3188 usus
883 3139 911 3187 et
936 3126 1050 3189 iunctio
1066 3150 1132 3209 pro·
1187 3130 1280 3188 homo
1302 3130 1372 3189 Dei.
1400 3124 1495 3188 Addit
1517 3137 1616 3188 sutem
1639 3127 1818 3206 epitheton,
1842 3124 1879 3185 di·

439 3212 601 3297 phetandi,
623 3214 653 3275 id
676 3223 737 3289 cst,
759 3214 950 3296 praedicendi
972 3214 1082 3288 lutura,
1105 3225 1136 3277 et
1187 3214 1297 3276 cende:
1320 3216 1431 3276 Sancti
1446 3216 1508 3275 Dei
1522 3216 1675 3289 homines,
1699 3222 1734 3274 ut
1749 3234 1791 3274 ue
1805 3212 1881 3275 dubi·

440 3301 611 3385 profereudi
633 3299 672 3362 ud
687 3302 821 3362 hominos
845 3322 955 3363 arcuna
971 3304 1040 3364 Dei.
1063 3303 1135 3363 Bre·
1188 3310 1292 3376 temus,
1308 3321 1369 3374 eos,
1386 3321 1437 3380 per
1453 3320 1530 3382 quos
1545 3302 1736 3363 ministratae
1751 3309 1825 3362 suut
1836 3318 1881 3361 no·

439 3392 532 3452 viter:
546 3388 714 3469 Prophetis
724 3410 785 3450 uon
798 3398 845 3451 est
860 3390 1014 3450 inventum
1029 3388 1133 3450 hume·
1187 3389 1235 3449 bie
1258 3388 1432 3468 Scripturas
1455 3409 1575 3461 sacres,
1601 3396 1661 3449 tam
1686 3389 1771 3462 novi,
1799 3406 1882 3469 qus!

440 3497 521 3541 num.
553 3477 635 3537 Hinc
660 3475 796 3557 sequitur
822 3475 868 3549 id,
898 3475 980 3554 quod
1007 3477 1136 3557 probare
1188 3476 1301 3536 veteris
1324 3475 1497 3536 testamenti
1519 3471 1600 3551 (nem
1620 3474 1661 3537 de
1680 3474 1883 3556 utrisquspsr

439 3565 550 3626 Petrus
566 3564 705 3638 instituit,
727 3563 900 3644 prophetias
919 3582 977 3624 nou
993 3583 1060 3625 esse
1075 3566 1133 3644 pri·
1187 3564 1263 3625 ratio
1280 3558 1345 3639 est),
1361 3570 1482 3623 sanctos
1496 3559 1601 3635 luisse,
1621 3559 1750 3642 quando
1766 3580 1820 3622 ess
1837 3558 1881 3621 rel

441 3660 511 3712 esto
526 3671 618 3713 seusu
634 3649 798 3711 ctsrbitrio
813 3649 1069 3731 interpretandam
1081 3649 1135 3711 sed
1188 3648 1338 3723 dictando,
1354 3649 1404 3709 vel
1419 3648 1578 3710 scribendo
1598 3645 1801 3709 tradiderunt.
1821 3647 1883 3710 ,Ια-

440 3737 536 3819 (quod
551 3736 778 3817 intelligendum
801 3733 955 3820 relinquit)
978 3740 1008 3799 in
1032 3756 1135 3799 earum
1187 3734 1882 3816 verosiSpiritusauctoinspirsti,etabeoin·

440 3827 686 3906 interpretatione
709 3844 827 3905 semper
849 3824 1068 3904 respiciendum
1095 3823 1134 3884 ud
1187 3823 1883 3905 pulsilocutisuntprophetaeetcseterisssro

441 3933 560 3975 sensum
576 3911 739 3986 Ecclesiae,
754 3931 834 3992 quae
848 3911 994 3991 Spiritum
1011 3913 1069 3972 Dei
1084 3910 1134 3972 ha·
1187 3931 1253 3971 rum
1269 3910 1413 3971 librorum
1428 3910 1597 3991 scriptores,
1613 3930 1690 3972 sane
1704 3923 1884 3991 comsqusss

440 3999 499 4061 bet.
523 3999 601 4060 Nam
617 4001 723 4080 utique
746 3998 850 4060 eodem
872 4000 982 4079 spiritu
1006 4006 1076 4059 sunt
1091 3999 1134 4058 iu·
1189 4006 1242 4071 est,
1250 3997 1435 4077 Scriptorum
1444 4003 1537 4058 totum
1545 3997 1749 4059 essevsrbum
1757 3995 1884 4069 Duas

441 4085 657 4168 terpretsndse,
679 4105 739 4166 quo
754 4087 884 4165 scriptae
897 4094 967 4147 sunt
982 4095 1012 4147 st
1028 4084 1066 4146 sd
1081 4104 1136 4146 nus
1187 4084 1276 4146 aliter
1290 4104 1310 4145 a
1323 4083 1411 4144 nobis
1423 4082 1639 4165 accipiendam,
1655 4101 1751 4163 quatu
1767 4084 1795 4144 si
1808 4082 1882 4144 De·

442 4172 562 4247 allatae,
578 4172 608 4233 id
621 4181 676 4246 est,
692 4173 805 4254 Spiritu
822 4171 933 4247 divino,
948 4193 1038 4255 quem
1051 4171 1135 4233 Ohri·
1188 4171 1364 4232 immediate
1385 4181 1416 4232 et
1429 4171 1547 4252 ubsque
1567 4170 1702 4233 humsno
1730 4170 1785 4231 vel
1803 4185 1882 4248 sq&

442 4269 507 4322 stus
535 4279 611 4323 saue
636 4259 791 4321 Ecclesiae
816 4260 960 4340 promisit
998 4260 1047 4320 De
1077 4277 1136 4339 quo
1189 4258 1248 4320 lico
1271 4259 1437 4318 ministerio
1465 4277 1531 4318 eam
1555 4255 1703 4319 edidisset
1728 4264 1778 4331 et,
1797 4266 1831 4317 ut
1849 4256 1884 4314 its

440 4347 558 4429 Spiritu
573 4348 722 4427 sequitur:
1189 4345 1287 4407 diuam
1304 4343 1399 4424 digito
1414 4364 1469 4405 suo
1485 4345 1668 4424 scripsisset.
1686 4342 1780 4426 Quod
1795 4351 1880 4405 stru-

485 4436 547 4497 Scd
573 4436 696 4510 spiritu
723 4441 834 4496 sancto
860 4435 1012 4511 inspirati
1038 4434 1136 4494 locuti
1189 4433 1256 4493 lunt
1279 4430 1332 4491 illa
1353 4431 1443 4492 Pauli
1465 4430 1558 4492 verba
1573 4434 1592 4492 2
1610 4430 1694 4494 Tim.
1710 4433 1760 4493 h:
1787 4429 1883 4494 Onnt't

443 4528 518 4585 suot
537 4523 641 4584 sanai
661 4523 724 4583 Dei
745 4523 895 4582 tornines.
919 4520 1052 4582 Graece:
1075 4519 1137 4581 Sed
1190 4522 1359 4597 Scriptura
1382 4518 1537 4580 diuinitus
1559 4522 1735 4598 inspiratu.
1761 4518 1811 4580 De
1830 4513 1881 4598 qui·

444 4629 466 4671 a
479 4611 605 4688 Spiritu
618 4617 728 4672 sancto
743 4611 806 4670 uati
821 4626 876 4671 ssu
889 4608 1030 4686 impulsi,
1046 4598 1135 4685 φερό·
1190 4608 1246 4668 bus
1262 4608 1333 4667 item
1349 4624 1405 4667 suo
1421 4605 1497 4668 loco.

1019 4869 1321 4882 ..w—„mm
