4442 5825
417 583 464 652 30
922 570 1157 654 comminus
1176 571 1207 624 m
1226 571 1292 626 cer.
1309 573 1347 627 rr.

458 753 573 815 Nonae
587 750 669 827 illis,
686 753 741 827 qm‘
752 755 976 826 peceaverunt.
1010 746 1110 807 Multi·
1165 747 1264 809 nantis
1279 746 1390 808 verba:
1417 748 1526 808 Vestro
1541 748 1704 811 eodooero
1721 750 1869 824 ioeebrmt

417 837 489 918 plici
518 858 630 918 genere
663 846 852 917 peecatorem
882 835 1023 896 offensam
1053 834 1112 894 Dei
1164 837 1199 895 irs
1215 834 1406 911 solitudine,
1425 835 1515 894 Num.
1533 838 1583 896 14.

416 931 655 1005 provocaverunt
666 922 718 984 filii
730 922 836 995 Israel,
845 931 880 982 ut
890 919 1111 993 murmurando,
1211 924 1258 982 18.
1283 921 1402 1000 Quibus
1431 928 1538 982 autem
1559 924 1690 997 juravit
1719 940 1791 982 seon
1818 925 1870 984 in·

415 1012 668 1090 eoneupiseende,
690 1009 816 1070 vitulum
840 1008 1019 1068 conflatilem
1041 1005 1111 1067 edo·
1164 1012 1264 1069 troire
1279 1011 1315 1070 iss
1329 1008 1469 1085 requiem
1485 1011 1594 1085 ipsius.
1629 1011 1706 1070 Noa
1721 1011 1871 1086 introire,

342 1162 345 1168 ,
414 1096 518 1172 rende,
534 1097 719 1176 desperando
731 1107 840 1156 terrem
852 1096 1041 1176 promissam,
1058 1092 1112 1154 sed
1164 1095 1302 1156 Latinius
1318 1094 1386 1155 alii:
1416 1113 1484 1155 aon
1500 1097 1708 1172 inpressoros.
1749 1097 1798 1156 De
1813 1097 1870 1159 hoe

415 1203 542 1265 qnorum
558 1187 686 1244 omnium
702 1190 794 1264 eaput
810 1190 840 1242 et
856 1201 947 1242 eausa
962 1180 1054 1240 inerit
1069 1181 1109 1238 in·
1160 1181 1333 1259 juramento
1348 1183 1423 1242 satis
1439 1178 1553 1242 dietum
1569 1189 1616 1242 est
1631 1202 1733 1264 supra.

413 1269 558 1344 fidelitas,
585 1290 645 1348 que
671 1271 730 1330 Dei
750 1269 905 1350 promissis
930 1266 1111 1340 diffidebant,
1207 1269 1276 1330 Nisi
1304 1268 1386 1342 illis,
1427 1273 1483 1343 qut
1512 1269 1673 1330 semeonis
1706 1269 1871 1346 suerunt?

413 1365 446 1418 nt
457 1363 541 1439 petet
553 1376 591 1417 ex
602 1357 727 1419 historie
739 1357 783 1416 rei
794 1363 908 1435 gestae,
924 1355 1111 1432 potissimum
1164 1355 1311 1415 Erasmus
1326 1374 1364 1415 ex
1380 1352 1498 1414 Grseee
1515 1357 1620 1416 vertit:
1644 1357 1718 1416 Nisi
1733 1357 1794 1433 iis,
1819 1361 1872 1436 qui

413 1443 505 1505 Num.
523 1445 571 1503 14.
608 1442 697 1504 Unde
713 1452 743 1502 et
757 1440 922 1522 Apostolus
938 1442 969 1500 in
985 1458 1110 1519 sequen·
1164 1461 1232 1502 aea
1248 1439 1456 1502 obedierant?
1476 1438 1540 1501 Sed
1555 1442 1654 1503 minus
1670 1450 1766 1503 reete.
1791 1442 1869 1505 Nem

415 1530 496 1592 tibus
510 1529 605 1590 solem
620 1531 754 1591 nominet
770 1526 985 1589 infidelitatem.
1165 1526 1311 1588 Graecum
1327 1527 1452 1587 verbum
1465 1518 1609 1586 ἀπειθεῖν
1620 1530 1737 1610 passim
1749 1530 1782 1590 iu
1795 1528 1869 1593 Seri·

832 1688 833 1692 ,
1163 1615 1260 1694 pturis
1276 1613 1459 1694 Apostolieis
1475 1623 1639 1694 usurpetur
1654 1635 1710 1696 pro
1727 1636 1773 1688 eo,
1789 1616 1870 1700 quod

457 1706 599 1785 Quorum
622 1702 782 1763 eodooero
798 1706 963 1779 prostrato
985 1706 1060 1760 sunt
1075 1700 1112 1758 iss
1165 1708 1211 1761 est
1225 1701 1306 1762 nolle
1322 1700 1460 1772 eredere,
1484 1699 1566 1761 nolle
1577 1702 1772 1783 persuaderi,
1789 1682 1878 1764 nolli

414 1791 544 1852 deserto.
593 1790 777 1863 cadavera,
813 1786 928 1848 Greeee
958 1785 1110 1861 membro,
1164 1788 1372 1865 acquiescere
1399 1795 1432 1846 ut
1448 1788 1581 1866 positive
1604 1786 1792 1869 significetur
1806 1789 1867 1852 ine

414 1874 669 1957 quemadmodum
686 1884 717 1935 et
731 1875 863 1936 Basilius
875 1872 949 1951 legit
965 1873 995 1932 in
1010 1872 1110 1932 home·
1164 1872 1287 1945 delites,
1309 1873 1408 1954 qualis
1431 1872 1502 1946 illa,
1527 1873 1565 1935 de
1588 1894 1650 1955 qus
1665 1874 1820 1937 Dominus
1839 1879 1869 1938 in

413 1963 455 2024 lis
470 1962 509 2024 de
521 1963 656 2042 jejunio;
672 1962 797 2040 Syrisce
813 1979 890 2022 osso.
922 1960 1110 2039 Quemquam
1163 1960 1347 2037 Evangelio:
1373 1961 1409 2034 Si
1432 1977 1499 2020 aon
1523 1965 1677 2023 venissem
1694 1970 1725 2023 es
1747 1962 1869 2025 loeutus

414 2049 534 2112 Greeee
545 2049 637 2111 dictio
649 2045 736 2108 sote
745 2050 835 2108 etiem
846 2048 1005 2108 oodouero
1017 2047 1109 2125 sigui-
1161 2047 1291 2123 fuissem
1319 2050 1378 2121 eis,
1409 2051 1577 2122 peceatum
1606 2065 1676 2109 nors
1703 2048 1867 2124 baberent,

413 2137 492 2198 lieet
512 2135 762 2216 Theophylsetus
774 2154 896 2215 quoqne
907 2140 1111 2194 testeturosss
1163 2132 1187 2193 J
1188 2154 1255 2194 oen.
1273 2133 1323 2193 15.
1360 2131 1478 2192 Eadem
1495 2145 1542 2193 est
1565 2133 1747 2215 signifieetio
1764 2134 1867 2215 Syris·

413 2222 593 2303 significari,
610 2222 664 2283 sed
679 2223 804 2302 majore,
820 2221 920 2302 qualia
934 2228 1002 2280 eunt
1016 2218 1109 2279 teno-
1163 2238 1215 2279 eae
1231 2222 1326 2280 vocis.
1349 2217 1465 2281 Sensus
1480 2219 1574 2299 igitur
1589 2229 1647 2280 est:
1668 2220 1740 2283 Nisi
1757 2222 1803 2295 iis,
1819 2223 1869 2304 qui

413 2329 488 2371 rum.
525 2310 606 2371 Usus
632 2317 679 2371 est
704 2317 811 2369 eneter
837 2328 874 2369 es
900 2326 990 2379 roes,
1021 2325 1110 2386 quem
1162 2313 1230 2386 post
1244 2314 1288 2366 tet
1310 2314 1340 2369 et
1355 2314 1442 2367 tonte
1466 2308 1619 2384 potentiae
1638 2306 1767 2371 divinse
1784 2309 1868 2391 signs

412 2397 529 2478 legerat
544 2394 626 2477 epnd
641 2395 740 2458 LXX.
756 2395 846 2455 Num.
864 2398 913 2456 14.
937 2402 983 2454 ter
998 2393 1108 2473 repeti·
1163 2391 1294 2453 exhibita
1308 2392 1439 2454 nondum
1455 2392 1516 2453 sibi
1538 2394 1569 2454 in
1591 2394 1728 2456 animum
1743 2393 1866 2459 induxe

412 2491 482 2545 tem.
520 2482 608 2563 Quae
634 2485 725 2544 etiem
752 2480 835 2563 spud
857 2480 978 2542 eosdem
998 2480 1111 2563 legitur
1161 2486 1247 2553 runt,
1262 2488 1296 2539 ut
1311 2479 1466 2560 promissis
1483 2477 1544 2540 Dei
1559 2479 1740 2542 studerent?

413 2568 478 2631 Jes.
508 2570 577 2646 ult,
605 2569 658 2630 ubi
688 2569 897 2648 Hieronymus
928 2567 1032 2627 vertit:
1067 2567 1111 2627 Et
1208 2567 1258 2626 19.
1281 2565 1595 2643 messemque
1607 2586 1676 2628 aoso
1688 2577 1867 2647 pomerum

413 2656 566 2718 videbunt
595 2656 757 2717 cadavera
786 2657 939 2715 virosam.
981 2652 1109 2713 Sensus:
1161 2654 1298 2712 introire
1309 2659 1445 2729 propser
1459 2653 1732 2717 incredulitatem.
1769 2655 1865 2738 Qnssi

412 2741 548 2823 Quorum
563 2740 688 2823 proinde
707 2760 834 2822 corpore
850 2742 941 2820 juxta
954 2739 1015 2799 Dei
1031 2758 1108 2798 eom·
1162 2737 1258 2799 diest:
1296 2737 1415 2811 Conse,
1445 2749 1569 2819 propter
1597 2761 1691 2821 quem
1723 2742 1866 2825 prohibiti

410 2831 606 2892 minationem
632 2829 724 2890 seriis
753 2827 902 2888 mortibus
932 2832 1109 2905 consumpte
1162 2825 1283 2887 fuerunt
1306 2825 1345 2886 eb
1369 2827 1507 2907 ingressu
1530 2829 1695 2907 promissus
1710 2831 1865 2911 requietis,

411 2925 495 2991 sunt,
522 2919 565 2978 ite
585 2925 619 2977 ut
642 2917 796 2976 innumere
818 2916 928 2975 ossium
950 2910 1108 2974 multitudo
1162 2914 1243 2973 olere
1258 2933 1403 2993 expresse
1427 2921 1473 2975 est
1495 2934 1531 2975 se
1554 2919 1712 2996 preposite
1737 2919 1866 2981 nobisia

411 3002 517 3065 reliets
531 3004 627 3064 inerit
649 3002 783 3065 albentes
806 3001 918 3063 deserti
934 3018 1040 3081 sparse
1054 3017 1110 3078 per
1161 2998 1301 3075 historis;
1331 3000 1484 3074 nimirum,
1520 3003 1593 3082 quis
1622 3002 1685 3065 Dei
1712 3006 1865 3084 promissis

411 3109 510 3171 egros
546 3090 682 3171 Respicit
708 3089 748 3151 ed
771 3088 823 3150 iile
841 3088 965 3149 Domini
988 3086 1108 3148 eommi·
1161 3083 1250 3146 fidem
1265 3107 1325 3147 nen
1342 3087 1522 3149 babuerunt.

863 3468 1059 3553 orror
1105 3468 1415 3556 utentur.

515 3619 706 3687 Timeamus
733 3640 825 3707 ergo,
852 3641 893 3687 ne
921 3621 1007 3687 forte
1031 3620 1152 3688 relieta
1172 3621 1416 3707 pollleitetione
1436 3625 1627 3695 introeundi
1653 3630 1688 3696 in
1715 3633 1862 3721 requiem

412 3726 504 3810 ejus,
541 3724 750 3791 existimetur
787 3725 905 3812 aliquis
940 3744 982 3790 ex
1018 3722 1116 3790 vobis
1143 3724 1260 3793 deesse
1275 3716 1311 3808 ¹).
1366 3729 1400 3792 2.
1428 3728 1561 3797 Etenim
1590 3737 1625 3798 et
1651 3731 1752 3801 nobis
1778 3757 1862 3804 nun·

410 3829 528 3897 tistum
557 3833 625 3916 est,
662 3829 935 3917 quemadmodum
974 3835 1008 3896 et
1039 3829 1122 3914 illis3
1157 3829 1308 3897 sednon
1335 3832 1461 3918 profuit
1488 3834 1554 3901 illis
1581 3854 1690 3903 sermo
1718 3838 1862 3927 auditus,

410 3951 476 3999 non
517 3933 676 4000 admistus
718 3933 795 4000 srdei
838 3954 879 3999 ex
905 3934 963 4021 iis,
1005 3953 1088 4023 queo
1130 3933 1317 4001 audierunt.
1373 3937 1407 4001 3.
1434 3937 1664 4025 Ingrediemur
1701 3943 1792 4011 enlm
1831 3945 1862 4011 in

410 4036 576 4125 requiem,
619 4037 675 4126 qui
709 4037 927 4125 credidimus,
968 4037 1243 4127 quemadmodum
1283 4036 1367 4105 dixit
1379 4027 1426 4121 ²):
1467 4039 1562 4109 Sicut
1598 4046 1714 4130 iuravi
1747 4046 1783 4115 in
1817 4049 1863 4117 irs

410 4160 504 4207 mes:
538 4140 574 4208 Si
602 4138 787 4209 introibunt
814 4145 848 4208 in
875 4143 1023 4232 requiem
1051 4162 1177 4226 meam,
1213 4147 1248 4207 et
1283 4142 1416 4230 quidem
1452 4144 1610 4232 operibus
1646 4147 1690 4215 sb
1726 4151 1861 4222 iustitu-

410 4244 501 4311 tlone
529 4244 644 4311 mundi
670 4244 840 4330 perfectis
896 4250 931 4314 4.
959 4247 1056 4314 Dixit
1091 4247 1177 4313 enim
1214 4247 1248 4311 in
1285 4246 1427 4332 quodem
1454 4250 1529 4317 loeo
1558 4250 1684 4319 dedis
1719 4258 1864 4342 septime

409 4336 512 4429 sie³):
540 4346 585 4413 lit
611 4350 777 4437 requievit
803 4350 897 4418 Deus
925 4351 978 4418 die
1014 4351 1157 4437 septime
1184 4347 1227 4415 ab
1256 4350 1407 4419 omnibus
1435 4353 1592 4440 operibus
1620 4357 1698 4423 suis.
1757 4358 1792 4426 5.
1821 4360 1862 4427 m

410 4452 443 4517 in
484 4453 549 4518 isto
589 4472 735 4520 rursum:
775 4452 811 4521 si
850 4452 1036 4522 introibunt
1075 4455 1109 4520 in
1149 4453 1297 4542 requiem
1337 4475 1456 4523 meam.
1513 4459 1545 4524 6.
1575 4458 1741 4543 Quoniam
1783 4483 1861 4551 ergo

410 4560 564 4641 superest
591 4557 728 4623 introire
755 4559 914 4646 quosdam
941 4560 975 4626 in
1003 4559 1114 4643 illem,
1149 4558 1253 4643 etii,
1290 4557 1410 4647 quibus
1435 4560 1603 4647 prioribus
1630 4566 1861 4646 annuntiatum

411 4664 482 4742 est,
522 4680 588 4726 nou
623 4660 822 4730 introierunt
855 4669 994 4751 propter
1030 4660 1318 4747 incredulitatem
1361 4666 1393 4730 i.
1421 4665 1543 4734 iterum
1579 4669 1738 4736 terminat
1775 4672 1861 4741 diem

411 4762 595 4847 quendam:
622 4764 747 4851 Hodie,
775 4768 809 4834 in
836 4768 948 4835 David
975 4754 1165 4852 dieend0²)‚
1193 4772 1271 4853 post
1298 4772 1426 4835 tentum
1446 4772 1617 4857 temporis,
1645 4774 1734 4842 sieut
1761 4793 1860 4863 suprs

410 5021 453 5089 u,
472 4950 614 5079 ῥῦσαι.
631 4960 658 5024 ι,
677 4960 717 5012 ιι.
738 4962 778 5014 ιι.
800 4962 839 5025 ιι,
860 4962 960 5015 re.·1r.
983 4957 1010 5025 ⁸)
1028 4961 1089 5020 cro.
1108 4959 1133 5025 s,
1156 4961 1195 5012 ιι.
1222 4959 1316 5012 esum.
1336 4962 1379 5023 ss,
1402 4962 1441 5014 ιι.
1467 4955 1493 5027 ¹)
1514 4963 1523 5014 ι
1546 4963 1608 5015 sios.
1627 4964 1652 5027 s,
1671 4964 1697 5016 s
1723 4962 1751 5033 ι)
1768 4966 1859 5020 reue
