4442 5825
671 593 703 648 lli
719 594 887 650 mutatas
903 594 992 650 sssrl
1007 594 1111 650 worn
1146 592 1231 647 VERS.
1253 593 1292 647 ta
1312 593 1352 646 id.
1647 597 1719 667 m

371 787 383 831 r
414 771 490 848 [ont
516 789 619 848 aquae
644 772 785 831 salientia
810 773 845 831 in
871 773 973 830 odom
1025 769 1159 831 babeant
1179 767 1318 828 arborum
1343 766 1488 827 bonerum
1502 787 1539 829 sc
1552 765 1719 828 hutileta-

371 875 452 917 uam.
496 856 591 917 Addit
622 858 804 936 Apostolus:
841 876 923 933 quae
952 876 974 916 a
1026 875 1098 930 rum,
1121 875 1158 914 ac
1179 853 1256 914 tales
1280 873 1348 914 sese
1367 855 1514 933 jactitent,
1536 861 1637 915 tamen
1659 870 1721 915 au·

371 946 674 1019 teireumapuntur,
702 943 785 1023 quod
810 963 893 1002 more
919 963 971 1003 nu·
1026 941 1184 1004 tumnalea
1219 950 1290 1001 suut
1327 960 1363 1001 aa
1397 939 1611 1020 frugiperdae,
1649 941 1722 1020 quis

384 1049 464 1111 quae
474 1029 617 1108 procellis
628 1033 787 1110 agitantur,
803 1032 972 1091 inconstan-
1025 1030 1161 1099 fructum,
1187 1027 1213 1087 si
1240 1045 1329 1106 quem
1355 1025 1435 1088 ferre
1462 1025 1632 1099 videantur,
1658 1046 1719 1086 ma·

371 1125 400 1176 ot
415 1117 446 1175 in
461 1117 523 1176 suis
538 1115 694 1196 dogmatis,
718 1118 861 1194 fingentes
877 1137 921 1188 ea,
937 1137 974 1177 ac
1025 1125 1124 1176 turum
1154 1123 1184 1175 et
1213 1112 1321 1174 utilem
1346 1112 1473 1174 reddere
1498 1133 1558 1173 non
1583 1120 1720 1192 possunt.

371 1211 478 1273 entes,
505 1211 594 1281 prout
619 1201 742 1262 effeetus
768 1202 972 1281 cupiditatum,
1025 1202 1089 1262 Imo
1105 1201 1206 1262 verius
1220 1202 1414 1278 infructuosi
1428 1207 1505 1273 suut,
1521 1198 1720 1279 quianullum

371 1288 480 1350 ‚venti
503 1288 634 1367 quidam,
657 1287 696 1348 sd
718 1289 796 1349 hanc
820 1299 873 1350 aut
891 1289 972 1350 illam
1025 1307 1128 1348 verum
1143 1307 1178 1347 ao
1193 1288 1356 1348 salutarem
1370 1285 1498 1346 imatum
1520 1286 1636 1359 ferunt,
1661 1304 1719 1347 nee

371 1385 442 1435 stem
456 1371 612 1435 doctrinae
623 1393 674 1435 eos
686 1374 868 1454 impulerint.
884 1374 973 1448 Vide,
1027 1376 1057 1434 iu
1072 1394 1105 1434 se
1121 1375 1206 1453 ipsis,
1222 1376 1324 1434 necin
1339 1375 1401 1433 suis
1415 1371 1620 1433 sectatoribus.
1644 1372 1721 1432 Item

373 1463 407 1522 in
421 1461 513 1520 Petro
528 1459 667 1521 diximus.
697 1463 808 1522 Exstat
823 1462 898 1523 haee
913 1481 972 1522 me·
1026 1468 1096 1523 suut
1118 1461 1164 1522 bis
1187 1463 1316 1536 mortui,
1341 1461 1413 1540 quia
1435 1478 1488 1539 per
1504 1459 1719 1537 baptismuma

371 1548 438 1608 rica
470 1546 589 1626 phrasis
615 1549 705 1607 etiam
735 1547 817 1627 apud
844 1548 972 1609 Paulum
1026 1557 1120 1608 morte
1131 1549 1249 1628 peceati
1261 1545 1351 1606 semel
1363 1546 1542 1619 resuscitati,
1554 1546 1585 1604 in
1596 1543 1722 1605 eandem

388 1637 434 1695 4.:
477 1633 516 1694 Ut
536 1637 606 1709 jam
631 1653 700 1696 non
724 1629 821 1695 umus
841 1636 973 1712 paruuli
1026 1644 1152 1694 mortem
1168 1653 1223 1715 per
1238 1634 1422 1713 apostasiam
1436 1631 1548 1710 relapsi
1564 1639 1642 1692 sunt
1670 1629 1723 1692 De

371 1727 486 1794 tontes,
525 1729 555 1780 et
590 1723 856 1799 circumferamur
886 1724 973 1782 omni
1027 1740 1087 1800 quo
1110 1719 1232 1800 relapsu
1255 1722 1387 1800 graviter
1401 1720 1598 1779 meminerunt
1612 1718 1723 1778 Petrus

371 1806 566 1883 »doetrinae
582 1812 619 1869 in
637 1809 782 1884 nequitia
796 1809 972 1883 bominum,
1027 1808 1157 1886 sapiet.
1174 1809 1218 1882 9.,
1245 1807 1360 1867 Paulus
1375 1806 1469 1866 Hebr.
1487 1807 1515 1865 6.
1533 1813 1561 1865 et
1577 1806 1626 1864 10.
1656 1804 1718 1865 De·

383 1893 432 1953 ltlx
459 1912 519 1971 quo
546 1897 635 1955 etiam
662 1893 728 1954 loeo
755 1902 897 1975 apparet,
923 1894 973 1954 hie
1025 1895 1117 1974 nique
1140 1902 1209 1954 suut
1233 1893 1387 1954 eradicati
1402 1901 1431 1951 et
1446 1893 1558 1966 excisi,
1580 1889 1661 1972 quod
1683 1910 1722 1952 ex

371 1977 442 2039 dum
458 1998 540 2040 esse:
556 1981 836 2059 circumferuntur.
1027 1982 1079 2053 eis,
1095 1987 1247 2061 tamquam
1259 1999 1298 2042 ex
1309 1978 1463 2041 arboribus
1479 1977 1623 2039 radicitus
1636 1977 1719 2038 evul-

371 2066 459 2126 borea
488 2069 711 2143 autumnales,
741 2070 971 2146 infructuosae,
1027 2069 1076 2140 sis,
1100 2065 1213 2127 fructus
1237 2088 1297 2127 non
1319 2065 1447 2145 amplius
1469 2073 1620 2145 speretur,
1644 2061 1721 2124 adeo

371 2159 500 2229 lortuae,
520 2155 707 2215 eradicatae.
738 2155 856 2217 Graece
870 2153 974 2216 addita
1026 2162 1061 2212 ut
1075 2152 1113 2213 de
1129 2152 1240 2213 talibus
1256 2151 1335 2213 dieat
1350 2151 1464 2212 Paulus
1479 2151 1574 2212 Hebr.
1592 2153 1637 2212 e:
1652 2151 1722 2212 Im·

372 2240 507 2300 notione:
532 2248 562 2301 et
584 2242 771 2302 eradicatae.
802 2240 896 2302 Porro
912 2260 973 2302 au-
1023 2239 1174 2317 possibile
1186 2247 1230 2299 eat
1245 2258 1305 2313 eos,
1328 2242 1384 2315 qui
1397 2238 1491 2299 semei
1509 2245 1584 2299 eunt
1598 2237 1721 2298 illumi·

371 2325 460 2402 aies,
488 2325 619 2388 Graece:
645 2321 864 2405 φθινοπωρινὰ,
892 2327 973 2409 quod
1026 2329 1108 2400 nati,
1133 2333 1163 2386 et
1175 2327 1319 2402 prolapsi
1335 2331 1420 2399 eunt,
1444 2343 1555 2385 rursus
1569 2326 1723 2385 renouari

371 2430 427 2472 nus
443 2414 546 2474 vertit:
572 2423 729 2476 autumno
743 2423 973 2477 marcescentes.
1026 2414 1069 2473 ad
1082 2414 1325 2490 poeniteutiam.
1357 2409 1519 2472 (laetarum
1535 2409 1722 2472 observanda

381 2499 486 2560 melius
523 2501 577 2561 alii
614 2504 850 2582 interpretantur
879 2500 974 2582 (quod
1027 2509 1073 2561 est
1094 2501 1126 2560 iu
1146 2499 1194 2559 bis
1216 2498 1359 2579 epithetis
1386 2499 1524 2577 gradatio
1550 2516 1603 2577 per
1627 2498 1721 2556 incre·

378 2585 519 2647 Erasmus
542 2589 572 2646 in
587 2587 831 2650 annotationibus
847 2609 905 2649 nou
921 2590 973 2648 im·
1027 2596 1135 2647 menta.
1165 2585 1243 2646 Nam
1258 2583 1370 2664 grsdm
1385 2593 1461 2654 sunt,
1487 2584 1615 2644 fructum
1632 2583 1720 2643 inuti·

371 2669 401 2746 tt)
434 2672 555 2734 arborea
589 2677 715 2736 extremi
743 2694 780 2735 ae
809 2674 975 2736 deficientis
1025 2673 1083 2734 lem
1098 2671 1186 2745 ferre,
1201 2671 1316 2733 nullum
1331 2670 1409 2731 ferre
1425 2671 1562 2740 frutetum,
1584 2669 1630 2731 bis
1645 2689 1721 2729 mor·

371 2759 426 2818 uni.
456 2759 525 2819 Hoc
547 2772 644 2822 autem
668 2763 720 2822 alii
740 2760 780 2820 ud
799 2761 896 2835 flores,
924 2760 975 2820 alii
1025 2768 1110 2820 tuum
1134 2778 1210 2832 esse,
1234 2758 1273 2819 ad
1288 2766 1450 2819 exuemunr
1473 2756 1629 2828 eradicari,
1651 2757 1721 2817 mit-

371 2851 459 2905 ·uotus
481 2845 621 2909 referunt.
657 2847 705 2908 Ad
728 2848 815 2908 florea
836 2847 974 2929 quidem:
1027 2844 1152 2907 tendum
1168 2847 1323 2925 inignem.

371 2936 503 3008 etenim,
520 2936 615 3015 iuquit
626 2935 705 2996 idem
718 2945 832 3009 auctor,
847 2935 976 2996 arbores
1073 2938 1122 2995 13.
1153 2934 1284 2995 Fluctua
1297 2934 1362 3009 (eri
1377 2934 1484 3006 moris,
1501 2931 1723 3008 despumantes

371 3019 751 3098 dmextremoautumnu
760 3031 888 3098 praeter
896 3030 974 3082 tem·
1027 3039 1099 3084 usas
1113 3021 1324 3164 conpunanes.
1351 3019 1483 3081 Fluctus
1495 3020 1570 3096 feri,
1588 3016 1721 3078 Graece:

385 3109 555 3183 rationem,
570 3110 704 3187 florere3
719 3109 814 3186 idque
829 3108 976 3185 apricolis
1028 3102 1148 3185 κύματα
1196 3124 1283 3186 γρια,
1308 3127 1344 3166 ex
1365 3125 1427 3186 quo
1443 3113 1536 3184 patet,
1560 3103 1640 3164 istud
1659 3106 1723 3182 feri

372 3199 417 3267 at,
433 3213 485 3255 eas
498 3213 574 3257 mon
585 3199 781 3258 emoriturus.
799 3196 847 3256 ed
859 3195 975 3256 fruetus
1028 3193 1220 3256 referendum
1236 3193 1275 3254 ad
1289 3196 1413 3273 fluct-ua,
1429 3213 1490 3252 uon
1505 3191 1544 3252 sd
1558 3192 1722 3270 genitivum

371 3282 487 3361 aquia
502 3281 631 3359 arbores,
654 3304 734 3363 quse
752 3303 818 3343 sero
835 3292 975 3344 nummus
1028 3283 1137 3342 maris.
1173 3280 1397 3361 Ampbibolism
1428 3279 1539 3339 vitavit
1569 3278 1722 3350 Erasmus,

371 3385 401 3426 us
423 3368 583 3447 proterunt,
604 3391 664 3431 nou
688 3389 739 3431 eos
755 3367 923 3448 perducunt
937 3368 976 3429 ud
1029 3369 1099 3430 dum
1125 3370 1168 3429 ita
1193 3369 1302 3428 vertit:
1338 3366 1449 3428 Undae
1476 3366 1590 3443 efferae
1615 3368 1722 3423 maria.

371 3454 494 3515 ritatem.
531 3456 621 3516 Unde
649 3456 769 3537 quidem
789 3457 894 3517 vertit:
921 3474 975 3516 ar·
1030 3455 1247 3532 confusiones,
1276 3453 1406 3514 Graece:
1434 3443 1593 3528 αἰσχύνας,
1621 3449 1653 3510 id
1679 3458 1725 3511 est

371 3540 604 3618 irrupiperdae.
1026 3541 1176 3618 puderet,
1189 3543 1353 3618 infamias.
1367 3540 1521 3618 Reateque
1533 3537 1623 3599 vertit
1634 3538 1723 3598 sru-

371 3624 420 3686 iod
443 3637 540 3689 autem
566 3631 719 3711 seqnitur:
745 3629 976 3707 infructuosae,
1029 3646 1110 3688 mus:
1138 3629 1370 3704 Deepumantes
1391 3644 1449 3685 aua
1469 3628 1612 3701 ipsomm
1629 3623 1723 3684 dede·

371 3730 415 3774 ce:
432 3706 569 3794 ἄκαρπα,
586 3715 763 3797 quibusdam
780 3715 978 3777 videturesse
1030 3733 1114 3775 eoru.
1138 3713 1264 3774 Videtur
1275 3710 1439 3793 Apostolus
1453 3711 1510 3771 beo
1525 3708 1726 3771 similitudine

371 3803 489 3876 statutio
504 3803 621 3883 prioris.
647 3804 726 3863 Nam
743 3809 773 3862 et
787 3803 909 3863 arbores
925 3822 975 3862 ex·
1030 3802 1088 3863 tria
1110 3807 1216 3861 notare
1239 3802 1270 3861 iu
1292 3800 1377 3861 falsis
1405 3797 1465 3858 illis
1488 3798 1654 3878 magistris:
1680 3800 1723 3857 iu·

371 3902 380 3941 ν
407 3899 549 3950 autumno
582 3890 722 3951 florentes
755 3887 886 3949 fructum
919 3909 978 3949 non
1030 3884 1617 3965 constentiam,turbasetturpitudinem.
1634 3884 1723 3944 Nam-

371 3981 444 4049 unt,
479 3975 518 4036 ab
544 3975 642 4037 hieme
669 3977 900 4055 superveniente
925 3976 977 4034 im·
1031 3994 1092 4054 que
1107 3975 1202 4035 instar
1217 3974 1367 4035 undarum
1383 3973 1474 4032 maris
1489 3981 1637 4052 perpetuo
1652 3971 1722 4031 fluc-

371 4078 423 4137 ιο,
447 4071 478 4122 et
501 4081 579 4141 quae
602 4071 663 4124 tam
687 4082 751 4123 sero
774 4060 903 4123 fructum
927 4060 977 4120 ed·
1031 4069 1116 4121 tusnt
1142 4062 1172 4120 iu
1199 4064 1263 4121 suis
1287 4058 1448 4136 doctrinis3
1473 4060 1544 4118 item
1571 4057 1665 4118 turbis
1691 4075 1727 4116 ac

373 4153 401 4219 t,
422 4150 461 4209 ob
485 4147 611 4210 eandem
635 4170 756 4210 eausam
779 4151 979 4220 immaturum,
1033 4146 1164 4208 dissidiis
1190 4148 1289 4208 omnia
1314 4146 1450 4226 repleut3
1479 4165 1515 4205 ae
1539 4146 1631 4205 tertio
1657 4162 1728 4205 suus

371 4234 457 4296 oiude
472 4234 619 4305 inutilem,
641 4236 822 4314 relinquunt,
846 4244 879 4295 ut
895 4234 932 4294 ob
949 4232 979 4292 id
1032 4232 1163 4314 produnt
1177 4253 1213 4294 ae
1228 4233 1407 4313 despumant
1421 4231 1540 4304 sordes,
1560 4232 1591 4292 id
1606 4239 1652 4291 est
1665 4239 1726 4289 tur·

371 4338 393 4380 'o
420 4323 481 4383 dici
506 4323 623 4403 possint
648 4324 875 4401 infructuosae.
918 4320 980 4380 Alii
1032 4318 1194 4401 pitudines.
1225 4320 1315 4380 Hauc
1338 4320 1598 4399 comparationem,
1620 4316 1728 4377 amari

381 4408 519 4470 additum
543 4409 600 4469 boc
615 4417 729 4491 putant,
754 4418 788 4469 ut
809 4428 919 4468 novum
945 4426 981 4467 ac
1034 4415 1064 4467 et
1078 4406 1217 4467 fluctibus
1232 4408 1299 4486 ejus
1320 4414 1476 4485 sumptam,
1498 4405 1600 4485 impiis
1623 4403 1654 4465 in
1676 4420 1727 4482 ge-

371 4495 452 4556 idum
476 4495 631 4576 epitheton
656 4495 793 4556 arborum
820 4493 980 4568 malarum3
1034 4513 1104 4553 uere
1120 4488 1259 4572 (quorum
1275 4502 1375 4553 tamen
1391 4493 1545 4572 praecipui
1566 4500 1636 4552 suut
1651 4508 1728 4551 erro·

371 4583 452 4643 tium
468 4583 620 4663 epitheton
638 4584 693 4642 sit:
717 4583 762 4643 bis
776 4589 932 4655 mortuae,
951 4578 980 4640 id
1034 4600 1099 4639 rum
1115 4577 1263 4660 magistri)
1286 4580 1420 4660 applieat
1442 4579 1570 4651 Jeseias,
1594 4597 1661 4657 cap.
1678 4575 1728 4635 5⁷.

371 4672 485 4746 sonitus
501 4677 668 4746 emortuam
692 4678 850 4746 quartum:
874 4668 979 4728 eradi·
1035 4669 1077 4726 ita
1092 4666 1239 4727 scribens:
1262 4668 1361 4743 Impii
1380 4668 1471 4745 quasi
1485 4684 1574 4726 mare
1587 4666 1728 4744 fuerent,

371 4776 374 4809 τ
390 4758 566 4828 stersisse,
589 4758 634 4817 ita
656 4764 689 4815 ut
707 4756 821 4816 fructus
838 4758 868 4815 iu
885 4764 978 4835 poste·
1035 4752 1120 4830 quod
1133 4756 1287 4830 quiescere
1299 4770 1366 4815 non
1376 4759 1490 4831 potest,
1505 4761 1534 4813 et
1543 4751 1732 4813 redundant

371 4844 470 4905 oullua
485 4845 653 4924 exspectari
670 4844 774 4924 possit.
1034 4842 1149 4919 fluctus
1164 4844 1230 4914 ejus
1244 4843 1280 4901 in
1294 4841 1562 4901 conculcationem
1576 4848 1606 4899 et
1617 4840 1730 4899 lutum.

371 4934 427 4993 itur
460 4930 507 4991 bis
532 4930 686 4992 arboribus
712 4929 885 4991 seductores
914 4927 981 4988 illos
1035 4930 1109 4989 Non
1122 4935 1166 4989 est
1174 4946 1243 5003 pac
1253 4929 1370 5003 impiis,
1383 4928 1461 4988 dicit
1469 4927 1730 4988 DominusDeue.

373 5026 446 5081 arat
467 5016 639 5099 Apostolus,
663 5018 743 5099 quia,
766 5036 833 5078 oum
850 5015 980 5097 speciem
1078 5013 1192 5077 Sidera
1215 5017 1367 5077 errantia.
1398 5012 1505 5077 Sidere
1525 5033 1564 5076 ea
1578 5012 1729 5095 intelligit,
