4442 5825
712 602 874 661 mm
889 603 919 661 ll.
935 604 1024 660 stau
1039 604 1135 661 Pml.
1156 605 1240 662 lm.
1260 607 1299 661 18.
1322 608 1361 662 ii.
1665 616 1736 685 001

355 782 528 865 rpaauihua,
553 781 698 844 rotundus
723 790 817 863 atque
842 780 989 856 sublimia,
1042 781 1114 845 inde
1124 785 1361 863 comparativum
1373 802 1428 866 pro
1440 783 1571 865 positivo
1583 802 1739 865 usurpare.

355 868 382 931 le
395 888 433 931 eo
455 876 584 932 ιιιιιιιιι·
600 869 809 950 Hieronymus
830 877 988 931 comment
1041 871 1152 952 Itaque
1167 889 1228 931 non
1243 869 1328 932 uliud
1343 870 1392 932 hic
1406 871 1529 931 Petrum
1543 869 1630 946 velle,
1645 890 1738 953 qnam

355 956 453 1019 husee
475 959 505 1019 h.
529 955 738 1037 Suffregantur
759 956 831 1017 hnic
852 957 990 1037 opinioni
1042 957 1250 1038 propheticum
1265 976 1431 1018 sermonem
1451 958 1524 1018 satis
1540 957 1657 1019 firmum
1673 976 1741 1020 ease

355 1062 436 1119 ιιιι,
462 1041 597 1124 ssyaillus
620 1043 914 1125 Hierosolymitanns
940 1063 988 1104 ca·
1042 1043 1082 1105 ad
1097 1043 1346 1124 persuadendum,
1369 1042 1522 1105 Christum
1545 1063 1613 1105 esse
1628 1044 1736 1105 Filium

355 1132 407 1192 tui
421 1132 472 1192 12.
486 1130 691 1211 Hieronymus
701 1131 732 1192 in
745 1130 898 1210 epitaphio
910 1129 988 1191 hiar-
1043 1131 1121 1205 Dei3
1143 1132 1282 1211 quemvis
1304 1128 1473 1211 apostolica
1496 1132 1666 1193 testimonia
1679 1152 1740 1192 nou

355 1236 396 1293 aa,
414 1216 625 1278 Damascenus
639 1218 671 1278 in
687 1236 826 1279 sermone
841 1216 880 1278 de
893 1224 989 1278 treus·
1043 1215 1231 1279 accederent.
1255 1218 1368 1279 Verum
1391 1216 1548 1279 ostendere
1563 1215 1669 1279 ‹lehuit
1683 1218 1739 1278 lir-

355 1324 376 1365 r.
403 1302 534 1378 Domini,
555 1302 738 1385 Euthymios
753 1305 784 1365 in
800 1302 911 1365 Psalm.
930 1305 990 1377 88,
1044 1321 1143 1365 umus
1159 1304 1305 1384 exemplis
1319 1303 1358 1379 id,
1374 1301 1456 1386 qnod
1467 1302 1548 1377 (licit,
1565 1305 1740 1385 praesertim

355 1410 377 1451 a
391 1388 524 1452 delocis
538 1391 656 1464 sanctis,
680 1410 747 1471 cap.
764 1394 814 1452 1⁷.
837 1389 990 1466 Aquihua
1044 1410 1162 1452 esacra
1183 1391 1338 1471 Scriptura
1362 1390 1486 1471 petitis;
1508 1390 1590 1472 quod
1614 1392 1643 1453 ei
1665 1409 1739 1453 sane

355 1496 397 1539 an
411 1477 592 1538 dissentiunt
606 1476 747 1540 Pahsrin
761 1497 828 1557 cap.
845 1479 873 1537 9.
888 1478 991 1550 Marci,
1044 1477 1167 1539 difficile
1193 1478 1278 1539 toret.
1311 1477 1450 1540 Secundo
1475 1477 1651 1558 respondet,
1680 1499 1741 1540 non

355 1564 528 1625 Γῐιιιίιιιιι
550 1562 651 1625 Lucas
669 1565 701 1625 in
718 1566 767 1627 17.
783 1562 901 1637 hlatth,
925 1565 990 1644 qui·
1045 1564 1221 1643 simpliciter
1244 1564 1305 1626 dici
1332 1565 1551 1646 Prophetarum
1572 1583 1740 1626 sermonem

368 1649 540 1713 verisimile
565 1658 620 1725 est,
643 1651 723 1712 hunc
744 1670 811 1712 esse
833 1651 990 1723 Libanum,
1043 1651 1215 1726 firmiorem,
1236 1652 1290 1713 sed
1310 1652 1373 1730 jam
1397 1652 1507 1712 factm
1529 1652 1687 1714 firmiorem
1703 1672 1741 1713 ac

355 1746 422 1801 teau
453 1739 546 1798 ucria
582 1737 679 1799 literis
716 1737 990 1809 celebratissimum,
1045 1739 1210 1812 certiorem,
1233 1747 1393 1800 attestante
1416 1737 1504 1799 dictis
1525 1738 1647 1801 illorum
1666 1758 1741 1800 voce

355 1824 496 1904 iamque,
510 1823 686 1886 Ptolemaeo
697 1833 777 1885 teate
787 1824 862 1885 libro
875 1823 904 1884 h.
917 1843 988 1904 geo·
1044 1824 1161 1902 Putris;
1177 1824 1337 1887 firmiorem
1350 1824 1457 1904 utique
1474 1842 1508 1886 ιι
1523 1825 1597 1905 ipso,
1613 1846 1672 1887 non
1686 1844 1738 1884 un-

355 1911 447 1984 thiae,
462 1910 649 1982 altissimum,
664 1912 715 1992 qui
732 1913 809 1973 situs
820 1919 866 1972 est
877 1911 909 1972 in
922 1930 985 1990 per·
1045 1919 1103 1971 tem
1120 1913 1219 1972 Patris
1235 1922 1289 1973 sut
1303 1913 1515 1991 Apostolorum
1529 1931 1673 1974 sermone.
1690 1912 1741 1974 sic

355 2019 373 2060 ι
397 1994 569 2059 casareae
590 1996 733 2078 Philippi.
755 1999 793 2059 In
814 1997 921 2079 quihus
943 1995 988 2057 ia·
1044 2007 1075 2058 et
1089 1995 1296 2061 Oscumenius.
1320 1998 1382 2061 Sed
1403 1998 1435 2060 iul
1458 2001 1484 2059 si
1506 1998 1599 2061 vellet
1622 2000 1741 2073 Petrus,

355 2106 368 2147 ι
406 2083 504 2146 misse
532 2085 656 2146 Domini
692 2084 991 2165 transfigurationem,
1044 2083 1159 2145 diceret
1174 2084 1297 2148 hocant
1310 2087 1401 2147 simili
1416 2084 1523 2147 modo:
1546 2087 1644 2166 Igitur
1658 2106 1740 2147 nunc

364 2180 469 2233 autem
483 2169 676 2246 inGalilsee,
690 2172 722 2234 in
737 2191 798 2253 qua
815 2172 927 2243 Tahor,
949 2190 989 2232 ex
1044 2171 1189 2234 hahemus
1214 2173 1374 2235 firmiorem
1395 2172 1602 2254 propheticum
1626 2191 1738 2234 sermo·

355 2278 395 2320 ιο
418 2258 656 2338 doceripntsnt,
678 2259 784 2340 quiin
806 2257 866 2318 fine
889 2278 990 2320 uerre-
1044 2277 1233 2338 numquam
1256 2269 1333 2322 ante.
1357 2259 1464 2321 Tertio
1488 2257 1561 2321 dicit
1587 2260 1741 2335 Erasmus,

355 2346 485 2407 indicit:
501 2346 545 2407 Iu
555 2344 632 2405 tude
638 2347 779 2424 profecti
788 2353 990 2423 praeterpro-
1044 2346 1165 2406 Patrem
1181 2348 1279 2425 ipsum
1294 2346 1347 2408 ille
1362 2345 1487 2407 coelesti
1505 2365 1580 2407 voce
1595 2345 1739 2427 quodem·

355 2441 466 2495 untur
489 2432 675 2495 Gulllucum.
699 2432 769 2493 Huc
790 2440 891 2492 autem
913 2430 990 2493 reie-
1044 2430 1132 2492 modo
1146 2431 1218 2492 Filii
1235 2434 1282 2493 sui
1296 2432 1480 2512 Prophetam
1497 2430 1590 2494 inisse
1605 2453 1641 2494 ac
1654 2451 1740 2514 prae·

355 2530 361 2580 t
387 2517 466 2581 illud
488 2518 616 2580 Jcsaiae
639 2519 706 2581 hh:
738 2519 851 2581 Gloria
872 2519 991 2581 Libani
1044 2538 1159 2579 cenem.
1191 2524 1294 2597 Atque
1320 2521 1382 2595 hic,
1406 2521 1514 2599 inquit,
1537 2538 1639 2581 sermo
1660 2537 1741 2597 pro·

355 2614 428 2669 neat
439 2608 480 2680 rt,
496 2605 590 2666 dcem
601 2605 740 2668 carmelo·
751 2607 907 2668 esseron.
924 2606 991 2683 lpas·
1041 2607 1183 2683 photices
1197 2606 1322 2683 firmior
1344 2614 1412 2667 erut
1434 2624 1578 2668 sermone
1593 2608 1738 2685 Prophe-

355 2694 450 2756 shresst
471 2692 607 2769 plurium
624 2694 771 2769 Domini,
796 2701 825 2753 ct
847 2694 990 2755 decoram
1043 2701 1163 2768 turum,
1179 2712 1258 2770 quor
1271 2695 1321 2755 a'lls’
1338 2694 1585 2769 venerabantur,
1609 2693 1649 2756 ad
1664 2712 1741 2775 quos

355 2781 484 2843 tooure
508 2780 601 2840 Porro
612 2787 757 2842 wnctum
769 2781 876 2841 Petrus
888 2779 990 2859 eppel·
1043 2779 1148 2840 scribit
1157 2779 1277 2841 Petrus.
1300 2783 1341 2842 Et
1351 2779 1431 2842 huuc
1441 2800 1564 2841 sensum
1576 2789 1663 2862 putet
1675 2798 1741 2842 esse

355 2866 432 2930 hunc
446 2875 576 2930 montem
592 2876 716 2949 propter
731 2887 777 2941 ιι,
796 2886 876 2948 quse
890 2868 920 2928 in
939 2866 991 2927 illo
1044 2886 1219 2946 germanum
1241 2867 1329 2949 hujus
1349 2865 1416 2943 loci,
1440 2887 1532 2951 quem
1554 2877 1585 2930 et
1607 2869 1741 2950 sequitur

355 2953 429 3016 ihita
444 2962 522 3027 sunt,
542 2955 643 3031 plenu
663 2957 807 3017 numinis
828 2972 867 3015 uc
889 2957 991 3030 mch·
1043 2956 1074 3015 in
1090 2953 1276 3035 paraphrasi.

355 3045 395 3118 ts,
416 3044 460 3103 ait
475 3040 650 3103 Sashoidus.
674 3041 743 3121 Qua
765 3042 886 3103 ratione
902 3048 991 3102 terra
1086 3040 1147 3103 sed
1162 3039 1220 3101 hcc
1235 3044 1301 3123 quis
1317 3064 1376 3104 non
1391 3041 1495 3104 videat
1517 3050 1654 3105 coactum
1669 3061 1739 3105 case

355 3135 407 3190 cta
428 3128 545 3202 dicitur,
568 3130 600 3189 in
622 3147 684 3210 que
699 3127 776 3190 hioai
791 3128 877 3189 Deua
898 3148 990 3209 apps-
1044 3135 1076 3189 et
1095 3128 1358 3190 commenticium?
1389 3130 1510 3210 quando
1533 3136 1563 3191 et
1586 3150 1631 3203 ιι,
1656 3149 1737 3211 quae

355 3214 478 3287 ,hiroth
494 3216 534 3288 3.,
556 3223 587 3276 ιι
599 3214 773 3277 Jerusalem
789 3217 900 3277 ιίιιιαι
914 3234 991 3277 suu·
1044 3223 1210 3298 sequuntur
1224 3235 1322 3295 usque
1337 3216 1377 3277 ed
1392 3216 1479 3277 finem
1495 3217 1616 3298 capitis,
1634 3225 1741 3296 epertc

355 3351 357 3364 .
373 3304 393 3363 2
407 3301 510 3363 hisch.
526 3302 565 3375 3.,
588 3302 660 3383 quia
682 3302 775 3363 cultui
799 3302 901 3363 divino
923 3321 990 3382 spe·
1044 3302 1162 3374 docent,
1178 3323 1238 3364 non
1252 3303 1302 3365 hic
1316 3302 1356 3364 de
1371 3321 1510 3364 sermone
1531 3309 1667 3385 paterno,
1683 3301 1739 3363 sed

355 3389 415 3450 iter
425 3388 579 3470 deputata,
595 3395 635 3462 et,
649 3396 685 3450 ιιι
695 3389 843 3450 Dominus
858 3388 992 3469 loquitur
1044 3388 1084 3450 (le
1098 3388 1262 3468 scripturis
1284 3389 1504 3471 Prophetarum
1519 3391 1641 3450 Petrum
1656 3389 1737 3470 Apo·

355 3475 404 3538 eu
420 3478 460 3549 5.,
476 3476 554 3555 quio
567 3477 681 3538 cioltm
696 3485 741 3537 ιιι
754 3478 866 3552 mayel
879 3478 970 3552 reple.
1044 3475 1157 3537 stolum
1172 3475 1265 3556 loqui.

355 3565 393 3626 ,1.
414 3565 459 3625 Et
472 3562 624 3625 hahemus
636 3562 808 3641 firmiorem
821 3564 990 3642 propheti·
1087 3561 1177 3624 Alius
1192 3562 1313 3643 quidem
1328 3562 1581 3642 comparationem
1597 3563 1687 3623 refert
1700 3560 1740 3622 ad

355 3667 566 3712 sunnonem.
580 3649 993 3731 Haecdiounturinporsona
1045 3650 1155 3711 doctae
1179 3650 1320 3728 fabulae.
1354 3649 1416 3711 Sed
1440 3650 1547 3731 inepte
1582 3650 1636 3710 hist
1661 3650 1741 3711 eninr

355 3736 439 3812 lium,
461 3736 500 3798 ad
515 3755 593 3818 quos
608 3737 746 3799 scribitur
759 3737 836 3798 haec
850 3736 993 3818 Epistola,
1044 3735 1135 3798 valde
1146 3738 1308 3818 impropria
1320 3738 1504 3817 comparatio
1517 3738 1662 3798 sermonis
1674 3756 1741 3818 pro·

355 3820 410 3886 hus
424 3830 458 3884 et
471 3843 540 3885 sese
550 3824 661 3885 Petrus
672 3823 813 3904 adjungit
826 3822 994 3885 modestiae
1045 3822 1159 3906 phetici
1185 3842 1253 3885 cum
1278 3823 1388 3886 iahnlis
1413 3823 1567 3904 ingeniose
1593 3823 1739 3896 confictis,

355 3909 678 3973 usedffiffimluum
686 3910 992 3972 hahenthaecverha.
1045 3930 1126 3991 quae
1151 3930 1274 3991 prorsus
1295 3910 1481 3990 rejiciendae
1501 3917 1584 3983 sunt,
1610 3920 1644 3970 nt
1664 3909 1741 3971 nihil

355 4015 372 4058 a
400 3999 481 4059 enim
506 3999 710 4060 testimouium
737 3997 797 4057 Dei
823 3998 925 4059 Petris
954 3996 994 4058 de
1045 3998 1231 4058 auctoritatis
1245 3996 1411 4073 hahentes3
1433 3996 1488 4057 sed
1507 4017 1561 4059 neo
1576 3997 1653 4058 ratic
1668 4004 1741 4071 erat,

355 4083 417 4146 isto
431 4083 577 4147 dissutis:
591 4086 654 4146 Ηιί
666 4091 710 4147 ιιι
721 4085 826 4147 stum
840 4103 926 4146 metas
941 4085 992 4144 da·-
1044 4104 1097 4146 cur
1119 4083 1336 4165 Prophetarum
1358 4102 1524 4145 sermonem
1550 4084 1663 4146 tabulis
1689 4084 1738 4144 or·

355 4178 469 4247 nacte,
481 4172 780 4253 cerhuimnmatqne
790 4173 991 4233 firmissimum
1044 4171 1169 4232 miorsm
1185 4190 1251 4233 esse
1273 4170 1415 4232 dicerent.
1438 4170 1515 4233 Sunt
1529 4178 1559 4231 et
1573 4169 1652 4234 alias
1668 4170 1740 4233 alio-

366 4257 477 4320 deinda
490 4259 657 4320 nonminor
665 4258 886 4339 Apostolorum,
902 4277 992 4340 quam
1044 4276 1110 4320 rum
1134 4258 1347 4338 expositiones,
1369 4277 1446 4339 quas
1467 4257 1569 4320 ridere
1592 4266 1639 4320 est
1659 4256 1740 4338 apud

355 4345 515 4428 phalarum
535 4346 575 4406 ait
588 4343 664 4406 tides
687 4344 728 4406 ed
749 4345 866 4427 aliquid
889 4344 991 4407 testifi-
1044 4345 1201 4406 Lorinum.

355 4430 434 4504 huam
448 4433 609 4513 quaeritur,
631 4429 781 4513 quomodo
796 4441 866 4514 post
880 4432 991 4512 allega·
1088 4433 1132 4494 Ut
1151 4440 1252 4494 autem
1274 4451 1378 4493 vemm
1401 4450 1522 4493 sensnm
1537 4450 1741 4512 assequamur,

368 4519 430 4581 Dei
441 4518 544 4580 Patris
555 4528 587 4580 st
597 4519 810 4600 Apostolorum
822 4520 860 4581 de
872 4517 991 4581 Christo
1045 4520 1142 4600 primo
1156 4517 1322 4581 notandum
1338 4528 1393 4592 eat,
1408 4519 1658 4599 comparativum:
1679 4518 1738 4595 tls·-

355 4603 509 4679 honium,
530 4603 614 4667 dicat
628 4604 745 4679 Petrus,
760 4605 867 4668 fideles
881 4605 992 4667 hahere
1044 4609 1188 4684 sutorem,
1211 4625 1271 4668 non
1286 4605 1389 4668 referri
1412 4605 1451 4667 ad
1465 4625 1572 4668 rocem
1585 4604 1687 4666 Patris
1703 4604 1742 4665 de

355 4694 457 4755 ιίοιιιι
471 4709 637 4754 armonem
654 4692 869 4772 propheticum.
1045 4691 1132 4756 coelo
1146 4694 1272 4755 allatuu
1295 4689 1376 4771 (nem
1390 4713 1453 4754 vox
1468 4692 1568 4753 Petris
1588 4692 1671 4772 apud
1686 4691 1741 4754 Ju-

355 4777 602 4842 ldhunenodum
613 4779 799 4855 solvendum,
814 4781 919 4843 variae
933 4779 993 4841 huc
1045 4780 1139 4842 deses
1164 4800 1334 4863 supremam
1364 4779 1494 4842 habehat
1522 4779 1741 4854 austeritatem,

355 4873 474 4928 natur
495 4866 710 4948 expositiones,
734 4875 796 4928 tum
810 4866 849 4928 ah
865 4867 992 4929 Pirasmo
1044 4874 1149 4947 utpote
1178 4888 1238 4929 vox
1264 4863 1354 4944 Dei);
1384 4865 1438 4928 ssd
1464 4865 1505 4927 sd
1534 4866 1741 4928 testimonium

355 4953 594 5031 enotatienihua,
615 4962 679 5015 tum
701 4952 741 5014 ah
755 4952 834 5014 aliis.
856 4955 990 5015 Primum
1044 4955 1268 5036 Apostolicnm,
1296 4952 1377 5037 quod
1400 4953 1538 5034 proxime
1559 4954 1740 5035 praecessit:

355 5039 537 5118 amum,
558 5040 903 5117 mmemeaaeGraacia,
924 5042 993 5105 auh
1043 5041 1653 5119 Ethemooccmnoruaedlvimaee,cto
1679 5041 1740 5104 Da·
