4442 5825
1035 590 1268 646 ιοιοιιιιιιιοι
1915 580 1917 687 ι

436 602 510 668 664

435 790 513 851 qnos
537 770 682 850 planetes,
706 766 735 828 id
759 776 813 841 est,
836 788 957 830 errones
972 788 1126 830 vocamus
1180 769 1223 829 tie
1245 777 1306 844 est,
1328 788 1365 829 ex
1389 767 1579 850 apocrypho,
1605 770 1659 849 qni
1680 768 1761 830 liber
1782 768 1868 829 Enoch

433 859 501 918 Hoc
516 858 594 918 eninr
610 854 806 915 vocabulum:
833 852 994 934 πλανῆται,
1022 855 1069 916 bic
1085 863 1129 915 eet
1181 857 1353 928 vocabatur,
1375 864 1523 936 sumptum
1547 875 1634 932 οιιο·
1656 864 1692 915 ιιι
1707 856 1917 936 Hieronymi

434 946 466 1006 in
492 943 617 1004 Graeco.
655 943 763 1022 Neque
789 951 890 1003 tamen
916 950 1042 1014 notura,
1073 943 1129 1003 sed
1181 943 1212 1002 in
1228 940 1326 1003 Catal.
1343 951 1373 1001 et
1389 963 1491 1003 comm.
1515 943 1615 1023 Epist
1640 942 1683 1002 sd
1700 943 1821 1016 Tios„
1847 952 1870 1002 et

434 1032 520 1109 vulgi
535 1031 676 1109 opinione
691 1029 766 1089 tales
782 1037 859 1089 sunt
893 1030 963 1089 Non
987 1030 1066 1088 enim
1082 1049 1126 1089 re·
1182 1031 1343 1109 Augustini
1358 1028 1409 1089 lib.
1427 1030 1474 1090 15.
1491 1028 1530 1090 dc
1545 1030 1629 1089 civit
1646 1030 1721 1102 Dei,
1744 1047 1808 1109 cap.
1822 1031 1871 1101 23,

434 1138 505 1178 vera
527 1124 693 1196 vagantnr3
727 1114 779 1175 sed
804 1125 900 1176 certos
923 1124 951 1175 et
976 1114 1130 1176 ordinatos
1183 1125 1212 1174 et
1227 1116 1277 1177 lib.
1297 1117 1344 1176 18.
1361 1135 1426 1197 cap.
1442 1117 1509 1191 38.;
1533 1116 1605 1177 item
1630 1115 1737 1177 Bedae
1751 1117 1781 1176 in
1796 1116 1871 1195 hujus

433 1205 547 1266 hahent
562 1213 663 1263 motus
679 1201 791 1282 singuli
807 1204 960 1283 proprios3
989 1204 1041 1282 qui
1056 1222 1127 1282 quo·
1182 1201 1240 1262 loci
1271 1223 1374 1263 comm.
1418 1202 1503 1282 Quos
1542 1211 1687 1263 auctores
1718 1212 1872 1283 sequuntur

433 1292 513 1352 niem
525 1292 671 1370 imperitis
680 1291 774 1369 ignoti
783 1298 859 1362 sunt,
872 1310 972 1350 errare
983 1299 1014 1350 et
1026 1291 1130 1369 vagari
1182 1290 1320 1369 plerique
1342 1292 1529 1368 interpretes.
1565 1291 1656 1350 Haec
1680 1309 1772 1370 porro
1795 1309 1873 1350 cansa

434 1379 556 1438 incertis
578 1376 712 1437 motibus
736 1396 788 1437 eos
813 1384 928 1455 putant
958 1376 1000 1436 At
1021 1395 1129 1435 revera
1183 1376 1246 1449 fuit,
1270 1397 1323 1436 cur
1346 1378 1411 1455 ipsa
1427 1379 1490 1456 jam
1514 1375 1585 1436 olim
1603 1375 1752 1456 Epistola
1771 1377 1872 1455 rejects

435 1464 511 1524 tales
526 1473 596 1524 sont
612 1463 763 1524 haeretici.
780 1463 902 1545 Quippe
914 1464 1020 1524 stellae
1031 1461 1129 1523 videri
1183 1462 1275 1522 fuerit
1286 1483 1304 1522 a
1316 1464 1506 1542 quibusdam,
1522 1470 1556 1522 ut
1567 1463 1752 1543 apocrypha
1764 1473 1795 1523 et
1805 1463 1872 1524 falso

434 1551 549 1624 solunt,
564 1549 596 1610 id
612 1559 667 1627 est,
680 1550 793 1610 lumina
808 1550 974 1626 Ecclesiae;
990 1547 1044 1609 sed
1059 1548 1130 1610 stel-
1183 1548 1331 1631 adscripta
1347 1549 1371 1611 J
1373 1550 1451 1611 udae
1466 1550 1622 1629 Apostolo,
1638 1550 1726 1630 qnod
1743 1551 1773 1608 in
1788 1570 1825 1610 ea
1840 1550 1873 1611 lc·

432 1636 485 1699 lae
500 1646 570 1699 tunt
584 1637 745 1708 erraticae,
770 1639 840 1715 quia
855 1639 887 1698 in
902 1636 1053 1708 doctrina,
1076 1656 1130 1717 per
1183 1646 1304 1716 geretur
1319 1637 1523 1716 apocryphum
1536 1638 1765 1712 testiinonium,
1783 1657 1871 1717 quen

435 1742 525 1804 quam
542 1723 617 1784 alios
628 1723 795 1784 illuminare
807 1723 963 1795 debebant,
979 1743 1128 1801 nusquam

435 1810 492 1871 sibi
515 1820 667 1884 constent,
690 1830 808 1889 semper
831 1830 958 1871 errorem
975 1831 1014 1870 ex
1029 1830 1130 1870 errore

435 1903 575 1958 serentes.

479 1984 597 2065 Quibus
618 1984 760 2060 procella
781 1984 987 2044 tenebrosum
1004 1991 1131 2044 servato

436 2078 481 2131 est
509 2073 545 2131 ia
573 2077 747 2132 naconem.
790 2072 955 2146 Proeetlo,
995 2070 1130 2130 Graece:

436 2148 551 2233 ζόφος,
575 2157 605 2218 id
629 2165 675 2218 est
696 2158 814 2233 calipo,
836 2159 880 2217 nti
904 2159 990 2219 vertit
1010 2160 1040 2218 in
1056 2158 1128 2236 Epi·

436 2243 513 2305 stola
536 2246 564 2305 2.
595 2244 686 2304 Petri.
716 2244 793 2303 Nam
810 2243 872 2305 illic
888 2244 993 2304 eadem
1011 2262 1130 2324 prorsus

437 2329 529 2391 verba
551 2340 633 2404 sunt,
657 2339 685 2391 et
709 2349 744 2390 eo
760 2330 825 2391 loco
841 2350 859 2389 a
875 2332 960 2391 nobis
978 2332 1127 2408 exposita.

436 2416 550 2478 Sensus
573 2419 651 2478 enim
676 2425 738 2478 est:
770 2417 918 2497 Quoniam
943 2438 995 2497 pro
1018 2418 1131 2477 lumine

435 2506 570 2566 veritatis
586 2503 717 2566 fundunt
732 2503 870 2564 tenebras
890 2524 1037 2575 errorum,
1063 2504 1130 2564 ideo

436 2600 535 2652 manet
562 2612 629 2663 eos,
656 2611 711 2671 pro
737 2592 885 2668 condigno
913 2599 943 2650 et
968 2610 1129 2671 numquam

436 2677 565 2738 finiendo
592 2677 757 2757 supplicio,
786 2679 889 2752 culipo
916 2679 1129 2750 tenebrosum,

437 2763 467 2823 id
484 2772 538 2836 est,
553 2765 695 2824 tenebrae
711 2765 908 2824 densissimae
919 2784 954 2824 ac
964 2762 1130 2843 profundis·

438 2851 541 2910 simae.
571 2851 715 2913 Nominat
736 2852 879 2911 tenebras
903 2853 1015 2930 potine,
1040 2871 1131 2917 uuam

438 2939 537 3017 ignem
560 2945 731 3010 aeternum,
755 2947 878 3018 propter
899 2938 1075 2999 allusionem
1091 2939 1131 2998 ad

442 3024 580 3085 tenebras
604 3044 742 3097 errorum,
766 3026 876 3103 quibus
899 3045 978 3086 nnnc
997 3026 1131 3086 infelices

440 3131 513 3171 snos
527 3112 678 3172 auditores
694 3114 882 3192 immergunt.

483 3200 531 3257 14.
555 3201 765 3275 Prophetuoit
778 3206 883 3259 antem
901 3208 930 3259 et
946 3199 984 3258 de
999 3201 1046 3260 bis
1060 3218 1131 3275 sep-

437 3288 532 3345 timos
553 3287 593 3345 ob
609 3286 713 3346 Adam
730 3288 859 3360 Enoch,
883 3287 997 3346 dicens.
1028 3288 1071 3347 Et
1093 3287 1132 3346 de

438 3374 495 3445 bis,
511 3370 628 3433 Graece
643 3374 707 3433 sine
723 3375 962 3452 praepositione:
993 3364 1045 3430 καὶ
1061 3368 1131 3431 τού-

438 3476 513 3531 τοις,
530 3467 560 3520 et
573 3461 628 3531 bis,
646 3458 696 3518 vel
713 3464 807 3520 ettam
823 3461 889 3537 bis,
914 3470 948 3519 ut
963 3479 1068 3520 sensus
1084 3461 1131 3533 eit,

438 3548 535 3625 ipsum
551 3549 640 3607 etiam
653 3547 756 3607 Enoch
768 3548 1018 3627 antiquissimum,
1033 3556 1068 3606 ut
1079 3549 1133 3626 qni

439 3634 550 3693 vixerit
565 3644 634 3693 ente
650 3634 804 3696 diluvium.
827 3643 858 3693 et
880 3635 1026 3712 septimus
1042 3634 1133 3695 fuerit

438 3719 475 3779 ab
494 3719 599 3786 Adam.
615 3722 709 3799 primo
726 3729 857 3798 parente,
873 3722 980 3799 spiritu
997 3720 1129 3801 Prophe·

437 3808 497 3866 tico
523 3807 708 3882 praedixisse
733 3808 780 3867 his
807 3807 1016 3868 seductoribus
1045 3827 1130 3867 suum

433 3892 579 3970 judicium
604 3904 696 3972 atque
719 3896 852 3967 exitium,
873 3894 974 3954 verbis
994 3897 1130 3973 proxime

436 3980 690 4057 praecedentibus
706 3983 914 4060 significatum.
945 3981 1014 4040 Hoc
1029 3991 1129 4041 autern

436 4085 474 4126 ex
496 4068 600 4127 Enoch
624 4068 825 4128 testimoninm
842 4068 939 4129 adfert
955 4068 1128 4146 Apostolus,

436 4153 632 4229 inquitBeda.
647 4163 684 4214 nt
697 4155 863 4230 conponat
878 4156 1029 4231 exemplo,
1043 4154 1129 4230 qnod

434 4242 578 4315 superins
593 4244 649 4313 uit,
667 4243 752 4318 quod
762 4246 832 4315 jorn
848 4244 924 4302 olim
938 4243 1129 4316 praescripti

432 4328 567 4406 frenent
581 4330 617 4387 in
632 4328 862 4402 tolejudier'om
873 4329 966 4404 impii
976 4329 1126 4401 homines,

433 4416 489 4490 qni
503 4432 560 4474 ruo
575 4421 717 4490 tempore
731 4416 983 4476 subintroierunt
998 4416 1042 4473 od
1053 4415 1127 4474 snb·

435 4500 620 4561 vertendam
647 4501 741 4576 fldem
766 4505 905 4578 piorum.
943 4501 1034 4581 Quod
1056 4520 1127 4577 sep·

433 4588 529 4648 timus
543 4588 583 4647 ab
599 4588 703 4650 Adam
720 4588 809 4648 fuerit
823 4588 953 4662 Enoch,
976 4589 1072 4667 liquet
1089 4608 1126 4647 ex

431 4673 588 4752 Scriptura
611 4673 687 4736 Gen.
711 4675 740 4735 b.
764 4683 794 4735 et
817 4674 1016 4744 lParel.1.,
1042 4674 1125 4733 vide-

429 4760 504 4823 licet
525 4770 654 4843 utroque
676 4763 796 4822 nomine
819 4762 848 4821 in
871 4760 951 4820 lrnnc
971 4780 1125 4820 numerum

431 4846 557 4907 incluso.

1182 1722 1342 1784 admodum
1359 1725 1390 1783 in
1407 1723 1544 1803 catalogo
1559 1722 1651 1784 refert
1667 1724 1873 1803 Hieronymus

1182 1810 1302 1885 Verum,
1319 1817 1353 1869 ut
1366 1809 1446 1871 idem
1462 1811 1681 1890 Hieronymus,
1699 1811 1833 1871 scribens
1848 1813 1873 1871 in

1183 1897 1280 1977 Epist.
1297 1897 1335 1956 ed
1351 1898 1464 1969 Titum,
1480 1897 1598 1978 prolixe
1614 1897 1714 1969 docet,
1742 1917 1802 1958 non
1818 1897 1874 1958 ideo

1183 1983 1260 2043 liber
1282 1984 1391 2065 aliquis
1414 1993 1467 2043 aut
1487 1983 1669 2062 rejiciendus
1697 1992 1763 2057 est,
1790 1993 1874 2043 aute

1184 2090 1299 2132 canone
1321 2090 1472 2130 sacrorum
1488 2071 1675 2131 voluminum
1692 2070 1874 2141 resecandus,

1185 2159 1267 2237 quod
1290 2178 1329 2218 ex
1352 2157 1534 2238 apocryphis
1557 2166 1611 2217 aut
1633 2159 1798 2238 gentilium
1813 2164 1872 2237 poio

1185 2255 1281 2304 terum
1296 2245 1414 2324 scriptis
1430 2245 1631 2305 testimoninm
1648 2246 1734 2305 citet.
1751 2245 1790 2305 ld
1805 2247 1875 2304 enin

1185 2331 1312 2391 Paulum
1339 2350 1399 2390 non
1424 2351 1484 2392 uno
1511 2331 1577 2391 loco
1605 2330 1734 2403 fecisse,
1763 2339 1874 2392 aanor

1184 2417 1243 2477 Sed
1259 2437 1313 2478 nec
1327 2418 1425 2497 ipsum
1438 2418 1643 2478 testimonium
1657 2420 1804 2479 continuo
1816 2439 1875 2499 apo

1185 2505 1331 2584 cryphnm
1348 2505 1402 2565 erit
1417 2501 1464 2580 (nt
1475 2506 1649 2564 existimare
1662 2505 1789 2566 videtur
1800 2505 1874 2580 Cris·

1184 2601 1280 2663 tanus,
1296 2593 1369 2652 satis
1386 2599 1499 2652 temere
1514 2590 1706 2652 labefactans
1722 2595 1874 2652 auctorita·

1184 2687 1244 2738 tern
1270 2675 1458 2757 Epistulae),
1484 2679 1509 2738 si
1536 2697 1574 2739 ex
1602 2679 1786 2759 apocrypho
1809 2680 1874 2738 libro

1184 2764 1276 2823 fuerit
1291 2764 1489 2844 desumptum.
1526 2766 1622 2838 Nam,
1645 2775 1683 2825 ιιι
1698 2785 1794 2846 supra
1809 2766 1875 2826 dieo

1183 2850 1287 2910 bamus
1317 2855 1355 2914 ad
1379 2872 1458 2913 vers.
1482 2853 1528 2925 9.,
1558 2854 1590 2911 in
1612 2853 1804 2934 apocryphis
1825 2873 1875 2914 nor

1184 2940 1283 2997 omnia
1298 2949 1367 3000 snnt
1381 2940 1572 3019 apocrypba3
1588 2942 1754 3021 potuitque
1766 2949 1875 3001 sanctus

1184 3025 1347 3104 Apostolus
1369 3026 1470 3086 divino
1493 3027 1616 3105 spiritu,
1640 3046 1707 3105 qno
1731 3028 1875 3105 praedicor

1185 3120 1255 3177 eret,
1279 3111 1448 3173 discernere
1473 3117 1549 3174 inter
1571 3112 1713 3192 ejusdem
1729 3114 1801 3175 libri
1816 3133 1875 3175 rere

1184 3208 1215 3259 et
1229 3197 1316 3270 falsa,
1333 3200 1435 3260 divina
1449 3209 1481 3260 et
1496 3200 1634 3259 humana.

1228 3285 1396 3346 Dicendum
1414 3287 1510 3364 igitur,
1533 3286 1598 3357 hoc,
1614 3285 1701 3366 qnod
1717 3286 1874 3366 Apostolus

1184 3373 1325 3445 affirmat,
1350 3374 1455 3434 Enoch
1479 3373 1689 3453 prophetasse,
1713 3382 1745 3433 et
1760 3376 1875 3455 prophe

1183 3457 1274 3517 tando
1290 3459 1401 3521 dixisse
1417 3479 1453 3520 ea
1467 3462 1568 3528 verba,
1590 3480 1674 3539 qnae
1691 3460 1744 3520 hic
1760 3481 1875 3522 commo

1184 3555 1297 3618 morat,
1332 3548 1447 3626 absque
1482 3545 1570 3607 dnbio
1597 3566 1707 3607 verum
1734 3567 1826 3624 essc;
1851 3558 1876 3607 st

1184 3633 1318 3711 proinde·
1348 3635 1550 3694 testimoninm
1585 3635 1689 3713 ipsum
1720 3643 1753 3694 et
1782 3654 1875 3696 nrum

1184 3739 1260 3791 esse,
1276 3731 1307 3781 et
1322 3720 1463 3791 divinum,
1480 3741 1515 3780 ao
1531 3720 1589 3781 tale
1600 3720 1699 3780 fuisse
1709 3724 1803 3782 etiarn
1815 3732 1875 3782 rute

1183 3807 1260 3866 hanc
1276 3807 1413 3887 Apostoli
1431 3810 1621 3882 citationem
1637 3806 1711 3867 licet
1724 3809 1758 3868 in
1770 3826 1875 3869 unone

1183 3913 1332 3955 sacrorum
1360 3895 1500 3955 librorum
1527 3894 1605 3973 apud
1632 3894 1798 3955 Hebraeos
1823 3914 1875 3954 son

1183 3990 1323 4041 exstaret.
1348 3982 1507 4062 Quomodo
1522 3999 1578 4040 nec
1592 3981 1623 4039 in
1634 3980 1724 4039 illurn
1737 4000 1873 4042 anonam

1183 4066 1268 4125 relati
1285 4076 1369 4127 erant
1381 4068 1433 4128 alii
1447 4069 1567 4147 quidam
1581 4064 1653 4126 libri
1665 4071 1782 4128 veteris
1793 4078 1873 4128 toste·

1182 4156 1290 4225 menti,
1312 4174 1388 4233 quius
1403 4156 1434 4214 in
1450 4174 1533 4214 suum
1551 4162 1656 4231 postea
1674 4174 1821 4215 canonem
1836 4174 1873 4213 re

1182 4242 1262 4319 cepit
1275 4241 1421 4300 Ecclesia.

1224 4327 1358 4405 Quaeret
1367 4327 1485 4405 aliquis,
1496 4326 1647 4404 quomodo
1659 4347 1723 4388 non
1735 4328 1874 4388 interierit

1181 4413 1234 4474 illa
1262 4414 1419 4492 prophetia
1442 4413 1545 4473 Enoch
1569 4432 1623 4491 per
1644 4415 1791 4493 generale
1806 4414 1872 4475 dilu-

1181 4502 1272 4559 vium.
1313 4499 1492 4579 Respondes
1509 4520 1574 4559 cusu
1591 4500 1791 4562 Tertulliano
1806 4501 1872 4561 libro

1180 4586 1217 4645 de
1233 4587 1339 4646 habitu
1355 4586 1499 4658 muliebri,
1520 4606 1585 4664 cap.
1603 4587 1643 4660 3.,
1659 4590 1801 4669 potuisse
1814 4606 1872 4648 ean

1180 4692 1198 4731 a
1220 4674 1305 4743 Noe,
1333 4675 1385 4754 qui
1407 4674 1464 4733 fuit
1479 4692 1633 4753 pronepos
1650 4677 1752 4755 ipsine
1768 4673 1871 4743 Enosis

1180 4763 1349 4821 conservari
1365 4762 1395 4819 iu
1412 4780 1489 4819 arcs.
1520 4758 1620 4833 Addo,
1636 4766 1777 4844 potuisse
1792 4764 1871 4823 etin

1180 4855 1300 4907 exstare
1326 4847 1421 4926 lapidi
1447 4806 1656 4927 insculptam,
1688 4861 1725 4911 nt
1750 4865 1871 4931 perenne

474 4931 536 4992 Sed
559 4935 722 5014 quaeritur,
746 4932 827 4994 nude
850 4932 880 4992 S.
897 4930 994 4994 sudas
1010 4932 1066 4991 hoc
1081 4942 1124 4993 te·
1178 4936 1400 4993 monimentum.
1440 4932 1671 5013 Quamquam
1662 4960 1697 5001 ιιι
1717 4936 1870 4999 eofnllitur

429 5018 602 5081 stimonium
615 5020 821 5101 depromserit.
833 5019 996 5080 Multorum
1009 5026 1126 5080 senten·

1179 5018 1391 5094 Tertullianus,
1406 5018 1488 5102 quod
1503 5024 1619 5101 putet
1610 5044 1646 5087 ιιι
1656 5022 1870 5108 illaProptsis
