4442 5825
1623 613 1945 666 EPISTOLAE
1980 614 2012 666 l.
2052 613 2227 666 sun
2258 612 2523 666 somma.
2592 613 2758 666 ms.
2802 615 2881 667 16.

784 786 1033 848 sublato
1080 786 1362 847 videntur
1408 791 1607 849 omnia
1654 789 2033 850 incommoda
2062 790 2183 850 evi·

787 875 924 947 tari,
973 883 1030 934 et
1059 894 1227 934 mens
1259 874 1539 951 Apostoli
1570 876 1630 935 in
1661 881 1785 935 tota
1816 876 1929 937 hac
1960 895 2182 936 sermo-

785 960 883 1020 nis
915 963 1066 1021 serie
1095 969 1240 1039 apte
1269 959 1578 1021 declarari.

879 1087 1119 1169 Quarto
1170 1088 1351 1168 igitur
1403 1097 1730 1165 peccatum
1782 1091 1867 1149 ad
1919 1098 2183 1152 mortem

783 1176 1146 1255 intelligitur
1218 1174 1476 1254 quodvis
1537 1185 1842 1256 peccatum
1912 1177 2178 1250 mortale,

785 1264 968 1340 cujus
999 1283 1116 1323 non
1149 1264 1348 1340 agitur
1381 1265 1765 1341 poenitentia,
1799 1263 2085 1343 quamdiu
2121 1272 2181 1323 et

783 1358 1083 1429 quatenus
1115 1348 1237 1408 tale
1270 1358 1378 1408 est.
1434 1349 1530 1408 Ita
1574 1369 1693 1410 non
1740 1351 1999 1430 quodvis
2030 1370 2181 1410 mor-

782 1435 914 1494 tale
959 1435 1334 1514 intellig-itur,
1383 1456 1495 1496 nec
1534 1444 1730 1497 tamen
1778 1436 1925 1496 illud
1972 1437 2180 1510 solum,

783 1522 886 1581 cui
939 1531 1026 1581 est
1078 1524 1396 1601 conjuncta
1447 1522 1645 1583 finalis
1691 1525 2179 1603 impoenitentia3

782 1607 897 1669 sed
931 1628 1102 1668 omne
1133 1607 1297 1680 illud,
1343 1611 1440 1669 cui
1488 1612 1804 1688 conjuncta
1835 1619 1923 1670 est
1956 1612 2178 1691 impoe-

780 1697 1045 1756 nitentia
1089 1697 1269 1755 etiam
1315 1697 1697 1775 temporalis,
1748 1716 1851 1756 seu
1902 1699 1961 1756 in
2009 1698 2180 1773 cujus

779 1782 1005 1842 affectu
1037 1784 1330 1863 quispiam
1362 1781 1585 1842 haeret.
1633 1781 1732 1843 Ad
1754 1783 1912 1843 hunc
1938 1783 2176 1844 modum

782 1868 1071 1930 Gelasius
1096 1867 1380 1929 Pontifex
1416 1872 1476 1929 in
1507 1878 1664 1929 tomo
1697 1869 1773 1929 de
1807 1870 2177 1930 anathemate

780 1954 1021 2031 (exstat
1066 1965 1222 2015 tomo
1270 1956 1533 2015 secundo
1575 1953 2000 2033 conciliorum)
2047 1975 2181 2017 seso

780 2042 1122 2103 declaravit
1175 2041 1538 2120 intelligere,
1594 2042 1730 2102 dum
1787 2044 2018 2122 inquit:
2065 2044 2181 2103 Est

778 2136 1114 2207 peccatum
1147 2130 1233 2189 ad
1266 2137 1525 2189 mortem
1578 2132 1647 2188 in
1681 2131 1895 2189 eodem
1923 2137 2179 2206 peccato

779 2217 1233 2294 manentibus5
1266 2223 1353 2274 eut
1377 2223 1704 2291 peccatum
1730 2234 1865 2276 non
1889 2217 1976 2275 ad
2005 2235 2178 2276 mor-

779 2311 913 2364 tem
942 2303 1022 2363 ab
1054 2303 1264 2363 eodem
1288 2310 1545 2378 peccato
1576 2303 2021 2364 recedentibus.
2061 2304 2177 2362 Eo-

778 2389 926 2450 dem
980 2389 1176 2450 tendit
1228 2390 1522 2467 expositio
1581 2390 1790 2449 horum
1843 2389 2180 2463 verborum,

777 2497 944 2557 quae
973 2486 1065 2537 est
1092 2476 1255 2556 apud
1286 2478 1347 2537 S.
1380 2477 1816 2556 Hieronymum
1850 2477 1908 2536 in
1945 2480 2042 2538 14.
2074 2476 2121 2537 J
2124 2497 2179 2537 e-

776 2565 1030 2635 remiae,
1060 2563 1135 2623 ad
1160 2562 1341 2624 illud:
1378 2564 1560 2624 Dixit
1587 2565 1902 2624 Dominus
1932 2565 2019 2622 ad
2048 2583 2182 2623 me.-

777 2651 940 2712 Nola·
972 2668 1159 2710 orare
1202 2669 1324 2725 pro
1366 2652 1611 2726 populo
1658 2653 1773 2711 isto
1821 2655 1892 2711 in
1923 2650 2178 2711 bonum.

776 2737 870 2798 Et
904 2756 1063 2816 quae
1092 2736 1250 2811 apud
1283 2736 1710 2797 Oecumenium
1760 2741 1816 2797 in
1847 2736 2032 2815 hujus
2063 2738 2177 2796 loci

777 2832 1105 2883 comment.
1153 2824 1307 2901 Ejus
1335 2823 1524 2882 verba
1556 2834 1693 2883 sunt
1726 2826 1868 2884 ista:
1916 2824 2053 2884 Hoc
2084 2843 2174 2883 so-

775 2910 908 2972 lum
961 2920 1051 2970 est
1094 2919 1402 2990 peccatum
1452 2909 1529 2970 ad
1575 2919 1839 2981 mortem,
1893 2910 2055 2992 quod
2099 2909 2175 2971 ad

773 3000 1219 3080 poenitentiam
1280 3019 1397 3057 non
1459 3001 1719 3076 respicit.
1796 2997 1919 3059 Sed
1973 3008 2034 3059 et
2088 2998 2174 3057 illi

775 3093 1042 3167 peccant
1085 3086 1161 3144 ad
1195 3096 1453 3157 mortem,
1503 3086 1608 3162 qui
1653 3087 2004 3163 injuriarum
2039 3094 2176 3145 sunt

775 3191 1092 3233 memores.
1141 3171 1296 3231 Nam
1324 3181 1382 3231 et
1404 3172 1483 3244 hi,
1517 3181 1822 3231 servantes
1856 3173 2003 3231 iram
2036 3192 2171 3232 con·

778 3268 879 3320 tra
928 3260 1278 3336 proximum,
1324 3260 1456 3318 sino
1502 3259 1872 3338 poenitentia
1911 3266 2172 3336 peccant.

778 3345 994 3425 Quare
1055 3365 1133 3405 ex
1191 3344 1444 3405 adverso
1498 3352 1826 3420 peccatum
1887 3363 2020 3406 non
2089 3346 2175 3404 ad

775 3439 1051 3492 mortem
1100 3430 1320 3491 dicitur
1351 3431 1658 3508 Apostolo,
1707 3430 1870 3510 quod
1901 3439 1993 3491 est
2021 3451 2171 3492 mor·

773 3519 909 3579 tale
939 3517 1201 3597 quidem,
1248 3517 1351 3579 sed
1391 3519 1589 3597 agitur
1620 3520 1754 3599 ejus
1783 3520 2173 3601 poenitentia.

771 3607 881 3666 Ita
915 3603 1313 3678 describimus,
1360 3606 1640 3685 quoniam
1675 3606 1753 3667 de
1784 3605 1928 3664 solis
1959 3613 2174 3665 morta·

773 3692 945 3753 libus
990 3691 1085 3751 hic
1133 3691 1298 3771 loqui
1343 3690 1580 3751 videtur
1624 3691 1977 3772 Apostolus,
2032 3693 2175 3751 dum

771 3786 1170 3862 peecatorum
1218 3778 1340 3838 alia
1386 3786 1564 3837 vocat
1604 3780 1689 3838 ad
1720 3786 2006 3852 mortem,
2056 3777 2176 3838 alia

771 3885 923 3929 non
967 3866 1054 3924 ad
1099 3873 1400 3941 mortem3
1449 3866 1561 3937 ita,
1616 3868 1888 3947 inquam,
1934 3863 2177 3925 videtur

771 3959 1031 4035 propter
1063 3951 1239 4012 illud:
1286 3952 1568 4013 Dabitur
1599 3955 1655 4011 ei
1685 3955 1839 4012 vita.

870 4081 1191 4143 videbitur
1219 4083 1332 4142 hoc
1363 4084 1575 4142 mirum
1603 4081 1799 4154 alicui,
1849 4080 2011 4160 quod
2044 4099 2175 4160 pec·

768 4180 982 4233 catum
1017 4168 1315 4250 quoddam
1346 4169 1599 4229 mortale
1631 4168 1864 4229 dicatur
1892 4187 2012 4229 non
2043 4186 2174 4227 esse

770 4258 860 4320 ad
892 4265 1161 4316 mortem.
1206 4254 1383 4315 Unde
1417 4258 1573 4316 enim
1600 4265 1690 4317 est
1718 4253 2018 4316 mortale?
2052 4251 2177 4314 Sed

766 4344 1127 4406 meminisse
1148 4340 1347 4414 debet,
1379 4341 1540 4422 quod
1564 4342 1845 4404 Salvator
1867 4341 1915 4403 J
1918 4362 2050 4402 oan.
2080 4344 2175 4400 11.

770 4431 1058 4494 dicebat:
1136 4429 1493 4505 Infirmitas
1542 4432 1693 4490 haec
1752 4447 1888 4489 non
1948 4436 2034 4488 est
2092 4427 2178 4486 ad

771 4524 1074 4591 mortem,
1107 4536 1237 4578 cnm
1269 4525 1469 4577 tamen
1498 4518 1766 4577 Lazarus
1797 4535 1874 4576 ex
1908 4534 1982 4576 ea
2014 4514 2171 4576 infir·

771 4607 990 4668 mitate
1036 4611 1303 4665 mortuus
1345 4601 1549 4664 fuerit.
1612 4602 1716 4664 Sic
1760 4604 1824 4663 in
1868 4602 2175 4682 proposito

772 4699 1100 4776 peccatum
1132 4689 1397 4763 mortale,
1427 4691 1603 4767 cujus
1633 4709 1780 4751 vera
1802 4689 2176 4769 poenitentia
2218 4738 2219 4741 ,

774 4781 1002 4860 agitur,
1048 4797 1167 4837 non
1197 4785 1285 4836 est
1318 4775 1394 4836 ad
1433 4785 1703 4848 mortem,
1754 4776 2033 4857 quoniam
2069 4796 2178 4836 nec

775 4870 920 4947 ipsa
949 4884 1124 4936 mors,
1170 4882 1292 4942 qua
1321 4863 1517 4943 ipsum
1548 4863 1799 4924 mortale
1832 4872 1943 4935 est,
1973 4872 2066 4923 est
2095 4863 2173 4924 ad

776 4961 1051 5024 mortem,
1103 4949 1211 5011 sed
1263 4949 1342 5012 ad
1385 4950 1637 5031 gloriam
1678 4949 1832 5025 Dei3
1891 4951 2048 5011 sicut
2100 4948 2174 5010 de

777 5038 1074 5121 corporali
1118 5046 1305 5098 morte
1336 5038 1548 5102 Lazari
1596 5035 1753 5098 dixit
1779 5037 1851 5100 B.
1883 5036 2167 5119 Augusti·
2214 5063 2215 5073 κ

3542 621 3685 690 778

2293 808 2403 851 nus
2434 790 2496 850 in
2527 788 2691 849 illius
2724 788 2841 849 loei
2870 791 3317 862 commentario,
3350 789 3556 850 Tract.
3581 793 3688 853 49.

2293 879 2355 935 iu
2385 876 2433 938 J
2434 896 2567 937 oan.

2378 965 2496 1024 Est
2538 971 2865 1038 peccatum
2909 965 2997 1024 ad
3039 969 3306 1022 mortem
3321 1005 3341 1037 ,
3381 981 3520 1023 non
3561 980 3685 1038 pro

2293 1049 2406 1108 illo
2437 1050 2602 1122 diw,
2649 1059 2721 1111 ut
2749 1057 2926 1125 royet
2954 1052 3109 1127 quis.
3155 1049 3438 1127 Magnam
3485 1051 3681 1128 prima

2291 1135 2484 1195 fronte
2530 1133 2936 1198 difficultatem
2994 1137 3155 1214 parit
3204 1135 3351 1194 haec
3408 1134 3685 1214 Apostoli

2293 1223 2619 1294 sententia,
2675 1224 2961 1302 quoniam
3005 1223 3306 1282 Dominus
3353 1242 3461 1282 nos
3509 1240 3688 1281 orare

2285 1309 2464 1386 jubet
2494 1309 2673 1370 etiam
2706 1330 2813 1388 pro
2844 1306 3337 1389 persequentibus
3367 1316 3429 1368 et
3459 1308 3683 1368 calum-

2290 1395 2596 1455 niantibus
2618 1415 2747 1469 nos,
2780 1394 2993 1456 Matth.
3020 1396 3075 1456 5.
3110 1395 3193 1454 Et
3216 1395 3403 1473 ipsius
3434 1394 3683 1455 Domini

2238 1539 2239 1542 ,
2292 1480 2631 1560 exemplum
2664 1482 2905 1543 videtur
2935 1480 3095 1542 aliud
3129 1481 3450 1558 requirere,
3482 1481 3588 1559 qui
3618 1481 3683 1540 in

2292 1587 2465 1629 cruce
2499 1567 2769 1645 pendens
2808 1569 3000 1630 oravit
3047 1588 3151 1646 pro
3198 1566 3684 1627 interfectoribus

2289 1655 2433 1726 suis,
2477 1655 2619 1715 Luc.
2670 1657 2768 1716 23.
2832 1655 3045 1716 Simile
3086 1653 3227 1713 fecit
3278 1661 3684 1733 protomartyr

2226 1768 2229 1774 ¹
2290 1740 2649 1820 Stephanus,
2680 1744 2815 1802 Act.
2851 1742 2906 1800 7.
2951 1743 3314 1821 Responsio:
3344 1738 3682 1818 Apostolus

2289 1826 2336 1886 J
2340 1847 2560 1887 oannes
2605 1828 2722 1887 hoc
2762 1828 2897 1888 loeo
2943 1848 3064 1888 non
3111 1825 3415 1907 prohibet,
3466 1824 3677 1886 fideles

2294 1933 2397 1990 pro
2448 1914 2740 1975 fratribus
2784 1935 2988 1990 orare,
3041 1932 3191 1992 quos
3243 1914 3438 1973 sciant
3489 1912 3678 1974 teneri

2289 2010 2543 2076 peccato
2575 2000 2653 2061 ad
2685 2010 2966 2078 mortem3
3014 2000 3115 2061 sed
3149 1999 3228 2059 ad
3260 1999 3322 2059 id
3347 2019 3467 2060 non
3498 1997 3682 2060 audet

2287 2086 2511 2147 hortari
2544 2087 2871 2167 quemlibet
2896 2088 3322 2158 Christianum,
3355 2096 3423 2147 ut
3453 2085 3684 2146 scilicet

2292 2192 2397 2250 pro
2427 2173 2536 2233 tali
2580 2182 2713 2234 oret
2752 2193 2885 2234 cum
2934 2195 3005 2234 ea
3051 2172 3406 2251 impetrandi
3439 2170 3680 2244 fiducia,

2289 2258 2363 2318 de
2416 2280 2540 2338 qua
2589 2260 2825 2321 locutus
2872 2269 2964 2320 est
3014 2279 3166 2319 vers.
3228 2263 3324 2319 14.
3380 2268 3444 2320 et
3497 2258 3678 2338 hujus

2289 2356 2462 2424 parte
2493 2347 2720 2427 priore3
2754 2347 2867 2406 hoc
2896 2356 3005 2420 est,
3037 2366 3158 2427 qua
3188 2364 3295 2425 pro
3325 2346 3504 2406 fratre
3539 2363 3675 2425 pec·

2289 2441 2465 2493 cante
2515 2453 2638 2494 non
2682 2434 2760 2493 ad
2806 2443 3086 2505 mortem,
3140 2433 3266 2491 sive
3311 2435 3402 2493 sui
3448 2430 3680 2512 peccati

2287 2521 2714 2598 poenitentiam
2760 2528 2990 2599 agente.
3036 2520 3371 2598 Responsio
3422 2521 3539 2578 ista
3573 2515 3676 2577 ha·

2284 2604 2457 2667 betur
2482 2626 2557 2666 ex
2580 2607 2639 2667 S.
2663 2606 2978 2668 Ambrosio
3002 2606 3105 2666 lib.
3133 2607 3330 2683 priore
3352 2604 3427 2666 de
3450 2604 3672 2684 poenit.

2232 2730 2235 2757 v
2286 2712 2415 2772 cap.
2450 2697 2508 2755 9.
2542 2702 2599 2752 et
2630 2713 2705 2753 ex
2738 2693 2806 2753 Β.
2841 2693 3213 2772 Hieronymo
3246 2692 3346 2753 lib.
3379 2695 3437 2751 2.
3470 2697 3678 2750 contra

2284 2779 2331 2840 J
2334 2781 2493 2839 ovin.
2525 2781 2686 2839 ultra
2717 2778 2997 2841 medium.

2370 2864 2573 2927 Oritur
2632 2865 2910 2940 dubium,
2985 2888 3063 2929 an
3134 2867 3316 2946 igitur
3387 2865 3673 2944 vulgares

2285 2952 2614 3014 Christiani
2645 2974 2762 3015 non
2793 2962 3112 3015 teneantur
3141 2972 3312 3013 orare
3341 2973 3450 3034 pro
3482 2971 3680 3033 perse·

2283 3040 2607 3120 quentibus
2653 3050 2715 3100 et
2756 3039 3277 3111 calumniantibus,
3325 3041 3457 3100 sive
3497 3041 3679 3119 ipsos,

2284 3128 2416 3186 sive
2447 3126 2806 3187 catholicam
2854 3128 3225 3207 religionem,
3272 3135 3335 3186 et
3373 3126 3433 3185 in
3466 3124 3677 3185 talium

2285 3222 2662 3294 peccatorum
2707 3214 2925 3276 affectu
2961 3214 3359 3275 haerentibus.
3407 3214 3489 3272 Et
3517 3212 3677 3272 idem

2284 3298 2358 3359 de
2405 3300 2720 3380 quibusvis
2770 3302 2937 3373 aliis,
2986 3321 3137 3381 quos
3181 3302 3440 3360 sciamus
3486 3298 3682 3360 teneri

2286 3386 2495 3466 aliquo
2530 3395 2773 3464 peccato
2804 3388 2882 3448 ad
2918 3398 3183 3458 mortem,
3217 3387 3430 3466 quaeri
3460 3392 3675 3465 potest.

2286 3470 2468 3533 Certe
2514 3482 2902 3553 praeceptum
2949 3474 3193 3535 Domini
3240 3473 3451 3534 Matth.
3486 3472 3540 3532 5.
3588 3472 3674 3533 vi-

2284 3557 2459 3620 detur
2490 3560 2803 3638 generale:
2854 3562 3044 3623 Orate
3083 3578 3209 3637 pro
3235 3560 3678 3637 persequenti-

2284 3646 2398 3706 bus
2448 3654 2507 3707 ct
2558 3648 3105 3709 calumniantibus
3154 3665 3296 3723 vos3
3360 3656 3425 3707 et
3475 3646 3572 3706 vel
3612 3645 3676 3705 in

2285 3734 2495 3812 primis
2526 3733 2599 3793 de
2629 3735 2855 3796 talibus
2882 3733 3063 3813 loqui,
3094 3737 3158 3795 in
3181 3754 3293 3794 sua
3326 3740 3533 3794 contra
3564 3750 3672 3792 nos

2283 3821 2507 3900 injuria
2550 3822 3049 3901 permanentibus.
3099 3821 3173 3880 Et
3217 3822 3582 3899 quicumque
3611 3820 3675 3879 in

2285 3906 2520 3967 mortali
2549 3908 2753 3989 aliquo
2777 3917 3023 3989 peccato
3048 3910 3135 3968 sic
3160 3908 3422 3978 haerent,
3453 3914 3515 3965 ot
3548 3906 3675 3984 ejus

2282 3992 2500 4054 affectu
2533 3995 2620 4055 ita
2663 4004 2798 4056 sunt
2828 3996 3057 4066 irretiti,
3108 4004 3178 4054 ut
3207 3993 3467 4055 salutem
3498 4010 3674 4051 suam

2287 4079 2725 4160 quodammodo
2757 4089 3157 4153 contemnant,
3202 4079 3266 4141 hi
3309 4078 3580 4159 profecto
3610 4078 3674 4137 in

2269 4169 2565 4246 graviore
2612 4171 2866 4231 caeteris
2907 4168 3326 4249 peecatoribus
3357 4172 3675 4227 versantur

2284 4255 2568 4333 periculo,
2619 4254 2877 4338 ideoque
2906 4256 3101 4335 magis
3131 4254 3420 4335 indigent,
3469 4260 3537 4312 ut
3567 4271 3676 4331 pro

2283 4341 2429 4421 ipsis
2461 4350 2675 4403 oretur.
2720 4342 2784 4404 Si
2809 4342 3001 4403 dicas:
3048 4341 3189 4402 Non
3218 4342 3431 4402 volunt
3448 4339 3676 4419 juvari,

2285 4428 2429 4507 quia
2458 4450 2576 4490 non
2608 4439 2798 4509 agunt
2819 4429 3265 4510 poenitentiam,
3296 4426 3405 4490 sed
3435 4426 3678 4506 placent

2284 4514 2397 4575 sibi
2430 4516 2491 4577 in
2519 4525 2767 4596 peccato
2813 4537 2953 4588 suoz,
2999 4515 3414 4595 replicabitur:
3468 4514 3676 4574 'I'anto

2282 4602 2474 4679 magis
2519 4602 2819 4682 indigent,
2874 4614 2940 4665 ut
2981 4624 3020 4662 a
3063 4603 3179 4681 piis
3218 4602 3385 4663 Deus
3430 4608 3677 4680 rogetur

2282 4690 2432 4769 ipsis
2479 4689 2626 4751 dare
2671 4691 3115 4770 poenitentiam.
3172 4686 3677 4768 Respondendum

2281 4775 2458 4836 alicui
2509 4776 2817 4839 videretur
2868 4796 2945 4837 ex
2999 4784 3200 4837 mente
3254 4775 3315 4837 S.
3370 4773 3673 4835 Ambrosii

2280 4862 2412 4924 loco
2443 4883 2603 4925 nunc
2646 4864 2918 4946 proxime
2957 4864 3157 4937 citato,
3202 4862 3366 4943 quod
3399 4881 3509 4943 pro
3539 4860 3671 4923 tali·

2279 4948 2393 5011 bus
2434 4952 2723 5012 orandum
2755 4959 2868 5023 est,
2913 4949 3020 5011 sed
3051 4972 3090 5011 a
3119 4970 3338 5029 magno
3380 4949 3667 5011 interces-

2279 5056 2412 5099 sore
2439 5046 2502 5102 οἱ
2528 5058 2749 5120 magna
2792 5057 2929 5100 cum
2970 5056 3165 5121 prece.
3211 5035 3419 5101 Tanto
3464 5044 3668 5101 autem
