4442 5825
783 619 946 675 merome
963 618 1182 674 smnucesr.
1218 604 1303 673 tues.
1322 616 1440 672 ru-rr.
1750 621 1822 689 441

377 791 531 854 indebitos
545 794 767 870 referebantur3
789 793 871 874 qnod
886 804 917 856 et
931 790 970 856 de
984 795 1076 858 meio·
1129 797 1230 871 ritino,
1253 804 1333 875 quae
1347 795 1426 855 circs
1444 812 1492 854 res
1514 799 1648 853 terrenus
1670 797 1824 852 versetur:

376 898 445 941 rum
460 879 697 942 Christianorum
720 883 880 944 virtutibus
895 882 954 943 diei
969 891 1076 963 potest.
1130 882 1217 956 dicit,
1240 900 1307 943 esee
1321 880 1513 954 animalem,
1538 878 1611 958 quie
1632 879 1725 939 serve
1738 877 1824 938 voln-

421 966 493 1028 Non
507 968 599 1046 igitur
613 967 779 1048 Apostolus
794 978 901 1049 negot,
916 969 1010 1030 malou
1025 970 1075 1030 he·
1129 970 1262 1051 piutibue
1278 970 1395 1044 cernie3
1419 966 1509 1040 dicit,
1533 972 1600 1027 etue
1622 963 1826 1039 diabolicam,

378 1055 452 1115 bere
465 1073 555 1135 posse
570 1075 674 1116 vesum
689 1066 718 1117 et
733 1077 752 1115 e
764 1058 830 1117 Deo
846 1057 945 1117 dutum
960 1058 1076 1136 eapien-
1130 1059 1200 1138 quin
1215 1057 1308 1118 servit
1322 1054 1477 1116 ambitioni
1493 1062 1523 1113 et
1545 1051 1718 1132 superbiae,
1743 1049 1826 1130 quod

378 1141 452 1200 tiem
467 1150 498 1201 et
511 1143 686 1214 scientium,
708 1143 892 1205 abstractive
907 1143 1075 1205 considere·
1129 1145 1250 1225 proprie
1266 1142 1447 1203 diabolicum
1459 1149 1506 1201 est
1516 1140 1629 1201 vitium.
1651 1139 1762 1218 Itdque
1776 1136 1826 1197 hic

378 1235 458 1300 um,
490 1246 580 1307 quum
611 1239 692 1290 certo
718 1231 749 1290 iu
775 1228 862 1291 mulie
893 1237 924 1290 et
952 1232 1077 1291 ueritate
1130 1231 1290 1291 obtervure
1305 1225 1729 1308 etttriptititumdiuisianem
1740 1242 1825 1285 mun·

378 1313 532 1374 destitutis
562 1314 729 1377 hominihus
759 1319 895 1395 agnoscit
920 1314 1034 1377 Penius
1058 1321 1074 1378 1
1130 1315 1227 1379 dunue
1250 1317 1434 1398 eupieutiee,
1460 1317 1539 1375 sieut
1559 1308 1642 1393 epnd
1664 1312 1825 1383 Joennem,

378 1399 598 1478 Corintb13.,
624 1405 682 1461 imo
702 1413 734 1464 et
755 1401 862 1464 bertus
885 1403 1021 1465 Jecobue
1046 1405 1077 1465 iu
1131 1404 1257 1484 supter.
1275 1406 1319 1474 2..
1343 1421 1452 1477 omne,
1475 1399 1562 1479 qued
1583 1402 1619 1461 in
1634 1398 1756 1460 mundo
1771 1402 1825 1472 et‘t,

377 1487 439 1547 buc
469 1489 578 1567 cupitis
608 1493 777 1570 sequentis,
807 1489 928 1550 dicens:
958 1492 1077 1553 Scicnti
1129 1490 1272 1552 triieriatn
1303 1489 1446 1551 diuiditur
1474 1489 1506 1549 in
1539 1486 1825 1564 concupitccritiam

379 1574 501 1634 bonum
514 1575 638 1651 facere,
663 1585 692 1636 et
707 1586 775 1638 uon
788 1578 940 1656 facienti,
963 1584 1076 1655 pecca·
1129 1580 1253 1653 carnis,
1281 1588 1313 1637 et
1335 1575 1620 1653 concupiscentiam
1646 1571 1823 1646 ocuiomrm,

378 1667 449 1720 tum
464 1664 509 1721 cst
523 1662 591 1738 iili,·
619 1661 673 1724 eed
688 1666 883 1744 sapientiam,
897 1675 929 1724 ut
944 1666 975 1724 iu
990 1656 1076 1724 mulie
1131 1676 1161 1726 et
1175 1664 1355 1741 superbiam
1378 1665 1472 1724 vitoe.
1509 1661 1590 1722 Nam
1612 1660 1824 1740 concupierun-

377 1755 443 1819 est‚
471 1757 501 1807 et
526 1750 609 1809 vitiis
637 1752 744 1822 eervit,
771 1750 802 1810 id
833 1759 879 1812 eet
904 1753 1076 1813 concretive
1130 1755 1200 1813 tium
1217 1750 1370 1811 oculorum
1385 1752 1502 1829 spectet
1524 1748 1673 1828 supientia
1688 1750 1826 1822 tritten

379 1834 615 1907 consideratam,
632 1838 810 1917 erpieutirm
826 1858 907 1911 esee,
922 1858 958 1898 ue
974 1837 1075 1899 desas-
1130 1840 1400 1918 concupiscentium
1424 1832 1522 1896 cemi'e
1544 1835 1695 1914 sapientie
1714 1833 1825 1901 unime-

377 1938 447 1980 sum
455 1914 641 1982 descendere
649 1932 752 2001 neget.
774 1923 817 1984 Ut
828 1924 853 1983 si
864 1921 971 1998 dicam
980 1926 1075 1987 scieu-
1129 1927 1182 2001 lis;
1198 1916 1824 2004 etruperbiamvitcesupientiedisboliuu.

377 2008 452 2067 tidsn
468 2007 620 2069 inflantem
637 2019 690 2070 sut
700 2011 886 2072 voluntatem
902 2022 1087 2091 peccantem·
1175 2014 1223 2072 16.
1252 2012 1311 2074 Ubi
1326 2013 1410 2072 enim
1427 2010 1512 2071 nctus
1534 2016 1563 2069 et
1577 2011 1755 2081 contentio,
1779 2002 1826 2064 tbi

376 2115 441 2176 non
463 2114 530 2155 esee
552 2117 571 2155 u
594 2092 679 2170 Deo,
706 2099 761 2159 eud
784 2119 803 2158 e
825 2096 962 2173 diabulo,
985 2097 1077 2160 vele
1129 2101 1363 2173 inconstantia,
1395 2106 1425 2158 ct
1450 2104 1545 2156 omne
1570 2112 1649 2172 opus
1674 2102 1824 2172 prunum.

377 2181 453 2243 vitio
469 2182 603 2242 hominis.
1130 2184 1206 2247 Cum
1222 2204 1313 2266 eupre
1328 2190 1441 2246 tautum
1465 2182 1503 2243 de
1526 2180 1643 2243 invidie
1657 2191 1688 2241 et
1703 2186 1825 2242 ebuteu-

421 2267 514 2329 Hunc
530 2280 668 2343 sensum,
694 2271 750 2331 etei
773 2271 875 2332 verbis
898 2271 1075 2332 obscuriori·
1131 2275 1227 2344 tione,
1244 2290 1323 2352 quae
1338 2271 1530 2350 superborum
1545 2269 1622 2329 vitiu
1635 2272 1715 2342 eunt,
1730 2264 1826 2327 rusios

378 2356 452 2426 bue,
468 2354 560 2415 tradit
575 2356 755 2433 cajetanum
772 2370 829 2417 uec
844 2353 983 2419 dissentit
997 2359 1076 2419 Hus-
1130 2358 1286 2439 magistros
1301 2359 1501 2427 incusaverit,
1520 2356 1757 2416 uenerationem
1774 2349 1825 2413 sd·

379 2440 519 2515 selenus,
543 2452 574 2502 et
589 2444 620 2502 in
642 2463 697 2503 uus
715 2445 893 2524 paraphrasi
908 2444 1075 2506 Titeimen·
1130 2446 1189 2518 dit,
1217 2466 1269 2506 cur
1290 2463 1392 2506 eorum
1416 2444 1593 2525 sapientium
1617 2443 1697 2502 omdi
1715 2448 1826 2521 genere

378 2546 445 2590 uus.
483 2527 564 2589 Illud
579 2538 681 2591 temen
696 2528 883 2604 addendum,
899 2532 1077 2610 cupientium
1130 2535 1270 2594 vitiorum
1284 2541 1405 2605 oneret,
1419 2528 1555 2593 racundo
1571 2544 1638 2588 erm
1654 2549 1715 2590 nou
1730 2527 1826 2588 tolum

378 2634 415 2676 se
426 2616 598 2688 seientiam,
625 2636 704 2697 quoe
726 2620 758 2677 iu
773 2617 941 2679 homiuibus
956 2629 1001 2680 oet
1015 2628 1076 2679 tm·
1130 2618 1320 2692 diabolicum,
1337 2617 1389 2680 ted
1405 2620 1493 2679 etitits
1505 2622 1653 2676 terrenum
1667 2624 1698 2677 et
1714 2615 1827 2676 uiuimu-

378 2702 498 2763 bitiesie
514 2711 567 2762 uut
582 2706 698 2777 everis,
720 2712 773 2765 eut
792 2705 854 2765 elis
871 2707 979 2785 quavis
995 2706 1075 2785 cupi·
1129 2706 1198 2767 lem.
1233 2706 1399 2787 Quoniam,
1417 2705 1527 2786 iuquit,
1551 2700 1828 2776 reinciperent

378 2782 478 2850 uun
501 2787 662 2868 corruptis,
689 2791 866 2873 pleramque
888 2793 988 2853 mritis
1010 2810 1077 2854 esee
1131 2792 1254 2867 invidie,
1278 2802 1333 2868 est,
1358 2801 1388 2853 et
1413 2793 1592 2866 contentio,
1618 2784 1708 2851 iscile
1735 2788 1825 2849 etiem

378 2875 559 2958 permixtum
574 2882 605 2936 et
624 2876 765 2939 iniectum
787 2878 936 2941 erroribus
958 2898 994 2942 cc
1010 2891 1076 2960 pru·
1130 2887 1249 2943 ctetere
1257 2882 1332 2941 vitiu
1340 2878 1569 2943 subnectuntur.
1592 2877 1825 2951 inconstantia,

379 2959 429 3025 vis
445 2964 652 3043 opinionibut,
674 2962 712 3025 ed
728 2966 877 3027 cumulem
893 2986 1014 3028 sensum
1029 2986 1075 3027 sc·
1131 2963 1263 3030 Graece:
1288 2959 1518 3040 ἂααταατααία,
1541 2961 1622 3047 qnod
1643 2966 1734 3026 etium
1750 2962 1825 3024 uerti

379 3051 593 3126 commodetis3
610 3053 728 3112 etiemei
739 3047 978 3129 fundumentum,
995 3051 1079 3135 quod
1130 3064 1244 3137 potest:
1266 3055 1393 3131 reditio,
1410 3053 1574 3116 tumuitus.
1604 3049 1683 3113 iiam
1700 3051 1825 3131 gentius

379 3140 426 3199 est
440 3135 596 3212 chuntur,
611 3139 731 3200 retineri
745 3141 890 3202 ridentur.
926 3141 1015 3202 Unde
1031 3152 1076 3202 tr·
1130 3135 1255 3221 aliquod
1281 3143 1387 3202 tritium
1409 3139 1466 3203 hirc
1487 3133 1634 3201 vocubuio
1656 3137 1827 3219 siguificare

377 3226 424 3287 l&
440 3225 576 3304 magittri
597 3224 737 3286 diudhtur
758 3233 854 3305 ruper
877 3229 1076 3306 fundamen·
1130 3228 1235 3289 voluit.
1266 3229 1410 3289 Erremus
1423 3222 1698 3305 perturbationem
1719 3220 1827 3296 reddit,

378 3309 741 3388 ceerccctpecretrcua,
756 3315 901 3392 foenum,
914 3317 1076 3394 stipulam,
1130 3315 1188 3377 hoc
1211 3311 1273 3389 esi,
1300 3307 1448 3375 turbrtum
1470 3324 1569 3375 rernm
1596 3310 1746 3386 ordinem,
1774 3311 1828 3391 qui

381 3403 397 3458 1
413 3399 483 3459 Cor.
500 3403 529 3461 3.
727 3468 729 3472 ,
1129 3399 1275 3465 iuvidiam
1286 3399 1315 3462 et
1324 3403 1542 3463 contentionem
1550 3402 1748 3482 eonreqditui,
1757 3397 1827 3459 dum

422 3484 485 3546 Sed
514 3489 659 3560 terrene,
701 3487 868 3561 animulir,
908 3485 1075 3548 diabolica.
1131 3510 1184 3569 per
1204 3488 1394 3550 ambitionem
1417 3487 1548 3569 quiaque
1569 3488 1684 3567 majora
1705 3489 1827 3566 prieur·

378 3574 551 3646 Animulit,
568 3572 685 3633 (iruece
700 3567 822 3651 ψυχικὴ,
841 3575 879 3635 eb
895 3575 1001 3648 anime,
1017 3595 1077 3635 uou
1130 3585 1228 3657 cuput.
1251 3577 1376 3656 Legitur
1391 3577 1472 3656 opud
1484 3567 1609 3634 Puuluin
1621 3583 1745 3650 nurnero
1759 3570 1824 3653 plu·

379 3657 420 3720 eb
436 3659 569 3719 euimali.
605 3658 762 3739 Quomodo
781 3659 895 3722 Paulus
918 3662 1076 3724 animalem
1129 3664 1186 3725 ruii
1208 3677 1262 3743 pro
1285 3659 1490 3725 reditionibui
1516 3682 1574 3722 uon
1600 3655 1701 3721 semei.
1737 3657 1828 3733 Vide,

380 3755 472 3807 uocet
485 3744 652 3819 homiuem,
668 3746 787 3807 dicere:
811 3750 970 3811 Animalis
984 3749 1077 3811 bomo
1130 3770 1209 3832 quue
1224 3749 1353 3811 diximus
1375 3750 1414 3813 ed
1435 3746 1510 3810 iliud
1533 3745 1697 3810 tcoriniir
1714 3747 1759 3809 e:
1785 3749 1828 3806 In

379 3834 450 3896 nun
462 3832 602 3909 percipit
613 3853 661 3909 eu,
680 3842 761 3911 ptrue
771 3845 847 3896 sunt
856 3838 988 3913 spiritur
1006 3837 1075 3911 Dei,
1129 3838 1342 3899 seditionibus.
1377 3835 1507 3897 Omnino
1533 3845 1664 3914 nemque
1691 3841 1825 3915 appetet,

382 3913 482 3982 libor.
499 3922 528 3979 2.
562 3907 766 4000 ecquomodo
783 3920 883 3983 Judee
898 3921 993 4005 (qued
1009 3942 1076 3983 cum
1129 3924 1177 3985 hic
1191 3921 1351 4003 significari
1363 3922 1622 3984 tumultuationem
1631 3913 1771 3982 seditioni
1788 3920 1825 3980 'ei-

379 4008 438 4068 ba'c
451 4006 520 4066 loto
534 4009 631 4084 mugio
653 4005 804 4084 convenit)
824 4010 854 4070 in
870 4027 925 4070 sua
941 4007 1078 4089 Epietoir
1130 4005 1247 4087 miiertt,
1273 4010 1370 4091 qusiis
1386 4017 1452 4070 etse
1466 3999 1546 4070 edict
1567 4008 1719 4068 hominum
1736 3997 1826 4068 rebe·

379 4093 530 4176 quosdam
555 4096 719 4154 insectetur
749 4095 806 4155 hoc
831 4097 966 4169 nomine,
996 4097 1076 4178 quod
1129 4103 1290 4158 menterno
1301 4096 1430 4177 superbe
1443 4095 1564 4157 interne
1577 4093 1827 4155 contendentium.

379 4188 485 4242 esrem
499 4182 662 4240 animales.
686 4181 770 4243 Solet
782 4184 860 4242 enim
876 4183 1030 4261 Scriptura
1045 4187 1078 4246 in
1176 4185 1224 4245 ii.
1249 4186 1336 4261 Quae
1348 4187 1454 4245 autem
1466 4182 1629 4245 desursum
1643 4183 1686 4243 ert
1697 4184 1828 4259 supten-

380 4268 501 4329 humine
516 4268 644 4327 unimam
662 4289 681 4327 e
695 4270 801 4347 spiritu
818 4269 1018 4360 distinguere;
1043 4280 1078 4331 ut
1130 4271 1191 4343 tia,
1212 4274 1355 4347 primum
1369 4272 1499 4347 uuidere
1511 4269 1634 4347 pudica
1649 4273 1701 4331 est.
1737 4270 1828 4330 Nttnc

379 4356 499 4417 animae
514 4353 698 4426 tribuantur,
726 4373 805 4434 quae
827 4359 991 4418 esuritivre
1006 4368 1077 4417 eunt
1130 4378 1146 4417 e
1162 4355 1281 4417 diverto
1297 4361 1398 4417 terrm
1414 4375 1450 4417 uc
1465 4355 1623 4419 coeletteit
1639 4355 1827 4437 cupientium,

379 4443 492 4523 pertin,
519 4441 636 4519 spiritui
658 4444 747 4515 iero,
778 4461 858 4519 quae
878 4449 1015 4523 spectent
1037 4443 1077 4505 ad
1131 4447 1211 4523 qiree
1225 4439 1369 4505 videlicet
1382 4443 1527 4506 bonorum
1549 4441 1827 4523 cornigerorum,

379 4537 498 4609 purtem
515 4528 736 4588 intellectiieus.
770 4528 857 4589 Unde
873 4528 1017 4590 euimuiee
1034 4527 1075 4590 di·
1131 4531 1191 4592 ritie
1203 4526 1437 4612 proprietttiiittts
1448 4530 1584 4613 explicet,
1602 4531 1701 4608 iisque
1712 4531 1828 4608 beptem

380 4617 502 4688 cuntur,
519 4615 572 4692 qui
588 4616 686 4675 cernis
701 4623 736 4675 'ec
751 4633 889 4675 cenenum
905 4617 1077 4697 voluptates
1131 4619 1262 4679 nuncto.
1300 4602 1378 4679 itin
1401 4615 1576 4697 saponem,
1604 4616 1634 4678 id
1658 4623 1704 4674 eet
1730 4617 1828 4675 rerum

380 4710 556 4782 sequuntur.
581 4702 760 4776 Diabolica,
782 4701 898 4763 Graeco
914 4698 1077 4780 bucpon'o'r-
1131 4698 1298 4766 divitiatum
1320 4703 1465 4786 cognitio,
1493 4706 1519 4765 ri
1542 4719 1602 4766 nou
1625 4701 1723 4762 tolum
1743 4701 1829 4762 tutel-

380 4785 456 4868 tec,
473 4788 505 4849 id
520 4798 567 4848 eet
581 4789 802 4858 daemoniaca,
820 4789 869 4849 vel
884 4791 984 4870 potius
1000 4791 1077 4851 dac·
1130 4794 1241 4852 iectuiti
1256 4789 1375 4863 idumei,
1391 4791 1444 4852 ted
1461 4790 1550 4853 eitun
1566 4783 1749 4851 cuiunteten
1765 4787 1826 4849 uffi-

379 4876 526 4940 memore
534 4920 545 4952 ,
562 4875 717 4936 daemone
729 4876 837 4951 piena.
1131 4877 1186 4952 c'it,
1211 4897 1315 4940 omues
1333 4881 1459 4940 virtuter
1474 4874 1597 4940 comites
1612 4879 1716 4935 ieiuni
1731 4873 1826 4949 eum·

420 4963 506 5025 Dicit
520 4975 607 5041 ergo,
631 4962 810 5042 edpientiam
827 4964 969 5025 melorum
985 4962 1076 5043 inegi-
1131 4955 1178 5025 cit.
1213 4965 1374 5040 Primum,
1402 4965 1514 5046 iuquit,
1541 4948 1660 5041 pudico
1684 4963 1828 5040 &iiim

378 5053 508 5118 situi&
524 5051 593 5114 esse
607 5057 787 5129 terrenum,
814 5052 885 5135 quis
899 5052 993 5118 ceruit
1006 5063 1076 5114 eru
1130 5058 1237 5134 cartu,
1268 5041 1384 5116 Gutum
1413 5045 1510 5134 ἁγνὴ,
1549 5049 1581 5115 id
1609 5053 1656 5112 eet
1683 5053 1760 5138 puri
1789 5048 1830 5116 ub
