4442 5825
439 604 514 672 204
882 634 888 642 -
960 597 1383 655 comminuentem
1450 654 1452 659 ,
1535 640 1538 649 .

437 782 557 854 tempus
570 772 756 848 hodiernum,
778 773 809 834 id
824 783 877 848 ost,
892 783 962 836 tunc
977 793 1130 855 praesens,
1183 775 1270 836 Nsbil
1296 775 1340 835 od
1361 776 1541 852 perfectum
1567 771 1706 834 adducit
1734 772 1793 833 loc.
1824 773 1877 832 Est

438 859 559 941 qnando
588 860 663 921 baec
694 860 910 923 scribebantur.
947 862 996 921 Ita
1025 870 1130 922 auctor
1184 862 1261 921 enim
1285 863 1316 922 iu
1339 859 1454 923 Graeco
1476 859 1556 921 idem
1577 858 1721 935 verbum,
1746 877 1875 940 proquo

437 948 558 1029 glossae
570 947 779 1022 interlinealis;
795 951 883 1026 quasi
897 966 1003 1009 sensus
1019 950 1067 1020 sit,
1084 950 1129 1021 iis,
1183 948 1318 1009 nonnulli
1341 957 1462 1009 vertunt
1485 946 1639 1008 hocloco:
1661 946 1873 1024 sonctifleorc5

438 1035 683 1114 quaequondam
691 1035 872 1114 gerebantur
883 1037 913 1096 in
926 1035 1130 1107 tabernaculo,
1182 1034 1235 1094 sed
1266 1033 1375 1094 melius
1405 1044 1521 1096 noster:
1548 1034 1728 1111 perfectum
1760 1034 1872 1110 saccae,

438 1120 548 1182 similia
562 1121 654 1182 luisse
669 1142 714 1193 ea,
735 1141 813 1201 qnae
827 1130 960 1202 tompore
975 1121 1063 1182 Pauli
1077 1120 1128 1181 ad·
1183 1118 1264 1201 quod
1287 1123 1410 1201 utrique
1431 1122 1497 1183 loco
1520 1121 1668 1200 congruit.
1691 1118 1767 1180 Vim
1788 1121 1871 1200 signi·

437 1209 497 1269 buc
512 1208 624 1269 fiebant
646 1209 676 1269 in
699 1207 828 1286 templo;
850 1217 956 1288 utpote
978 1228 1026 1268 res
1051 1209 1129 1286 ejus·
1182 1208 1330 1269 ficationia
1367 1209 1502 1286 explicm
1533 1208 1679 1284 adjuncta
1716 1206 1873 1285 particula:

438 1293 506 1357 dem
531 1288 732 1356 iustitutionis.
767 1293 867 1373 Quem
892 1314 1013 1356 sensnm
1039 1296 1131 1356 suam
1178 1299 1273 1369 jussa
1303 1299 1537 1356 conscientiam.
1570 1293 1684 1355 Sensus
1713 1293 1795 1354 enim
1820 1303 1871 1355 est:

436 1381 543 1444 volunt
556 1381 650 1442 biblis
664 1382 755 1461 regia,
776 1384 807 1442 in
823 1381 929 1462 quibus
944 1380 1047 1442 addito
1062 1401 1129 1461 pro·
1183 1380 1271 1462 Quas
1293 1381 1437 1442 sacrificia
1460 1402 1519 1443 non
1535 1388 1673 1460 poterant
1686 1399 1788 1442 coram
1807 1377 1871 1455 Deo,

437 1468 556 1529 nomine
570 1468 695 1547 legitur:
718 1471 754 1528 in
775 1470 833 1528 boc
854 1476 977 1545 tempas
997 1471 1129 1530 instans.
1183 1470 1237 1548 qui
1251 1470 1464 1530 conscientiam
1479 1471 1621 1541 intuetur,
1642 1467 1814 1546 justificans
1826 1471 1871 1529 mi·

436 1553 496 1617 ssd
512 1574 549 1615 oa
564 1554 653 1615 lectio
670 1556 781 1616 vitiosa
795 1563 851 1628 ost,
874 1565 905 1616 et
918 1555 1008 1615 iacile
1021 1555 1129 1617 refelli·
1182 1557 1364 1629 nistrautem,
1387 1556 1444 1616 boc
1464 1562 1517 1629 est,
1539 1575 1599 1616 non
1622 1562 1765 1634 poterant
1779 1572 1871 1615 seran

437 1650 485 1703 tur
500 1660 541 1701 ex
556 1646 700 1703 consensu
716 1641 843 1703 aliorum
859 1642 1002 1713 codicum,
1019 1642 1129 1722 quibus
1182 1642 1317 1703 conferre
1335 1642 1493 1720 justitiam.
1517 1641 1597 1702 Vera
1619 1659 1751 1720 namque
1763 1641 1871 1720 justitio

436 1738 469 1791 et
490 1727 618 1810 Syriaca
638 1729 734 1788 versio
757 1728 952 1807 suffragatur,
975 1736 1068 1808 atque
1091 1748 1130 1789 ex
1183 1738 1235 1801 est,
1251 1730 1410 1809 quaoDoo
1421 1728 1524 1807 judice
1538 1729 1691 1808 probatus.
1709 1726 1799 1789 Haec
1812 1747 1869 1789 con·

436 1816 510 1896 ipsis
525 1814 708 1877 Graecorum
723 1825 856 1876 veterum
872 1816 1101 1877 commentariis.
1183 1817 1338 1877 scientiam
1359 1816 1481 1895 perficit,
1503 1815 1561 1876 hoc
1575 1823 1631 1889 est,
1652 1814 1794 1888 animam,
1816 1817 1870 1877 ains

480 1905 587 1966 Juxta
603 1920 699 1981 qnam
722 1921 857 1964 munero
874 1909 903 1962 ct
916 1904 1035 1964 bostioc
1050 1903 1129 1981 offc-
1182 1903 1351 1964 interiorum
1374 1902 1527 1975 bominem,
1551 1909 1584 1961 ut
1607 1909 1767 1981 exponunt
1780 1901 1869 1963 Tbso

436 1996 564 2051 rantur.
580 1989 755 2050 Relativum
770 1990 800 2048 iu
817 1987 930 2051 Graeco
946 2010 1006 2050 nou
1022 1987 1062 2048 ad
1077 2011 1128 2069 pa·
1183 1988 1351 2068 phylactus,
1368 1987 1569 2051 Oeoumsnios
1583 1996 1615 2049 et
1629 1986 1804 2066 cajetanus.
1825 1988 1867 2049 Ili·

435 2072 579 2146 sabolnm,
595 2076 648 2137 sed
664 2073 704 2136 ad
719 2084 838 2155 tompus
849 2074 983 2149 refertur,
999 2065 1072 2132 καθ’
1087 2065 1129 2148 ὃν,
1182 2078 1257 2137 citur
1269 2083 1370 2136 sutem
1381 2077 1420 2136 ad
1437 2075 1632 2137 differentiam
1643 2075 1793 2150 justitiae
1807 2093 1867 2137 cot·

436 2160 552 2223 scilicet
573 2155 806 2240 conconjuncta
827 2162 913 2239 quod
935 2170 1064 2238 tompus.
1088 2163 1131 2222 Et
1182 2164 1244 2237 nis,
1268 2161 1306 2223 ds
1328 2181 1388 2242 qua
1403 2162 1493 2242 paulo
1516 2169 1593 2242 post.
1615 2162 1720 2235 Porro,
1743 2161 1772 2220 si
1790 2163 1866 2222 sacri

435 2249 492 2309 bos
501 2248 588 2309 modo
601 2249 712 2328 legisse
724 2247 973 2328 chrysostomum
987 2258 1017 2311 et
1028 2249 1128 2309 Thoo-
1182 2247 1251 2310 ficis
1273 2249 1349 2329 logis
1372 2270 1432 2310 non
1454 2257 1594 2329 poterant
1610 2248 1783 2327 justificare
1803 2268 1867 2324 sum,

435 2334 621 2416 phylactum‚
637 2335 1034 2415 perspicoedocentaorum
1049 2356 1127 2396 com·
1183 2337 1233 2415 qui
1254 2335 1449 2411 miniati-abst,
1471 2345 1553 2402 certe
1574 2355 1630 2396 noo
1654 2355 1707 2396 eos
1730 2343 1867 2416 poterant,

434 2424 580 2484 montorii.
603 2423 653 2484 sic
668 2423 757 2483 etiam
773 2422 849 2502 legit
859 2424 956 2502 Syme
971 2429 1130 2502 interpres.
1183 2442 1235 2501 pro
1263 2423 1372 2502 quibus
1394 2423 1588 2487 ministrabat.
1622 2420 1661 2483 Id
1687 2420 1773 2504 qaod
1799 2420 1866 2484 colli·

434 2509 501 2571 Noc
522 2508 655 2582 dubium,
680 2510 753 2588 quin
769 2509 919 2572 Graecum
943 2499 1023 2570 κατὰ
1042 2520 1131 2589 regat
1181 2506 1312 2588 gendum
1333 2508 1473 2590 relinquit
1496 2509 1670 2589 Apostolus.
1695 2509 1867 2571 Justcmut

434 2597 581 2658 interdum
604 2598 808 2657 accusativum
835 2599 992 2675 temporis,
1018 2597 1050 2657 in
1069 2616 1130 2676 quo
1182 2597 1259 2657 anim
1272 2603 1303 2656 et
1315 2595 1489 2676 legitimum,
1503 2607 1544 2670 ut,
1557 2596 1610 2676 qui
1621 2597 1772 2658 ministrat
1782 2596 1865 2667 altuni,

435 2681 552 2762 aliquid
567 2683 629 2744 fiat.
652 2683 703 2743 Ita
717 2703 822 2744 sonans
839 2693 898 2744 est:
916 2685 984 2765 Quo
996 2694 1130 2762 tempore
1182 2685 1295 2763 primus
1310 2682 1349 2743 do
1364 2703 1400 2744 so
1415 2688 1583 2765 participet

425 2779 562 2831 'munera
577 2779 608 2832 et
622 2769 739 2832 hostiae
754 2769 961 2843 offerebantur,
977 2790 1055 2852 quas
1069 2790 1131 2831 non
1226 2770 1381 2850 Quaeras:
1420 2772 1577 2852 Quomodo
1615 2769 1708 2849 igitur
1744 2769 1865 2832 honus

434 2866 561 2938 possunt
581 2865 636 2918 stc
666 2857 747 2920 Scito
775 2864 888 2932 teman,
914 2856 1129 2920 Oscumcnium
1183 2857 1264 2920 illius
1279 2858 1419 2938 temporis
1430 2858 1682 2940 justificabantur,
1699 2856 1726 2920 ai
1741 2855 1782 2919 ad
1793 2855 1864 2938 just

433 2945 560 3025 legisse:
577 2933 649 3004 καθ’
665 2936 712 3023 ἢν,
728 2946 901 3006 occandum
916 2965 1024 3021 quom.
1047 2947 1130 3006 Dicit
1182 2948 1255 3006 tiam
1277 2964 1379 3005 seram
1402 2948 1547 3011 sacrificia
1568 2945 1645 3006 nihil
1660 2938 1865 3006 comerebsml

435 3034 527 3093 euim:
548 3032 728 3094 Secundum
752 3051 848 3108 ouum
871 3033 1061 3108 parobolam
1076 3050 1131 3093 scu
1182 3031 1372 3112 Respondes,
1387 3051 1448 3107 eos,
1460 3037 1512 3114 qui
1520 3032 1770 3114 justificabantur
1781 3049 1865 3104 cosan

435 3119 693 3193 similitudinem,
717 3127 747 3180 ct
768 3120 940 3181 secundam
964 3139 1055 3197 quom
1079 3128 1131 3195 ty·
1182 3119 1250 3181 Deo
1274 3114 1486 3199 (quiquidem
1506 3124 1537 3184 in
1552 3119 1604 3181 illo
1628 3118 1746 3181 carnali
1768 3116 1864 3200 populo

404 3221 408 3228 ·
432 3223 514 3283 pum
537 3206 712 3267 oblationes
735 3206 894 3268 donorum
909 3214 939 3267 ct
952 3208 1129 3268 hostiorum
1183 3205 1274 3266 valdo
1290 3209 1378 3285 pauci
1392 3217 1486 3283 arant,
1501 3210 1553 3270 via
1564 3214 1737 3268 amoturum
1748 3202 1865 3268 nondun

433 3294 541 3372 [nctoc
555 3301 638 3354 sunt.
661 3293 707 3355 Ac
720 3293 882 3356 verisimile
897 3302 950 3367 est,
966 3295 997 3355 in
1011 3293 1130 3356 Graeco
1181 3289 1366 3374 propalata),
1385 3295 1569 3371 J'nstificstos
1594 3292 1690 3357 foues
1713 3313 1770 3373 pac
1791 3291 1865 3354 fidu

436 3381 541 3462 codice
549 3381 641 3441 nostri
652 3381 820 3460 interpretis
833 3382 875 3441 ita
886 3382 974 3441 ctiam
986 3383 1130 3461 scriptum
1182 3380 1294 3441 cunuti
1316 3380 1481 3443 Salvatoris
1503 3382 1639 3457 venturi3
1662 3379 1757 3441 simul
1778 3389 1865 3442 tamn

435 3467 547 3542 fuisse3
570 3488 639 3529 nam
655 3470 745 3529 unios
760 3468 864 3529 literae
879 3475 994 3529 tautum
1010 3475 1057 3529 est
1071 3467 1128 3529 dil·
1181 3466 1323 3530 adhibitis
1344 3468 1500 3530 sacrificiis
1521 3489 1558 3530 ac
1579 3469 1779 3538 sacramentis
1799 3466 1865 3528 illiat

434 3554 576 3629 issentia3
601 3556 719 3615 tametsi
741 3555 823 3634 prist
846 3555 935 3615 lectio
958 3556 1032 3615 mibi
1047 3555 1130 3616 vide·
1181 3556 1331 3632 temporis,
1353 3577 1414 3616 uon
1429 3564 1577 3636 quatenm
1592 3554 1648 3615 illa
1662 3557 1780 3617 veteris
1794 3559 1865 3616 arni

434 3649 485 3702 tur
507 3642 602 3719 magis
623 3660 775 3719 germana
809 3641 881 3702 Jam
909 3660 949 3701 ex
971 3659 1020 3715 eo,
1047 3640 1129 3719 quod
1181 3643 1386 3716 institutionis,
1402 3643 1543 3704 sicutbic
1558 3663 1596 3704 aa
1611 3641 1786 3704 considerat
1797 3642 1864 3722 Ape-

435 3725 601 3806 Apostolus
623 3727 747 3789 assidue
768 3729 931 3807 conjungat
949 3746 1085 3790 munera
1100 3736 1130 3789 ct
1181 3729 1284 3799 stolus,
1308 3728 1361 3789 sod
1377 3738 1410 3789 ut
1425 3727 1656 3792 subserviebant
1677 3730 1763 3791 vacis
1784 3726 1864 3790 odoi

435 3815 561 3889 nostias,
588 3816 662 3876 satis
687 3816 797 3894 liquot,
823 3833 862 3876 ex
888 3815 954 3893 ojus
981 3816 1130 3875 sententia
1180 3815 1247 3888 bus,
1269 3815 1370 3889 idest,
1393 3837 1461 3879 cum
1483 3837 1556 3879 vera
1577 3816 1639 3877 fide
1658 3823 1691 3876 st
1712 3816 1866 3897 pietatsss

436 3903 513 3963 intur
528 3901 604 3964 baec
619 3903 680 3963 duo
702 3900 924 3983 agnoscendum
940 3921 1007 3963 osse
1023 3902 1128 3963 discri-
1182 3903 1434 3983 suscipientibus3
1465 3901 1718 3984 quemadmodum
1740 3901 1867 3965 fusim

434 4008 520 4064 manc
546 3987 627 4069 quod
649 3997 750 4051 autem
773 3987 848 4050 illud
871 3989 918 4060 sit,
943 3988 1129 4050 ostendimus
1181 3988 1268 4050 nobis
1294 3989 1478 4052 declaratum
1504 3997 1551 4052 eat
1575 4009 1666 4071 snper
1689 3991 1720 4052 t.
1749 3996 1866 4052 sentmt

435 4096 500 4156 cap.
517 4074 546 4135 5.
1181 4076 1314 4138 distinct.
1330 4082 1357 4137 1.
1372 4079 1421 4140 De
1434 4098 1494 4158 qua
1509 4097 1541 4139 re
1554 4075 1654 4138 adhoc
1669 4075 1760 4154 infra,
1776 4078 1809 4139 in
1821 4075 1867 4137 bos

478 4165 642 4242 Quocnon
650 4171 786 4239 possunt
796 4167 892 4238 jacca
905 4166 1129 4225 conscientiam
1181 4173 1212 4224 et
1227 4166 1366 4242 sequenti
1381 4185 1454 4246 cap..
1469 4184 1566 4226 sermo
1581 4163 1703 4226 redibit.

429 4250 610 4328 perlectum
630 4250 739 4328 [acccc
761 4253 959 4327 seruientem,
981 4252 1047 4312 sivo
1066 4253 1129 4311 mi·
1223 4250 1429 4314 Solnmmodo
1444 4255 1480 4313 in
1495 4251 1570 4314 cibis
1584 4259 1614 4311 ct
1628 4252 1766 4328 potibus
1791 4250 1867 4314 use

433 4338 635 4399 nistcontcm.
666 4336 798 4400 Graece:
822 4331 1016 4416 λατρεύοντα
1040 4337 1129 4416 Quae
1180 4358 1250 4419 pars
1280 4336 1480 4400 difficultatem
1506 4339 1600 4399 babet
1628 4357 1690 4400 non
1720 4336 1868 4400 modicam

433 4445 496 4488 vox
531 4426 625 4487 sacris
669 4426 839 4488 ministeriis
876 4423 1128 4487 accommodatur.
1180 4425 1288 4504 Neque
1310 4426 1390 4487 euim
1409 4434 1545 4505 apparet,
1566 4423 1721 4505 quomodo
1744 4445 1814 4489 cum
1828 4443 1870 4486 aa·
1912 4501 1914 4506 Ι

432 4512 577 4574 Erasmus
605 4512 711 4573 vortit:
741 4514 911 4588 cultorem,
942 4531 1002 4573 non
1031 4518 1129 4588 recte;
1180 4510 1575 4587 tecedentibuscobaersat,
1597 4521 1819 4593 antonomum
1833 4509 1870 4574 dl·

433 4607 496 4664 tum
513 4600 585 4680 quia
599 4598 698 4661 cultus
713 4621 773 4661 non
788 4608 902 4661 tantum
920 4606 966 4661 est
979 4598 1127 4659 ministro·
1181 4606 1273 4658 catur.
1302 4598 1399 4671 Adde,
1422 4599 1504 4679 quod
1527 4618 1674 4678 suspensa
1698 4600 1872 4682 sslinqnim

432 4706 507 4760 rom,
529 4685 582 4746 ssd
603 4686 695 4748 totius
716 4685 838 4768 populi3
861 4693 923 4746 tum
947 4686 1019 4766 quia
1036 4686 1128 4765 parti·
1182 4685 1285 4758 oratio,
1311 4706 1368 4748 nec
1390 4683 1503 4747 desiuit
1517 4687 1549 4748 in
1564 4704 1688 4747 sonsum
1704 4687 1871 4770 perlectum

433 4773 543 4852 cipium
558 4794 619 4835 non
634 4784 700 4834 erat
714 4773 888 4835 mutandum
905 4773 935 4833 iu
950 4792 1066 4845 nomon,
1090 4773 1129 4833 ob
1180 4770 1243 4834 Sed
1258 4771 1297 4832 de
1312 4773 1369 4833 boc
1385 4783 1499 4852 postea.
1517 4774 1650 4834 Primum
1662 4774 1747 4855 quod
1760 4773 1800 4838 ad
1812 4793 1872 4838 aot

432 4859 586 4934 sationem,
612 4880 689 4942 quae
714 4860 832 4941 patebit
857 4878 895 4921 ox
921 4858 1127 4939 sequentibus.
1181 4867 1295 4920 textum
1310 4861 1425 4933 auinot.
1441 4859 1577 4940 plerique
1592 4867 1712 4942 partem
1727 4861 1809 4927 banc
1821 4859 1872 4924 dit·

433 4945 515 5027 Quid
530 4947 570 5006 sit
581 4950 759 5026 perfectam
772 4950 890 5026 soccrc,
915 4945 995 5027 quod
1011 4945 1128 5009 Graeco
1181 4948 1307 5027 jungunt
1323 4946 1610 5027 apraocedentibua,
1627 4946 1813 5029 supplantes
1824 4945 1873 5010 ali·

432 5042 479 5100 ast
494 5028 665 5114 τελειῶσαι,
680 5034 794 5098 dictum
806 5032 989 5120 estadillod
1004 5054 1068 5117 cap.
1082 5037 1126 5097 7.:
1181 5032 1264 5117 quid,
1284 5033 1342 5096 boc
1365 5042 1420 5098 sut
1441 5034 1531 5098 simili
1545 5033 1667 5102 modos,
1678 5036 1745 5104 fica
1757 5036 1871 5102 cotn-
