4442 5825
725 618 1142 677 maromrssmursrm
1158 617 1243 673 rma.
1264 619 1349 673 t-s.
1686 626 1771 697 att·

363 795 382 875 i)
407 802 477 861 sitis
505 800 639 880 suppleri
668 800 772 879 possit
816 797 882 859 Nec
911 796 1011 871 refert,
1064 799 1132 857 rint
1147 803 1269 857 emtam
1282 803 1419 856 vestram
1434 797 1470 857 iu
1481 798 1606 871 timore,
1621 815 1675 858 seu
1689 814 1761 859 cum

363 906 412 947 um
426 884 608 960 subaudias,
628 904 696 946 cum
711 885 838 946 subinde
852 902 1011 985 personam
1064 886 1177 944 timore
1192 885 1472 944 comversationem.
1499 883 1660 943 Timorem
1672 883 1758 943 intel·

363 971 590 1052 tetdpostoluu
612 972 694 1033 Dicit
704 981 803 1033 autem
818 963 919 1045 idmtc,
932 986 1010 1046 pro·
1064 970 1126 1048 lige
1148 970 1363 1046 reverentiam,
1391 966 1540 1048 quomodo
1564 973 1655 1030 vertit
1669 971 1760 1031 Eras-

363 1060 410 1134 it,
438 1060 520 1119 ment
540 1070 573 1118 st
593 1059 709 1120 Paulus
732 1059 807 1120 locis
836 1059 953 1127 citatis,
978 1065 1012 1116 ut
1064 1076 1139 1116 mus.
1176 1055 1268 1117 Hunc
1297 1057 1432 1115 timorem
1460 1057 1550 1116 etism
1577 1056 1690 1117 Paulus
1721 1056 1760 1118 ab

363 1146 461 1207 litatis
488 1164 541 1205 scs
571 1145 768 1218 submonent,
798 1152 966 1221 avocetque
992 1163 1010 1203 a
1063 1142 1206 1204 uxoribus
1222 1142 1333 1220 exigit,
1356 1142 1473 1202 diceus:
1501 1143 1589 1204 Utor
1603 1149 1710 1203 autem
1724 1150 1761 1205 ut

363 1232 464 1313 pectis
489 1230 643 1312 obsequiis
674 1233 805 1291 rueram
834 1230 1009 1291 alienorum.
1064 1231 1173 1289 timeat
1196 1232 1320 1303 virum,
1346 1229 1424 1307 liph.
1449 1228 1478 1288 b.
1515 1227 1564 1287 Ad
1586 1228 1678 1306 hujus
1702 1228 1761 1290 loci

363 1318 547 1398 sinterpres
562 1317 641 1379 inire
655 1338 746 1379 versu
760 1318 789 1377 ὁ.
806 1318 910 1378 vertit:
927 1334 1008 1391 pro·
1064 1315 1290 1394 intelligentiam
1327 1313 1506 1389 notandum,
1538 1314 1668 1377 Jndseis
1701 1334 1761 1376 non

363 1406 398 1467 la
434 1404 526 1484 Quod
542 1407 602 1465 ait:
628 1406 790 1479 similiter,
818 1424 878 1463 non
898 1410 1011 1481 aequat
1063 1401 1158 1463 fuisse
1172 1401 1335 1474 insolitum,
1351 1401 1638 1481 cumgentilibuset
1652 1402 1759 1463 inlide-

363 1492 537 1551 tresservis
558 1492 679 1570 injure
702 1490 915 1569 subjectionis3
942 1508 1009 1549 nam
1064 1488 1145 1549 libus
1160 1487 1455 1549 miscereconnubia
1479 1488 1558 1548 Nam
1570 1489 1758 1563 Timotheus,

363 1598 389 1638 rr
404 1580 488 1637 souis
512 1588 559 1637 est
581 1579 696 1649 mariti,
721 1598 782 1637 non
803 1576 931 1652 aneilla,
958 1574 1010 1635 sed
1063 1585 1097 1636 ut
1110 1576 1249 1635 scribitur
1262 1575 1331 1635 Act.
1351 1576 1415 1644 16„
1440 1575 1521 1636 filins
1537 1582 1603 1635 erat
1618 1576 1760 1637 mulieris

363 1664 537 1725 ilitudinem
565 1663 678 1724 indicat
717 1665 878 1742 praecepti.
926 1662 1011 1723 Siout
1063 1663 1212 1726 Judaeae
1228 1661 1340 1738 tidelis,
1354 1668 1449 1738 patre
1460 1662 1581 1738 peutili.
1604 1662 1646 1722 ut
1656 1662 1760 1734 Felici,

363 1770 392 1811 m
415 1752 499 1811 servi
521 1749 631 1810 debent
653 1749 857 1810 obedientiam
880 1747 1010 1809 dominis
1065 1749 1202 1810 Praesidi
1218 1749 1369 1819 Romam
1389 1768 1465 1809 uxor
1478 1747 1616 1809 Drusilla
1631 1748 1758 1821 Judaea,

363 1838 434 1899 ioue
446 1837 644 1915 subjectionis
654 1836 784 1909 servilis,
800 1836 844 1896 sic
860 1844 889 1896 et
900 1854 1010 1895 uxores
1063 1836 1131 1896 slot.
1148 1839 1198 1897 24.
1230 1835 1334 1896 Monet
1348 1836 1441 1914 igitur
1456 1834 1637 1914 Apostolus,
1662 1844 1710 1910 ut,
1733 1836 1759 1896 si

363 1924 427 1986 ritis
442 1923 916 2001 rationesubjectiouisuxoriae,
932 1941 1010 2001 quae
1064 1942 1143 2000 quae
1171 1922 1312 1982 mulieres
1342 1923 1416 1983 sirie
1446 1920 1619 1984 infidelibus
1645 1930 1760 2001 nuptae

363 2030 420 2090 pus
449 2011 570 2071 diversa
599 2017 646 2070 est
673 2029 693 2071 a
718 2010 829 2071 servili.
867 2009 1010 2088 Sequitur
1064 2016 1165 2081 erant,
1192 2007 1333 2069 studeant
1358 2027 1410 2070 eos
1433 2006 1553 2069 Christo
1577 2006 1759 2081 lucrifacere,

363 2099 470 2176 saepti
485 2098 560 2157 ratio
576 2117 594 2157 a
610 2096 669 2158 fine
684 2096 767 2158 utili:
1063 2093 1184 2156 modum
1211 2103 1242 2156 et
1267 2104 1363 2156 artem
1390 2095 1615 2174 praescribens,
1643 2114 1705 2174 qua
1728 2093 1760 2154 id

363 2184 402 2246 Ut
427 2190 474 2259 et,
505 2187 532 2243 si
562 2185 618 2260 qui
644 2201 714 2244 mou
742 2182 877 2243 creduut
906 2182 1009 2243 uerbo.
1062 2182 1182 2243 iaciant
1207 2181 1299 2260 Quod
1315 2184 1372 2242 ait:
1395 2189 1533 2255 castam,
1550 2181 1684 2260 intellige
1699 2202 1759 2242 non

363 2290 446 2332 rece:
479 2271 520 2331 Ut
542 2272 655 2345 ctiam,
680 2271 736 2347 qui
757 2269 916 2331 increduli
935 2276 1010 2330 suat
1063 2268 1159 2329 solum
1188 2266 1397 2330 abhorrentem
1426 2269 1465 2329 ab
1502 2268 1667 2340 adulterio,
1704 2269 1759 2329 sed

363 2357 427 2431 bor
452 2376 522 2419 nam
545 2355 676 2417 Graece:
703 2367 750 2417 est
777 2346 938 2414 ἀπειθοῦσι
963 2353 1010 2440 τῷ
1063 2357 1155 2415 otiam
1172 2375 1190 2415 a
1205 2355 1381 2434 corruptelis
1404 2354 1578 2428 libidinum,
1601 2372 1682 2433 quae
1696 2356 1759 2415 sint

363 2461 415 2525 ip,
448 2444 537 2523 quasi
566 2444 663 2503 dicat:
692 2442 876 2503 discredunt
904 2442 1009 2504 verbo.
1064 2449 1182 2522 praeter
1196 2450 1333 2503 naturam
1348 2451 1401 2502 aut
1414 2441 1610 2502 honestatem.

363 2530 507 2591 stificatur
521 2531 598 2590 enim
610 2530 727 2590 animus
741 2529 811 2589 fidei
827 2548 1009 2609 repugnans.
1106 2528 1135 2588 3.
1159 2530 1303 2607 Quarum
1319 2548 1387 2590 mou
1400 2532 1440 2590 sit
1453 2532 1644 2589 extrinsecus
1655 2528 1758 2603 eapit-

363 2616 390 2679 le
417 2636 486 2697 esp.
512 2635 609 2696 super.
636 2634 714 2676 vers.
741 2616 769 2676 7.
797 2625 827 2675 et
849 2616 879 2676 8.
916 2617 1009 2677 Porro
1063 2616 1190 2689 latura,
1218 2623 1275 2676 aut
1290 2616 1497 2676 circumdatio
1513 2616 1604 2688 auri,
1632 2621 1689 2675 aut
1704 2616 1757 2676 irt-

363 2703 443 2765 bum
468 2703 612 2782 intelligit
636 2703 831 2783 evangelicae
855 2701 1007 2783 praedica·
1063 2703 1207 2764 dumcuti
1228 2704 1485 2764 vestimentorum
1509 2702 1619 2763 cultus.
1652 2702 1758 2775 Docet,

363 2792 413 2851 ris.
1063 2808 1124 2869 quo
1147 2791 1308 2868 praecipue
1329 2789 1413 2850 cultu
1437 2798 1594 2850 sternata
1616 2788 1757 2851 mulieres

363 2879 419 2940 Per
445 2876 617 2938 mulierum
643 2878 915 2938 conversationem
941 2878 1009 2938 siue
1061 2897 1095 2938 se
1109 2877 1180 2938 viria
1195 2878 1256 2938 suis
1272 2876 1480 2940 commendare
1502 2875 1649 2953 debeant;
1672 2875 1756 2939 ride-

363 2965 407 3026 to
428 2963 604 3039 lucrifiant.
641 2964 755 3025 Sensus
776 2965 930 3042 Apostoli:
958 2964 1009 3037 Ut,
1060 2964 1132 3025 licet
1146 2965 1285 3025 interiore
1299 2967 1409 3045 potius,
1425 2985 1516 3043 quam
1532 2964 1687 3035 exteriore,
1703 2963 1757 3042 qui

363 3071 430 3132 {aaa
445 3050 587 3111 mulieres
609 3051 689 3110 viros
712 3049 841 3122 habent,
864 3051 916 3129 qui
936 3071 1008 3111 non·
1061 3053 1092 3112 iu
1107 3061 1227 3131 sumptu
1243 3058 1273 3111 et
1288 3051 1447 3130 splendore
1466 3051 1594 3111 vestium
1611 3051 1757 3123 consistit,

363 3136 542 3210 acredant,
566 3157 626 3198 nec
647 3138 847 3217 acquiescunt
868 3137 1009 3216 Evange·
1061 3159 1097 3198 ac
1112 3139 1185 3198 viris
1201 3137 1378 3217 plerumque
1390 3135 1600 3217 dispendioeus
1613 3144 1644 3198 et
1654 3137 1758 3216 gravis

363 3271 366 3296 .
393 3225 452 3286 sed
478 3223 614 3285 auditum
644 3223 810 3304 repellant,
842 3225 862 3283 ii
890 3223 1009 3283 Christo
1062 3235 1116 3286 est.
1139 3223 1244 3285 Simile
1260 3233 1453 3304 praeceptum
1470 3233 1568 3286 exstat
1582 3222 1661 3304 apud
1677 3223 1756 3283 Pau-

363 3312 494 3390 riflartt,
529 3310 568 3370 ed
598 3310 781 3372 credendum
811 3310 926 3370 inducti
955 3330 1009 3389 per
1061 3311 1121 3371 lum
1136 3311 1241 3372 l'Pim.
1251 3315 1279 3373 3.
1302 3310 1488 3372 Vocabulum
1497 3311 1609 3384 cultus,
1620 3309 1755 3371 Graece:

363 3417 442 3460 »rum
469 3416 592 3457 suarum
617 3398 821 3458 obedientiam
847 3406 877 3457 et
902 3398 1009 3458 bonam
1062 3388 1197 3474 κόσμος,
1224 3398 1381 3472 muudus,
1409 3396 1438 3457 id
1467 3406 1514 3458 est
1539 3404 1690 3471 matus,
1718 3394 1758 3456 sd

363 3487 589 3559 [renationem
604 3483 698 3563 idque
712 3489 780 3545 siue
794 3484 900 3559 uerbo,
915 3481 946 3544 id
962 3492 1010 3543 cst
1063 3486 1120 3546 tria
1137 3483 1350 3568 praecedentia
1361 3485 1464 3545 reterri
1475 3483 1572 3556 debat,
1584 3485 1641 3545 hoe
1652 3481 1756 3544 modo:

363 3593 371 3631 ι
395 3578 536 3633 emsante
561 3571 786 3651 praedicatione
811 3571 910 3644 verbi,
937 3572 1010 3648 quia
1063 3574 1207 3650 Quarum
1222 3573 1325 3633 cultus
1346 3590 1415 3634 mou
1436 3574 1476 3632 u't
1495 3574 1686 3634 eatrirssecus
1700 3578 1754 3631 ete.

365 3657 385 3718 d
401 3656 585 3738 repulerunt
622 3657 681 3719 Vel
696 3661 757 3719 sic:
783 3659 911 3718 Etiamsi
925 3659 1009 3736 ipsae
1062 3658 1097 3718 ld
1112 3666 1196 3737 petet
1211 3677 1250 3719 ex
1266 3658 1405 3732 Graecis,
1421 3678 1500 3739 quae
1515 3657 1699 3720 commodius
1715 3659 1756 3718 ita

363 3765 421 3806 »res
435 3765 496 3805 non
510 3745 555 3804 eis
571 3745 712 3823 ingerant
734 3746 899 3806 doctrinam
921 3763 1009 3804 evan·
1062 3743 1243 3806 mauclerus:
1269 3750 1412 3824 (mamm
1429 3753 1563 3807 ornatus
1583 3749 1624 3806 sit
1646 3738 1755 3821 (ἔστω,

363 3833 449 3902 ieana
464 3832 547 3912 quod
562 3831 686 3893 moleste
700 3832 867 3894 ierantviri
882 3830 921 3894 ab
936 3849 1008 3889 uxo·
1062 3828 1303 3911 praeceptivum)
1328 3851 1397 3893 moa
1423 3840 1569 3894 externus
1599 3833 1669 3906 illc,
1700 3834 1763 3914 qui¹

363 3939 394 3980 ss
409 3917 522 3979 doceri.
545 3915 616 3979 Vult
628 3921 715 3993 enirn,
732 3938 859 3979 uxorum
874 3925 1008 3978 sanctam
1061 3922 1138 3979 situs
1164 3924 1208 3978 est
1232 3922 1268 3980 im
1291 3921 1456 3995 plicatura
1486 3920 1696 3996 capillorum,
1727 3925 1757 3979 et

363 4007 570 4067 recreationem
593 4024 660 4066 esse
681 4008 754 4067 viris
777 4006 901 4066 tacitam
916 4022 1009 4085 quan·
1062 4008 1337 4081 circumpositione
1352 4009 1444 4081 auri,
1472 4014 1530 4067 aut
1545 4008 1666 4066 amutu
1678 4004 1756 4080 pal·

363 4115 381 4152 u
397 4092 437 4153 ad
454 4090 634 4154 credendum
649 4096 829 4154 suasionem.
865 4091 943 4150 Nam
958 4110 1008 4150 cu·
1061 4093 1187 4152 liorum.
1224 4092 1342 4172 Quibus
1369 4092 1470 4154 verbis
1499 4094 1556 4154 etsi
1585 4113 1646 4153 non
1674 4099 1758 4153 vetet

374 4179 565 4240 conversatio
581 4178 698 4257 placet,
721 4202 781 4240 non
803 4177 895 4239 facile
909 4184 1009 4256 potest
1060 4179 1225 4259 Apostolus
1254 4188 1390 4240 ornatum
1422 4182 1553 4259 corporis
1578 4179 1756 4240 exteriorem

363 4265 476 4348 plicare
495 4265 613 4344 religio.
647 4266 718 4326 Non
740 4285 812 4346 ergo
827 4265 1007 4326 contrarium
1062 4263 1160 4342 (nam,
1185 4275 1219 4326 ut
1233 4265 1312 4340 dixi,
1338 4269 1407 4346 quis
1427 4275 1551 4327 ornatus
1574 4268 1623 4327 cui
1638 4263 1757 4345 praeie-

372 4353 450 4426 boc,
465 4351 548 4431 quod
562 4354 620 4412 sit:
646 4356 715 4414 siue
729 4353 843 4427 verbo,
861 4350 1008 4412 Paulinae
1061 4350 1173 4413 roudus
1188 4354 1242 4425 sit,
1269 4372 1309 4414 ex
1331 4354 1467 4415 instituto
1491 4348 1607 4427 docet),
1634 4352 1758 4429 oblique

363 4440 499 4502 tentiae:
526 4438 605 4516 tides
627 4459 666 4502 ete
692 4441 822 4515 auditu,
849 4439 934 4499 Rom
960 4439 1008 4497 10.
1061 4439 1601 4501 tamennotatimmodicumstadium
1614 4439 1757 4500 stluxum

363 4547 390 4588 m
411 4535 444 4588 et
466 4525 512 4599 bi,
534 4525 575 4588 de
597 4525 705 4606 quibus
719 4527 845 4598 Petrus,
871 4545 932 4585 non
946 4544 1007 4585 ere·
1062 4525 1238 4587 muliebrem
1254 4528 1285 4587 in
1308 4528 1451 4589 ornandis
1474 4526 1663 4607 corporibus,
1689 4544 1756 4604 spe·

363 4623 400 4686 rt,
426 4613 485 4676 nisi
502 4612 596 4674 verbo
610 4612 774 4692 aliqnando
794 4612 908 4674 audito.
944 4610 1010 4672 Nec
1062 4615 1124 4674 cies
1147 4611 1291 4691 quasdam
1310 4614 1400 4692 hujus
1422 4615 1563 4676 vanitatis
1586 4612 1758 4692 designans.

363 4697 517 4768 reintrare
531 4709 610 4761 recte
621 4701 800 4773 dicerentur,
815 4696 873 4758 nisi
884 4698 1008 4760 verbum
1064 4719 1190 4778 quarum
1208 4709 1254 4761 est
1270 4703 1381 4782 prima,
1398 4700 1524 4779 capillos
1539 4709 1604 4762 arte
1618 4701 1757 4779 crispare,

369 4788 580 4849 annuntiatum
595 4796 625 4847 et
639 4786 776 4847 auditum
791 4784 908 4846 inisset
1063 4792 1116 4847 aut
1142 4788 1173 4847 in
1199 4789 1353 4849 cincinnus
1379 4807 1566 4868 componere.
1610 4783 1758 4858 Secunda,

363 4879 384 4936 l.
407 4873 656 4936 considerantes
686 4876 723 4935 iu
751 4876 864 4933 timore
889 4878 1007 4932 cauam
1063 4874 1204 4947 reticnla,
1230 4875 1296 4936 sive
1317 4874 1347 4935 id
1374 4895 1469 4953 genus
1495 4875 1557 4936 alia
1581 4881 1759 4935 ornaments

363 4962 587 5023 curculionem
623 4968 770 5022 cauam
815 4957 934 5020 Clarius
970 4977 1008 5018 ex
1064 4978 1137 5020 auro
1152 4961 1270 5022 intexta
1286 4962 1405 5041 capillis
1422 4972 1476 5024 aut
1491 4961 1583 5043 capiti
1598 4979 1757 5042 apponere

363 5067 446 5112 seco:
466 5046 808 5128 numennumen
823 5045 1007 5111 amidae·
1063 5045 1257 5128 Quemquam
1282 5047 1341 5111 boo
1364 5050 1454 5114 etism
1481 5048 1520 5112 sd
1541 5048 1602 5114 slis
1624 5048 1758 5131 corpeus
