4442 5825
681 610 1081 669 uiuorumsrsenos
1114 612 1243 667 ruse.
1608 616 1682 687 233

371 784 448 849 use
472 786 599 867 uliquis:
628 787 723 849 Fides
747 796 794 849 est
820 807 932 861 eornm,
958 793 963 819 ¹
986 789 1167 865 soientifioe3
1197 809 1252 868 per
1276 791 1356 853 hene
1381 790 1461 851 enin
1486 788 1684 850 nenessitetur

371 895 389 935 n
411 882 567 954 epperent,
587 884 620 934 ut
636 873 746 936 dietum
767 884 816 935 est
830 896 930 954 supre.
985 875 1158 937 intellectus
1172 875 1212 935 ed
1228 897 1394 939 mum.

371 980 442 1023 eum
454 980 530 1034 esse,
545 964 686 1040 eognosei
702 970 801 1042 potest
815 965 930 1023 ratione
1027 965 1072 1025 Et
1085 964 1322 1039 inquirentibus
1343 984 1374 1026 se
1388 968 1616 1023 remunerator
1629 963 1678 1021 sit.

390 1067 446 1129 per
472 1048 771 1123 demonstrationem,
801 1051 878 1110 sient
901 1058 932 1109 et
984 1050 1157 1111 Verisimile
1177 1059 1230 1122 est,
1254 1053 1446 1131 interpretem
1469 1049 1612 1109 vertisse:
1636 1048 1684 1124 tlt,

371 1136 461 1196 uiuit
475 1134 675 1214 philosophis,
690 1135 836 1216 Apostolo
854 1144 931 1198 teste
984 1156 1060 1196 non:
1081 1139 1129 1197 eit
1154 1136 1233 1197 Nem
1257 1137 1376 1199 Greeoe
1398 1145 1443 1198 est
1466 1129 1591 1212 γίνεται.
1619 1135 1685 1196 Neo

371 1268 374 1282 .
410 1222 481 1283 Non
507 1241 579 1300 ergo
603 1221 774 1301 ponendum
801 1233 848 1285 est
873 1223 932 1285 hoo
985 1242 1076 1284 cnusn
1091 1229 1165 1294 eret,
1187 1244 1240 1284 eur
1254 1227 1383 1286 verinret
1396 1222 1526 1296 modum,
1550 1229 1584 1281 ut
1598 1223 1684 1302 prius

371 1356 376 1383 ‚
399 1328 481 1389 quse
502 1307 625 1370 eredere
649 1319 772 1387 oportet
797 1312 888 1372 Unde
903 1318 932 1371 et
985 1309 1147 1371 indicative
1162 1309 1291 1372 dioeret:
1315 1315 1392 1390 quin
1413 1317 1467 1385 eet,
1491 1317 1597 1390 postes
1612 1307 1681 1368 snb-

371 1415 417 1456 ses
441 1400 468 1456 1.
486 1414 515 1474 q.
538 1399 566 1456 2.
590 1406 646 1457 ert.
672 1401 699 1456 2.
721 1397 760 1458 ed
784 1402 811 1458 1.
835 1398 931 1469 disset,
981 1399 1136 1474 junctive:
1151 1400 1434 1460 remunerutnrsit.
1458 1396 1571 1458 Sensus
1582 1404 1682 1455 temen

371 1501 427 1553 sse,
448 1502 508 1543 non
523 1500 592 1543 esse
606 1483 765 1544 estienlum
781 1484 861 1557 fidei,
877 1483 930 1543 sed
985 1487 1097 1563 optime
1109 1492 1227 1545 oonstm
1237 1488 1326 1566 juxte
1339 1485 1498 1565 vulgum
1514 1483 1682 1543 leetionem.

371 1568 463 1630 sulum
491 1567 531 1629 ed
567 1570 717 1631 ertioulos.
754 1570 931 1649 Respondet
984 1570 1174 1649 Snepeeuim
1186 1567 1508 1649 Grseeumrs'qttedut
1523 1576 1686 1650 usurpetur

371 1675 411 1731 ue,
437 1656 516 1716 hene
538 1653 704 1717 doetriuem
726 1659 930 1718 inoommnnl
985 1678 1037 1736 pro
1054 1656 1146 1719 verbo
1161 1659 1351 1722 substantivo
1372 1679 1439 1721 oum
1454 1665 1537 1718 motu
1553 1664 1608 1717 eut
1621 1657 1686 1734 sig·-

371 1741 573 1822 sbdpoetole‚
596 1763 633 1804 ee
654 1744 839 1806 multitudini
861 1765 930 1804 eon-
984 1744 1156 1804 uidentioue
1181 1746 1312 1824 quedem
1337 1746 1441 1806 futuri.
1471 1743 1562 1805 Unde
1584 1743 1686 1821 Syrus

371 1830 689 1906 sumsiutpeunissimi,
703 1834 755 1910 qui
769 1832 931 1893 soientilioe
985 1832 1133 1909 interpres
1159 1834 1267 1893 vertit:
1294 1842 1324 1895 et
1349 1837 1406 1909 iis,
1439 1832 1496 1909 qui
1521 1837 1685 1910 quaerunt

371 1925 430 1988 ent,
455 1916 554 1977 Deum
580 1936 656 1977 esse.
690 1918 819 1996 Itaque,
843 1918 931 1996 juxte
985 1920 1100 1993 ipsum,
1121 1919 1255 1996 futurus
1269 1925 1309 1983 eit
1324 1926 1558 1983 remunerator.

371 2023 424 2075 nm,
436 2002 511 2064 nihil
525 2005 581 2063 erit
592 2003 725 2077 absurdi,
736 2007 762 2065 si
772 2004 929 2076 fruemur,
1029 2006 1186 2082 Quaerere
1210 2009 1277 2068 sive
1298 2012 1478 2086 inquirere,
1505 2004 1570 2077 vel,
1597 2005 1686 2065 utin

371 2111 381 2150 s
409 2090 476 2150 Deo
503 2089 655 2168 placuisse
678 2099 711 2150 et
735 2091 774 2152 nd
800 2090 930 2153 sulutem
985 2090 1101 2151 Graeco
1122 2099 1175 2164 est,
1198 2099 1364 2172 exquirere
1385 2098 1501 2169 Deum,
1526 2111 1583 2153 usn
1606 2091 1684 2152 Seri·

371 2196 410 2236 ue
432 2179 498 2238 siue
522 2196 559 2238 en
580 2177 656 2249 lide,
680 2198 740 2258 qun
762 2178 929 2250 erederent,
985 2185 1093 2257 pturee
1109 2176 1257 2251 dicuntur,
1281 2184 1332 2262 qni
1347 2182 1448 2242 Deum
1470 2180 1613 2259 religiose
1636 2199 1685 2238 eo·

371 2283 437 2326 sese
475 2263 586 2324 Verum
613 2263 643 2324 id
670 2274 773 2326 contre
802 2273 930 2326 mentem
985 2265 1066 2337 lunt,
1091 2264 1276 2347 studentque
1298 2271 1326 2329 ei
1354 2288 1407 2348 per
1432 2267 1533 2326 omnio
1556 2265 1685 2347 placere.

371 2356 383 2424 ζ,
405 2352 458 2430 qui
480 2349 647 2413 doetrinem
664 2353 795 2414 instituit
813 2351 932 2412 tredere
984 2351 1074 2411 Retio
1089 2349 1252 2414 locutionis
1268 2363 1322 2427 est,
1343 2357 1424 2432 quie,
1448 2353 1500 2434 qui
1514 2352 1591 2412 telus
1607 2361 1685 2426 sunt,

375 2437 557 2516 puerulum,
583 2445 614 2499 et
639 2458 717 2519 quse
742 2440 856 2500 nullum
880 2437 930 2498 ed·
986 2437 1154 2498 notionibus
1181 2442 1243 2501 suis
1268 2442 1300 2503 in
1322 2443 1421 2502 Deum
1450 2438 1535 2499 velut
1560 2458 1684 2518 seopum

371 2526 579 2604 xeeptionem3
603 2525 681 2585 sieut
697 2534 727 2585 et
742 2545 863 2605 prorsus
878 2544 930 2603 ge·
986 2525 1125 2583 continno
1153 2526 1296 2605 tendunt3
1328 2524 1577 2609 quomadmodum
1601 2545 1617 2585 e
1639 2524 1684 2585 di-

371 2609 508 2683 ’dixernt
522 2611 708 2691 impossihile
724 2632 800 2687 esse,
816 2620 852 2673 ut
865 2614 932 2671 sine
986 2630 1082 2683 verso,
1105 2614 1156 2691 qui
1178 2617 1277 2675 ornnie
1292 2617 1331 2676 ed
1352 2635 1437 2675 suem
1462 2615 1594 2693 ipsorum
1609 2611 1685 2674 reie-

371 2696 595 2776 spleoeetDeo.
619 2697 699 2759 Nem
715 2699 843 2780 alioqui,
858 2701 933 2760 siout
986 2707 1055 2758 runt
1077 2698 1256 2774 utilitatem,
1284 2722 1318 2763 ee
1342 2696 1440 2782 ipsos,
1468 2708 1499 2762 et
1523 2720 1602 2781 quee
1629 2717 1684 2760 sue

371 2784 407 2844 »ti
437 2784 560 2862 quidem
592 2787 796 2864 excipiuntur,
829 2787 872 2846 ite
902 2793 933 2846 et
987 2794 1071 2857 sunt,
1100 2806 1243 2864 quaerere
1267 2788 1414 2850 dicuntur.
1439 2790 1685 2862 Remunerntor,

371 2891 437 2934 sex
451 2873 586 2952 antiquis
608 2872 750 2951 patribus,
770 2875 860 2935 etism
874 2873 933 2935 boe
987 2870 1103 2933 Grseoe
1129 2867 1379 2955 μισθαποδότης,
1407 2875 1438 2937 id
1465 2881 1510 2937 eet
1534 2873 1686 2937 mercedis
1733 2939 1737 2947 ,

371 2960 538 3032 somnum,
570 2962 709 3040 excipere
743 2960 863 3036 licebit3
900 2966 934 3022 ut
984 2960 1138 3020 redditor.
1163 2962 1249 3042 Quae
1265 2984 1327 3026 uox
1345 2965 1517 3026 haereticos
1530 2963 1598 3035 urit,
1614 2980 1684 3043 ope·

388 3066 482 3108 censs
502 3045 726 3121 Aurelianum,
758 3068 848 3127 quem
874 3057 931 3108 tre·
987 3066 1052 3106 rum
1067 3046 1213 3108 bonorum
1236 3052 1342 3112 merite
1362 3061 1518 3132 negantes,
1541 3049 1633 3132 idque
1649 3068 1685 3109 eo

370 3136 468 3213 iguem
481 3133 675 3215 Astrologum
686 3134 790 3196 fuisse.
807 3137 933 3197 Atrero
988 3134 1084 3211 magis
1114 3134 1170 3194 heo
1199 3135 1284 3209 loeo,
1314 3137 1397 3218 quod
1422 3159 1483 3198 non
1509 3135 1684 3218 simpliciter

371 3222 411 3282 sdi
444 3223 656 3299 exeeptionem
685 3242 828 3300 prensens
851 3221 933 3301 Apo·
987 3220 1151 3299 Apostolus
1173 3221 1267 3297 diost,
1290 3224 1517 3305 inquirentibus
1538 3243 1571 3284 se
1589 3241 1684 3283 remu·

371 3309 459 3369 strine
472 3309 556 3369 nullo
570 3305 792 3390 modo'reoipit.
988 3314 1157 3368 neretorem
1179 3328 1261 3382 esse,
1284 3310 1338 3372 sed
1359 3311 1418 3372 hoe
1439 3314 1538 3390 ipsum
1559 3309 1687 3370 affirmet

371 3393 452 3455 edum
476 3396 577 3474 igitur,
599 3396 665 3456 sine
686 3395 745 3457 fide
768 3417 830 3457 non
845 3414 935 3475 posse
988 3402 1127 3472 oportere
1142 3394 1279 3472 eredere3
1302 3399 1348 3458 sie
1362 3407 1397 3458 ut
1411 3400 1478 3458 sine
1491 3417 1528 3457 eu
1542 3396 1604 3458 lide
1621 3396 1685 3475 ple·

371 3481 590 3554 dehominslms,
613 3502 650 3543 ne
669 3483 854 3562 philosophis
869 3484 933 3562 qui·
989 3500 1057 3541 uere
1079 3481 1147 3541 Deo
1170 3482 1210 3542 sit
1233 3484 1427 3562 imposulrile.
1451 3483 1511 3545 Sed
1534 3484 1572 3545 de
1592 3502 1629 3543 ee
1650 3501 1686 3543 re

371 3570 570 3648 iueoguoeoi,
593 3572 670 3630 siout
689 3577 814 3650 eportet,
834 3576 868 3629 ut
882 3569 936 3630 ille
985 3568 1049 3646 jem
1072 3566 1205 3628 diximus
1229 3587 1294 3647 cap.
1319 3591 1417 3653 super.
1432 3569 1472 3631 ed
1495 3570 1549 3631 ille
1574 3569 1684 3631 verbs:

371 3659 438 3717 »sit
459 3656 504 3718 eis
526 3657 684 3732 seluteris3
707 3666 770 3718 tum
786 3656 858 3736 quie
873 3676 933 3716 oer-
989 3656 1076 3734 Quos
1095 3673 1248 3732 moqnum
1270 3657 1364 3721 tebet
1385 3660 1685 3719 remunerationem.

371 3743 620 3805 lemnustrstienis
642 3743 767 3806 inferior
787 3751 832 3804 est
847 3744 934 3804 eerti-
1030 3741 1121 3802 Nune
1135 3746 1300 3820 quaeritur,
1324 3766 1371 3821 an,
1394 3748 1472 3807 siout
1493 3754 1622 3825 oportet,
1644 3746 1687 3805 ite

371 3829 458 3904 tidoi,
485 3851 573 3908 quem
600 3830 728 3909 proinde
752 3831 807 3892 ille
832 3828 935 3911 qnoed
989 3829 1080 3888 etiem
1096 3830 1226 3890 suffieint
1239 3831 1361 3902 homini,
1378 3831 1503 3895 eredere
1516 3832 1592 3893 hese
1606 3830 1685 3892 deo:

371 3919 449 3979 inem
475 3918 619 3997 supplere
643 3938 703 3978 nou
729 3924 843 3997 potestq
870 3925 933 3978 tem
988 3913 1089 3974 Deum
1113 3934 1190 3986 esse,
1214 3925 1244 3977 et
1263 3919 1481 3998 inquirentibus
1498 3939 1532 3979 se
1547 3938 1686 3979 remune·

371 4024 431 4067 nen
455 4004 628 4067 intellectus
642 4008 734 4068 notui
751 4007 794 4066 ite
807 4012 934 4085 peeemo
988 4010 1120 4062 retorem
1135 4021 1215 4080 essm
1238 4005 1373 4079 suffieist,
1398 4009 1530 4086 inquam,
1545 4005 1585 4067 ed
1596 4007 1685 4086 justi-

371 4099 430 4152 nn
452 4100 507 4162 est,
532 4099 566 4152 ut
588 4091 647 4153 Del
670 4093 803 4154 notitiem
826 4111 881 4171 per
901 4109 935 4149 se
989 4088 1160 4150 linitionem
1181 4100 1212 4149 et
1235 4091 1370 4153 alutem.
1392 4094 1446 4155 lon
1467 4102 1567 4154 entem
1587 4113 1686 4154 seruo

378 4187 518 4258 nequest,
531 4180 668 4240 nisieum
680 4179 840 4240 multorum
855 4196 933 4238 erro·
987 4174 1026 4235 de
1040 4174 1159 4240 homine
1174 4175 1269 4256 lepso,
1291 4198 1381 4259 quem
1398 4179 1578 4242 adsalutem
1600 4181 1685 4242 heti-

371 4266 520 4341 nietione3
544 4267 625 4325 sieut
646 4264 734 4327 deeet
748 4266 782 4325 B.
799 4266 934 4326 'rhomes
987 4269 1074 4323 tusut
1092 4281 1200 4324 nome
1222 4264 1335 4327 lueres.
1369 4267 1447 4328 Nuus
1474 4276 1544 4329 ente
1565 4268 1685 4344 lapsum

374 4359 430 4412 ert
449 4356 476 4413 1.
499 4349 594 4423 Adde,
617 4351 699 4429 quod
721 4351 800 4413 fides
814 4372 832 4411 e
845 4350 933 4412 nobis
987 4369 1047 4410 non
1061 4348 1378 4415 fuissentsummum
1399 4354 1572 4418 Medietorie
1586 4354 1685 4427 mem,

371 4461 381 4514 ¹,
400 4446 437 4499 ut
457 4447 501 4499 eet
523 4456 663 4500 mensus
678 4459 697 4499 s
713 4439 866 4500 solentne
878 4438 932 4497 im·
986 4436 1018 4495 in
1032 4434 1170 4498 enniano
1185 4446 1241 4498 est

389 4524 543 4586 humiliter
556 4534 652 4604 etque
674 4522 851 4588 obedienter
865 4523 933 4584 sub·
1029 4522 1059 4584 S.
1077 4523 1214 4585 Thomas
1230 4533 1259 4586 et
1274 4526 1325 4586 elii
1345 4526 1487 4606 plerique
1503 4532 1572 4606 poet
1587 4525 1684 4605 lingi-

371 4610 586 4674 sintelleotnm
609 4610 648 4672 ed
669 4632 721 4684 ee,
747 4630 829 4691 queo
850 4612 934 4671 Deus
988 4616 1081 4672 suun
1103 4613 1319 4674 seutentiemm
1341 4612 1392 4673 lib.
1417 4613 1446 4673 8.
1472 4612 1539 4673 dist.
1566 4614 1616 4673 te.
1637 4631 1683 4672 re-

371 4701 469 4774 ·‚sive
483 4699 605 4778 eoguite
619 4699 706 4759 nobis
721 4698 853 4769 aliunde,
869 4699 934 4758 eive
987 4695 1152 4775 spondent,
1179 4718 1241 4759 non
1263 4700 1407 4760 suffieere.
1436 4699 1587 4773 Primum,
1613 4699 1685 4777 quie

371 4805 458 4866 squ
471 4804 505 4847 re
519 4786 610 4846 etiem
626 4786 760 4847 meritum
776 4785 848 4846 fidei
863 4803 933 4844 oon·
987 4791 1056 4864 poet
1076 4783 1195 4864 lupum
1212 4787 1300 4865 primi
1322 4785 1460 4853 hominis.
1481 4805 1539 4846 noo
1550 4785 1684 4863 justitie,

371 4873 425 4936 ine
439 4891 500 4953 quo
513 4872 663 4933 neminem
678 4872 780 4933 statuit
794 4872 880 4933 Dens
895 4868 934 4931 ed
987 4868 1142 4932 neuselns
1157 4874 1332 4950 contingere
1347 4873 1486 4950 nuiqessn
1502 4873 1601 4951 potnit
1615 4872 1683 4933 else·

371 4967 437 5023 tet
454 4957 582 5022 salutm
598 4958 777 5037 perduoere.
800 4958 870 5020 Hee
883 4975 934 5017 eu·
987 4976 1049 5035 que
1061 4956 1123 5020 fide
1135 4957 1321 5019 ¹ldedietoris.
1345 4956 1464 5020 Deinde
1479 4960 1684 5037 querentes

371 5063 421 5110 u
441 5066 505 5112 son
519 5044 612 5110 esen
631 5047 663 5108 in
677 5045 935 5111 munitione
986 5044 1048 5110 tlit
1075 5046 1246 5110 nermo
1284 5042 1452 5124 uedenisq
1494 5053 1529 5108 nt
1563 5046 1685 5112 einim
