4442 5825
410 583 460 653 ,ο
923 578 1354 638 murmurmurmur.

405 769 526 854 meum..
541 752 592 812 Ex
613 751 715 854 verbis
736 753 850 816 Peslmi
872 753 969 857 uuest,
983 755 1100 856 ingres-
1153 759 1310 820 ereutiouis
1334 758 1438 820 muudi
1461 763 1615 840 requievit
1638 762 1693 824 die
1719 783 1750 826 se

405 839 1098 1008 mmmmm&
1152 843 1290 1008 ,iz-⁶3:¹3·
1297 847 1583 1011 mm
1601 849 1750 1015 35:12⁰}

406 1021 468 1072 est:
491 1012 646 1091 Antiquos
660 1012 711 1072 ille
724 1015 856 1095 populus
871 1023 992 1094 propter
1006 1015 1098 1074 inere
1152 1016 1264 1076 stituts„
1287 1017 1374 1078 Hsee
1389 1019 1558 1080 insinuetur
1573 1023 1605 1081 iu
1622 1022 1750 1083 voesbu

406 1097 562 1159 dulitstem
583 1099 726 1160 exclusus
744 1110 792 1161 est
806 1121 825 1161 e
839 1102 944 1182 requie
958 1099 1017 1160 sibi
1032 1120 1098 1179 pro·
1151 1101 1492 1182 betismi,quodin1rs
1514 1105 1650 1168 hsbetur.
1680 1109 1749 1171 'Per

405 1186 505 1259 missu,
521 1184 769 1265 quemadmodum
784 1186 872 1248 Deus
885 1189 952 1266 ipse
965 1194 1100 1259 metetur,
1153 1190 1240 1267 quies
1261 1207 1314 1249 seu
1339 1192 1443 1270 quieta
1470 1196 1625 1272 possessio
1652 1203 1750 1257 terre«

405 1273 437 1332 iu
450 1270 573 1332 Psalmo
588 1271 706 1333 dioens:
729 1274 940 1348 simiorum
954 1281 1011 1333 ete
1033 1272 1099 1333 Nos
1151 1295 1240 1347 new,
1255 1275 1420 1336 isreelitieo
1432 1279 1546 1357 populo
1557 1283 1722 1360 promises.
1739 1284 1750 1342 l

404 1360 496 1439 igitur
510 1360 542 1420 iu
557 1360 687 1439 requiem
709 1359 796 1420 nobis
810 1361 987 1441 promissum
1000 1361 1097 1438 iugre
1152 1363 1285 1439 quietum
1296 1365 1400 1443 prims,
1416 1384 1478 1443 qus
1488 1367 1575 1426 Deus
1587 1368 1657 1446 ipse
1667 1388 1750 1448 requ

405 1444 528 1518 diurnus,
547 1446 575 1506 si
591 1444 812 1507 crediderimus.
839 1447 918 1507 Num
932 1448 957 1506 si
972 1445 1097 1506 infideli·
1152 1446 1269 1521 dieitur,
1290 1458 1320 1508 et
1335 1448 1435 1510 adbuc
1455 1454 1627 1530 requieseit,
1650 1475 1716 1516 uou
1736 1477 1750 1536 q

404 1539 454 1592 tus
469 1531 609 1604 excludit,
631 1552 703 1612 ergo
718 1531 793 1594 fides
807 1531 978 1594 introducit.
999 1531 1096 1593 Simul
1151 1541 1195 1592 est
1220 1541 1314 1613 typus
1335 1545 1455 1595 nostrse
1482 1538 1615 1616 alicujus
1643 1543 1750 1619 quietio

401 1626 501 1678 sutem
522 1621 600 1680 inest
621 1631 858 1697 argumentum
871 1621 968 1698 figure
981 1618 1021 1678 sd
1034 1639 1097 1678 rem
1150 1620 1245 1699 mugio
1268 1621 1451 1702 exemplum,
1474 1633 1508 1683 ut
1529 1625 1610 1686 infre
1633 1624 1750 1689 dioetru

401 1705 581 1784 figuremus,
606 1705 722 1766 seilicet
741 1727 761 1766 s
782 1707 891 1788 requie
915 1714 1034 1766 terreus
1057 1704 1097 1764 ed
1149 1708 1225 1765 stieu
1241 1714 1339 1767 tsmeu
1361 1716 1415 1780 est,
1438 1717 1544 1788 utpote
1565 1713 1749 1791 significem

400 1794 533 1874 requiem
555 1793 724 1853 coelestem
1150 1792 1209 1851 Dei
1223 1794 1362 1873 requiem,
1385 1814 1447 1873 que
1461 1799 1626 1877 requiescit
1645 1809 1746 1880 utque

444 1881 489 1941 Et
511 1880 640 1958 quidem
666 1880 813 1956 operibus
834 1879 876 1940 ub
896 1881 1097 1941 institutione
1149 1886 1267 1938 ternum
1282 1881 1720 1958 requiescetredeieetebitur
1734 1888 1750 1946 i:

400 1967 516 2028 moedi
527 1968 686 2044 perfertis.
708 1965 824 2028 Grseee
838 1974 869 2026 et
883 1965 1025 2046 Syrisce:
1038 1968 1094 2044 fo·
1147 1966 1194 2036 tie,
1215 1973 1370 2045 temqueru
1387 1969 1416 2027 iu
1431 1987 1522 2048 opere
1544 1989 1600 2030 suo
1620 1973 1751 2051 perfecti

400 2057 467 2129 ere,
490 2052 571 2132 quod
595 2053 669 2112 otiu
683 2053 800 2114 Lutiuis
821 2051 1001 2132 quibusdem
1023 2052 1095 2132 legi·
1147 2051 1287 2113 Seeuuds
1311 2072 1383 2112 vero
1411 2057 1530 2135 requies
1556 2067 1590 2117 et
1612 2061 1706 2118 tertie
1733 2062 1750 2122 i

398 2149 457 2201 tur.
485 2139 548 2221 Qui
564 2140 701 2218 scripsit:
720 2141 882 2218 perfectis,
906 2140 1040 2218 respexit
1055 2138 1095 2200 ed
1148 2137 1295 2217 quaedem
1309 2138 1430 2200 fuerunt
1445 2142 1512 2219 ejus
1528 2145 1651 2219 quietis,
1667 2165 1750 2225 quse

398 2226 492 2289 verbe
506 2227 583 2287 Mori
598 2225 674 2286 Geu
691 2227 736 2286 2:
758 2227 899 2303 Perseets'
919 2233 995 2287 suut
1015 2227 1095 2286 eoelt
1148 2225 1181 2283 iu
1208 2224 1361 2284 Christum
1388 2226 1578 2288 credentibus
1605 2238 1654 2290 est
1692 2253 1750 2312 pro

399 2322 429 2376 et
443 2322 532 2376 um
546 2321 576 2375 ei
590 2315 694 2374 omnis
708 2321 844 2375 umatus
857 2330 976 2373 eorum
999 2312 1093 2374 Gom-
1147 2328 1226 2389 quse
1241 2312 1378 2372 nimirum
1393 2323 1442 2372 est
1457 2324 1568 2394 poeste
1583 2321 1744 2395 possessio

393 2403 559 2481 pleeuquo
573 2403 662 2462 Dettr
675 2401 728 2461 dte
746 2404 880 2478 septimo
895 2416 976 2474 optut
988 2417 1092 2475 suum,
1145 2415 1211 2455 rum
1226 2396 1410 2458 coelestium.

398 2490 485 2568 quod
497 2490 630 2566 fecerat
651 2489 696 2551 m
705 2488 844 2566 quidem,
859 2485 975 2548 Grseee
984 2479 1094 2558 suiuus,
1188 2482 1290 2544 Doeet
1304 2501 1374 2563 ergo
1388 2483 1511 2558 Paulus,
1528 2488 1611 2567 quod
1625 2510 1683 2569 per
1697 2493 1751 2553 Ds

398 2575 481 2656 quod
506 2575 559 2635 ulii
586 2582 725 2635 vertuutr
754 2575 843 2650 lieet,
868 2575 933 2633 etsi
965 2571 1094 2652 Utrique
1145 2568 1229 2630 Deus
1246 2572 1280 2631 iu
1301 2589 1356 2631 sus
1379 2572 1586 2634 exhortstioue
1607 2577 1697 2637 uobis
1717 2581 1750 2640 iu

397 2671 489 2725 reete
514 2661 575 2721 Pro
589 2659 921 2722 immanere
935 2666 1092 2719 estsuru·
1145 2656 1278 2735 requiem
1300 2656 1452 2738 quendum
1471 2680 1491 2718 e
1505 2661 1601 2722 tribus
1620 2664 1729 2741 primis

398 2744 516 2828 βολῆς,
542 2767 633 2828 qusm
656 2747 731 2807 slibi
751 2745 820 2808 iere
843 2764 963 2825 semper
984 2745 1091 2805 vertit:
1144 2760 1218 2816 mm,
1240 2742 1280 2804 ed
1299 2764 1391 2824 quem
1405 2744 1466 2807 tide
1481 2746 1603 2809 tendere
1621 2769 1679 2810 uos
1696 2772 1750 2832 op(

397 2838 666 2910 moerus,
684 2833 777 2916 idque
796 2833 915 2894 reutius.
936 2830 1091 2914 Siguifiee
1144 2828 1213 2888 Nou
1227 2832 1307 2891 euim
1323 2830 1361 2891 de
1373 2832 1469 2911 prims
1479 2835 1585 2913 quiete
1595 2835 1661 2897 illie
1672 2836 1750 2921 loqu

399 2934 448 2985 tur
461 2925 540 2985 euim
555 2922 676 2985 Grsees
695 2941 772 2983 voee
786 2921 954 2990 eolloestio,
976 2921 1044 2981 sire
1059 2922 1091 2980 iu
1143 2917 1239 2978 solum
1261 2917 1343 2997 quod
1366 2939 1403 2979 es
1423 2920 1463 2979 sit
1481 2924 1603 3002 requies
1618 2925 1690 2999 Dei,
1711 2947 1750 2988 no

396 3013 488 3072 iurum
515 3009 670 3090 depressio
694 3008 968 3071 tuudsmeutorum.
1002 3006 1091 3068 Uude
1144 3012 1213 3076 stru.
1235 3003 1288 3065 sed
1303 3004 1384 3077 quod
1399 3005 1453 3065 ille
1465 3006 1534 3084 jum
1548 3008 1621 3071 olim
1636 3032 1750 3091 preses

395 3099 544 3159 Essemus
571 3097 676 3157 vertit:
705 3114 727 3155 u
748 3098 845 3171 Μὴ
868 3093 1092 3174 fundurmtir
1142 3090 1285 3151 videlieet
1308 3091 1448 3170 operibus
1463 3113 1483 3153 s
1496 3099 1750 3163 eonstitutiouer

395 3186 531 3262 eundi,
561 3204 618 3265 per
643 3181 726 3266 quod
751 3182 952 3264 metsphorioe
977 3184 1091 3243 erestio
1143 3177 1290 3258 perfectis,
1312 3177 1384 3240 lieet
1404 3180 1436 3240 iu
1455 3180 1520 3257 ejus
1542 3187 1750 3253 memorium]

394 3271 499 3334 muudi
521 3271 719 3352 signifimtur.
741 3271 790 3331 De
812 3289 875 3351 qus
896 3268 1000 3350 phrasi
1011 3268 1090 3330 Seri-
1142 3264 1361 3326 subbatismum
1385 3264 1486 3327 sdhue
1509 3269 1706 3334 eelebrsreut.
1744 3285 1750 3336 t

394 3368 501 3443 pturee
535 3359 672 3423 uouuihil
707 3358 919 3420 suuohrimue
947 3354 987 3417 sd
1015 3354 1092 3416 inne
1142 3353 1256 3413 rstione
1280 3373 1336 3413 uee
1361 3350 1401 3411 de
1425 3354 1558 3416 seeundo
1585 3357 1733 3439 loquitur.

394 3447 508 3529 Epiros
517 3453 563 3511 1.:
574 3448 799 3525 Eleoituoes'rs
809 3447 879 3523 ipso
889 3451 966 3505 onte
976 3443 1091 3504 munds·
1142 3440 1290 3501 institutio
1306 3448 1337 3499 et
1357 3436 1528 3503 observetio
1544 3442 1673 3507 Ssbbeti
1684 3449 1750 3527 jum

394 3539 659 3598 υυκηηϋυκη.
682 3535 797 3596 Sensus
811 3532 919 3593 horum
932 3529 1092 3593 verborum
1142 3547 1202 3608 qus
1217 3534 1281 3586 esst
1296 3528 1328 3587 iu
1342 3525 1394 3585 illo
1409 3528 1531 3606 populo,
1550 3533 1677 3611 qusndo
1693 3536 1748 3599 hie

394 3633 449 3696 est,
463 3623 562 3684 Deum
578 3624 610 3683 iu
625 3627 787 3682 memento
800 3638 889 3680 versu
902 3616 1020 3678 Pselmi
1030 3637 1088 3677 ure
1141 3632 1208 3674 mus
1222 3611 1282 3674 fuit
1296 3614 1489 3693 eompesitus.

393 3711 516 3772 minium
526 3707 684 3790 eujusdam
695 3707 811 3788 quietis,
826 3703 1090 3785 etismpoetillsm
1184 3698 1279 3761 Porro
1302 3699 1340 3760 de
1361 3702 1448 3760 tertis
1469 3705 1572 3783 requie
1591 3708 1750 3773 secundun

393 3798 533 3879 requiem,
545 3816 607 3877 qus
616 3797 683 3877 ipse
692 3794 844 3873 requievit
855 3792 895 3852 sb
907 3809 997 3873 opere
1008 3810 1088 3852 eres·
1140 3808 1206 3848 rum
1217 3785 1338 3867 quidem
1348 3787 1557 3867 reeipiendum
1571 3802 1618 3853 est
1628 3793 1724 3857 illud:
1739 3803 1750 3863 i

392 3886 483 3948 umis
496 3881 600 3945 muudi
615 3903 670 3944 sex
686 3882 794 3943 diebus
808 3879 957 3942 obuoluto
1140 3874 1284 3935 troibuut
1305 3877 1342 3935 ire
1362 3876 1503 3950 requiem
1519 3896 1644 3958 meum,·
1665 3882 1723 3945 sed
1738 3887 1749 3946 i

435 3972 483 4035 Ut
503 3979 603 4034 eutem
624 3970 819 4051 intelligutur,
841 3988 983 4049 quorsum
998 3963 1030 4026 id
1045 3963 1087 4025 di·
1140 3982 1223 4034 meu,
1248 3968 1283 4019 ut
1304 3960 1402 4021 edhuu
1424 3958 1487 4021 slis
1509 3966 1631 4044 requies
1652 3970 1750 4032 intelli

392 4068 445 4122 ost
456 4058 632 4141 Apostolus,
654 4065 686 4118 et
700 4076 762 4138 quo
780 4064 898 4135 speetet
918 4054 1009 4135 hujus
1030 4053 1088 4113 loui
1141 4045 1351 4127 exspectando,
1373 4066 1452 4126 quse
1467 4068 1523 4127 per
1540 4051 1623 4114 illem
1639 4058 1750 4140 prsefiq

391 4146 571 4226 disputetio,
596 4146 629 4207 iu
653 4164 715 4225 qus
740 4141 921 4223 expliesuds
941 4162 962 4202 s
984 4140 1089 4202 multis
1141 4144 1195 4197 est
1228 4135 1375 4194 Hortatur
1397 4134 1475 4193 enim
1500 4136 1603 4199 Devid
1625 4144 1674 4203 sui
1699 4155 1750 4210 teu

392 4234 557 4307 luborstur,
578 4230 733 4294 seiuudum
753 4240 814 4303 est,
838 4227 1018 4310 Apostolum
1038 4228 1089 4288 hie
1141 4221 1274 4284 homiues
1288 4219 1328 4282 ed
1343 4220 1626 4287 obediendumroei
1637 4229 1708 4306 Dei,
1724 4254 1750 4298 ῃ.

391 4322 506 4381 verssri
526 4321 558 4383 iu
584 4320 762 4380 motione
785 4316 905 4378 illorum
930 4314 1089 4376 verborum
1140 4313 1240 4388 tinget
1253 4306 1324 4380 illim
1345 4306 1428 4387 quod
1450 4310 1588 4387 putribus
1603 4335 1719 4394 eorum,
1743 4322 1750 4381 i

391 4408 452 4469 Dei
473 4408 569 4487 ipsius
583 4427 604 4467 s
617 4403 739 4465 Doride
760 4406 957 4485 scriptorum:
983 4402 1019 4463 Εἰ
1033 4403 1089 4461 t'rt·
1140 4418 1180 4459 ne
1200 4392 1341 4456 exedent
1354 4415 1374 4455 s
1388 4397 1492 4474 requie
1515 4403 1673 4476 promises,
1696 4407 1750 4468 sier

391 4494 538 4557 metuunt
560 4498 598 4554 in
622 4492 764 4569 requiem
785 4510 909 4564 meum,
933 4496 1029 4571 utque
1050 4508 1087 4549 ex
1140 4482 1321 4548 exciderunt
1358 4482 1410 4541 Ex
1440 4501 1501 4560 quo
1530 4484 1624 4564 plsue
1653 4510 1750 4556 eonse

390 4580 453 4643 illis
475 4581 637 4643 ostendere
657 4577 753 4650 selle,
776 4579 859 4658 quod
879 4576 967 4639 uobis
988 4574 1090 4638 sdhue
1141 4580 1193 4644 eet,
1216 4569 1306 4629 elium
1327 4568 1427 4628 adhue
1450 4573 1583 4649 requiem
1599 4576 1639 4638 eb
1657 4578 1714 4641 ille
1733 4598 1750 4662 p

390 4677 487 4729 restet
506 4665 658 4750 quserisru
678 4664 799 4742 requies
818 4684 838 4725 s
852 4667 919 4725 Deo
940 4664 1089 4745 premium
1140 4657 1279 4741 putrssms
1302 4675 1405 4716 eorum
1428 4658 1583 4733 promisee,
1606 4673 1750 4730 temeres

393 4763 423 4815 et
443 4774 497 4834 per
517 4753 608 4816 iidem
629 4750 840 4830 ntpeumuds
863 4749 957 4833 Quod
977 4759 1014 4812 ut
1034 4752 1086 4813 do·
1139 4742 1282 4808 etsndsm
1295 4744 1341 4814 iis,
1357 4740 1396 4804 sd
1414 4760 1491 4821 quos
1503 4744 1677 4811 exhortstio
1689 4752 1750 4816 Det

392 4848 468 4912 cest,
482 4841 580 4901 suren
596 4840 626 4899 in
637 4836 769 4897 medium
780 4836 856 4897 unse
871 4846 925 4901 sut
935 4847 997 4901 uu
1009 4839 1087 4901 sun
1139 4834 1287 4911 divisim,
1310 4828 1498 4909 undamque
1520 4836 1654 4915 requies
1674 4860 1749 4905 noow

391 4928 536 5007 mystiees
561 4926 696 5006 quietes,
721 4941 847 5003 querum
873 4927 905 4987 iu
929 4925 1086 5009 Seripturs
1139 4940 1214 4994 este,
1236 4936 1327 4999 quum
1349 4914 1526 4995 meletium
1549 4942 1617 4983 eum
1640 4932 1750 4996 uousi

391 5010 427 5075 Β
439 5014 557 5075 meutio.
584 5010 687 5071 Prius
700 5017 754 5087 est,
767 5028 829 5090 que
841 5010 929 5074 Deus
940 5014 980 5076 sb
994 5034 1087 5098 opere
1136 5010 1229 5083 bium,
1251 5005 1328 5089 quiu
1340 5003 1424 5084 prior
1438 5004 1492 5069 ius
1505 5010 1628 5091 requies
1643 5021 1750 5097 typum
