4442 5825
809 599 973 656 tristatus
991 600 1031 655 lt)
1049 597 1213 656 Hermos.
1247 599 1332 655 VhllS.
1350 601 1375 655 7.
1391 601 1417 657 8.
1709 607 1781 675 109

368 775 448 847 XX,
476 782 511 837 ut
541 774 651 837 Peelm
682 777 728 838 6.:
755 778 914 839 lhsbotus
943 786 987 840 est
1011 797 1031 838 u
1083 779 1115 838 in
1131 777 1309 859 quibusdam
1326 780 1444 841 Latinis
1459 776 1596 839 additur:
1619 779 1700 853 Del,
1716 776 1782 858 plu·

368 882 446 925 tsorc
467 864 579 925 oculus
601 882 695 939 metas,
722 863 814 926 idest
835 865 1030 945 praefurore,
1083 885 1132 926 res
1154 875 1184 926 et
1206 865 1342 926 meliores
1362 865 1479 927 codices
1501 885 1561 927 non
1583 863 1704 926 habent.
1743 865 1781 925 In

377 951 445 1014 ηε
473 952 550 1013 Nost
573 958 617 1012 est
638 954 761 1013 tussitat
781 955 818 1013 s'ss
838 970 936 1014 cassae
959 971 1031 1013 mea
1084 951 1210 1014 Graecis
1240 961 1341 1013 eutem
1379 963 1411 1014 et
1440 952 1527 1032 Syris
1557 952 1780 1031 exemplaribus

380 1038 470 1117 [asie
506 1039 575 1099 irae
608 1045 700 1115 tuuc,
741 1039 772 1099 id
809 1048 856 1099 est
883 1059 957 1119 prae
986 1042 1031 1100 ira
1084 1041 1204 1100 omnino
1220 1062 1281 1102 nou
1292 1041 1448 1120 reperitur.
1485 1039 1528 1100 As
1543 1058 1644 1120 neque
1659 1058 1781 1101 sensum

369 1142 396 1202 s;
426 1143 500 1186 saosa
520 1132 564 1186 eat
582 1144 651 1203 pou
673 1126 790 1187 ossibus
809 1129 887 1187 meis
909 1146 929 1186 o
946 1127 1030 1206 (ecte
1083 1125 1229 1205 adjuvero
1245 1128 1372 1199 videtur,
1389 1136 1424 1187 ut
1434 1126 1567 1207 suppleri
1579 1126 1696 1199 debeat,
1713 1146 1780 1187 cum

369 1220 538 1274 msomm
553 1230 707 1288 meorum,
724 1211 755 1273 id
769 1222 946 1294 estpropter
960 1233 1028 1294 pec·
1084 1214 1247 1293 Apostolus
1273 1215 1445 1294 slmpliciter
1470 1221 1576 1293 urgeat
1601 1213 1781 1275 vocabulum

369 1320 392 1360 a
406 1319 492 1360 mea.
526 1299 578 1361 Sic
593 1298 773 1362 exauditum·
783 1300 854 1362 dicit
869 1301 1030 1382 Apostolus
1082 1300 1161 1360 Filii.
1195 1302 1255 1363 Alii
1278 1309 1398 1362 vertunt
1420 1321 1459 1363 ex
1474 1299 1610 1362 Graeco:
1636 1303 1782 1377 quumvis

369 1386 483 1447 datum
500 1404 521 1447 u
536 1391 733 1462 reuerentia,
757 1387 788 1448 id
805 1397 850 1450 est
862 1407 925 1466 pso
939 1407 1029 1448 seve·
1083 1389 1276 1450 ceastl'ils'us.
1300 1390 1377 1450 Nam
1386 1387 1503 1449 Graeca
1511 1385 1660 1468 particula
1668 1380 1780 1465 καίπερ

369 1475 454 1549 etta,
487 1473 553 1534 sire
567 1482 699 1552 psopter
713 1480 923 1537 reuerentiam
931 1520 941 1551 ,
969 1494 1030 1554 qua
1082 1473 1274 1536 adversativa
1290 1484 1351 1551 est,
1378 1495 1433 1536 neo
1447 1473 1531 1536 aliud
1548 1474 1674 1536 arbitror
1689 1475 1778 1535 inter

369 1568 451 1622 mm
466 1579 590 1642 semper
604 1562 782 1623 observavit.
805 1562 956 1643 Interpres
971 1561 1028 1641 Sy·
1081 1569 1195 1641 protem
1210 1571 1343 1623 nostrum
1358 1561 1505 1637 voluisse,
1532 1561 1655 1642 quando
1670 1564 1777 1623 vertit:

382 1649 596 1709 maerentium
607 1648 664 1709 hoc
675 1649 740 1710 loco
756 1669 875 1730 prorsus
890 1668 1028 1730 suppres-
1083 1649 1127 1709 et
1140 1648 1277 1726 quidem.

370 1754 415 1797 ac
431 1735 545 1815 rejecit
559 1735 589 1795 iu
612 1755 731 1797 vmsum
752 1738 887 1818 proxime
902 1755 1029 1817 sequen·
1126 1733 1189 1797 Sed
1204 1735 1328 1797 dubium
1344 1743 1399 1810 est,
1415 1756 1477 1816 qno
1492 1755 1562 1816 pars
1577 1734 1654 1798 haec
1666 1735 1779 1798 refera-

370 1820 710 1991 iflhfflp‘lihliii
726 1822 886 1991 iiiiii
905 1825 1030 1972 3ch
1082 1821 1779 1991 tilithiihtltlt‘tllttttlt

696 1955 704 1984 ‚
1380 1955 1388 1969 ,
1766 1943 1778 1955 .

370 1995 423 2057 rtiu
438 1995 494 2057 hic
507 1995 640 2057 nondum
658 1997 831 2059 absolvitur.
1082 2003 1129 2056 ter
1154 1996 1276 2071 dicitur,
1307 1997 1458 2059 Christum
1489 1997 1661 2059 exauditum
1689 1998 1780 2060 fuisse

370 2080 439 2145 lam
464 2082 550 2165 quod
572 2084 737 2164 Apostolus
757 2085 846 2158 dicit,
876 2082 1030 2145 Christum
1081 2102 1135 2163 pro
1151 2102 1205 2143 sua
1221 2085 1400 2157 reverentia,
1421 2088 1566 2163 mmsis
1581 2094 1657 2146 esset
1672 2085 1779 2161 Filius,

370 2169 507 2231 anditum
538 2189 604 2232 esee
632 2190 652 2231 a
680 2173 762 2247 Deo,
801 2170 913 2232 nullam
949 2169 1030 2252 apud
1082 2169 1135 2230 sed
1151 2174 1228 2248 quio
1250 2179 1324 2232 erat
1360 2171 1435 2232 Sunt
1457 2173 1562 2252 igitur,
1589 2174 1641 2253 qui
1665 2182 1780 2254 partem

370 2257 510 2340 aeologos
532 2257 752 2320 dubitationem
774 2259 883 2335 habet,
904 2278 1029 2340 qnorum
1082 2257 1159 2317 hauc
1180 2279 1234 2339 per
1255 2257 1446 2339 hyperbaton
1466 2261 1619 2321 remittant
1641 2258 1680 2320 ad
1694 2260 1777 2321 obla·

370 2354 469 2407 utana
498 2354 529 2406 et
555 2355 636 2407 certa
661 2346 798 2408 doctrina
823 2355 881 2420 est,
910 2364 1030 2407 omnem
1082 2345 1192 2405 tionem
1222 2364 1342 2425 precum
1368 2354 1400 2406 et
1425 2345 1676 2427 supplicationum
1711 2366 1778 2408 oum

370 2434 440 2497 sisti
462 2433 646 2508 orationem,
671 2454 734 2515 qua
759 2433 831 2516 quid
853 2433 989 2495 absolute
1012 2454 1031 2493 a
1081 2432 1213 2494 clamore
1225 2440 1257 2492 et
1267 2429 1409 2513 lacrymis
1420 2432 1574 2508 laetarum,
1583 2435 1672 2514 quasi
1682 2433 1778 2495 dicate

371 2521 538 2603 repetivit,
566 2520 740 2584 exauditam
753 2522 866 2597 fnisse3
888 2542 946 2582 nec
958 2540 1029 2581 vero
1081 2521 1149 2580 Iltsi
1165 2519 1262 2580 Filius
1278 2529 1373 2593 osset,
1395 2540 1455 2582 non
1478 2530 1580 2582 temen
1598 2530 1778 2602 aspernatus

371 2608 564 2691 ripotuisae,
590 2617 697 2670 utnon
713 2608 923 2682 exaudiretur,
949 2607 1030 2668 unde
1081 2613 1130 2669 est
1148 2608 1312 2687 supplicem
1335 2625 1369 2667 ee
1391 2607 1539 2688 praebere
1561 2607 1662 2681 Patri,
1688 2609 1778 2669 etiam

371 2694 499 2757 tsPatri
516 2694 652 2757 dicebat:
675 2697 831 2771 Sciebam,
848 2696 934 2774 quod
947 2713 1029 2756 scm·
1081 2714 1149 2756 eum
1163 2713 1238 2754 voce
1252 2694 1433 2774 lacrymose.
1468 2694 1578 2756 Verum
1592 2695 1777 2758 communior

371 2800 458 2843 rssse
481 2782 595 2860 endu,
622 2782 713 2844 Joen.
732 2788 782 2845 11.
820 2782 890 2865 Qua
910 2783 1028 2843 ratione
1081 2789 1112 2843 et
1132 2782 1231 2862 potior
1253 2788 1298 2841 est
1323 2783 1489 2856 sententia,
1519 2783 1568 2843 eui
1591 2791 1623 2843 et
1648 2782 1777 2863 Syriaca

371 2870 465 2934 cheri
481 2870 596 2952 potuit,
615 2879 649 2931 ut
663 2871 730 2952 ejus
743 2871 874 2934 humana
887 2869 1028 2932 voluntas
1080 2868 1169 2930 lectio
1183 2868 1374 2949 suffragatur,
1394 2867 1582 2931 referendam
1597 2886 1663 2933 esee
1676 2868 1715 2931 ad
1729 2889 1776 2945 ee,

371 2957 474 3020 diviua
497 2956 690 3020 discordaret
726 2960 804 3021 Nam
827 2959 939 3032 oratio,
969 2977 1028 3037 qua
1080 2975 1158 3039 quae
1174 2964 1357 3038 sequuntur:

371 3053 450 3108 laem
464 3044 600 3107 imberto
615 3054 754 3126 precatus
769 3053 823 3119 est,
838 3053 872 3105 ut
886 3046 1028 3107 transiret
1123 3044 1245 3105 Didicit
1260 3062 1298 3106 ex
1311 3046 1367 3120 s‘s‘a,
1389 3061 1472 3122 quse
1490 3052 1602 3120 possut
1617 3051 1680 3119 cst,
1703 3044 1776 3106 obe·

378 3131 447 3215 ipso
464 3131 562 3206 calix,
579 3151 618 3193 ns
632 3132 750 3195 biberet
764 3152 846 3203 eum,
865 3150 925 3193 non
941 3131 1026 3193 abso·
1079 3131 1243 3192 dieatiam.
1268 3129 1433 3210 Quamvis,
1449 3130 1563 3210 inquit,
1577 3131 1674 3192 Filius
1686 3139 1776 3205 esset,

371 3240 392 3281 a
404 3215 484 3292 tots,
509 3217 566 3279 sed
578 3219 658 3280 hauc
681 3218 794 3281 babens
808 3218 1027 3280 conditionemr
1080 3228 1182 3279 tamen
1196 3238 1236 3278 ex
1250 3217 1314 3291 his,
1341 3236 1421 3296 quae
1435 3236 1543 3296 passus
1559 3226 1619 3289 eet,
1637 3217 1775 3280 obedieu-

371 3305 440 3382 flasi
451 3313 568 3382 posset,
583 3305 614 3365 id
630 3307 713 3367 estei
725 3305 757 3367 id
769 3315 891 3367 aeterno
906 3304 1027 3366 decreto
1079 3307 1153 3366 tiam
1166 3304 1281 3365 didicit
1318 3302 1379 3364 Sed
1401 3304 1552 3383 quomodo
1575 3304 1687 3365 didicit
1702 3304 1776 3365 obe·

372 3393 428 3454 lais
442 3411 507 3453 nou
520 3402 714 3473 repugnaret
738 3392 828 3454 Unde
838 3413 899 3453 uon
913 3395 1026 3464 mirum,
1080 3393 1253 3466 dissotiatis,
1280 3391 1331 3471 qui
1358 3393 1448 3451 etiam
1474 3399 1508 3450 ut
1533 3389 1622 3452 homo
1651 3399 1776 3452 noverat

378 3499 440 3541 uon
466 3477 560 3540 luerit
581 3479 735 3541 exaudite.
772 3478 964 3560 Quamquam
991 3498 1028 3541 ea
1080 3481 1196 3552 omnia,
1212 3498 1248 3539 ao
1262 3477 1368 3557 plenus
1384 3486 1448 3538 erat
1462 3477 1543 3539 omni
1557 3496 1668 3556 genere
1682 3479 1775 3539 virtu·

372 3573 467 3629 aum
483 3566 580 3627 metio
594 3564 665 3640 tuis,
681 3584 772 3647 quam
786 3565 933 3628 naturalis
948 3564 1026 3627 desi·
1079 3573 1158 3638 tum,
1180 3565 1321 3645 ipsasque
1336 3564 1491 3643 passiones
1506 3562 1676 3625 obedientia
1691 3584 1774 3644 prae-

372 3653 421 3728 tii,
446 3671 509 3735 quo
530 3654 624 3715 vitam
648 3652 768 3714 amabat
789 3673 825 3715 ao
844 3661 968 3714 mortem
983 3672 1026 3714 re·
1080 3652 1205 3714 cedente
1219 3649 1419 3731 susceperat?
1444 3651 1531 3712 Haec
1545 3652 1685 3731 quaestio
1700 3651 1774 3712 mul·

372 3739 476 3820 plebat,
488 3741 643 3820 expressio
655 3739 804 3820 quaedem
816 3759 852 3800 ac
864 3739 1027 3801 declaratio
1079 3748 1127 3801 tas
1152 3741 1269 3821 peperit
1297 3736 1387 3817 hujus
1417 3737 1477 3800 loci
1504 3740 1775 3817 interpretationes.

372 3847 395 3890 Ι
410 3845 450 3888 ea
472 3825 660 3900 humilitate,
683 3847 745 3908 qua
767 3826 949 3888 desiderium
971 3825 1028 3887 hoo
1080 3826 1222 3908 Plerique
1243 3823 1439 3905 respondent,
1467 3824 1620 3887 Christum
1645 3846 1699 3907 per
1724 3845 1774 3888 ex-

372 3911 463 3975 rleete
493 3911 676 3992 subjiciebat
699 3912 848 3976 voluntati
876 3922 1026 3993 paternae,
1079 3915 1253 3995 perientiam
1269 3910 1426 3988 didicisse,
1450 3910 1532 3993 quod
1554 3920 1646 3973 autes-
1664 3911 1776 3975 eciebn

372 4019 447 4061 cus:
471 3999 768 4063 Vesaosomeonon
778 4002 858 4062 siout
872 4019 928 4077 epo
942 4001 1026 4075 velo,
1079 4021 1133 4082 per
1147 4000 1275 4060 inlusum
1292 4000 1435 4061 notitiam.
1468 3997 1506 4059 Id
1521 3999 1600 4059 enim
1616 3997 1777 4079 significari

372 4085 478 4149 leicsst
491 4094 538 4147 trs.
560 4086 663 4166 Quare
677 4088 726 4149 hio
743 4090 828 4149 locus
842 4085 880 4148 de
893 4086 947 4148 illa
962 4106 1026 4147 oro·
1078 4088 1117 4148 iie
1131 4085 1247 4148 verbis:
1263 4104 1302 4148 es
1316 4088 1372 4161 s's's,
1388 4104 1470 4164 quoe
1484 4103 1597 4163 puasrss
1612 4094 1666 4161 est,
1683 4085 1776 4149 idest

373 4193 410 4236 ne
424 4195 487 4236 non
502 4181 550 4234 est
563 4173 768 4254 accipiendus,
791 4173 861 4250 sed,
886 4184 1028 4254 utsupra
1080 4193 1159 4255 quse
1174 4172 1317 4254 patiendo
1333 4182 1475 4255 expertus
1489 4181 1542 4233 eat
1575 4174 1685 4254 Itaque
1707 4194 1773 4236 sen·

373 4267 439 4322 sun
471 4269 533 4334 eet,
568 4259 605 4321 de
634 4262 769 4322 oratioue
804 4260 965 4341 pendentis
994 4262 1027 4321 in
1079 4279 1144 4322 sum
1156 4261 1235 4322 huno
1244 4259 1345 4322 reddit
1354 4262 1389 4322 B.
1402 4260 1554 4322 Thomas:
1569 4262 1692 4323 Didicit
1702 4262 1775 4322 obs·

373 4367 425 4409 ree
464 4347 556 4407 Hanc
571 4357 672 4408 autem
688 4346 861 4409 exauditam
876 4368 943 4409 esse
957 4365 1025 4409 con·
1079 4348 1252 4422 elisatiam,
1280 4346 1336 4408 hoe
1358 4357 1419 4421 eet,
1446 4351 1633 4427 experientia
1660 4347 1776 4422 didicit,

372 4442 437 4494 tet
459 4432 632 4515 impletam,
655 4434 795 4515 quoniam
809 4434 903 4497 Pater
926 4453 1026 4495 eume
1079 4453 1169 4514 quem
1185 4434 1478 4514 gravesitobedireq
1494 4438 1592 4515 utqui
1607 4434 1775 4496 obediverit

373 4529 419 4583 rte
435 4521 627 4583 resuscitavit
648 4522 737 4582 tertio
758 4522 859 4583 atatim
875 4520 940 4594 die,
966 4541 1027 4581 uou
1078 4524 1109 4582 in
1139 4521 1323 4601 gravissimis
1349 4531 1379 4582 et
1407 4522 1603 4596 difficillimis,
1633 4520 1775 4583 videlicet

373 4609 456 4691 plius
471 4608 657 4669 moriturum
680 4608 865 4688 Quinetiam
882 4608 1027 4669 exaudita
1077 4627 1174 4689 usque
1196 4606 1235 4668 ad
1257 4616 1382 4670 mortem
1405 4611 1513 4670 mucis.
1550 4609 1612 4668 Alii
1626 4610 1684 4669 sio:
1714 4608 1775 4669 Per

385 4715 441 4778 pro
462 4704 528 4757 toto
551 4713 678 4775 corpore
700 4695 782 4774 ejus,
807 4693 890 4775 quod
905 4701 952 4756 eet
966 4695 1024 4754 hlo-
1078 4696 1291 4775 experientiam
1306 4694 1425 4770 didicit,
1447 4702 1561 4775 quauta
1582 4695 1620 4753 eit
1633 4692 1773 4759 obedieu-

373 4783 433 4844 ria:
450 4783 516 4863 (lusi
530 4784 617 4844 esaim
629 4784 792 4843 multavit
801 4786 916 4846 Jesasm
932 4783 1026 4845 Obsi·
1077 4783 1139 4842 tiae
1153 4785 1250 4843 virtus
1266 4791 1295 4842 et
1309 4793 1457 4862 quantum
1475 4782 1621 4841 meritum.
1645 4780 1775 4863 Propter

374 4889 404 4932 ιι
419 4887 441 4930 e
456 4871 614 4946 murm,
636 4869 809 4946 &attrahit
831 4870 1026 4931 etmostulr'u
1076 4869 1157 4929 hano
1184 4870 1264 4930 enim
1295 4868 1454 4929 exauditus
1483 4874 1546 4939 est,
1574 4875 1603 4926 et
1631 4887 1651 4926 a
1679 4881 1774 4934 morte

373 4973 461 5036 pom
474 4963 609 5033 nom,
625 4953 712 5015 Rom.
729 4959 758 5017 8.
1078 4963 1208 5035 ereptus.
1241 4956 1367 5035 Legitur
1380 4954 1429 5014 hic
1448 4972 1553 5014 senens
1573 4953 1655 5033 apud
1669 4957 1772 5021 Theo

374 5045 396 5108 l.
416 5045 467 5110 Rs
477 5043 612 5126 quidem
626 5059 699 5105 stem
713 5049 789 5105 essct
797 5042 912 5108 Illius.
935 5040 1027 5123 Quod
1075 5041 1251 5123 phylactum
1266 5050 1296 5103 et
1306 5040 1536 5113 Oeeumeuium,
1551 5042 1671 5103 tametd
1685 5062 1772 5107 eoae-
