4442 5825
714 604 877 661 merente
894 606 911 660 Ι.
930 605 1018 661 seen
1034 605 1167 662 returns
1201 606 1285 662 md·
1306 608 1424 662 11-18.
1720 615 1792 683 ’167

357 784 416 846 lem
443 783 544 847 verbis
569 783 644 845 dicit
666 783 816 857 Joannes,
839 783 920 864 qnod
942 784 1043 844 Even·
1098 787 1160 864 Qui
1176 785 1346 861 confltetur
1358 786 1489 860 mium,
1506 791 1537 845 ei
1549 787 1678 845 Putrem
1692 785 1794 846 babet.

357 871 424 952 gelli
441 892 507 951 cap.
526 876 563 944 1.,
578 871 707 953 loquens
722 871 760 931 ds
775 871 877 932 Verbo
894 873 1043 932 inoreeto:
1097 872 1146 931 Ite
1161 873 1201 945 fit,
1224 884 1258 932 nt
1280 872 1336 933 hoc
1357 891 1447 932 neren
1462 871 1542 931 idem
1562 873 1689 944 dictum,
1710 869 1795 951 quod

357 959 390 1019 ln
406 962 475 1036 ipro
493 961 560 1019 vito
575 967 662 1035 ενοι,
688 966 719 1018 et
733 978 798 1038 cap.
815 958 844 1017 3.
861 960 928 1036 ipse
944 959 1043 1018 Domi·
1098 959 1210 1019 Petras
1227 959 1391 1037 Apostolus
1415 960 1579 1037 inquiebat
1603 958 1732 1038 loquens
1756 959 1795 1019 ds

357 1064 424 1105 rus:
447 1047 498 1107 Sic
514 1048 601 1106 Deus
615 1047 727 1106 dilexit
742 1045 911 1118 mundum,
934 1052 971 1104 ut
986 1047 1044 1106 Fi·
1097 1047 1228 1105 Domino
1249 1046 1344 1106 Jesn:
1372 1047 1446 1106 Non
1468 1053 1513 1105 eet
1534 1048 1570 1106 in
1592 1047 1702 1122 ulique
1723 1046 1791 1105 ulio

357 1134 428 1192 wan
456 1150 548 1192 mum
574 1135 776 1207 uniprm'tum
798 1132 891 1191 duret
914 1139 987 1208 etc.,·
1015 1140 1045 1191 et
1097 1133 1191 1194 eolus.
1223 1134 1285 1192 Nee
1308 1135 1392 1193 enim
1416 1139 1460 1191 est
1482 1133 1573 1192 uliud
1596 1151 1713 1194 nomen
1735 1131 1792 1193 rub

357 1228 470 1278 rostea:
487 1221 549 1296 Qui
564 1219 715 1279 creditis:
730 1238 811 1293 rum,
834 1237 902 1278 non
913 1219 1045 1292 judicu·
1097 1220 1183 1280 coelo
1209 1221 1320 1279 datum
1350 1218 1547 1293 bominibus,
1577 1222 1614 1281 t‘n
1645 1238 1708 1296 quo
1733 1236 1793 1281 not

357 1316 423 1381 ξαν,
445 1309 502 1382 qui
524 1314 631 1365 aretem
646 1324 714 1366 non
729 1306 839 1379 credit,
862 1308 931 1379 jum
952 1306 1043 1380 judi·
1098 1313 1243 1381 oporteat
1264 1308 1368 1367 saluos
1390 1305 1470 1381 lieri,
1497 1306 1563 1366 Act.
1588 1311 1617 1367 4.
1648 1306 1690 1365 m
1710 1304 1794 1386 qnod

357 1400 438 1452 natus
453 1401 516 1469 eet,-
532 1396 609 1469 quio
624 1412 692 1453 non
708 1392 842 1453 credidit
858 1394 893 1451 in
913 1395 1043 1452 nomine
1098 1392 1168 1453 illes
1182 1393 1354 1471 Scriptum
1368 1400 1524 1466 testentur,
1547 1412 1626 1472 quae
1640 1392 1791 1471 allegabo-

357 1479 519 1555 Unipenite'
542 1480 620 1539 Filii
637 1481 705 1541 Dei.
729 1480 774 1538 Ac
789 1478 925 1540 Josnnes
940 1478 1043 1558 Bapti·
1097 1497 1162 1538 mns
1177 1478 1216 1539 sd
1238 1498 1358 1538 versum
1380 1477 1626 1558 praecedentem
1648 1479 1702 1539 ille
1716 1498 1788 1558 qno

357 1574 397 1625 :ta
414 1566 444 1625 in
460 1566 518 1626 fine
545 1564 678 1643 ejusdem
695 1585 775 1645 cap:
804 1567 865 1645 Qui
887 1566 987 1625 eredit
1009 1569 1045 1624 in
1097 1584 1158 1645 qne
1179 1566 1300 1625 Domini
1323 1567 1488 1625 sententia:
1516 1569 1615 1628 Nemo
1637 1569 1726 1627 venit
1749 1565 1794 1626 ad

357 1652 490 1729 Filium,
525 1653 619 1712 babet
648 1658 744 1714 vitum
776 1661 961 1730 aeternam,
990 1655 1045 1728 qui
1098 1654 1238 1727 Patrem,
1254 1654 1317 1711 nisi
1330 1670 1389 1728 per
1404 1671 1463 1726 me,
1480 1652 1572 1714 Joen.
1589 1657 1639 1714 14.

357 1746 459 1799 tutem
474 1741 658 1800 incredulus
674 1748 717 1799 eet
731 1740 828 1814 Filio,
845 1757 913 1799 non
928 1739 1046 1798 videbit
1141 1740 1285 1817 Magnum
1307 1741 1398 1815 igitur
1420 1739 1476 1798 boc
1499 1740 1566 1800 loeo
1590 1749 1637 1800 est
1655 1739 1788 1799 testimo·

357 1828 463 1901 ritem,
487 1827 540 1887 aed
561 1830 612 1885 ira
635 1828 696 1887 Dei
717 1835 826 1886 monet
846 1844 942 1900 saper
963 1844 1044 1885 eunt.
1097 1826 1181 1886 nium
1199 1825 1237 1884 de
1258 1823 1317 1884 lide
1339 1823 1524 1898 Mediatoria
1551 1826 1633 1907 qnod
1655 1824 1791 1886 omnibns

357 1911 441 1972 ldde
464 1933 503 1973 ex
525 1913 617 1973 Joan.
635 1914 662 1985 6,
686 1914 735 1974 46.
752 1916 803 1972 47.
820 1920 854 1974 et'
866 1932 930 1992 cep.
949 1914 998 1971 17.
1014 1914 1044 1972 in
1098 1911 1136 1973 ad
1150 1911 1277 1972 sulutem
1290 1911 1508 1991 semperlnerit
1519 1921 1550 1973 et
1561 1918 1600 1973 sit
1611 1912 1789 1972 necessaria.

357 2002 453 2073 irino,
469 2007 551 2059 etex
563 2021 630 2078 cap.
643 2003 672 2060 4.
688 1999 778 2076 hujus
791 1998 946 2080 Epistulae
962 1998 1044 2059 illem
1097 1997 1136 2059 Id
1151 1998 1233 2079 qnod
1248 1996 1414 2079 Apostolus
1434 2008 1580 2078 sequente
1595 2001 1685 2061 etism
1701 2016 1791 2059 varen

357 2088 548 2146 tentantium:
587 2088 628 2146 In
658 2089 715 2147 boc
744 2090 900 2162 apparuit
928 2089 1045 2145 naritus
1098 2087 1236 2157 inculcat,
1259 2096 1302 2158 nt,
1324 2084 1459 2146 utilitate
1475 2094 1568 2158 tants,
1590 2086 1726 2168 adeoquo
1743 2105 1793 2146 ne·

357 2174 415 2234 Dei
436 2176 472 2234 in
495 2173 602 2248 nobie,
630 2177 783 2250 quoniam
805 2175 924 2234 Filium
952 2192 1044 2233 mum
1098 2175 1242 2256 cessitate
1266 2174 1436 2251 proposita,
1458 2173 1613 2234 continuet
1634 2172 1738 2233 fideles
1762 2173 1793 2232 in

357 2262 555 2335 onipenitum
578 2263 664 2320 misit
688 2264 723 2319 in
744 2260 911 2331 mundum,
935 2267 971 2319 ut
994 2261 1044 2320 vi·
1097 2257 1253 2319 retinenda
1269 2278 1340 2318 vere
1360 2259 1398 2319 de
1414 2259 1543 2319 Domino
1558 2259 1635 2320 Jssn
1649 2259 1717 2331 fide,
1740 2259 1791 2318 rd-

357 2364 464 2408 :arnur
479 2366 537 2423 per
550 2366 629 2406 curn.
652 2348 700 2407 Ex
714 2347 823 2426 quibus
836 2344 973 2406 omnibus
982 2347 1043 2425 jam
1097 2363 1202 2405 versus
1224 2354 1396 2424 grassantes
1412 2365 1447 2405 eo
1463 2354 1601 2424 tempore
1618 2345 1793 2425 perditionis

357 2442 444 2513 petet,
469 2432 548 2514 qnod
566 2435 632 2493 vito
648 2435 705 2493 ists
725 2442 846 2494 eeterna
862 2430 902 2491 sb
920 2431 1043 2492 leomini-
1097 2440 1207 2492 sectas.
1231 2431 1283 2490 Ait
1304 2451 1386 2511 ergo,
1411 2441 1566 2510 umquam
1590 2433 1710 2512 epilogo
1735 2427 1791 2507 (in-

357 2540 407 2581 >us
423 2521 467 2579 siu
490 2540 543 2600 per
559 2520 674 2580 Filium
690 2520 749 2580 Dei
769 2519 904 2594 hebetur,
927 2529 961 2579 nt
979 2521 1045 2578 sine
1098 2521 1164 2598 quit
1194 2513 1408 2593 Oecumenins)
1444 2519 1616 2580 summatim
1653 2527 1793 2597 repetens

357 2627 386 2668 so
405 2626 442 2667 ec
460 2606 516 2666 fide
531 2608 563 2666 in
579 2609 675 2686 ipsum
691 2606 796 2667 heberi
811 2627 871 2667 non
886 2607 990 2686 possit.
1005 2605 1044 2666 Id
1098 2603 1268 2685 praedicte:

357 2692 433 2774 puod
459 2695 516 2754 hoc
543 2696 633 2754 etiem
660 2692 727 2753 loco
753 2693 917 2772 Apostolus
943 2690 1044 2755 verbis
1142 2696 1191 2754 13.
1207 2691 1514 2765 Haeeecrt'bovobie,
1530 2693 1694 2766 mnium,
1711 2708 1791 2769 quo·

357 2782 470 2842 lisertis
486 2782 628 2859 exprimit
642 2799 730 2840 versu
747 2784 898 2858 sequenti:
1096 2781 1185 2840 niem
1204 2782 1302 2838 eitam
1318 2778 1437 2838 bebetis
1452 2786 1627 2852 acueram,
1652 2780 1708 2855 qui
1722 2796 1791 2840 ere·

396 2869 445 2927 12.
470 2868 531 2946 Qui
546 2866 639 2928 babet
653 2867 785 2941 Filium,
811 2867 906 2928 babet
924 2868 1043 2943 vitam
1096 2866 1172 2926 ditis
1193 2867 1231 2927 in
1252 2868 1383 2927 nomine
1405 2866 1484 2927 Filii
1498 2867 1568 2927 Dei
1592 2863 1728 2927 Greeons
1742 2885 1790 2927 co·

357 2958 407 3033 proi
422 2973 489 3016 reon
512 2954 604 3013 lubet
619 2954 740 3016 lilium
759 2955 829 3027 Dei,
855 2957 955 3015 vitum
977 2970 1045 3015 non
1096 2953 1158 3013 dex
1167 2973 1220 3032 pro
1229 2961 1404 3032 praesente:
1419 2953 1531 3027 acribo,
1545 2951 1651 3013 habet:
1666 2955 1787 3029 scripsi,

357 3042 450 3102 rubet.
475 3039 571 3100 lllud:
597 3042 669 3114 Dei,
694 3038 814 3100 additur
837 3040 963 3115 Graece,
986 3047 1043 3100 est·
1097 3032 1230 3118 ἔγραψα,
1246 3048 1278 3099 nt
1293 3038 1406 3100 habent
1417 3039 1503 3100 multi
1514 3039 1584 3100 boni
1595 3038 1699 3100 Latini
1710 3039 1789 3114 libri,

357 3147 413 3209 pue
436 3130 465 3186 in
489 3127 576 3187 bonis
605 3126 688 3187 libris
711 3126 842 3198 Latinis,
870 3147 987 3188 necnon
1012 3128 1044 3186 in
1097 3129 1188 3187 etiam
1204 3127 1350 3207 impressi,
1366 3134 1395 3185 et
1411 3134 1512 3186 textus
1523 3125 1716 3186 Venerabilis
1730 3125 1788 3188 Be·

357 3213 503 3276 reteribus
519 3212 765 3288 Concordantiie3
789 3222 818 3273 et
838 3233 874 3272 ea
891 3212 929 3273 de
952 3232 1043 3273 cause
1096 3212 1163 3273 dae.
1186 3212 1298 3273 Verum
1321 3231 1428 3273 sensns
1450 3233 1509 3272 non
1531 3221 1673 3273 mutetur.
1698 3212 1788 3274 Prte-

357 3304 399 3362 ric
415 3302 603 3380 epponimns,
626 3300 745 3359 tametsi
768 3300 847 3359 absit
862 3320 881 3359 e
896 3307 981 3360 textu
994 3301 1041 3360 Bi·
1096 3307 1182 3361 teres
1207 3299 1288 3359 illem
1312 3297 1496 3360 clausulam:
1520 3301 1582 3378 Qui
1603 3298 1731 3360 creditis
1753 3301 1790 3361 itt

357 3387 477 3449 >tiorum
501 3385 762 3447 clementinorum.
1096 3388 1227 3448 nomine
1235 3386 1313 3446 Filii
1322 3387 1393 3460 Dei,
1411 3385 1545 3465 plerique
1553 3384 1671 3446 codices
1681 3384 1790 3448 &aeci

391 3473 453 3534 Est
468 3473 516 3533 lrie
538 3474 646 3532 iterato
668 3471 822 3533 conclusio
839 3470 1044 3532 adhortatorie
1096 3479 1261 3532 annectunt
1287 3473 1435 3552 principio
1461 3471 1552 3551 liujus
1580 3490 1702 3544 verene,
1729 3474 1790 3533 sie:

357 3559 388 3621 sd
404 3559 494 3619 fidem
517 3561 549 3619 in
563 3559 671 3619 Jesnrn
688 3558 852 3632 Christum,
873 3577 938 3617 cnm
956 3577 1043 3636 argu·
1096 3561 1186 3619 Haec
1210 3561 1322 3634 scripti
1342 3560 1448 3633 vobis,
1483 3562 1539 3635 qui
1563 3559 1689 3619 creditit
1711 3565 1766 3619 etc.
1775 3581 1788 3635 ,·

357 3654 451 3708 nanto
468 3665 505 3706 ex
522 3645 674 3725 spirituali
696 3645 837 3717 utilitate,
859 3645 919 3704 imo
943 3663 1042 3706 neccs-
1096 3643 1150 3706 sed
1165 3644 1196 3705 id
1218 3664 1339 3725 quoque
1361 3666 1423 3707 non
1444 3648 1546 3725 magni
1568 3645 1713 3705 momenti
1736 3653 1790 3708 est

357 3735 456 3806 ritate:
478 3732 535 3792 bac
551 3731 702 3804 videlicet,
725 3731 806 3813 quod
826 3733 893 3791 sins
914 3729 1045 3792 haedde
1095 3731 1176 3792 Illud
1189 3733 1320 3809 melotis,
1337 3730 1419 3811 qnod
1430 3731 1520 3792 iidem
1533 3730 1669 3812 plerique
1680 3730 1792 3793 Graeci

357 3839 422 3880 rere
438 3820 508 3893 vite,
531 3838 632 3897 neque
657 3821 687 3877 in
709 3819 766 3879 hoc
788 3817 920 3890 sacculo,
944 3836 1044 3897 neque
1096 3818 1217 3878 codices
1232 3817 1348 3878 addunt
1363 3818 1436 3879 huie
1449 3820 1551 3879 versui
1564 3837 1654 3878 annm
1672 3818 1790 3878 clnusn·

357 3928 378 3968 n
393 3905 507 3979 l'ntnro,
529 3905 655 3965 obtineri
678 3906 788 3985 possit3
811 3923 878 3964 cnm
894 3923 912 3963 e
927 3912 1042 3964 contra·
1096 3905 1165 3977 lum,
1188 3907 1276 3964 istem
1294 3906 1451 3965 nimirum:
1479 3907 1522 3965 Et
1544 3912 1581 3966 ut
1601 3905 1734 3965 medone
1754 3907 1791 3966 itt

357 3994 402 4065 io,
427 3994 564 4072 quisquis
589 4012 654 4051 eam
671 3991 768 4063 habet,
791 4011 850 4050 non
866 3992 975 4051 siccum
992 3999 1045 4052 ent
1096 3994 1226 4052 nornine
1249 3992 1329 4052 Filii
1345 3993 1415 4052 Dei.
1439 3992 1568 4071 Propter
1590 4011 1681 4071 qnam
1705 3989 1788 4052 addi·

359 4079 499 4151 terilem,
522 4077 575 4139 sed
597 4078 717 4159 qualem
740 4078 911 4158 Scripturas
934 4078 1044 4157 possim
1097 4084 1207 4138 tionem
1229 4080 1295 4157 ipse
1317 4080 1407 4138 etiam
1432 4079 1579 4140 llrssmns
1601 4086 1729 4149 veretur,
1752 4097 1791 4138 ne

357 4165 527 4243 ntellignnt,
555 4184 619 4225 cnm
641 4164 730 4224 fidem
753 4162 969 4237 commendent,
993 4165 1044 4243 pie
1096 4165 1154 4225 hoc
1181 4164 1247 4225 loco
1269 4164 1376 4224 Greeoi
1400 4164 1520 4224 cedices
1542 4165 1603 4225 sint
1625 4163 1790 4243 depravati.

358 4253 469 4313 cilicet
485 4253 678 4312 affectuosam
694 4258 723 4311 et
738 4250 936 4322 obedientem,
952 4252 978 4309 is
992 4250 1042 4310 ha·
1096 4250 1188 4311 Certe
1212 4250 1365 4311 Robertns
1394 4257 1495 4323 notat,
1526 4250 1582 4311 sibi
1613 4259 1790 4331 conspectos

357 4347 419 4400 reat
437 4340 531 4398 vitam
549 4346 580 4398 et
592 4337 727 4410 salntem,
743 4340 830 4397 etiem
846 4339 877 4397 in
893 4338 1044 4415 praesenti
1096 4337 1172 4399 duos
1186 4346 1313 4410 veteres,
1339 4340 1391 4417 qui
1407 4358 1472 4399 cnm
1489 4346 1603 4416 purtem
1619 4339 1790 4398 omittentes

357 4424 479 4499 ‚aecnlo,
496 4424 549 4485 ssd
565 4425 735 4485 inchoatam
752 4435 782 4484 et
797 4422 999 4483 amissibilem.
1096 4444 1163 4484 cnm
1178 4434 1283 4486 nostra
1304 4423 1433 4503 vulgata
1447 4426 1671 4500 consentirent3
1693 4432 1789 4485 etno-

391 4511 484 4589 Quod
499 4520 598 4572 antem
616 4510 705 4571 illud:
727 4513 789 4590 Qui
803 4510 894 4572 babet
910 4511 1043 4583 Filium,
1097 4520 1190 4572 strum
1228 4511 1426 4590 Interpretem
1464 4512 1495 4569 in
1533 4530 1587 4570 suo
1624 4510 1790 4590 exemplari

357 4598 581 4678 ntelligendnm
606 4601 645 4658 sit
661 4616 697 4657 eo
721 4598 818 4669 modo,
840 4616 901 4677 quo
919 4598 985 4675 jam
1001 4595 1043 4655 di·
1097 4596 1215 4659 Graeco
1245 4598 1409 4658 clausule-m
1437 4599 1526 4658 istem
1552 4617 1612 4657 non
1641 4597 1790 4668 habuisse,

357 4695 432 4747 :turn
450 4694 502 4757 est,
528 4705 649 4766 nempe:
677 4683 739 4763 Qui
754 4684 863 4744 Filium
883 4684 942 4743 Dei
963 4703 1044 4756 vera,
1096 4686 1171 4745 estis
1184 4695 1319 4765 apertum
1336 4684 1461 4744 violetur.
1484 4683 1662 4744 Nectemen
1676 4684 1788 4744 ideirco

357 4774 520 4833 effectuosa
535 4781 565 4831 et
580 4772 740 4832 obediente
763 4769 823 4831 lide
838 4779 928 4841 tenet,
952 4789 990 4830 ex
1005 4771 1043 4830 si·
1096 4774 1162 4832 sine
1182 4773 1295 4849 mejors
1313 4773 1492 4831 anctoritate
1515 4789 1533 4830 e
1555 4770 1680 4831 Graecis
1703 4770 1789 4830 libris

357 4859 476 4920 milibus
498 4859 589 4937 hujus
604 4856 743 4938 Apostoli
766 4858 920 4918 sententiis
943 4858 1044 4916 doceri
1097 4868 1143 4918 est
1158 4858 1302 4929 tollenda,
1326 4859 1478 4937 qnoniam,
1501 4875 1538 4916 ea
1552 4864 1677 4929 retente,
1701 4856 1788 4918 nihil

357 4954 468 5021 retest,
494 4944 594 5025 qualis
616 4955 662 5005 est
683 4944 736 5004 illa
758 4964 823 5023 rap.
848 4950 890 5005 2:
923 4945 1042 5017 Omnis,
1096 4947 1214 5006 ominus
1235 4954 1315 5004 totus
1337 4963 1441 5006 verens
1463 4942 1649 5004 commodam
1668 4964 1788 5005 sensum

357 5037 410 5114 pur·
432 5042 528 5110 nepot
548 5033 688 5106 lilium,
711 5050 768 5092 nee
790 5034 921 5092 Putrem
942 5030 1043 5091 babet.
1094 5031 1208 5093 habere
1223 5040 1332 5113 potest,
1349 5049 1440 5112 quem
1455 5031 1619 5110 accipimus
1636 5050 1673 5091 ex
1690 5028 1783 5092 Oeen-
