4442 5825
669 567 833 622 aarum
850 568 868 620 l.
886 567 973 621 asan
988 566 1122 621 teanum
1157 567 1241 621 ΠΜ.
1260 569 1285 620 t.
1305 569 1329 620 7.
1651 570 1724 649 750

369 763 376 817 ·,
408 745 540 804 maxime
571 742 734 805 seeundum
765 743 913 805 Graecam
945 752 976 805 et
1029 743 1161 806 dmorat:
1178 744 1249 820 Ilia,
1266 744 1372 824 iuquit,
1387 744 1600 804 testimouium
1613 743 1723 819 perhi-

369 848 438 890 ,oam
463 830 629 902 lectionem,
653 851 732 910 quae
755 830 860 890 babet:
889 834 974 910 Quo-
1029 831 1110 891 bebit
1133 830 1172 889 de
1190 850 1249 907 me,
1275 831 1364 891 Joan.
1384 831 1442 903 15,
1465 838 1495 889 et
1518 832 1639 891 iterum:
1663 829 1724 889 ltle

383 917 524 992 Spiritus
540 926 585 976 est
601 922 728 978 veritas.
753 916 853 996 Quam
869 917 972 978 lentio·
1029 937 1077 977 me
1092 917 1291 994 elantieahit,
1316 917 1407 978 Joau.
1426 916 1474 977 16.
1504 914 1593 976 Unde
1614 921 1645 974 et
1667 913 1723 976 Pe·

368 1002 462 1062 habet
489 1006 579 1063 etiarn
604 1000 667 1063 Leo
691 1003 777 1084 Papa
799 1005 898 1083 Epist
924 1005 973 1064 10.
1029 1013 1108 1064 trus:
1137 1005 1211 1079 Nos,
1234 1005 1345 1084 inquit,
1368 1011 1457 1064 tester
1478 1021 1586 1063 eumue
1606 1003 1721 1063 horum

369 1092 390 1151 l.
407 1091 437 1149 iu
452 1090 520 1161 fine,
544 1100 574 1149 et
589 1091 618 1149 S.
637 1091 825 1170 Augustinus
840 1090 879 1151 de
896 1090 974 1151 dono
1028 1091 1217 1164 verborum,
1246 1098 1276 1151 et
1297 1092 1435 1167 Spiritus
1457 1096 1602 1163 sanetus,
1629 1107 1723 1166 quem

369 1195 427 1236 ver.
452 1196 518 1255 oap.
536 1178 585 1238 23.
611 1176 741 1235 Nostrae
764 1177 900 1236 lectionis
924 1177 973 1237 bio
1027 1177 1115 1237 dedit
1135 1179 1222 1238 Deus
1244 1176 1390 1240 amnibus
1413 1176 1627 1238 obedientibus
1651 1174 1722 1250 sibi,

370 1270 461 1322 sest:
485 1261 545 1322 Sed
562 1272 592 1322 et
608 1263 738 1344 Spiritus
754 1273 877 1323 sauctus
891 1263 971 1324 testi·
1026 1264 1092 1323 Aah
1110 1267 1140 1326 ὅ.

369 1369 400 1423 r,
427 1347 578 1409 Christum
606 1369 672 1410 esse
698 1350 871 1424 veritatem,
896 1351 974 1411 siout
1069 1349 1239 1412 Secundum
1261 1349 1409 1412 Graeoam
1432 1350 1592 1409 lectionem
1617 1367 1722 1411 sensns

369 1454 390 1494 e
406 1437 538 1496 nominat
553 1439 585 1496 in
600 1434 787 1516 Evangelio:
811 1437 880 1513 Epo
902 1456 972 1497 eum
1026 1445 1087 1496 est:
1107 1437 1236 1516 Insuper
1251 1437 1379 1518 Spiritus
1395 1443 1516 1496 sanotns
1532 1445 1589 1509 est,
1612 1436 1663 1516 qni
1678 1443 1721 1496 te·

369 1525 484 1582 veritas
500 1531 529 1582 et
545 1526 624 1597 vita,
649 1523 828 1599 Joan.14.,·
851 1526 971 1584 verita·
1026 1522 1185 1597 stificatur,
1207 1522 1315 1585 Jesum
1340 1543 1405 1584 esse
1429 1521 1580 1582 Christum
1595 1522 1655 1582 Dei
1672 1521 1719 1583 si-

369 1616 465 1678 rmam,
488 1608 517 1667 id
535 1619 588 1681 est,
604 1630 657 1690 per
674 1611 772 1670 omnia
787 1630 925 1671 veracem
941 1611 971 1671 in
1025 1609 1096 1671 lium
1112 1618 1143 1670 et
1164 1609 1265 1671 muudi
1289 1610 1478 1671 salvatorem
1501 1605 1568 1689 (per
1584 1627 1621 1668 ea
1636 1609 1721 1668 nimi·

379 1697 470 1755 verbo
494 1705 523 1756 et
546 1695 699 1768 doctriua,
727 1715 816 1776 qnam
837 1695 970 1758 tradidit.
1025 1716 1089 1756 rum
1112 1698 1298 1772 testimonia,
1326 1715 1405 1778 quae
1426 1695 1490 1773 jam
1514 1695 1596 1756 dieta
1619 1689 1722 1771 suut);

369 1783 539 1842 testificatus
555 1795 600 1843 est
614 1784 742 1864 Spiritus
759 1789 887 1857 sanetus,
911 1784 969 1864 pri-
1025 1784 1109 1863 eujus
1139 1785 1342 1846 testimonium
1369 1779 1609 1862 haudquaquam
1635 1780 1721 1860 rejici

382 1871 412 1928 in
434 1869 484 1928 die
507 1869 712 1944 pentecostes,
736 1868 858 1951 quando
882 1889 972 1951 super
1024 1876 1139 1950 potest,
1169 1871 1320 1947 quoniam
1350 1871 1489 1946 Spiritus
1518 1876 1563 1930 est
1593 1870 1721 1943 veritas,

369 1955 438 2016 talos
455 1958 485 2015 iu
501 1959 601 2037 speeie
624 1954 796 2036 linguarum
816 1957 970 2036 ignearum
1025 1977 1116 2036 quum
1132 1957 1171 2017 sit
1185 1958 1280 2028 Dens,
1303 1958 1433 2037 ideoque
1456 1975 1510 2016 nee
1533 1953 1600 2015 falli
1617 1955 1723 2034 possit,

370 2045 443 2114 edit,
466 2062 578 2123 eosque
595 2045 635 2104 ita
651 2044 787 2124 replevit,
811 2053 845 2103 ut
860 2046 969 2121 loque·
1024 2042 1204 2105 neeiallere.
1230 2044 1327 2104 Juxta
1338 2045 1418 2104 hane
1428 2042 1586 2103 lectionem
1600 2049 1632 2101 et
1641 2040 1722 2102 hune

369 2148 391 2187 s·
420 2133 519 2189 variis
549 2131 667 2205 linquis
696 2130 862 2206 manualia
894 2133 968 2205 Dei,
1025 2130 1321 2210 sensnmpartionla:
1338 2122 1575 2205 irr,quunr·am,
1592 2127 1721 2188 causalis

369 2219 388 2276 t.
411 2216 530 2276 Deinde
554 2218 724 2295 permulta
747 2217 968 2277 auveriaoha·
1025 2225 1087 2293 est3
1107 2218 1198 2297 juxis
1225 2219 1356 2296 priorem
1384 2235 1455 2277 vero
1479 2214 1722 2288 determinative,

369 2313 405 2376 ta,
422 2322 501 2383 qnae
515 2302 655 2384 deinceps
667 2305 698 2364 in
710 2303 821 2364 Christi
832 2303 970 2363 fidelihus
1025 2311 1057 2361 ut
1086 2305 1195 2363 Latine
1226 2302 1322 2376 dieas,
1361 2304 1517 2378 Spiritum
1548 2301 1720 2378 testificari,

369 2400 416 2450 tus
433 2397 495 2465 est,
521 2391 626 2470 qualia
641 2389 755 2451 Paulus
777 2395 967 2451 enumeratl
1024 2389 1109 2465 quod
1133 2391 1275 2452 Christus
1297 2397 1342 2450 est
1363 2391 1490 2450 veritas.
1513 2389 1651 2466 Utraque
1676 2396 1719 2447 ta·

369 2479 410 2536 1⁸2.
442 2477 483 2535 Et
506 2476 626 2557 quidem
652 2476 682 2536 id
707 2477 855 2538 iacturum
876 2477 968 2556 Spiri·
1023 2476 1195 2537 meuleetio
1219 2477 1465 2555 probabilitatem
1482 2475 1582 2547 habet,
1605 2494 1660 2534 use
1676 2471 1719 2533 fa·

369 2574 506 2638 sanatum,
530 2564 669 2626 Christus
693 2565 758 2646 ipse
781 2563 819 2623 de
835 2583 870 2623 eo
886 2582 968 2644 prae·
998 2621 1001 2632 ,
1024 2563 1081 2623 oile
1095 2561 1232 2637 dixerim,
1248 2573 1317 2624 ntra
1333 2565 1372 2624 sit
1388 2562 1476 2623 alteri
1491 2557 1696 2642 praeferenda.

695 2749 982 2819 sternutantis
1004 2749 1132 2818 retnis
1154 2748 1301 2817 muttit.

372 2895 446 2954 sque
472 2877 658 2938 Guilielmus
681 2879 799 2951 Estiue,
823 2879 961 2953 optimus
983 2884 1012 2936 et
1034 2876 1230 2938 doctissimus
1253 2881 1314 2954 air,
1339 2877 1611 2938 Commentariun
1628 2891 1722 2935 suurn

369 2968 433 3025 snit.
458 2969 545 3043 (tuae
560 2973 735 3040 sequuntur
757 2969 793 3025 in
815 2966 975 3042 reliquam
996 2966 1089 3037 hujus
1105 2967 1219 3041 eapitis
1239 2972 1377 3040 partem,
1402 2970 1431 3023 et
1446 2965 1481 3023 in
1497 2962 1668 3023 seeundum
1684 2979 1722 3021 aa

371 3072 401 3111 m
417 3055 454 3113 B.
472 3055 615 3113 Juannis
630 3054 801 3128 Epistoias,
829 3071 865 3111 ea
881 3070 947 3125 noe,
971 3051 1081 3111 multis
1099 3054 1146 3111 ita
1169 3051 1432 3123 desiderantibus,
1455 3070 1495 3111 ne
1519 3050 1723 3125 imperfectus

369 3147 508 3214 rueretur
531 3144 565 3199 in
583 3141 759 3199 Catholicae
780 3140 942 3215 Epistulas
965 3140 1229 3212 Commentarius,
1253 3138 1436 3214 adjecimus,
1460 3140 1570 3197 amnia
1591 3142 1722 3195 sanatae

369 3245 441 3286 arrae
468 3227 624 3286 Ecclesiae
645 3226 767 3300 iudicio
782 3227 1006 3299 auhmittentes,
1030 3233 1060 3284 et
1083 3224 1239 3301 quidquid
1261 3226 1310 3284 hio
1334 3225 1408 3285 boni
1428 3231 1481 3297 eet,
1506 3225 1575 3283 Deo
1597 3223 1722 3282 auctori

908 3313 1088 3372 tribuentes.

373 3437 531 3513 Quoniam
555 3442 617 3493 tres
641 3441 725 3509 eunt,
752 3438 807 3512 qui
830 3437 969 3494 testimo·
993 3432 996 3492 i
1025 3433 1114 3493 simul
1131 3433 1255 3512 junctis.
1280 3434 1378 3492 Pater
1398 3432 1599 3492 testimouium
1623 3428 1719 3511 perhi-

381 3528 435 3582 ete.
460 3522 588 3581 Dixerat
603 3520 766 3599 Apostolus
785 3541 861 3581 vers.
885 3541 968 3602 prae·
994 3509 996 3571 ῗ
1023 3520 1088 3579 buit
1104 3520 1232 3580 Domino
1248 3518 1335 3592 Jesn,
1352 3518 1433 3599 quod
1450 3521 1514 3599 ipse
1528 3519 1566 3578 sit
1579 3517 1719 3578 Salvator

372 3617 410 3680 te,
422 3607 569 3686 Spiritum
578 3608 731 3670 testificari
745 3608 783 3668 de
792 3608 879 3678 Jesu,
892 3608 971 3688 qnod
994 3594 996 3629 ⁸
1023 3606 1134 3679 mnudi,
1146 3606 1237 3667 variis
1250 3606 1433 3685 temporibus
1446 3614 1477 3665 et
1489 3605 1590 3665 modis.
1616 3604 1716 3665 Primo

369 3696 397 3753 rit
412 3693 557 3766 Christus,
574 3695 626 3754 ille
639 3694 761 3756 humani
775 3696 893 3775 generis
907 3695 969 3754 Sal·
994 3708 996 3740 i
1024 3692 1145 3771 qnando
1167 3713 1221 3773 per
1240 3693 1378 3773 angelum
1395 3712 1481 3752 suum
1500 3692 1593 3770 jussit
1614 3700 1716 3752 saneto

395 3784 546 3860 quandam
562 3802 580 3841 a
595 3783 660 3841 Deo
686 3782 778 3843 Patre
800 3783 971 3861 promissus,
994 3762 996 3807 Ι
1024 3781 1148 3860 Joseph,
1165 3789 1198 3838 nt
1213 3788 1411 3840 commaneret
1424 3780 1543 3858 conjugi
1556 3797 1636 3850 suae,
1652 3778 1717 3839 siue

372 3872 539 3947 unioneque
549 3870 606 3928 Dei
616 3869 723 3943 Filius,
736 3867 813 3928 idem
823 3868 970 3929 vernsho·
994 3882 996 3888 ’
1024 3868 1153 3927 humano
1166 3885 1258 3947 opere
1267 3868 1329 3945 jam
1342 3865 1495 3946 gravidae,
1513 3866 1665 3945 filiumque
1678 3884 1717 3925 ex

369 3957 411 4015 loc
421 3976 505 4015 enum
519 3955 628 4016 dietum
642 3976 720 4016 nune
733 3958 797 4015 sive
809 3955 971 4028 confirmat,
1024 3973 1060 4012 ea
1071 3956 1255 4015 naseiturum
1268 3954 1433 4014 nominaret
1446 3955 1569 4025 Jeeurn,
1589 3971 1624 4011 eo
1637 3950 1717 4033 qnod

369 4041 972 4122 mplifieat3qnasidieatrQuodJesussit
1024 4040 1167 4121 populum
1194 4059 1280 4100 sunm
1307 4060 1325 4099 a
1352 4040 1484 4119 pensatis
1514 4040 1608 4119 ipsius
1636 4047 1718 4099 eust

371 4149 388 4188 e
400 4132 525 4207 virginis
538 4129 726 4201 vernsfilius,
740 4138 825 4189 utest
838 4130 969 4208 unigeni·
1023 4126 1202 4198 salvaturus,
1218 4126 1328 4186 Matth.
1348 4131 1373 4186 1.

369 4216 426 4275 lius
436 4217 500 4286 Dei,
513 4216 654 4297 quodque
663 4217 700 4275 sit
709 4216 849 4276 Salvator
857 4216 970 4288 mundi,
993 4171 996 4259 l
1067 4212 1187 4274 Deinde
1199 4232 1302 4292 quum,
1315 4214 1379 4294 ipso
1393 4234 1412 4272 a
1424 4212 1545 4274 Josnne
1556 4212 1718 4293 baptizata,

369 4322 486 4380 nquam
503 4323 581 4363 nuno
602 4303 772 4363 hominihus
789 4301 971 4381 persuadere
1024 4322 1084 4361 vox
1112 4301 1210 4360 Patris
1235 4300 1365 4360 intonuit
1390 4298 1482 4376 (siout
1507 4309 1539 4359 et
1565 4301 1595 4360 in
1621 4300 1719 4381 ipsius

369 4401 412 4448 tur
427 4389 579 4449 Basilides
598 4411 662 4449 cum
681 4409 735 4448 suo
751 4410 851 4469 grege,
873 4398 902 4448 et
919 4389 970 4448 alii
993 4381 996 4427 Ψ
1024 4384 1313 4467 transfiguratione):
1345 4388 1407 4447 Hie
1433 4393 1477 4447 est
1503 4387 1607 4449 Filius
1633 4404 1718 4447 meur

369 4476 430 4535 tiei:
457 4476 522 4553 ejus
545 4478 588 4535 rei
614 4486 682 4537 snut
703 4487 797 4537 testes
814 4474 971 4556 irrefragn·
993 4499 995 4544 ς
1024 4474 1166 4549 dilectus,
1183 4477 1219 4533 in
1234 4493 1296 4550 quo
1308 4475 1386 4533 mibi
1401 4473 1599 4551 camplacui5
1615 4475 1717 4549 ipsum

369 4562 397 4623 iu
413 4562 497 4622 eaelo
518 4570 589 4635 tres,
614 4565 645 4624 in
668 4574 748 4623 terra
771 4562 875 4623 itidem
898 4570 968 4623 tres.
993 4553 995 4620 l
1024 4562 1145 4636 audite,
1168 4559 1276 4620 Matth.
1294 4564 1323 4621 3.
1340 4569 1369 4620 et
1387 4564 1435 4619 17.
1460 4559 1559 4639 Quale
1575 4557 1718 4639 quiddam

369 4650 412 4709 elo
426 4649 548 4727 quidem
564 4652 670 4724 Pater,
691 4650 837 4723 Verbum,
854 4657 882 4710 et
895 4651 969 4726 Spi-
993 4652 995 4669 '
1022 4647 1134 4709 aaoidit
1155 4657 1185 4709 et
1208 4646 1416 4727 Jerosolymis,
1439 4647 1530 4707 Joen.
1548 4649 1606 4719 12..
1630 4665 1719 4727 quum

374 4745 596 4812 anastaseos
622 4738 790 4797 divinitatis
814 4731 994 4817 personne,{
1022 4735 1101 4796 Jesu
1131 4733 1270 4795 dicente:
1300 4737 1398 4797 Pater
1432 4734 1575 4811 standon
1602 4752 1721 4795 nomen

369 4823 432 4882 nius
457 4824 575 4883 omuino
598 4832 731 4883 naturae.
754 4823 844 4884 Unde
868 4843 967 4884 eonse-
992 4818 994 4894 ξ
1022 4819 1124 4897 ωαηί,
1140 4826 1223 4883 veuit
1235 4842 1296 4884 vox
1310 4822 1346 4881 de
1359 4821 1461 4882 eaelo:
1479 4824 1521 4883 Et
1533 4822 1718 4898 nuntianti,

394 4917 457 4983 est,
484 4929 650 4990 supremam
678 4910 725 4971 his
752 4911 875 4971 testihns
903 4929 969 4971 esse
992 4907 994 4977 ἶ
1022 4917 1052 4969 et
1066 4913 1182 4971 iterum
1199 4909 1390 4988 clarificabo.
1413 4909 1462 4969 De
1485 4928 1546 4990 qna
1560 4928 1635 4969 vaes
1649 4909 1716 4988 ipse

369 4998 489 5071 riuum,
514 5007 574 5064 teu
597 4996 734 5078 singulis,
757 5017 848 5080 quam
872 4997 969 5061 tribus
990 4983 994 5075 Ι
1021 4996 1173 5061 Dominus
1189 4995 1263 5059 dixit
1278 4997 1387 5060 namu
1402 4995 1526 5060 turbae:
1550 4997 1623 5061 Nou
1636 5013 1716 5074 pro·
