4442 5825
715 586 878 644 eeteroter
896 589 935 644 AD
954 588 1118 644 metros
1134 588 1217 643 tres.
1238 590 1278 643 tt.
1299 591 1339 645 15.
1674 598 1748 665 337

363 782 425 843 ιιι,
448 775 479 828 et
492 783 680 846 persequere
695 786 774 829 eom.
800 767 857 828 llat
872 769 954 829 enim
967 768 1000 829 in
1048 770 1134 849 facie
1157 767 1348 845 adfaciem,
1376 779 1424 830 et:
1452 770 1545 828 sicuti
1565 776 1619 844 est,
1645 770 1748 831 Deum

363 855 516 916 succidam
530 855 662 915 verbnm.
1052 857 1176 930 videre,
1204 853 1305 915 lOor.
1330 857 1379 916 13.
1403 865 1434 914 ct
1459 860 1475 916 1
1499 855 1588 918 Joan.
1605 857 1634 916 3.
1669 855 1750 928 Scio,

363 940 389 1003 tt
415 942 682 1017 matrimonium,
712 944 781 1003 riae
811 960 875 1019 qao
904 960 998 1003 nemo
1053 942 1185 1004 Graecos
1196 939 1315 1002 codices
1327 964 1388 1003 non
1400 942 1529 1004 babere:
1546 944 1662 1017 Deum,
1678 940 1749 1003 sed:

363 1026 420 1089 eiii
434 1030 549 1090 Deam.
571 1028 823 1090 &animantem
841 1038 929 1089 vocat
944 1049 997 1108 pu·
1053 1031 1252 1105 Dominam,-
1296 1029 1547 1109 quemadmodum
1588 1037 1618 1090 ιι
1654 1029 1750 1109 Syrus

363 1122 419 1176 ism
446 1135 501 1175 eeu
526 1114 704 1176 munditiem
732 1116 847 1185 cordis,
875 1114 913 1175 de
939 1135 999 1195 qua
1052 1119 1151 1190 vertit,
1175 1127 1207 1178 et
1222 1124 1341 1176 veteres
1358 1115 1491 1177 Graecos
1514 1115 1626 1197 legisse
1641 1116 1749 1176 docent

363 1201 570 1262 ninnablcttb.
582 1203 628 1263 ia:
651 1205 747 1264 Beati
761 1202 882 1264 mundo
894 1202 998 1278 corde,
1053 1224 1155 1266 eornm
1178 1204 1391 1263 commentarii.
1415 1203 1498 1264 Solet
1518 1210 1617 1263 eutcm
1633 1202 1749 1263 Paulus

363 1290 455 1351 stiam
467 1291 531 1365 ipsi
545 1290 645 1351 Deam
659 1290 820 1351 videbunt.
836 1288 998 1350 Hucenim
1051 1291 1214 1351 Dominum
1242 1288 1395 1350 Christum
1421 1289 1610 1371 significem
1633 1310 1689 1351 nec
1716 1288 1748 1350 id

363 1374 466 1439 actus
481 1378 632 1456 respicere
647 1376 774 1437 ridetur.
802 1374 931 1437 Constet
946 1395 997 1435 eu·
1051 1387 1152 1438 tamen
1176 1376 1273 1437 obstet
1299 1378 1536 1457 interpretationi
1562 1377 1625 1455 jam
1650 1378 1749 1450 datae,

363 1508 367 1533 ,
391 1464 585 1524 sanctitatem
611 1463 668 1525 bac
693 1462 913 1544 significatione
938 1461 997 1523 ire·
1052 1466 1125 1544 quia
1142 1463 1274 1525 Christus
1290 1463 1375 1524 Deus
1391 1475 1422 1523 et
1437 1465 1522 1524 bomo
1540 1473 1594 1536 est,
1609 1483 1665 1523 nec
1681 1483 1748 1543 per·

363 1558 430 1611 nor
456 1550 555 1631 accipi
580 1551 611 1612 in
633 1550 794 1631 Scripturis
821 1550 998 1629 pracsertim
1051 1550 1131 1612 fecte
1146 1572 1165 1610 a
1180 1550 1265 1611 nobis
1294 1549 1448 1624 ridebitur,
1472 1554 1530 1612 nisi
1554 1571 1621 1611 enm
1645 1570 1747 1611 secum

363 1636 505 1699 atolicis:
528 1636 614 1697 velut
631 1643 647 1697 l
665 1636 798 1698 Corinth.
816 1637 862 1695 i:
899 1638 938 1698 Ut
959 1641 999 1696 rit
1051 1638 1121 1697 dum
1138 1648 1298 1718 utramque
1313 1651 1459 1712 naturam,
1476 1639 1563 1698 sicuti
1579 1648 1632 1710 cst,
1647 1635 1747 1697 ridea-

363 1732 409 1785 ιιιι
437 1742 572 1801 corpore
598 1732 628 1785 et
651 1728 786 1801 spiritu;
812 1722 929 1804 pree.
953 1724 998 1783 5.:
1052 1744 1128 1785 mos.
1152 1724 1251 1806 quue
1266 1724 1371 1784 volunt
1386 1726 1560 1806 Scripturas
1579 1730 1594 1785 1
1612 1723 1747 1785 docnt.

363 1814 398 1872 tit
420 1819 536 1873 sancto
558 1818 588 1872 et
602 1813 829 1887 immaculat03
859 1811 998 1870 l'l'bese.
1052 1821 1082 1872 ιι
1096 1812 1191 1890 Apoc.
1206 1812 1319 1872 ultimo.

363 1898 444 1961 Noa
460 1900 545 1960 caim
569 1901 696 1959 vocavit
710 1917 769 1959 noe
784 1899 871 1960 Deus
886 1899 921 1957 in
937 1900 998 1956 im·
1097 1898 1144 1958 15.
1176 1899 1442 1976 Contemploates.
1478 1897 1596 1959 Graece
1622 1889 1747 1956 intueo-

363 1986 508 2061 cilitium
524 1985 578 2046 sed
592 1988 628 2045 ia
643 1986 937 2062 reedificatioaem.
959 1985 999 2044 lit
1050 1986 1190 2060 πιῦντις,
1209 1986 1238 2046 id
1255 1996 1299 2045 ost
1314 1989 1524 2063 inspicientes,
1540 1988 1745 2063 superinten-

363 2070 423 2135 lln
438 2071 580 2153 pluribus
594 2073 741 2154 Epistolis
755 2073 880 2152 legitur:
901 2072 998 2133 Sulu-
1051 2074 1165 2134 dentes.
1190 2072 1279 2133 Unde
1296 2085 1344 2133 est
1359 2093 1465 2133 nomon
1480 2074 1633 2153 Episcopi.
1657 2073 1746 2132 liras·

385 2162 530 2223 invicem
555 2163 591 2221 ia
614 2162 718 2220 osculo
740 2169 858 2221 sancto.
889 2158 998 2220 Graeci
1050 2181 1116 2221 mne
1131 2163 1239 2220 vertit:
1263 2180 1373 2220 curam
1389 2160 1547 2234 babentes,
1564 2160 1680 2221 scilicet
1695 2158 1747 2219 alii

363 2264 421 2331 pue
444 2245 486 2307 de
501 2248 644 2308 castitate
666 2248 914 2326 interpretantur,
937 2256 997 2306 tam
1050 2248 1089 2308 de
1119 2248 1203 2320 aliis,
1239 2248 1363 2327 perfecti
1395 2246 1433 2305 de
1462 2247 1744 2327 imperfectioribus.

363 2354 440 2417 puae
456 2335 489 2394 in
499 2334 698 2407 matrimonio,
714 2353 803 2415 qnam
820 2354 897 2415 quae
912 2340 999 2393 extre
1051 2335 1140 2407 Nem,
1155 2343 1187 2394 ut
1202 2344 1346 2395 annotant
1362 2331 1480 2407 Graeci,
1504 2344 1605 2395 monet
1619 2334 1747 2412 Aposto-

363 2421 450 2483 anda
476 2434 532 2481 eat.
566 2419 714 2481 Graecum
740 2441 849 2482 nomen
874 2420 998 2480 verbale
1051 2422 1111 2494 lus,
1142 2430 1261 2481 utnon
1288 2431 1404 2481 tentum
1432 2439 1464 2479 ee
1491 2423 1588 2501 ipsum
1615 2421 1748 2499 quisque

363 2499 527 2586 lptuopdc,
549 2509 672 2588 proprie
694 2507 864 2587 significans
879 2509 999 2568 eoacti·
1051 2510 1199 2588 integrunt
1230 2516 1345 2583 servat3
1384 2506 1438 2568 sed
1471 2515 1504 2567 ut
1533 2528 1588 2588 pro
1619 2506 1747 2566 caeteris

363 2598 501 2671 wem,
539 2596 617 2656 sicut
647 2593 716 2655 aliis
745 2594 820 2655 locis
849 2596 998 2673 interpres
1052 2597 1142 2655 etiam
1159 2595 1279 2655 solliciti
1294 2596 1361 2654 sint
1391 2592 1481 2655 Unde
1504 2596 1692 2676 potissimum
1708 2591 1748 2653 ed

363 2682 463 2743 ntulit.
1052 2685 1244 2762 praepositos
1260 2682 1390 2761 pertinet
1404 2683 1480 2741 hacc
1496 2680 1667 2742 admonitio.

363 2771 441 2851 gitur
456 2768 517 2828 boc
532 2777 691 2850 praecepto
710 2777 812 2829 monet
827 2767 999 2850 Apostolus,
1095 2769 1142 2831 Ne
1167 2773 1238 2848 quie
1263 2770 1341 2829 desit
1367 2771 1490 2845 pectine
1517 2771 1586 2829 Dei.
1610 2766 1745 2829 Graece:

363 2855 466 2920 odies
488 2856 587 2936 magis
610 2875 646 2916 ac
664 2856 761 2937 magis
776 2854 917 2917 studeant
933 2874 1001 2915 sese
1052 2857 1099 2919 Ne
1121 2860 1252 2934 quierit
1274 2857 1420 2934 delicieris
1442 2874 1463 2915 a
1484 2858 1592 2932 qratia
1614 2858 1690 2931 Dei,
1717 2851 1747 2915 id

363 2944 464 3006 adare
480 2942 519 3003 ab
535 2944 616 3004 omni
641 2944 739 3003 cernis
761 2945 1000 3023 inquinamento,
1052 2952 1114 3017 est,
1144 2965 1183 3004 ne
1211 2946 1277 3026 quie
1304 2943 1484 3004 destituatur
1510 2952 1563 3003 aut
1589 2942 1749 3003 frustretur

363 3048 480 3112 unque
515 3028 624 3111 ingere
661 3030 888 3090 immunditiem.
933 3030 1000 3090 Hoc
1051 3032 1149 3111 gratia
1166 3032 1230 3103 Dei,
1254 3050 1291 3092 ne
1307 3031 1356 3090 cui
1372 3029 1525 3091 illadasit.
1548 3031 1627 3091 Nam
1641 3030 1746 3109 bnjns·

363 3129 438 3180 teet
453 3117 739 3194 mortificationem
754 3119 909 3194 persequi.
926 3116 996 3176 Par·
1052 3116 1133 3179 modi
1155 3120 1213 3178 vim
1236 3117 1329 3178 babet
1345 3115 1493 3177 Graecum
1516 3117 1641 3178 verbnm
1657 3110 1747 3175 ὑιτι·

363 3203 439 3266 lam:
463 3205 533 3264 riae
553 3223 629 3283 qao,
651 3203 788 3284 plerique
803 3204 905 3264 Latini
921 3223 998 3262 com·
1053 3207 1125 3282 ρῶν,
1151 3207 1241 3265 etiem
1264 3204 1337 3264 alibi
1348 3206 1383 3274 ia
1399 3204 1567 3281 Scriptnris,
1591 3211 1625 3264 ut
1639 3202 1746 3263 ldettb.

363 3291 429 3354 lter
442 3289 486 3352 ad
506 3310 620 3368 pacem
643 3306 671 3351 et
692 3293 939 3351 sanctimoniam
954 3310 999 3349 re·
1055 3296 1113 3367 te,
1129 3291 1219 3352 Marc.
1236 3293 1292 3362 10..
1311 3292 1382 3349 Lac.
1400 3292 1460 3361 22„
1477 3298 1508 3349 et
1524 3291 1613 3369 bajus
1628 3291 1746 3368 Episto-

363 3387 416 3452 ιιι,
447 3379 536 3458 quia,
567 3379 646 3438 sicut
672 3378 781 3439 dictum
808 3389 870 3438 sat:
905 3379 1000 3439 Beati
1052 3380 1101 3441 lee
1125 3398 1189 3458 cap.
1213 3383 1242 3440 t.
1268 3379 1412 3440 (lectiam
1430 3378 1491 3437 Dei
1514 3377 1634 3455 quidam
1656 3379 1746 3437 inter·

363 3465 421 3528 ido
442 3465 549 3538 eorde,
573 3468 727 3542 quoniam
751 3467 814 3540 ipsi
830 3466 933 3525 Deum
952 3466 999 3524 vi·
1053 3475 1207 3547 protentus
1229 3465 1393 3526 habituale‘
1407 3461 1517 3523 donum
1540 3464 1664 3542 gratiae,
1686 3481 1748 3543 quo

363 3559 430 3627 m,
454 3552 498 3612 ita
519 3551 633 3613 dictum
657 3559 717 3611 eet:
744 3553 839 3613 Beati
859 3551 998 3628 pacifici,
1047 3551 1264 3633 jrrstificamur3
1284 3552 1335 3612 elii
1361 3552 1587 3631 inspirationem
1602 3550 1748 3611 bonerum

363 3643 454 3702 fiam
485 3638 547 3716 pits·
577 3641 639 3700 Dei
668 3638 876 3700 vocabuntur.
921 3635 1000 3697 Solis
1052 3640 1280 3720 cogitationum
1308 3652 1341 3699 ut
1367 3658 1471 3697 sensus
1501 3638 1554 3710 eit,
1581 3637 1747 3697 carendum

363 3747 401 3790 n
421 3725 504 3798 liliis,
531 3725 627 3807 inquit
648 3725 679 3787 S.
702 3725 846 3798 Thomas,
873 3724 1001 3784 debetur
1053 3745 1129 3799 ease,
1151 3745 1189 3786 ne
1204 3729 1272 3806 quie
1288 3727 1335 3786 vel
1351 3727 1478 3805 gretiam
1493 3723 1645 3805 peccando
1661 3726 1746 3785 omit·

363 3812 479 3876 ntitas
493 3811 615 3873 divinae
630 3813 762 3872 visionis.
1052 3822 1105 3885 tat„
1133 3812 1182 3875 vel
1198 3813 1292 3873 bonae
1310 3813 1521 3891 inspirationes
1537 3812 1681 3892 negliget,
1698 3807 1748 3870 vel

363 3897 459 3962 'crum
483 3898 648 3978 simplicius
672 3909 733 3970 est,
760 3908 794 3958 ut
820 3907 936 3957 tentum
961 3896 999 3956 ad
1053 3900 1166 3980 gratiae
1187 3900 1243 3960 Dei
1270 3910 1363 3981 ponat
1388 3898 1584 3959 obstaculum.
1616 3899 1665 3959 Dc
1688 3917 1749 3980 qno

363 3985 468 4050 rhum
485 3985 642 4056 referatur,
664 3984 695 4046 id
712 3995 758 4045 ιιι
774 3984 813 4045 ad
827 3988 1000 4045 ιαιιιιίιιιο·
1054 3995 1204 4067 postremo
1232 4006 1337 4059 seusu,
1369 3984 1516 4066 qrrornodo
1543 4005 1616 4046 sane
1642 3985 1750 4045 debeat

363 4093 407 4150 ιι,
435 4075 517 4134 sicut
539 4079 698 4152 exponunt
719 4070 845 4147 Graeci3
871 4073 1000 4131 maximo
1053 4076 1161 4154 accipi,
1175 4072 1297 4132 consule
1309 4075 1550 4132 commentarium
1563 4073 1593 4133 S.
1602 4072 1749 4146 Thomas,

363 4179 394 4222 ι
424 4158 587 4221 relativum
618 4158 768 4220 Graecum
794 4178 903 4237 genere
933 4177 998 4217 cam
1053 4159 1139 4220 docte
1155 4180 1220 4220 eam
1237 4180 1300 4220 rem
1316 4159 1504 4240 explicantis.

363 4266 453 4310 raon
470 4247 638 4308 conveniat.
664 4248 774 4325 Estque
786 4245 824 4305 de
840 4246 998 4305 sanctimo·
1096 4245 1157 4307 Sed
1181 4248 1276 4326 magis
1293 4265 1465 4327 germanum
1483 4255 1535 4315 eet,
1560 4254 1593 4303 ut
1607 4248 1747 4321 qratiam

363 4351 412 4396 scu
424 4335 568 4394 castitate
580 4333 741 4414 peculiaris
754 4329 903 4411 quaedem
914 4333 1000 4392 ratio.
1054 4336 1115 4395 Dei
1131 4333 1331 4412 intelligemus
1355 4332 1583 4392 beneficentiam
1597 4333 1666 4404 Dei,
1691 4352 1751 4413 qua

363 4430 431 4486 Ιιιι
442 4419 521 4482 nibil
544 4439 644 4500 aeque
666 4421 773 4479 mentis
788 4417 891 4479 oculos
907 4419 999 4479 obnn·
1054 4441 1106 4500 per
1121 4420 1336 4497 Apostolorum
1358 4418 1611 4499 praedicationem
1627 4439 1680 4478 eos
1697 4439 1748 4478 vo·

363 4517 428 4570 lac
441 4505 587 4582 retundit,
611 4515 701 4589 atque
723 4504 878 4566 immunde
901 4508 999 4567 carnis
1054 4515 1179 4567 caveret
1194 4507 1233 4566 ad
1257 4506 1391 4577 salutem,
1417 4516 1556 4586 quaeest
1573 4504 1749 4566 inebriato.

363 4596 480 4660 uado:
510 4597 557 4655 sic
587 4613 640 4654 eos
671 4614 689 4654 e
719 4591 838 4654 diverso
869 4594 1000 4666 castitas,
1054 4593 1129 4655 Cum
1152 4595 1229 4653 enim
1246 4593 1284 4653 ad
1301 4594 1357 4652 boc
1379 4592 1556 4653 beneficiam
1569 4591 1633 4670 jam
1649 4594 1750 4652 vocati

363 4685 464 4768 tripete
487 4682 634 4762 virginea,
658 4700 748 4760 quam
773 4681 999 4757 meximepuri·
1054 4689 1172 4751 essent,
1207 4679 1363 4753 admonet,
1392 4677 1497 4738 sedulo
1530 4678 1749 4761 providendum

363 4793 366 4830 ι
384 4779 544 4852 aprosque
565 4766 666 4828 reddit
682 4766 936 4846 contemplationi.
964 4767 1002 4828 In
1054 4787 1129 4839 esee,
1153 4769 1275 4846 nequis
1291 4764 1641 4846 bacgr·atiairustretnr,
1663 4769 1751 4847 quasi

375 4875 498 4940 genere
519 4853 598 4917 visio
614 4854 673 4914 Dei
695 4855 863 4935 principem
887 4851 1002 4913 obtinet
1053 4854 1176 4913 relictus
1192 4853 1231 4912 eb
1247 4854 1322 4926 eliis,
1339 4873 1413 4934 quoe
1426 4855 1619 4934 essequinon
1637 4855 1749 4933 possit3

363 4965 414 5022 ης
438 4942 639 5010 amnium,
656 4959 717 5021 qua
734 4940 818 5001 Deus
834 4959 887 5020 per
902 4959 1001 5001 essen-
1054 4938 1107 4999 aad
1135 4939 1320 5019 singulorum
1347 4938 1491 5000 habeatur
1517 4960 1603 5014 cure,
1634 4961 1673 5001 ne
1701 4939 1751 5000 vel

375 5027 526 5108 vidum
541 5026 624 5110 quod
638 5027 814 5109 Scriptores
829 5026 1001 5109 appellant:
1055 5044 1133 5087 nnus
1159 5035 1272 5105 pereat.
1309 5027 1356 5086 lta
1382 5024 1614 5105 Obrysostomns
1642 5037 1673 5087 et
1698 5027 1751 5088 alii

363 5143 719 5192 manuarias-rum
1500 5133 1542 5191 ιι
