4442 5825
824 428 854 479 *o

991 482 1033 547 'fr'-

726 598 1104 669 mnrsrstrs'rmmln
1120 606 1255 665 nmsrs
1289 570 1512 667 mro-e.
1762 614 1836 685 m

433 792 570 854 Alterum
579 786 948 870 istim'ltominlsprsrum
959 784 1086 861 ildinus,
1142 806 1207 868 cop.
1224 791 1252 850 8.
1266 802 1344 855 resa
1361 786 1391 846 6.
1407 793 1438 846 et
1453 784 1519 862 10„
1542 785 1612 846 item
1633 803 1699 865 esp.
1715 787 1744 846 4.
1760 802 1837 846 vers.

388 880 471 963 qued
483 880 535 941 'hic
556 884 818 950 commemoretur,
844 884 891 937 est
912 878 980 958 ejas
1003 876 1087 936 inho·
1144 876 1171 933 7.
1186 882 1216 934 et
1231 875 1274 946 8.,
1297 872 1382 947 iude,
1408 875 1435 933 si
1450 893 1511 953 que
1535 872 1663 952 amplior
1676 872 1839 952 explicatio

388 962 1089 1048 spintrias,ds¹qussusttltasequosri221m
1143 963 1319 1043 requiritur,
1359 968 1486 1037 petetur.
1532 959 1576 1020 Ut
1600 969 1704 1020 eutem
1729 958 1839 1037 (lejum

387 1057 483 1133 quusi
498 1072 566 1116 eon
581 1056 685 1113 eiieto
699 1049 882 1131 mffiriant,
906 1066 1008 1128 neqee
1021 1053 1088 1125 ipse
1142 1047 1310 1128 Apostolus
1326 1048 1421 1127 magis
1444 1048 1531 1107 etism
1555 1045 1710 1108 confirmet
1731 1046 1837 1107 adser-

388 1144 521 1218 eretripit
534 1132 656 1220 fratrer
679 1147 752 1214 ete,
776 1137 807 1198 id
829 1146 891 1199 ests
914 1136 1088 1218 Neqneho
1142 1153 1193 1194 sus
1207 1133 1425 1214 prohibitiones
1442 1142 1474 1194 et
1493 1153 1589 1214 preve
1609 1131 1748 1212 exempla
1763 1132 1836 1194 Dio·

389 1229 482 1308 spltio
498 1229 626 1307 exeipit,
643 1236 748 1306 nuque
765 1222 832 1284 ullo
843 1224 908 1284 atio
920 1223 1087 1284 beneficen-
1143 1222 1263 1301 trspbis,
1276 1222 1415 1303 proponit
1425 1221 1454 1281 ei
1468 1221 1636 1300 exemplum
1649 1221 1839 1295 eonmsrium,

392 1319 454 1377 ties
489 1326 601 1395 genere
638 1313 730 1373 efficit
767 1326 855 1371 veros
892 1309 1089 1384 Christianos,
1143 1306 1223 1388 quod
1239 1309 1390 1382 imitetur,
1405 1306 1562 1387 inquiens:

391 1420 499 1462 emens
520 1400 659 1461 nimirum
682 1399 762 1459 solos
786 1397 855 1457 illos
881 1395 1090 1458 semichristia·
1188 1397 1235 1456 lt.
1259 1396 1421 1455 Demetrio
1450 1396 1665 1455 testimonium
1693 1392 1840 1454 redditur

390 1509 463 1561 nos,
490 1488 543 1566 qai
566 1488 768 1546 caeremonias
790 1484 868 1564 legis
882 1484 972 1565 qussi
988 1483 1087 1543 obser·
1143 1481 1184 1543 ob
1207 1480 1370 1557 onrnibres,
1398 1488 1428 1543 et
1454 1482 1588 1558 abipso
1611 1482 1753 1543 veritato.
1790 1479 1840 1541 Ab

392 1585 465 1636 retu
481 1575 663 1634 necessarios
681 1575 814 1652 jungunt
834 1568 905 1630 fidei
919 1568 1037 1632 christi.
1143 1569 1299 1642 omnibus,
1312 1571 1365 1647 qui
1377 1586 1442 1627 eum
1455 1578 1611 1642 noverunt,
1624 1569 1839 1629 testimonium

437 1664 479 1722 Et
494 1679 561 1734 eos,
588 1662 643 1735 pei
658 1660 852 1735 sumpisse,
873 1657 1037 1733 probibet,
1060 1663 1090 1715 et
1142 1657 1289 1716 redditur
1304 1656 1466 1716 Demetrio
1480 1654 1519 1717 de
1532 1657 1626 1736 ipsius
1641 1657 1671 1714 in
1689 1672 1839 1734 properos

394 1750 433 1808 de
443 1747 582 1808 Ecclesia
594 1750 687 1820 ejicit.
706 1748 775 1827 Qui
785 1746 962 1819 suscipiunt
970 1742 1090 1820 fratres
1143 1741 1347 1813 Christianos,
1375 1745 1443 1803 sive
1473 1741 1668 1817 domesticos,
1697 1742 1761 1802 sire
1787 1759 1839 1803 ex·

394 1854 465 1895 vere
478 1832 681 1907 Christianos,
702 1833 864 1910 probibet,
884 1849 924 1890 no
943 1828 1090 1909 deinceps
1142 1837 1279 1903 mensos,
1306 1831 1432 1889 esritete
1447 1846 1484 1889 uc
1498 1826 1718 1903 misericordie,
1745 1830 1840 1888 seriis

395 1921 425 1980 id
442 1920 564 1980 fociant
587 1921 736 1980 Prohibet
749 1938 824 1979 vero
840 1934 894 1998 per
905 1919 1088 1977 eonsiitatio·
1143 1915 1469 1976 beneficentisemodis
1491 1915 1706 1976 demonstrato„
1740 1916 1783 1975 st
1798 1913 1839 1975 ab

391 2026 479 2079 nem,
495 2027 556 2087 qus
572 2007 601 2066 id
618 2025 723 2067 serere
737 2004 899 2066 interdicit.
931 2002 980 2063 Ita
995 1999 1090 2063 Oscu-
1143 2005 1214 2080 ipre
1232 2007 1370 2063 ueritate.
1393 2002 1688 2077 Hocemeilbristo
1700 2000 1837 2074 Domino,

394 2096 511 2154 menius
525 2094 555 2152 in
571 2111 685 2171 argum.
708 2093 797 2170 hujus
812 2093 906 2171 Epist.
931 2099 962 2149 et
976 2089 1024 2150 bic
1038 2091 1088 2151 Li·
1142 2094 1257 2167 quiesi
1279 2091 1337 2149 Via
1345 2134 1356 2164 ,
1379 2090 1500 2150 Veritus
1514 2098 1544 2150 et
1567 2090 1655 2163 veo,
1678 2088 1771 2151 Josn.
1789 2089 1840 2147 14.

395 2200 495 2239 renus.
519 2181 594 2239 Erat
609 2198 644 2237 ee
659 2179 820 2259 prohibitio
836 2197 902 2237 cum
917 2179 1088 2238 intermine·
1142 2177 1215 2237 Vel:
1242 2175 1290 2238 Ab
1305 2178 1375 2251 ipsa
1390 2180 1523 2237 veritate
1530 2221 1540 2252 ,
1564 2176 1594 2237 id
1611 2187 1656 2236 est
1672 2195 1724 2257 per
1740 2178 1838 2255 ipsam

396 2270 476 2326 tione
507 2267 662 2344 ejectionis
692 2284 730 2325 ex
762 2264 915 2336 Eccleele3
953 2271 985 2323 et
1013 2264 1090 2324 hauc
1143 2264 1389 2324 reievidentiem.
1424 2264 1473 2322 Ite
1496 2266 1574 2324 euim
1596 2264 1676 2323 lucet
1699 2262 1750 2325 lnx
1774 2261 1841 2340 ejus

395 2355 665 2425 interminationem
687 2352 784 2430 rigide
807 2348 1041 2429 exsequebatur,
1064 2353 1089 2410 si
1144 2371 1241 2410 coram
1258 2350 1435 2421 bominibus,
1452 2359 1493 2424 ut,
1508 2348 1648 2411 videntes
1665 2370 1757 2430 opera
1773 2350 1840 2427 ejus

395 2442 465 2520 quis
480 2441 646 2517 recepisset
663 2439 809 2518 aliquem,
832 2439 885 2517 qui
905 2456 966 2496 non
981 2437 1090 2498 lutere·
1145 2436 1239 2511 bons,
1266 2436 1431 2514 glorificent
1446 2438 1555 2497 Deum.
1592 2437 1683 2523 Hunc
1698 2438 1840 2518 posterio-

395 2536 460 2599 tur,
486 2525 628 2606 legalium
644 2525 895 2586 caeremoniarum
910 2522 1079 2583 observatio
1145 2544 1204 2584 rem
1219 2524 1420 2598 intellectum,
1443 2526 1494 2603 qui
1509 2526 1647 2585 lbrtsosis
1663 2527 1757 2585 estin
1771 2542 1837 2583 ver·

396 2633 464 2672 nem
480 2633 545 2673 esse
566 2615 652 2673 ctiam
675 2631 754 2672 nune
776 2611 975 2672 neceesarium
991 2611 1091 2670 saluti.
1144 2612 1192 2671 bis
1208 2609 1382 2671 Oecumenii
1398 2610 1537 2687 (obscure
1556 2614 1635 2672 enim
1659 2607 1750 2688 sunt),
1773 2608 1841 2671 ideo

397 2699 465 2759 Hoc
496 2708 540 2759 ost
568 2697 659 2759 illud:
697 2700 741 2759 Et
769 2699 808 2759 de
834 2697 974 2758 Ecclesia
1000 2700 1091 2772 ejicit.
1145 2700 1349 2757 existimamus
1382 2697 1626 2775 probabiliorem,
1662 2698 1746 2778 quod
1771 2698 1838 2759 sub·

396 2786 579 2867 Exemplum
603 2783 660 2860 (ait
679 2779 871 2859 Thomsster)
894 2786 1092 2845 excommuni·
1140 2785 1252 2863 jungat
1266 2784 1445 2864 Apostolus:

396 2872 525 2934 cationis
537 2873 682 2952 injustae,
710 2871 890 2932 continentis
907 2889 1036 2931 errorem
1051 2873 1093 2932 in·
1188 2870 1367 2933 Sedetano
1389 2874 1601 2932 testimonium
1623 2870 1841 2949 perbibemue,·

396 2957 602 3033 tobersbilsm,
617 2979 695 3039 quae
707 2969 826 3039 propter
838 2976 913 3037 opes
924 2956 1032 3018 brunum
1049 2959 1091 3019 in·
1146 2978 1205 3018 non
1220 2958 1337 3019 videtur
1352 2971 1452 3019 sutem
1468 2979 1554 3019 suum
1570 2963 1772 3021 testimonium
1788 2959 1841 3020 sd·

396 3044 549 3107 ferebatur
574 3046 632 3125 piis
662 3044 902 3106 benefactoribus
929 3062 1093 3126 pauperum
1147 3044 1263 3106 diturus
1289 3045 1382 3106 inisse
1407 3048 1577 3106 testimonio
1601 3047 1721 3108 divinae
1743 3055 1774 3105 et
1798 3048 1841 3108 in·

397 3152 470 3193 vere
487 3132 626 3194 fidelium.
648 3131 755 3193 Simile
765 3131 901 3192 fecerunt
914 3130 937 3191 ,J
939 3129 1028 3190 oduei
1042 3131 1092 3192 sd·
1147 3140 1266 3192 mestus
1280 3133 1425 3192 veritatis.
1462 3133 1567 3194 Sedet
1589 3150 1648 3193 roes
1669 3129 1739 3208 (sit)
1755 3135 1842 3194 teeti·

396 3235 501 3278 rersus
516 3238 583 3293 eos,
606 3220 656 3299 qui
672 3218 777 3279 Jesunr
800 3217 1013 3277 confiterentur
1027 3237 1095 3278 esse
1146 3220 1290 3278 rnortium
1303 3219 1522 3295 perhibemur,
1542 3219 1695 3280 Demetrio
1711 3220 1842 3296 scilicet3

397 3304 550 3366 Christum
563 3305 830 3399 seuvemmillum
842 3304 1092 3376 hiesdemdoen.
1146 3304 1204 3364 hoc
1226 3312 1289 3375 est,
1316 3306 1382 3384 ejus
1401 3326 1474 3385 erge
1495 3325 1642 3387 pauperes
1665 3307 1783 3366 esritmi
1805 3325 1842 3366 ue

397 3396 427 3454 9.
451 3391 521 3452 Non
539 3391 669 3452 hsbebst
695 3390 789 3450 ullam
808 3391 870 3449 rim
892 3391 953 3449 iste
967 3391 1093 3450 munile·
1147 3390 1373 3452 beneficentiae.
1395 3395 1621 3453 Testimonium
1631 3393 1841 3468 perbibemus,

396 3479 528 3539 ctissime
564 3475 648 3536 nulls
684 3477 967 3550 excommunicatio,
1005 3496 1094 3554 quam
1146 3485 1301 3556 tamquam
1324 3480 1447 3556 ipsimet
1469 3483 1598 3559 experti,
1627 3481 1672 3539 eit
1695 3480 1842 3556 Lirsnus3

397 3563 516 3626 ierebet
546 3562 739 3644 Diotrephes,
771 3582 870 3644 nsque
900 3563 1095 3642 prohibitioni
1147 3573 1240 3623 etesi
1258 3566 1429 3625 verisimile.

398 3649 444 3709 illi
473 3650 584 3729 ipsius,
620 3652 809 3731 quantamvis
843 3650 1094 3723 commiuetoriae,
1190 3651 1234 3711 Et
1260 3654 1360 3723 noeti,
1385 3655 1536 3728 quoniam
1567 3649 1674 3732 (quod)
1704 3656 1842 3713 testimo·

402 3744 468 3796 eret
493 3736 665 3816 parendum.
710 3733 778 3797 Hoc
804 3736 975 3813 significent
1001 3737 1096 3798 verbs
1148 3739 1239 3796 niem
1254 3745 1397 3797 nostrum
1413 3756 1523 3799 verum
1537 3747 1588 3799 ert.
1613 3739 1667 3799 Vel
1685 3739 1760 3799 baec
1776 3757 1840 3819 per

398 3824 572 3901 sequentis:
1147 3823 1241 3883 ticule
1255 3822 1362 3884 docere
1377 3844 1431 3886 nos
1447 3835 1561 3905 potest,
1583 3846 1643 3885 non
1665 3826 1757 3886 elium
1775 3841 1842 3885 esse

446 3913 494 3968 11.
518 3910 703 3984 Carissimo,
727 3910 796 3970 noli
817 3911 940 3969 imitari
961 3911 1093 3983 molum,
1148 3909 1237 3986 hujus
1250 3909 1404 3990 Epistolae
1419 3920 1577 3986 auctorem,
1593 3913 1843 3993 qaemJesnnem

399 3995 454 4054 sed
469 3997 554 4072 quod
570 3995 687 4057 burrum
705 4002 755 4056 ert.
789 3995 918 4056 Sensus:
941 3994 990 4056 Ne
1005 4014 1096 4074 opere
1148 3997 1340 4076 Apostolum,
1361 3999 1414 4076 qni
1429 3998 1486 4058 hoc
1500 4018 1636 4060 sermone
1651 4001 1696 4058 uti
1711 3998 1795 4071 solet,
1810 4005 1844 4058 nt

398 4080 521 4161 quidem
547 4084 631 4142 istius
658 4084 742 4162 impii
763 4093 793 4141 te
814 4091 1036 4155 commoveant,
1063 4091 1097 4141 ut
1149 4091 1195 4143 est
1210 4080 1313 4143 ridere
1329 4086 1486 4164 Evangelii
1503 4106 1568 4163 cup.
1586 4088 1642 4158 19,
1666 4086 1715 4147 35.
1732 4094 1762 4145 et
1778 4104 1842 4164 cap.

399 4168 475 4228 velis
492 4170 617 4242 imiter-i,
643 4169 736 4230 multo
756 4169 857 4229 minus
879 4170 944 4248 ejus
960 4168 1050 4229 verbs
1066 4177 1097 4228 et
1150 4174 1199 4242 21,
1216 4170 1266 4229 24.
1290 4168 1437 4250 Congruit
1452 4171 1621 4250 hujusmodi
1636 4193 1701 4233 eum
1717 4172 1842 4231 anctori-

399 4263 577 4334 prsecepts,
600 4255 724 4316 nivelle
745 4274 868 4335 parerer
889 4255 976 4335 qussi
1000 4253 1096 4315 dicet:
1149 4263 1211 4315 tete
1226 4259 1411 4317 assereretis
1426 4256 1554 4331 Josnni,
1572 4268 1723 4339 tamquam
1739 4259 1791 4317 uni
1806 4277 1844 4318 ex

399 4341 449 4400 Ne
464 4340 569 4401 leceris
585 4340 749 4402 secundnm
774 4361 867 4422 opere
889 4342 971 4421 ejus,
996 4360 1098 4422 neque
1150 4340 1309 4403 duodecim
1320 4345 1425 4425 primis
1437 4364 1456 4404 e
1467 4342 1587 4406 Christo
1598 4346 1728 4407 Domino
1741 4344 1844 4405 electis

399 4428 564 4488 secundum
591 4427 756 4489 doctrinam
783 4438 837 4489 sut
865 4427 1096 4508 prohibitionem
1149 4429 1321 4507 Apostolis3
1347 4433 1407 4490 imo
1429 4439 1581 4512 temqusm
1604 4432 1777 4512 specialiter
1800 4430 1843 4491 di·

400 4516 483 4594 ejus,
514 4516 657 4594 quonism
687 4516 787 4575 omnis
812 4513 889 4576 haec
914 4514 995 4575 mele
1020 4524 1096 4591 sunt,
1149 4514 1226 4574 lecto
1241 4514 1280 4576 ob
1294 4517 1369 4598 ipso,
1395 4526 1427 4577 et
1441 4525 1593 4600 tamqnam
1609 4520 1743 4581 maxime
1759 4517 1842 4597 long·

399 4603 601 4680 repugneutis
617 4621 708 4662 verse
730 4602 871 4663 inDsum
889 4600 957 4661 fidei
978 4603 1095 4663 sterri-
1149 4620 1226 4662 sevo
1257 4604 1336 4664 inter
1363 4603 1430 4664 illos
1458 4625 1578 4677 omnes,
1604 4617 1639 4666 nt
1667 4609 1719 4686 qui
1741 4625 1842 4685 super·

397 4691 460 4748 teti.
486 4688 553 4747 Hoc
569 4691 666 4769 ipsum
681 4688 749 4749 eliis
765 4687 866 4749 verbis
886 4686 958 4748 dicit
968 4688 1095 4769 Aposto·
1146 4689 1260 4749 vixerit
1275 4691 1412 4751 omuibus
1428 4691 1496 4752 eliis
1512 4693 1602 4772 longo
1617 4703 1763 4774 tempore,
1790 4692 1841 4751 de·

400 4775 463 4846 lus,
480 4775 663 4853 subjungens
679 4796 732 4856 pro
748 4777 879 4835 ratione:
1147 4774 1265 4837 iunctus
1291 4777 1410 4838 demum
1434 4798 1512 4840 anno
1543 4780 1653 4839 Christi
1678 4781 1842 4841 centesimo

442 4861 692 4941 Qeiberrefocit,
709 4864 829 4924 esDeo
845 4869 907 4938 est,-
924 4863 1094 4940 quimole·
1146 4864 1252 4942 primo.
1285 4863 1382 4924 Addit
1401 4883 1475 4925 vero
1496 4865 1573 4928 benc
1596 4885 1681 4927 suem
1701 4867 1841 4928 testrllca·

395 4949 478 5027 [ecit
486 4993 496 5022 ,
511 4968 580 5010 neri
598 4953 677 5010 uidit
691 4952 804 5011 Deum.
840 4948 928 5028 Quae
944 4950 1094 5009 sententie
1146 4952 1257 5009 tionem
1274 4950 1426 5023 Joennes,
1455 4962 1489 5010 ut
1504 4952 1652 5013 efficacias
1667 4961 1843 5033 permoveat

398 5038 538 5116 quonium
550 5035 657 5098 iisdem
671 5035 875 5115 paeneverbis
886 5033 945 5096 fuit
960 5036 1092 5116 Lllpist.
1145 5034 1252 5114 Csjum
1275 5037 1315 5097 ad
1336 5039 1530 5100 imitstionem
1546 5038 1694 5101 Demetrii
1718 5043 1750 5101 in
1771 5059 1839 5102 oen·
