4442 5825
769 592 933 648 murense
948 592 1038 647 uest!
1052 592 1166 649 tscoet
1197 592 1281 648 lm.
1298 596 1325 648 t.
1343 594 1368 648 t.
1714 600 1787 669 398

370 770 425 831 uls
443 768 582 833 reddunt.
615 768 750 852 Quidem
772 770 830 831 boo
847 768 953 831 modo:
979 768 1037 829 Ps·
1089 772 1258 847 supientia.
1296 770 1498 847 Sapientiam
1523 769 1582 831 hoe
1608 771 1675 831 loeo
1697 779 1789 833 vocet

369 858 446 919 ¹sutis
460 866 562 919 vestre
576 857 718 939 gundinm
739 864 770 919 et
784 857 970 917 slscritstem
985 877 1036 917 en·
1091 856 1233 931 eandem,
1249 876 1338 937 quum
1355 878 1421 937 csp.
1443 861 1471 920 3.
1484 855 1575 918 dixit:
1596 860 1789 935 cupientium

369 962 447 1007 susm
472 943 590 1005 lrsbost.
628 943 689 1006 Sed
716 946 759 1004 its
783 943 858 1004 nihil
885 943 1037 1004 diversum
1090 945 1253 1006 desursum
1278 944 1534 1019 descendentem,
1567 947 1647 1025 piem
1677 944 1791 1006 scilicet

369 1030 454 1093 iceret
483 1031 649 1113 Apostolus
678 1030 717 1093 sb
747 1049 797 1104 eo,
828 1030 910 1110 quod
943 1029 1037 1090 dixit:
1089 1051 1188 1092 rernm
1204 1031 1369 1092 divinarum
1391 1032 1554 1092 scientiam.
1592 1031 1719 1092 Multum
1735 1051 1788 1092 su-

369 1132 440 1179 ursse
449 1119 606 1195 pendium
620 1121 795 1180 existimate
807 1125 861 1177 etc.
885 1115 946 1176 Alii
961 1135 1038 1196 opus
1090 1128 1150 1179 tem
1174 1126 1338 1198 occupetur
1352 1117 1515 1199 Apostolus
1537 1120 1569 1179 in
1582 1118 1639 1179 lrsc
1653 1118 1790 1198 Epistola

368 1206 507 1267 stientise
518 1204 686 1286 perfectum
697 1206 943 1285 interpretentur,
956 1203 1038 1283 quod
1090 1206 1325 1285 reprehensione
1340 1225 1450 1277 eorum,
1467 1206 1521 1282 qui
1536 1206 1714 1286 sepientisnr
1732 1206 1790 1268 sibi

368 1292 531 1373 injunctum
547 1300 595 1354 est
606 1313 672 1353 cum
685 1291 848 1353 dilectione
859 1310 970 1362 eornm,
987 1291 1039 1370 qui
1090 1293 1286 1372 arrogabunt,
1314 1301 1344 1351 et
1360 1291 1557 1372 prosiliebant
1580 1294 1619 1353 ud
1635 1312 1721 1353 sscrs
1736 1292 1787 1354 do·

368 1398 393 1441 rs
406 1378 557 1457 sdligunt.
587 1378 705 1442 Geritrs
720 1380 799 1439 enim
814 1386 876 1450 est,
899 1396 977 1458 quse
991 1396 1037 1436 re·
1091 1378 1233 1453 cendum3
1251 1380 1435 1457 potissimum
1448 1379 1546 1458 cupito
1557 1378 1585 1437 3.
1610 1380 1790 1441 Prsemonet

367 1484 495 1547 {nurum
510 1468 655 1527 uirtutum
678 1485 771 1547 opere
794 1464 902 1524 lor-met
920 1483 954 1524 sc
971 1483 1037 1542 per·
1092 1486 1165 1547 ergo
1181 1466 1245 1538 hio,
1272 1464 1353 1526 unde
1368 1464 1499 1547 petenda
1514 1466 1553 1525 sit
1566 1467 1729 1546 sapientis,
1752 1466 1790 1528 de

367 1554 415 1631 rit3
431 1562 545 1633 estque
558 1554 602 1627 ei,
617 1553 669 1634 qni
684 1551 821 1623 laeditur,
836 1570 875 1611 us
891 1549 1038 1610 advorsos
1091 1573 1152 1633 qus
1166 1561 1271 1632 postes
1283 1553 1372 1632 plura
1384 1554 1485 1614 dicere
1497 1553 1667 1628 constituit3
1683 1560 1713 1612 et
1728 1574 1789 1635 quo

367 1638 515 1702 edentem
530 1641 577 1700 ire
591 1648 645 1700 sot
660 1638 730 1700 odio
741 1652 969 1710 commoveatur,
986 1638 1036 1696 lm·
1092 1641 1204 1711 animo,
1228 1648 1258 1699 et
1272 1639 1377 1721 quales
1400 1658 1467 1701 esse
1488 1640 1632 1715 debeant,
1655 1642 1707 1721 qui
1724 1661 1789 1701 eum

367 1727 442 1789 imis
471 1729 653 1787 necessarie.
693 1726 818 1786 Tertius
848 1743 955 1784 sensns
986 1731 1038 1796 est,
1091 1726 1142 1787 vol
1157 1733 1278 1806 petunt,
1294 1727 1343 1787 vel
1359 1734 1527 1787 exerceant

366 1834 426 1877 tem
449 1815 553 1875 innuit
567 1811 783 1874 Oeeumenius:
811 1811 965 1871 Patientis
988 1829 1037 1871 ve·
1135 1811 1196 1873 Sed
1213 1832 1265 1872 cnr
1288 1813 1372 1874 velut
1393 1813 1533 1873 dubitsns
1557 1812 1646 1875 dicit:
1670 1815 1705 1876 st
1720 1818 1790 1892 qut's

366 1920 396 1961 ru
410 1920 454 1961 ue
469 1900 610 1974 deliciet,
633 1898 687 1960 sed
702 1917 779 1979 opus
794 1916 879 1957 sunm
896 1896 1039 1977 perducet
1092 1907 1230 1961 vestrum
1250 1900 1372 1979 indiyet
1394 1901 1578 1974 sapientia?
1615 1901 1693 1981 Quis
1708 1904 1789 1963 enim

366 2006 435 2069 que
449 1986 492 2049 sd
507 1987 613 2064 linem,
636 1988 679 2048 sic
693 1986 773 2046 enim
790 1986 849 2045 erit
861 2003 936 2064 opus
952 1983 1036 2043 sbso·
1092 1987 1242 2066 sapientis
1256 2007 1316 2047 non
1333 1984 1469 2067 indiget?
1492 1988 1601 2067 Neque
1617 1989 1694 2048 enim
1710 1989 1788 2070 quis·

366 2084 431 2135 tum
447 2082 546 2154 etque
560 2074 734 2154 perfectum,
758 2082 789 2132 et
804 2089 852 2145 re,
878 2078 909 2130 et
930 2071 1037 2131 fructu.
1093 2092 1182 2153 quem
1199 2081 1245 2134 est
1261 2075 1428 2136 mortalium
1441 2082 1501 2134 tem
1517 2076 1650 2154 sepiens,
1666 2076 1789 2136 coinon

365 2182 414 2223 sm
431 2165 492 2238 qui
504 2160 916 2237 perseveraveritusquein
931 2159 1038 2235 finem,
1092 2160 1191 2221 sdhnc
1221 2161 1344 2222 multum
1371 2161 1539 2240 sapientiae
1568 2160 1655 2222 desit.
1693 2163 1791 2241 Ajunt

365 2248 514 2311 ’θεοίνια
529 2252 607 2323 erit,
631 2246 735 2309 Mettlr.
755 2248 802 2306 10.
837 2245 880 2303 Hi
896 2244 957 2305 duo
972 2265 1037 2305 scn-
1092 2246 1244 2322 nonnulli,
1275 2248 1313 2308 de
1336 2250 1373 2308 iis
1401 2247 1485 2328 loqui
1511 2247 1707 2328 Apostolum,
1738 2249 1790 2330 qui

365 2336 550 2417 upostremi
564 2336 669 2396 merito
680 2332 855 2415 probentur,
872 2342 904 2392 et
918 2333 1039 2412 utrique
1092 2333 1224 2395 nondum
1250 2354 1285 2395 eo
1312 2335 1463 2415 progressi
1495 2344 1580 2408 sunt,
1609 2344 1644 2396 ut
1672 2335 1730 2396 sibi
1758 2335 1790 2396 in

364 2432 441 2483 stsst
456 2423 575 2501 spissi,
595 2420 675 2502 quod
690 2422 840 2500 sequitur:
1092 2421 1303 2483 afflictionibus
1328 2421 1533 2502 gratulentur,
1559 2419 1722 2483 secundnm
1749 2420 1790 2495 id,

380 2510 423 2573 m
443 2512 516 2569 sitis
536 2510 671 2588 perfecti
694 2514 724 2567 et
738 2508 873 2582 intepet,
897 2508 932 2565 in
947 2505 1038 2565 nullo
1093 2508 1173 2589 quod
1196 2507 1287 2569 dixit:
1316 2511 1415 2571 Omne
1437 2509 1591 2585 pendium
1613 2511 1788 2571 existimate

364 2596 526 2673 ficientes.
564 2597 706 2671 Iutepri,
731 2593 844 2653 Gracco
861 2583 1037 2669 ὁλόκληροι,
1093 2604 1147 2656 eto.
1185 2595 1279 2675 Atqui
1306 2596 1441 2656 doctrine
1470 2595 1607 2676 Apostoli
1637 2595 1788 2676 generalis

364 2692 481 2745 autur
505 2682 640 2743 omnibus
664 2680 804 2742 membris
826 2697 879 2738 seu
903 2679 1039 2760 pertibus
1093 2692 1152 2757 ost,
1168 2693 1353 2756 monstrans,
1370 2684 1450 2743 undo
1465 2685 1596 2762 petendu
1612 2685 1652 2744 sit
1667 2685 1787 2761 sepien-

363 2778 523 2831 nstsntes.
558 2769 649 2850 Quod
666 2776 698 2829 et
712 2767 881 2846 explicetur
895 2786 949 2845 per
964 2764 1039 2824 illud
1092 2771 1134 2829 tis
1149 2768 1300 2841 omnibus,
1317 2771 1371 2850 qui
1393 2769 1538 2849 indigent.
1562 2771 1670 2852 Itsque
1688 2770 1789 2852 potins

363 2876 488 2940 quens:
519 2860 555 2918 tn
584 2858 677 2919 nullo
706 2853 900 2930 deficientes,
931 2851 962 2911 id
993 2859 1041 2913 eet
1093 2855 1261 2928 dicendum,
1276 2858 1412 2919 voculam
1428 2859 1526 2919 sinon
1541 2856 1706 2920 dubitantis
1721 2876 1790 2920 esse

363 2945 432 3007 ullu
448 2947 488 3006 s'ss
501 2952 596 3022 purte
610 2945 781 3016 diminuti,
798 2950 831 2999 ut
846 2941 935 3001 vertit
950 2940 1039 2999 Eres-
1092 2945 1244 3017 hocloco,
1260 2944 1311 3005 sed
1328 2947 1540 3026 supponentis,
1555 2956 1590 3006 ut
1608 2946 1646 3008 de
1661 2967 1692 3007 re
1705 2953 1790 3008 certe

363 3051 411 3094 ux.
438 3031 512 3092 Non
526 3033 605 3092 enim
617 3029 856 3107 hludefltt'ertltt
869 3026 1037 3106 lnttlliglln·
1093 3041 1124 3094 et
1138 3030 1293 3107 confesss3
1308 3034 1397 3112 quusi
1413 3032 1507 3093 diost:
1524 3034 1556 3094 Si
1572 3035 1642 3114 quis
1656 3042 1789 3095 vestrum

362 3139 400 3196 rr,
429 3119 485 3200 qui
511 3119 709 3180 succumbunt
733 3116 955 3187 afflictionibus,
986 3112 1040 3173 sed
1094 3118 1208 3197 indiget
1222 3120 1382 3199 sepientis,
1407 3128 1538 3180 steorte
1553 3139 1655 3181 ornnes
1672 3119 1786 3200 indige·

362 3205 447 3268 ribus
478 3204 520 3265 sd
554 3207 755 3285 integritatem
794 3202 909 3282 aliquid
948 3199 1039 3261 deest
1093 3208 1148 3277 tis,
1163 3205 1239 3265 ulios
1256 3204 1339 3284 plns,
1364 3205 1441 3266 alius
1456 3208 1569 3281 minus,
1593 3207 1707 3269 ecfers
1721 3208 1789 3289 plus

362 3311 476 3356 necet
501 3285 691 3370 λειπόμενοι,
708 3289 833 3350 verbum
849 3289 942 3361 idem,
958 3286 1040 3367 qnod
1094 3293 1155 3366 illi,
1185 3292 1237 3371 qni
1265 3293 1364 3353 minus
1394 3312 1484 3373 egero
1512 3313 1546 3355 se
1575 3294 1713 3370 crodunt;
1744 3314 1790 3368 sn,

361 3399 407 3442 ex
424 3381 579 3460 interpres
593 3377 846 3452 rertittudiyere.
870 3374 950 3446 Jsm,
966 3378 992 3435 ei
1010 3376 1040 3433 in
1094 3378 1220 3441 ostendo
1237 3379 1337 3453 vobis,
1363 3379 1444 3440 unde
1463 3380 1595 3459 petendu
1610 3383 1657 3442 sit.
1691 3382 1790 3462 Sceps

361 3475 427 3528 ute
442 3467 593 3546 superiori
608 3485 688 3543 epus
698 3466 873 3543 perfectum
888 3461 1041 3542 intelliges
1094 3485 1225 3544 nemque
1247 3464 1287 3526 sd
1310 3465 1388 3527 hunc
1411 3466 1529 3528 modum
1553 3477 1713 3547 usurpetur
1739 3466 1791 3529 ille

361 3573 405 3616 sm
421 3551 587 3614 dilectione
602 3555 813 3633 conjunctum,
829 3568 935 3610 sensns
949 3549 1040 3627 lrnjus
1094 3554 1274 3632 conjonctio,
1290 3561 1323 3612 ut
1338 3554 1408 3613 lllsl.
1426 3559 1471 3615 1.:
1488 3556 1523 3618 Si
1535 3563 1631 3632 puter
1642 3575 1697 3631 epo
1708 3574 1789 3629 sum,

361 3642 435 3702 ntis
450 3641 525 3702 erit:
539 3639 589 3701 Its
603 3639 752 3712 futurum,
766 3645 816 3707 ut,
832 3635 911 3717 quod
927 3635 966 3695 sd
982 3637 1037 3695 vir·
1093 3640 1149 3701 ubi
1165 3646 1207 3702 est
1221 3641 1324 3701 louet·
1340 3642 1448 3701 meus?
1472 3652 1500 3704 et
1515 3643 1599 3703 Rom.
1618 3647 1683 3705 13.:
1706 3643 1791 3705 Etsi

360 3735 417 3790 stes
433 3729 547 3788 attinet
562 3728 647 3788 vobis
666 3725 869 3796 necessarius,
897 3743 956 3783 non
973 3724 1041 3782 sitis
1095 3727 1181 3806 quod
1196 3728 1287 3787 eliud
1303 3728 1511 3806 mundatum
1538 3738 1569 3790 et
1585 3734 1604 3791 2
1618 3730 1726 3790 Thess.
1744 3734 1789 3789 l.:

360 3813 510 3896 operienti
525 3822 577 3875 unt
592 3812 705 3886 mutili,
732 3810 786 3872 sed
801 3811 926 3890 integri,
950 3812 993 3870 sic
1008 3817 1041 3870 ut
1093 3817 1128 3877 St
1143 3822 1250 3875 tumen
1262 3818 1383 3890 justum
1400 3825 1444 3876 est
1458 3817 1548 3893 apud
1563 3819 1677 3892 Deum,
1693 3819 1790 3878 retri-

360 3899 424 3963 ullu
448 3920 556 3962 esrum
579 3901 666 3962 vobis
687 3899 776 3960 desit.
817 3896 897 3957 Num
924 3900 1040 3957 caritas
1094 3902 1188 3962 buere
1204 3909 1257 3962 ete.
1281 3902 1358 3963 Item
1376 3902 1455 3982 spud
1474 3904 1616 3984 profanos
1632 3913 1787 3966 suctores:

359 3989 573 4050 stuiuculum
594 3988 817 4066 perfeetionis,
842 3984 903 4043 eol.
921 3989 949 4046 3.
987 3983 1039 4043 Sin
1093 3991 1129 4051 Si
1153 3990 1238 4049 Deus
1261 3996 1303 4049 est
1326 3991 1462 4051 unimus.
1496 3993 1531 4052 Si
1552 4010 1617 4068 que
1640 3999 1683 4052 est
1704 3993 1789 4053 coelo

359 4083 437 4136 utem
461 4091 545 4154 opus
563 4077 741 4151 patientius
754 4072 932 4149 perfectum
950 4072 1039 4130 inter·
1093 4078 1203 4152 pietus.
1226 4075 1276 4137 Sic
1291 4079 1383 4135 etium
1400 4098 1418 4137 s
1433 4076 1614 4158 quibusdem
1631 4080 1791 4156 exponitur

359 4163 470 4224 meri·
494 4161 613 4224 tutione
635 4159 891 4240 perseverentiae,
914 4165 976 4217 tum
991 4156 1040 4216 hic
1094 4160 1168 4222 illud
1186 4162 1273 4240 hujus
1286 4162 1384 4243 Epist.
1400 4183 1467 4243 cup.
1484 4164 1530 4225 5.:
1547 4168 1606 4240 Er,
1622 4171 1651 4227 st
1664 4169 1700 4228 in
1713 4184 1790 4244 pee-

359 4263 446 4310 tusus
461 4246 550 4311 reddi
569 4250 695 4328 poterit:
718 4248 761 4309 Ut
777 4248 809 4306 in
832 4243 963 4305 sdventn
978 4244 1040 4303 Do·
1093 4251 1171 4310 cotis
1184 4249 1302 4327 suerit,
1318 4252 1520 4312 remittentur
1535 4256 1563 4313 ei
1572 4297 1581 4326 ‚
1597 4253 1788 4335 quemadmo-

358 4335 411 4398 dul
424 4335 623 4398 hrenismini
640 4334 766 4415 perlecti
786 4341 818 4393 et
833 4332 958 4410 integri,
985 4351 1041 4391 nec
1093 4334 1163 4396 dum
1181 4335 1222 4395 ibi
1237 4336 1419 4412 videbimus,
1436 4340 1501 4398 Deo
1518 4340 1602 4401 duce

358 4415 401 4484 tle
423 4441 538 4504 genere
559 4422 631 4483 boni
654 4422 752 4503 operis
775 4418 917 4480 destituti.
952 4417 1040 4478 Hunc
1138 4424 1279 4484 Postulet
1293 4442 1314 4483 o
1330 4426 1407 4500 Deo,
1431 4428 1487 4503 qui
1502 4427 1559 4486 dut
1574 4427 1719 4488 omnibus
1735 4427 1789 4505 uf-

358 4509 416 4570 uim
431 4509 641 4590 integritatem
657 4530 694 4571 sc
710 4506 920 4589 perfectionem
936 4524 1039 4565 secum
1092 4511 1238 4589 detenter.
1263 4509 1398 4572 Graece:
1418 4514 1557 4590 postulet
1571 4532 1592 4573 u
1607 4514 1704 4574 dente
1721 4515 1789 4573 Deo

358 4593 466 4658 ddueit
490 4596 636 4677 puticulis
660 4613 875 4676 perseversns3
901 4591 932 4652 id
958 4591 1039 4672 quod
1094 4598 1239 4658 omuibus
1253 4598 1446 4674 simpliciter.
1469 4599 1546 4679 Syre
1562 4619 1682 4680 quoqne
1698 4599 1789 4660 editio

357 4695 430 4764 lugu
443 4683 592 4745 bonorum
608 4703 733 4764 opernm
750 4679 971 4742 enumeratione
986 4681 1038 4741 do·
1092 4684 1391 4761 simplicissimos,
1409 4708 1469 4748 non
1484 4687 1667 4766 effluenter.
1683 4685 1788 4763 Suspi-

357 4769 436 4832 ΜΒ.
452 4770 626 4853 Cyprisnus
639 4771 670 4832 in
686 4778 770 4829 treet.
783 4767 821 4830 de
836 4767 1039 4847 bonopetien·
1093 4781 1179 4832 cetur
1208 4770 1396 4851 Guignssus,
1434 4775 1626 4853 interpretem
1657 4781 1789 4834 nostrum

357 4849 412 4920 les.
446 4857 546 4919 Alium
561 4854 672 4918 deinde
692 4856 929 4919 exhortationem
946 4853 1038 4933 subji-
1092 4878 1148 4939 pro
1171 4851 1295 4934 ἁπλῶς,
1319 4860 1350 4919 in
1373 4858 1489 4921 Grseco
1516 4859 1626 4940 legisse
1650 4850 1788 4937 ἀθρόως,

356 4937 393 5018 lt,
407 4942 530 5008 diesne:
1092 4943 1122 5006 id
1147 4954 1194 5007 est
1219 4946 1379 5007 cumulate.
1415 4945 1487 5007 Mihi
1515 4947 1709 5008 verisimilius
1733 4956 1786 5022 est,

379 5031 469 5098 ess·
498 5033 570 5116 qtsr's
603 5037 709 5094 oeten
748 5037 885 5094 oestrum
915 5029 1038 5107 lediart
1092 5050 1160 5093 eum
1191 5034 1363 5114 respexisse
1388 5034 1429 5095 sd
1458 5035 1504 5097 rei
1532 5034 1785 5118 consequentium.
