4442 5825
789 610 951 665 tumueras
968 611 987 664 l.
1004 609 1238 665 umbrositate.
1273 608 1357 665 vulis,
1377 612 1417 663 24.
1767 616 1839 685 '185

390 783 618 865 Apostolorum.
640 786 738 846 Priori
750 787 838 848 modo
852 805 959 849 sensus
974 795 1033 848 ast:
1048 787 1091 846 Et
1142 804 1212 847 nam
1231 808 1250 847 a
1274 807 1307 847 se
1328 785 1468 847 traditam
1493 785 1668 849 confirmare
1690 786 1840 866 signorum

390 871 517 953 quidem
533 873 630 933 Deum
654 892 777 937 manere
791 877 821 938 in
837 874 923 935 nobis
939 883 971 936 et
986 893 1089 935 couse-
1142 894 1179 935 ac
1206 873 1414 934 miraculorum
1437 876 1622 953 operatione,
1646 882 1677 933 ut
1696 881 1780 953 patet
1802 892 1841 934 ex

390 966 522 1040 quanter
547 979 602 1019 noa
627 960 658 1019 in
685 959 770 1033 Deo,
800 963 1008 1041 cognoscimus
1033 961 1090 1021 hoc
1143 960 1213 1021 Act.
1228 959 1333 1042 Apost
1359 961 1462 1040 Atque
1477 979 1513 1020 eo
1532 969 1707 1040 argumento
1723 959 1840 1020 Paulus

390 1048 489 1126 aigne,
512 1047 652 1107 nimirum
679 1065 716 1108 tc
738 1049 863 1123 Spiritu
886 1066 977 1124 quam
1000 1048 1090 1109 uobis
1143 1055 1203 1107 tam
1230 1067 1329 1119 suam,
1357 1066 1447 1128 quam
1476 1046 1602 1108 aliorum
1626 1045 1840 1127 Apostolorum

391 1133 493 1208 dedit,
517 1152 578 1214 quo
598 1132 712 1205 donati,
735 1134 877 1194 mandata
899 1136 966 1214 ejus
988 1152 1087 1195 serva·
1143 1135 1308 1195 doctrinam
1325 1132 1840 1214 ueramprobutRom.15.,1(lor.

391 1239 469 1293 mna,
485 1239 521 1280 ac
535 1221 711 1280 nominatim
722 1221 895 1282 mandatum
912 1222 1089 1282 dilectionis.
1143 1223 1171 1280 2.
1189 1230 1218 1280 et
1242 1221 1335 1282 Hebr.
1353 1225 1381 1281 2.
1417 1221 1534 1301 Utique
1557 1220 1669 1283 (ibristi
1690 1220 1840 1302 exemplo,

391 1308 430 1369 Si
446 1311 531 1368 esaim
554 1303 666 1386 (inquit
680 1309 872 1387 Augustinus
891 1308 971 1368 bunc
990 1309 1088 1371 locum
1144 1310 1197 1390 qui
1226 1309 1338 1389 passim
1365 1310 1397 1368 in
1422 1308 1591 1386 Evangelio
1603 1355 1604 1360 .
1618 1327 1672 1388 per
1697 1306 1842 1370 miracula

391 1391 538 1470 tractans)
554 1398 726 1469 inueneris,
743 1403 773 1458 te
784 1396 897 1455 habere
913 1399 1088 1468 coritotsm,
1142 1393 1230 1456 fidem
1246 1394 1374 1454 adstruit
1388 1414 1462 1456 auae
1477 1393 1640 1456 doctrinae.

392 1480 489 1541 hubas
514 1482 671 1557 Spiritum
699 1484 778 1557 Dei,
802 1491 831 1541 st
857 1483 1046 1544 inhabiteris
1069 1501 1090 1541 a

391 1574 463 1628 totu
493 1568 661 1628 Trinitotc.
700 1568 856 1650 Quantum
886 1570 976 1649 igitur
1005 1570 1091 1630 nevit
1188 1567 1330 1628 'l'raduut
1352 1578 1513 1649 utrumque
1528 1587 1648 1629 sensnm
1664 1567 1840 1648 Gaignaeua

391 1657 530 1736 quisque,
552 1674 585 1715 ae
599 1655 710 1716 habero
730 1657 895 1729 caritatem,
918 1665 949 1716 et
963 1654 1089 1737 proinde
1143 1660 1175 1716 at
1187 1655 1355 1716 Hesselius.
1371 1657 1413 1716 Et
1424 1656 1506 1737 prior
1520 1656 1641 1736 quidem
1653 1673 1759 1716 senam
1771 1676 1839 1715 con·

392 1742 539 1822 Spiritum
555 1741 626 1816 Dai,
649 1750 765 1803 tautum
780 1744 873 1815 nouit,
895 1744 993 1804 Deum
1009 1746 1040 1804 iu
1055 1762 1090 1803 ae
1144 1744 1305 1802 nexionem
1320 1741 1411 1803 habet
1423 1762 1489 1803 cum
1504 1741 1769 1820 praecedentibua3
1785 1742 1839 1803 sed

392 1847 528 1890 manere.
563 1829 731 1911 Utrumque
753 1850 826 1891 vero
850 1830 961 1910 cinguli
984 1829 1091 1891 fideles
1143 1831 1293 1909 posterior
1318 1839 1538 1891 consentaneus
1561 1838 1607 1889 est
1627 1831 1671 1904 iis,
1694 1847 1772 1908 quaa
1794 1848 1840 1890 se·

394 1934 458 1978 neu
484 1924 593 1977 norunt
619 1925 700 1977 certa
725 1925 757 1978 et
780 1916 935 1978 infallibili
957 1919 1090 1990 scientia,
1146 1925 1287 1996 qauntur,
1311 1916 1541 1992 deprehendis
1563 1916 1736 1994 spiritibus,
1760 1919 1840 1978 sisu

394 2003 451 2064 aad
465 2002 614 2083 probabili
637 2005 761 2082 notitis3
784 2006 860 2065 sicut
880 2006 912 2064 in
933 2005 1089 2085 superiori·
1146 2004 1216 2065 Dco
1230 2007 1303 2065 aiot.
1333 2004 1411 2063 Nam
1429 2005 1501 2083 qnia
1515 2005 1633 2064 venturi
1653 2012 1738 2064 mant
1752 2023 1838 2083 pseu·

394 2090 453 2150 bus
470 2089 582 2152 dictum
597 2098 652 2153 est.
668 2091 762 2152 Novit
777 2099 877 2151 autem
892 2090 1091 2152 infallibiliter
1145 2089 1359 2170 deprophetae,
1383 2093 1436 2170 qui
1451 2091 1553 2170 stipsi
1568 2090 1607 2151 ad
1623 2089 1840 2151 confirmandos

395 2186 561 2258 utrumque
587 2186 691 2239 coetus
719 2180 783 2258 ipse
808 2176 950 2254 fidelium,
977 2177 1010 2239 id
1036 2187 1091 2251 est,
1145 2195 1216 2237 snos
1232 2196 1348 2238 errores
1364 2179 1450 2256 sigua
1463 2176 1611 2259 quaedam
1624 2177 1732 2238 edituri
1745 2187 1839 2250 erant,

397 2265 540 2325 Ecclesia
555 2264 683 2342 Christi3
700 2275 783 2326 certa
798 2264 942 2327 videlicet
956 2266 995 2326 de
1009 2267 1090 2327 testi·
1144 2264 1245 2345 qualis
1257 2265 1321 2343 jam
1336 2273 1461 2326 uenerat
1472 2264 1575 2325 Simon
1590 2283 1706 2344 magus,
1721 2264 1787 2325 act
1801 2268 1840 2337 8.,

393 2355 496 2412 monio
513 2351 641 2431 Spiritus
656 2355 735 2412 intra
751 2372 793 2412 se.
824 2352 893 2432 Quo
909 2373 998 2414 seusu
1012 2352 1090 2414 Pau·
1145 2352 1215 2413 binc
1231 2360 1397 2412 commonet
1411 2350 1575 2432 Apostolus
1595 2351 1698 2415 fideles
1713 2370 1840 2432 sequeu-

393 2437 445 2498 lus
461 2440 518 2499 ait:
535 2439 627 2518 Quod
641 2443 707 2516 ipsc
721 2440 862 2516 Spiritus
876 2442 1091 2501 testimouium
1146 2439 1227 2500 tibus
1243 2439 1386 2518 deinceps
1399 2438 1508 2514 verbis,
1525 2439 1644 2512 docens,
1662 2458 1723 2519 qua
1738 2440 1839 2500 certis·

393 2526 503 2586 reddit
517 2528 647 2600 spiritui
668 2534 788 2602 nostro,
809 2528 895 2604 quod
917 2531 1015 2590 simus
1030 2527 1092 2604 filii
1144 2528 1221 2587 sima
1251 2528 1363 2587 ratione
1396 2527 1519 2606 spiritus
1546 2527 1655 2587 erroris
1681 2546 1700 2586 a
1726 2524 1840 2606 Spiritu

393 2614 469 2686 Dei,
493 2613 578 2672 Rom.
597 2615 624 2674 8.
1145 2614 1281 2675 veritatis
1312 2612 1442 2674 discerni
1472 2622 1573 2695 queat.
1605 2614 1711 2674 Potest
1738 2621 1839 2675 autem

439 2698 529 2759 Alter
543 2717 651 2759 sensns
667 2707 728 2760 ast:
750 2698 848 2760 Deum
863 2702 894 2763 in
908 2702 995 2763 uobis
1011 2702 1091 2780 Apo·
1145 2702 1195 2763 hic
1207 2701 1353 2781 posterior
1364 2717 1471 2762 sensus
1482 2700 1607 2763 extendi
1620 2698 1659 2760 ad
1671 2699 1840 2761 Ecclesiam

384 2785 480 2846 stolis
495 2804 627 2856 manere,
651 2796 804 2867 tamquam
824 2788 982 2849 veracibus
997 2790 1089 2868 magi·
1146 2789 1366 2868 Apostolicam;
1382 2807 1418 2848 ac
1428 2789 1455 2848 si
1465 2785 1562 2849 dicat:
1574 2790 1679 2850 Deum
1691 2790 1726 2850 iss
1738 2786 1839 2863 uubis,

391 2873 474 2946 stris,
489 2874 597 2933 scimus
613 2881 644 2932 et
658 2872 886 2954 comprobamus
902 2878 1090 2954 suspiritu,
1146 2874 1177 2937 id
1193 2883 1244 2949 ost,
1261 2877 1291 2939 iu
1307 2874 1448 2938 Ecclesia
1463 2874 1550 2936 nobis
1561 2873 1716 2956 Apostolis
1731 2873 1840 2937 adbae-

392 2979 487 3037 qucm
505 2961 592 3020 dedit
608 2961 707 3035 trebia,
724 2961 780 3021 hoc
796 2970 849 3036 est,
868 2983 905 3024 ex
920 2965 1011 3024 variis
1024 2962 1091 3043 Spi-
1144 2971 1242 3035 rente,
1268 2973 1464 3043 nostramque
1492 2970 1639 3043 sequente
1664 2959 1840 3036 doctrinam,

390 3048 469 3107 ritus
488 3048 585 3107 sancti
608 3047 799 3107 charismatis
816 3051 846 3108 in
863 3070 918 3109 nos
942 3050 1093 3110 collatisa
1145 3068 1293 3126 merresa,
1321 3069 1359 3113 cc
1386 3067 1422 3112 co
1448 3051 1679 3125 cognoscimus,
1711 3051 1841 3130 ipsaque

390 3133 478 3209 Deo;
502 3144 536 3194 ut
559 3143 643 3192 erunt
667 3133 746 3194 dona
760 3134 951 3214 Prophetiae,
975 3135 1091 3216 lingua·
1146 3139 1300 3217 cognoscit
1324 3137 1473 3210 Ecclesia,
1494 3136 1575 3216 quod
1598 3138 1628 3196 in
1651 3153 1688 3196 ea
1711 3135 1840 3217 Spiritus

389 3240 467 3294 rum,
494 3221 682 3280 sanationum
708 3229 739 3280 et
761 3219 889 3282 aliorum
912 3221 1090 3302 hujusmodi,
1145 3232 1269 3285 sauctus
1295 3223 1456 3285 manifeste
1478 3241 1563 3283 auam
1592 3221 1732 3283 ostendat
1753 3241 1838 3303 prae

389 3325 473 3388 quae
489 3306 603 3366 Paulus
618 3312 789 3368 recensetl
813 3308 878 3369 Cor.
896 3313 954 3385 12,
971 3319 1001 3369 et
1016 3330 1090 3388 quo·
1145 3312 1272 3371 sentiam
1299 3330 1355 3392 par
1391 3308 1588 3390 multiplicem
1626 3309 1839 3371 charismatum

388 3412 458 3453 rum
472 3392 690 3454 abundantiam
710 3406 889 3472 acceperant
904 3396 1043 3475 Apostoli
1059 3399 1091 3457 in
1144 3399 1369 3478 operationem,
1407 3404 1439 3458 et
1466 3398 1592 3477 gloriam
1621 3397 1839 3459 miraculorum.

389 3478 443 3540 die
457 3478 660 3542 Pentecostes·
684 3480 790 3542 Solent
816 3482 894 3541 enim
918 3483 962 3542 illi
982 3482 1089 3543 doctri-
1148 3483 1258 3546 Confer
1273 3505 1339 3563 cap.
1354 3485 1384 3544 4.
1400 3504 1428 3543 v.
1447 3488 1495 3545 13.

962 3711 1002 3719 ἡ
1102 3712 1120 3716 ..
1138 3713 1167 3717 ..μ
1183 3712 1264 3719 ..u

842 3888 1038 4020 esrur
1086 3933 1394 4021 curruca

496 4099 682 4187 Carissimi,
710 4102 814 4169 nolite
843 4106 930 4170 omui
958 4105 1089 4191 spiritui
1101 4095 1125 4188 ¹)
1154 4104 1311 4189 credere,
1340 4103 1399 4170 scd
1425 4093 1606 4190 probarat)
1633 4103 1783 4189 spiritus,
1811 4105 1839 4169 si

389 4223 435 4269 ex
462 4203 537 4271 Deo
566 4206 649 4292 sint,
687 4208 840 4293 qnoniam
876 4209 971 4275 multi
999 4190 1494 4295 pseudoprophetae'cnierunt
1521 4208 1554 4274 in
1581 4206 1748 4275 mundum.
1804 4210 1837 4272 2.

386 4306 429 4373 Iu
457 4308 520 4373 hoc
549 4311 761 4396 cognoscitur
791 4310 935 4397 Spiritus
962 4302 1085 4394 Del³)r
1114 4311 1228 4379 Omnls
1256 4312 1402 4399 spiritus,
1431 4312 1485 4399 qul
1509 4312 1694 4398 confitetur,
1721 4310 1837 4378 Jesum

389 4409 560 4479 Christum
587 4413 620 4479 in
650 4433 748 4481 carne
777 4417 920 4501 venisse,
949 4437 991 4482 ex
1017 4416 1092 4482 Deo
1123 4422 1192 4500 est3
1222 4418 1255 4481 3.
1285 4421 1319 4483 et
1349 4417 1453 4481 omnis
1481 4416 1627 4501 spiritus,
1656 4415 1712 4503 qni
1739 4414 1838 4481 solvit

386 4514 526 4602 Jesnnr,
565 4537 607 4584 ex
634 4517 708 4584 Deo
745 4539 811 4584 non
849 4526 920 4604 est,
959 4526 993 4587 et
1020 4521 1074 4587 hic
1112 4526 1163 4587 est
1190 4520 1416 4587 Antichristus
1425 4508 1470 4604 ⁴),
1512 4518 1555 4586 de
1590 4539 1653 4607 quo
1689 4518 1838 4605 audistis,

387 4621 545 4707 queniam
574 4622 676 4707 venit,
706 4628 740 4689 et
766 4642 852 4688 nunc
876 4626 946 4708 jam
973 4626 1006 4690 in
1033 4624 1155 4690 mundo
1184 4630 1245 4690 est.
1274 4626 1308 4690 t.
1345 4623 1416 4690 Vos
1445 4643 1487 4689 ex
1514 4623 1589 4689 Deo
1617 4625 1707 4708 estis,
1734 4622 1838 4708 tilioli,

387 4728 425 4789 et
448 4724 576 4791 vicistis
598 4745 682 4812 eum,
712 4728 864 4814 qnoniam
887 4730 993 4813 major
1016 4733 1076 4814 ost,
1105 4730 1160 4816 qui
1185 4729 1218 4795 iu
1241 4726 1337 4794 vebis
1359 4733 1419 4814 est,
1449 4747 1546 4815 quarn
1571 4728 1682 4815 quiin
1704 4726 1837 4794 mundo.

388 4828 425 4893 h.
455 4828 523 4914 Ipsi
551 4829 593 4896 de
620 4829 741 4897 mundo
770 4837 863 4914 sunt3
891 4832 968 4899 ideo
990 4832 1031 4899 dc
1056 4831 1177 4900 mundo
1204 4834 1394 4921 loquuntur,
1424 4837 1458 4897 et
1479 4830 1619 4900 muudus
1647 4850 1704 4897 eos
1732 4830 1836 4898 audit.

384 4980 705 4995 m———A——n-

495 5057 518 5126 ¹)
538 5060 625 5113 blattb.
646 5062 670 5126 7,
693 5062 732 5114 15.
767 5057 791 5126 ²)
815 5064 823 5113 1
844 5061 933 5113 Thess.
952 5063 977 5126 5,
996 5064 1038 5116 tl.
1073 5061 1312 5125 ³)lCor.12,8.
1347 5057 1372 5126 ⁴)
1391 5061 1451 5125 cap.
1469 5063 1494 5125 2,
1515 5062 1553 5114 18·
1571 5061 1612 5113 22.
