4442 5825
392 614 466 686 652
1017 614 1251 672 mmm

389 788 479 850 ditur.
502 787 661 867 Significat
676 795 784 865 autem,
809 789 946 864 salutem,
970 790 1008 852 de
1024 811 1085 872 qua
1180 789 1333 864 Observa,
1364 787 1447 873 quod
1472 789 1532 850 ait:
1561 787 1658 850 remei
1684 787 1815 848 traditae

389 875 439 936 vel
454 894 508 956 pro
524 894 585 956 qua
605 876 812 937 conservanda
831 898 867 938 ac
882 877 1086 957 promovenda
1135 879 1212 940 Nam
1234 885 1356 961 praeter
1378 879 1443 952 hoc,
1467 874 1550 958 qaod
1571 874 1663 936 dicit:
1683 875 1815 949 traditae,

389 962 556 1043 scripturus
572 971 624 1036 est
639 962 698 1023 sibi
711 984 775 1023 cnm
790 965 858 1037 illis,
876 963 1013 1044 adeoque
1024 985 1083 1024 om·
1134 986 1194 1025 non
1207 968 1348 1045 scriptae,
1363 966 1490 1047 primum
1503 961 1630 1036 indicat
1645 960 1731 1022 fidem
1740 962 1818 1022 mmet

390 1047 478 1109 nibus
494 1049 606 1121 electis,
628 1068 695 1109 esse
710 1070 912 1125 commanem3
936 1050 1084 1129 quomodo
1136 1050 1174 1113 ab
1191 1052 1346 1131 Apostolis
1362 1059 1528 1131 acceptam,
1544 1048 1630 1109 nullo
1646 1056 1749 1129 postea
1761 1056 1817 1109 tan

390 1132 500 1194 diserte
522 1152 717 1198 commanem
741 1138 824 1198 hanc
845 1138 978 1198 salutem
995 1140 1084 1200 inter·
1135 1158 1208 1218 porc
1223 1138 1395 1201 mutandam
1419 1156 1495 1211 esse,
1522 1134 1607 1217 quod
1622 1134 1819 1196 indebantsi·

389 1230 525 1299 pretatur
540 1222 633 1282 Beda.
1135 1226 1282 1300 moniani,
1309 1226 1395 1306 primi
1417 1223 1581 1298 haeretici,
1609 1221 1665 1284 sed
1689 1228 1817 1302 perpetue

432 1308 537 1368 Potest
559 1308 606 1368 hic
629 1308 719 1382 locus,
744 1319 777 1369 ut
792 1318 915 1371 annotat
931 1312 1086 1387 Erasmus,
1135 1311 1345 1391 mordicusqne
1354 1308 1547 1380 retinendam,
1560 1329 1597 1369 ac
1605 1307 1819 1390 proealortita

389 1392 524 1454 bifariam
548 1396 653 1475 accipi.
678 1396 734 1455 Vel
750 1397 807 1457 hoc
824 1417 927 1457 eausa:
953 1397 1022 1458 Non
1038 1418 1084 1457 so·
1135 1398 1358 1461 decertandum.
1374 1396 1493 1459 Deinde
1505 1395 1683 1457 subindicat
1698 1394 1738 1468 id,
1752 1393 1817 1475 quod

390 1479 452 1540 lum
467 1481 539 1541 mihi
555 1481 612 1541 fuit
625 1501 770 1542 summum
786 1483 918 1544 stadium
935 1484 1085 1546 scribendi
1135 1484 1242 1546 Patres
1252 1487 1369 1557 docent,
1383 1482 1453 1546 fidei
1464 1482 1543 1543 nihil
1555 1482 1631 1543 addi
1641 1500 1747 1563 poss03
1761 1481 1818 1561 qaia

391 1567 431 1627 ad
446 1587 501 1627 vos
517 1567 555 1627 de
570 1571 719 1629 communi
737 1571 842 1644 saluts,
865 1590 969 1632 verum
993 1574 1084 1633 etiam
1134 1573 1273 1633 nimirum
1288 1580 1354 1633 tota
1368 1572 1463 1632 semol
1478 1569 1593 1630 tradita
1609 1571 1657 1642 sit,
1674 1572 1765 1629 instar
1777 1566 1815 1627 de

390 1656 554 1714 necessitas
584 1655 732 1716 scribendi
770 1656 842 1734 iuit3
876 1678 985 1739 nempe
1017 1680 1083 1740 pro·
1135 1660 1234 1736 positi,
1257 1658 1338 1740 qnod
1353 1661 1396 1719 ita
1411 1656 1595 1720 servandum
1613 1654 1709 1729 datur,
1732 1662 1816 1714 utncc

390 1748 457 1821 pter
472 1761 516 1815 ea,
539 1760 618 1822 quae
641 1753 814 1822 sequantur.
839 1743 907 1820 Vel,
932 1747 991 1806 sic:
1008 1743 1084 1806 Onm
1134 1745 1206 1806 addi
1234 1746 1400 1826 quidquam
1426 1746 1473 1817 ei,
1498 1763 1554 1804 nee
1580 1742 1695 1804 auferri
1720 1740 1814 1802 debeat
1851 1802 1852 1815 ,

390 1835 472 1888 esset
486 1827 560 1887 mihi
580 1831 686 1889 mirum
710 1830 842 1890 studium
867 1831 1017 1894 scribendi
1031 1853 1083 1892 vo·
1135 1833 1216 1894 Hinc
1230 1832 1307 1894 illud
1319 1831 1405 1892 Pauli
1421 1830 1461 1891 ad
1473 1828 1619 1890 dilectum
1635 1826 1813 1908 discipulam:
1851 1830 1852 1837 ’

390 1915 437 1974 bis
460 1913 499 1975 de
521 1918 669 1976 communi
695 1917 799 1990 salute,
814 1938 886 1978 non
913 1920 999 1998 potui
1025 1941 1084 1980 nou
1136 1921 1321 1997 Depositam
1338 1917 1469 1992 caaodi,
1488 1922 1504 1978 1
1524 1918 1606 1977 Tim.
1624 1920 1653 1978 6.
1670 1923 1700 1978 et
1715 1919 1733 1976 2
1748 1914 1812 1974 'lim

392 2001 516 2080 obsequi
532 2001 601 2062 huic
616 2004 840 2064 meostudioet
855 2004 1012 2066 desiderio.
1028 2007 1085 2066 Po·
1137 2010 1164 2066 1.
1193 2006 1298 2087 Quare
1324 2024 1381 2066 aec
1404 2004 1485 2066 ullae
1511 2003 1733 2076 revelationes,
1753 2018 1814 2082 quar

391 2090 546 2149 eteriorem
563 2088 641 2148 hunc
657 2109 776 2149 sensum
791 2092 979 2171 amplectitur
994 2093 1084 2153 Eras-
1135 2091 1205 2154 fidei
1228 2091 1343 2154 addant
1364 2089 1490 2170 aliquid,
1515 2087 1741 2171 exspectandae
1760 2092 1813 2147 sunt

391 2195 457 2235 mue
478 2177 509 2234 in
529 2194 583 2236 sna
607 2176 810 2250 translations,
834 2177 903 2238 dum
920 2179 1083 2259 paraphra·
1136 2188 1188 2239 aut
1203 2179 1411 2259 recipianda03
1437 2176 1491 2238 sed
1514 2185 1635 2238 tantum
1650 2173 1814 2236 tenendart

391 2264 465 2321 stica
487 2262 576 2321 vertit
599 2260 654 2322 hoc
676 2263 778 2324 modo:
807 2266 934 2340 Dilecti,
958 2273 1084 2327 tautam
1136 2265 1330 2347 explicanda,
1368 2283 1447 2345 qnae
1484 2262 1577 2325 semel
1617 2270 1686 2324 sunt
1714 2258 1812 2335 tradite,

390 2350 468 2409 milri
483 2348 622 2410 stadium
642 2350 709 2425 fait
731 2352 888 2413 scribendi
911 2354 954 2412 ad
976 2371 1031 2413 vos
1047 2353 1086 2414 de
1135 2352 1216 2434 qnod
1239 2353 1272 2412 fit
1295 2354 1387 2412 etiam
1414 2370 1469 2432 per
1491 2350 1686 2411 conciliorum
1713 2347 1811 2408 decretr

391 2439 553 2496 communi
567 2438 679 2511 salute,
702 2445 739 2499 at
753 2457 821 2500 aaa
841 2442 1002 2515 potuerim
1018 2459 1085 2502 aaa
1136 2447 1239 2500 contra
1253 2459 1348 2499 novas
1363 2439 1553 2517 insurgentes
1567 2436 1719 2497 haeresse.

391 2523 523 2584 scribere
537 2522 632 2584 vobis.
656 2524 776 2598 Verum,
801 2547 833 2586 re
848 2528 970 2605 propius
986 2528 1085 2607 inspe-

391 2620 447 2683 cta,
474 2610 626 2671 videbitur
649 2613 729 2690 prior
752 2631 858 2674 sensus
884 2632 951 2673 esec
978 2616 1086 2692 potior,
1179 2617 1207 2673 4.
1231 2612 1493 2674 subintroierant
1516 2611 1604 2670 caim
1626 2609 1753 2686 quidam
1768 2607 1811 2667 la·

392 2716 479 2776 quem
496 2706 526 2756 et
537 2697 703 2758 Sasboldue
719 2701 887 2779 anteponit3
903 2708 936 2758 ut
951 2699 1010 2760 dno
1026 2703 1087 2761 sint
1138 2702 1238 2761 mines
1254 2691 1323 2776 (qai
1339 2699 1415 2758 alim
1427 2699 1623 2773 praescripti
1638 2702 1712 2757 meat
1726 2697 1758 2755 ia
1769 2695 1811 2754 aa

392 2783 524 2844 membra
540 2783 687 2858 distincta,
703 2805 758 2865 per
769 2805 802 2845 ee
814 2787 1006 2847 vehementer
1018 2807 1086 2848 esse
1132 2784 1305 2864 iudicium)
1321 2787 1422 2862 impii.
1444 2782 1511 2844 Hac
1523 2785 1698 2844 narratione
1708 2777 1809 2861 jande

392 2891 572 2951 propensam
589 2871 626 2931 ad
640 2872 839 2942 scribendum,
855 2894 891 2934 ac
906 2876 1088 2936 necessitate
1136 2872 1230 2933 clarat
1250 2873 1473 2942 necessitatem,
1496 2869 1535 2931 de
1550 2889 1612 2952 qua
1628 2889 1732 2951 snpra,
1751 2884 1810 2948 quc

393 2961 484 3019 etiam
500 2957 537 3017 ed
553 2958 583 3019 id
600 2960 745 3039 compelli.
768 2961 818 3021 Sic
834 2962 912 3021 enim
929 2969 959 3021 et
971 2961 1086 3022 Paulus
1136 2962 1234 3041 ipsum
1257 2959 1296 3019 ad
1319 2957 1505 3020 scribendum
1530 2958 1691 3037 impulerit.
1714 2955 1810 3018 esaia

391 3046 533 3126 loquitur,
549 3045 627 3107 Phil.
641 3051 684 3109 a:
709 3048 831 3110 Eadem
846 3049 1086 3124 vobisscribere‚
1135 3049 1312 3120 troieraat,
1340 3045 1473 3108 Graece:
1499 3036 1731 3122 παρειςέδυσαν.
1758 3040 1811 3121 Qua

392 3133 469 3193 miti
483 3132 609 3208 quidem
625 3153 693 3196 aaa
712 3138 854 3211 piperem,
878 3136 966 3196 vobis
981 3145 1088 3198 autem
1136 3154 1212 3194 voce
1226 3134 1413 3213 significatur
1426 3130 1526 3193 latens
1538 3140 1569 3191 et
1582 3132 1711 3191 innisus
1724 3131 1812 3209 ingres

392 3223 614 3284 neeessariam.
816 3283 821 3292 ,
1136 3241 1195 3281 sus.
1218 3220 1309 3282 Unde
1324 3219 1444 3302 quidam
1460 3226 1600 3280 vertunt:
1618 3214 1812 3278 obiterratie·

436 3309 636 3383 Deprecaas,
660 3311 874 3382 supercertari
897 3310 990 3370 semel
1017 3317 1085 3369 tra·
1136 3316 1225 3382 ruat,
1248 3307 1317 3367 alii:
1340 3306 1575 3383 subrepserant.
1599 3303 1637 3365 Id
1653 3302 1814 3364 autemhar

393 3398 478 3455 ditae
493 3398 610 3455 sanetis
624 3395 706 3472 fidei.
736 3396 929 3473 Deprecaas,
954 3396 1087 3458 Graece:
1136 3397 1292 3456 reticorum
1315 3404 1369 3467 est,
1391 3392 1522 3474 obliquis
1546 3393 1607 3452 viis
1632 3411 1668 3451 ac
1684 3387 1813 3451 moditia

393 3477 590 3558 παρακαλῶν,
604 3480 745 3562 quodalii
758 3491 895 3543 vertunt:
908 3487 1086 3545 exhortaris.
1137 3486 1258 3543 sinuare
1281 3501 1345 3542 esee
1368 3482 1414 3553 iis,
1438 3499 1515 3559 quos
1531 3477 1640 3539 lellere
1664 3478 1772 3548 volant
1790 3488 1816 3532 a

392 3570 433 3629 Et
445 3573 668 3645 supercertari,
686 3561 1087 3648 Graecmiaapmuiiscilat,
1137 3570 1192 3630 sub
1215 3569 1403 3628 vestimentis
1427 3568 1528 3626 oviism
1552 3574 1658 3645 tegere
1683 3565 1765 3645 lupos
1781 3578 1813 3620 rr

393 3656 473 3737 quod
498 3654 605 3715 melius
632 3658 731 3715 active
756 3656 948 3718 transfertur:
976 3676 1089 3734 super·
1138 3676 1237 3736 paces,
1259 3655 1367 3715 Mutth.
1386 3657 1414 3713 7.
1438 3651 1538 3714 Simili
1560 3652 1712 3712 vocabulo
1727 3650 1814 3710 Pera

392 3751 512 3803 certare
519 3766 531 3820 ,·
556 3741 702 3823 quomodo
725 3743 832 3822 legitur
856 3745 885 3804 in
905 3744 1088 3825 quibusdam
1137 3751 1276 3803 nauseet
1300 3742 1431 3819 2llpist.
1450 3742 1488 3813 2.,
1513 3739 1551 3800 de
1575 3738 1683 3799 iisdem
1704 3737 1814 3818 loqom

392 3832 615 3909 manuscriptis;
639 3832 696 3891 nisi
719 3829 797 3890 torte
820 3828 916 3910 (quod
937 3833 973 3892 F.
989 3831 1088 3890 Lucae
1139 3829 1176 3889 de
1205 3828 1313 3909 quibas
1340 3827 1457 3888 Judas:
1489 3828 1552 3905 Qui
1574 3821 1814 3886 mbiaerodsaa

393 3914 577 3997 suspicatur)
592 3916 698 3979 verbo:
714 3922 938 3993 supercertari,
956 3937 1027 3978 usus
1043 3926 1089 3978 eet
1137 3924 1235 3977 sectas
1244 3916 1448 3991 perditionis,
1461 3920 1495 3972 ut
1506 3914 1537 3974 in
1551 3911 1671 3974 Graeco
1683 3922 1736 3973 est.
1755 3910 1814 3969 Per·

393 4004 539 4082 interpres
565 4012 598 4063 ut
624 4004 809 4083 deponente,
837 4005 1087 4084 quemadmodum
1138 4004 1185 4063 lus
1203 4022 1325 4084 quoque
1338 4000 1413 4061 dues
1426 3997 1574 4079 ejusmodi
1587 3993 1813 4060 vescesinerdu

393 4099 575 4171 usarpaatar
585 4093 747 4172 aliquoties
760 4096 877 4152 certari
889 4103 920 4153 et
932 4094 1089 4152 decertari
1138 4091 1272 4150 oratione
1289 4090 1446 4165 conjunxit
1461 4086 1529 4149 (iel.
1546 4088 1593 4145 2:
1619 4088 1753 4163 Propter
1764 4077 1813 4143 a&

394 4177 432 4238 ab
448 4196 493 4251 eo,
516 4178 568 4257 qai
592 4180 684 4240 vertit
699 4179 872 4259 Sapientiae
889 4188 920 4240 et
935 4179 1087 4240 Ecclesia·
1139 4178 1337 4237 introductos
1360 4175 1464 4253 salsos
1483 4174 1624 4252 fratrer,
1652 4176 1709 4251 qai
1728 4169 1814 4233 rath·

395 4265 463 4324 stici
479 4262 587 4341 libros,
608 4275 643 4326 ut
658 4266 728 4346 Sap.
748 4267 795 4327 15.
812 4274 843 4327 et
858 4267 973 4328 Ecolee.
992 4270 1019 4328 4.
1040 4268 1087 4325 11.
1140 4267 1299 4326 troieraat
1309 4262 1478 4339 explorare
1494 4260 1675 4321 libertatem
1688 4265 1817 4346 aaaron¹

394 4359 423 4411 et
444 4352 494 4413 38.
518 4349 591 4411 Cam
614 4363 712 4413 autem
736 4353 783 4414 his
802 4353 902 4414 verbis
923 4353 1088 4432 Apostolus
1139 4351 1233 4411 Porro
1249 4358 1350 4410 textus
1374 4350 1419 4409 sic
1435 4346 1621 4409 ordinandus
1637 4355 1700 4409 est:
1721 4341 1816 4407 Μὴ·

394 4438 482 4498 finem
498 4438 615 4500 consilii
630 4442 676 4500 sni
691 4448 780 4514 notet,
803 4441 857 4520 qui
872 4441 951 4501 idem
968 4448 1015 4500 eet
1028 4447 1087 4500 sta·
1139 4440 1299 4498 troieruat
1320 4441 1404 4498 caim
1428 4433 1560 4512 quidam
1580 4436 1725 4495 homines
1737 4425 1818 4512 tupi

393 4532 443 4586 tus
468 4524 645 4603 Epistolae,
677 4525 769 4588 debet
794 4529 890 4588 oratio
915 4527 1027 4589 resolvi
1057 4527 1089 4586 in
1139 4524 1218 4585 Nam
1236 4531 1353 4584 caetera
1366 4521 1538 4602 parenthesi
1554 4517 1738 4582 secludenda
1750 4517 1818 4577 suat

393 4611 473 4674 hunc
487 4630 623 4673 sensnmz
638 4613 681 4674 Ut
694 4613 904 4675 voeadhorter
918 4613 958 4675 ad
973 4622 1089 4674 certam
1139 4616 1195 4689 qai
1221 4613 1297 4672 olim
1320 4610 1513 4688 praescripti
1540 4615 1595 4669 etc
1633 4599 1829 4690 Pusaeus

394 4697 465 4759 dum
495 4717 532 4759 ec
560 4698 794 4782 depugnandum
825 4721 879 4783 pro
906 4699 967 4762 fide
996 4698 1089 4762 semel
1140 4699 1272 4760 Graece:
1303 4685 1577 4774 προγεγραμμένοι,
1606 4692 1639 4754 id
1664 4703 1711 4755 eat

394 4786 515 4857 sanctis,
539 4784 570 4846 id
593 4795 640 4850 est
660 4787 833 4862 llcclesiae,
857 4787 976 4850 tradita.
1010 4789 1088 4848 Nam
1139 4785 1190 4847 vel
1216 4789 1292 4846 aate
1317 4786 1437 4861 scripti.
1477 4780 1570 4862 Quod
1597 4779 1723 4842 verbum
1796 4777 1807 4860 ’-

394 4870 562 4933 Ecclesiam
591 4875 695 4954 (qnam
728 4885 861 4939 sanctam
890 4877 922 4938 in
953 4874 1088 4956 symbolo
1140 4871 1223 4955 apud
1238 4870 1367 4932 Paulum
1392 4868 1636 4932 estRom.16.:
1663 4869 1713 4948 φα
1786 4869 1822 4966 ἠ·-

394 4956 581 5039 profitemur)
610 4969 782 5025 sanctornm
807 4963 1015 5047 appellatione
1040 4961 1090 5024 de·
1140 4966 1294 5037 queunte
1315 4960 1434 5035 scripta
1449 4963 1534 5032 rant,
1562 4954 1608 5016 ad
1622 4947 1815 5017 macuati·

394 5047 503 5127 sanat
1138 5050 1276 5110 ceriam
1297 5054 1375 5111 cate
1399 5046 1521 5123 scripta
1541 5048 1630 5123 aaut,
1654 5051 1687 5105 et
1706 5039 1768 5105 aa
1781 5037 1815 5099 Μ
