4442 5825
391 591 466 660 554
909 581 1335 640 cosanummsncarn.

390 767 503 854 itaque
537 762 736 851 prudentes,
772 769 807 830 et
845 762 982 850 vigilate
1024 764 1058 829 in
1098 763 1316 832 orationibus.
1372 767 1406 833 8.
1433 767 1524 833 Ante
1562 771 1673 835 omnia
1708 775 1802 855 auten

390 874 538 936 mutuam
574 871 607 934 in
640 866 806 934 vobismet
838 869 918 953 ipsis
956 869 1130 933 caritatem
1164 870 1352 936 continuam
1380 868 1564 956 hahentes,
1607 875 1684 960 quia
1709 875 1805 939 cuitu

391 975 499 1061 operit
526 970 768 1038 multitudinem
796 963 1055 1058 peccatorum¹t
1098 974 1131 1037 9.
1160 973 1353 1059 Hospitales
1379 974 1521 1040 invicem
1550 977 1623 1041 sine
1648 995 1805 1043 mmmura·
1839 1012 1841 1021 ,

391 1079 500 1143 tione:
546 1079 603 1144 10.
631 1077 871 1163 unusquisque,
912 1076 998 1155 sicut
1032 1077 1165 1163 acecpit
1199 1078 1340 1162 gratiam
1350 1067 1396 1164 ²),
1437 1081 1470 1144 in
1508 1078 1703 1147 alterutrum
1740 1080 1807 1147 illan

389 1181 678 1266 administrantes,
706 1180 792 1247 sicut
819 1178 898 1244 boni
925 1179 1171 1266 dispensatores
1199 1181 1407 1248 multiformis
1433 1184 1563 1268 gratiae
1592 1183 1677 1270 Dei;
1720 1183 1810 1252 lna

391 1287 463 1373 quis
490 1285 653 1373 loquitur,
682 1285 776 1371 quasi
803 1302 971 1349 sermones
997 1284 1080 1368 Dei;
1118 1286 1145 1350 si
1174 1286 1246 1373 quis
1273 1287 1457 1371 ministrat,
1498 1293 1668 1374 tamquam
1696 1309 1736 1354 ex
1757 1287 1809 1355 vir·

390 1395 480 1472 tute,
523 1408 619 1476 quam
656 1386 865 1453 administrat
900 1387 1011 1454 Deus:
1051 1394 1089 1454 ut
1122 1391 1155 1453 in
1194 1388 1344 1455 omnibus
1381 1391 1619 1458 honorificetur
1646 1392 1738 1458 Deus
1765 1410 1810 1478 per
1840 1468 1841 1477 ,

390 1493 505 1560 Jesum
543 1491 726 1576 Christum,
769 1493 822 1557 cui
858 1496 908 1556 est
943 1492 1050 1577 gloria
1086 1497 1121 1557 et
1156 1493 1329 1579 imperium
1363 1497 1396 1560 in
1434 1495 1570 1561 saecula
1607 1496 1809 1575 saeculorum
1839 1524 1841 1593 5

390 1598 505 1663 Arnen.
564 1597 620 1662 12.
650 1595 829 1681 Carissimi,
865 1595 968 1661 nolite
996 1597 1202 1682 peregrinari
1229 1599 1262 1662 in
1290 1597 1431 1682 fervore,
1461 1600 1516 1686 qui
1545 1598 1590 1665 ad
1617 1599 1810 1665 tentationem

389 1700 486 1768 vobis
513 1701 568 1785 ht,
611 1700 704 1788 quasi
738 1700 816 1766 novi
853 1700 977 1787 aliquid
1013 1699 1108 1766 vobis
1145 1702 1334 1787 contingat,
1379 1703 1436 1768 13.
1465 1702 1525 1768 sed
1553 1705 1811 1771 communicantes

349 1869 353 1874 .
391 1804 514 1873 Christi
540 1803 750 1892 passionibus
777 1803 921 1890 gaudete
936 1793 973 1889 ³),
1001 1810 1038 1870 ut
1065 1809 1099 1870 et
1127 1807 1158 1870 in
1181 1806 1387 1873 revelatione
1408 1808 1536 1893 gloriae
1561 1811 1634 1893 ejus
1660 1806 1812 1894 gauderus

391 1911 606 1977 exsultantes.
665 1911 722 1973 11.
751 1906 786 1973 Si
814 1906 1060 1994 exprobramini
1087 1909 1120 1974 in
1147 1912 1277 1976 nomine
1306 1909 1449 1996 Christi,
1477 1909 1571 1976 beati
1600 1912 1711 1996 eritis,
1745 1930 1810 1998 quo·

390 2016 489 2100 niam,
518 2012 606 2101 quod
634 2018 686 2078 est
711 2012 856 2098 honoris,
884 2012 1009 2097 gloriae
1039 2017 1073 2076 et
1095 2013 1228 2079 virtutis
1255 2014 1330 2099 Dei,
1358 2015 1474 2102 etqui
1502 2020 1553 2081 est
1581 2018 1653 2101 ejus
1680 2014 1809 2103 Spiritus,

391 2138 490 2206 super
517 2137 576 2182 vos
602 2117 792 2204 requiescit.
851 2116 907 2181 15.
935 2117 1039 2182 Nemo
1076 2123 1185 2183 autem
1226 2124 1372 2185 vostrum
1399 2121 1548 2205 patiatur
1583 2125 1622 2186 ut
1658 2116 1809 2201 homicida,

392 2228 450 2291 aut
482 2221 553 2307 fur,
594 2227 652 2288 aut
686 2220 905 2306 armedicus,
929 2226 986 2287 aut
1026 2220 1209 2288 alienorum
1254 2225 1433 2310 appetitor.
1491 2225 1549 2288 16.
1578 2220 1615 2290 Si
1650 2226 1810 2291 autemut

391 2326 616 2411 Christianus,
649 2345 715 2391 non
743 2323 937 2408 erubescat3
975 2325 1139 2410 glorificet
1167 2333 1278 2393 autem
1304 2328 1412 2395 Deum
1439 2327 1474 2394 in
1500 2329 1566 2393 isto
1593 2332 1742 2412 nomine;
1766 2326 1809 2393 ll.

391 2433 543 2520 quonlam
586 2436 716 2515 tempus
757 2436 827 2513 est,
867 2435 904 2494 ut
944 2430 1083 2515 incipiat
1122 2430 1283 2515 judicium
1318 2450 1337 2496 a
1378 2431 1475 2497 domo
1515 2431 1592 2497 Dei.
1647 2430 1684 2499 Si
1722 2435 1810 2498 auu!

389 2538 530 2623 primum
560 2554 580 2599 a
606 2532 718 2616 nobis3
748 2536 820 2620 quis
847 2533 920 2599 linis
948 2551 1071 2617 eorum,
1101 2536 1157 2621 qui
1184 2555 1249 2601 non
1278 2535 1419 2602 eredunt
1445 2535 1511 2600 Dei
1537 2534 1742 2621 Evangelio?
1766 2535 1807 2601 lt.

389 2641 434 2705 Ilt
460 2640 487 2705 si
510 2641 619 2724 justus
646 2638 704 2703 vix
730 2635 931 2722 salvabitur,
968 2637 1087 2723 impius
1116 2643 1150 2704 et
1176 2645 1334 2726 peccator
1361 2637 1419 2706 ubi
1445 2636 1637 2727 parebunt?
1678 2642 1731 2705 19.
1754 2636 1807 2703 lta·

391 2763 454 2832 que
482 2749 516 2810 et
542 2743 587 2828 hi,
616 2744 671 2829 qui
696 2743 869 2828 patiuntur
897 2741 1077 2808 secundum
1107 2743 1312 2810 voluntatem
1340 2743 1416 2830 Dei,
1444 2743 1534 2811 fideli
1562 2738 1716 2811 Creatori
1738 2760 1806 2809 eon·

391 2847 547 2914 mendant
575 2848 701 2913 animas
726 2865 804 2914 suas
830 2847 863 2913 in
890 2844 1087 2913 benefactis.

861 3237 1214 3335 suunsnuu'unus
1236 3265 1365 3341 ouran.

391 3392 489 3457 Monet,
517 3397 545 3445 ut
563 3393 695 3455 deponant
720 3391 816 3444 ueteris
841 3391 908 3443 ritae
932 3390 1170 3453 conversationem,
1197 3396 1222 3441 ec
1246 3389 1347 3441 eariuci
1373 3390 1510 3453 studeant,
1536 3401 1568 3441 ae
1585 3391 1654 3442 dona
1673 3401 1689 3441 a
1706 3383 1805 3441 batt

494 3462 697 3595 glsopffinffiglom
715 3461 851 3514 utilitatem
869 3460 1001 3512 Ecclesiae.
1036 3460 1092 3511 Non
1111 3458 1264 3522 dolendum,
1282 3460 1327 3511 sed
1346 3458 1512 3523 gaudendum
1531 3460 1616 3522 potius
1634 3459 1668 3513 ob
1686 3456 1805 3511 amm

436 3645 462 3698 1.
487 3640 609 3700 Christo
624 3641 724 3715 iqitur
739 3657 832 3715 poseo
854 3641 891 3700 ira
913 3656 1027 3712 curm,
1055 3643 1085 3697 et
1139 3638 1227 3715 quia,
1255 3656 1317 3715 qua
1340 3638 1425 3697 Deus
1451 3645 1513 3709 est,
1539 3638 1615 3697 mori
1642 3656 1703 3697 nou
1725 3628 1805 3712 petri

392 3744 446 3786 vos
461 3727 569 3786 codem
585 3729 775 3802 capitatione
790 3728 974 3787 amemini.
1011 3725 1085 3784 Post
1138 3724 1263 3784 Sensus:
1285 3720 1406 3783 Christo
1431 3722 1596 3784 seeundum
1612 3732 1805 3799 emempfl·

392 3812 577 3892 aliquantam
606 3813 834 3893 digressionem,
864 3832 927 3892 qua
956 3812 1019 3891 egit
1048 3810 1085 3871 da
1139 3819 1170 3870 et
1184 3818 1300 3870 mortuo
1315 3829 1370 3870 vos
1385 3810 1589 3885 conformate3
1612 3806 1815 3886 sinitensis·

391 3898 615 3979 praedicatione
630 3902 784 3981 spiritibus
795 3902 890 3974 laem,
907 3898 1005 3979 deque
1019 3918 1084 3978 my·
1138 3898 1218 3957 tione
1234 3916 1288 3956 vos
1300 3906 1430 3969 armate,
1446 3898 1478 3957 id
1493 3905 1640 3970 estuans,
1656 3897 1737 3957 volut

390 3987 487 4047 eteriis
501 4006 606 4061 meae,
629 3987 738 4049 diluvii
755 3999 786 4048 et
801 3987 961 4067 baptismi,
984 4004 1084 4046 rerer·
1140 3981 1305 4063 quaedam,
1335 3982 1459 4044 induite
1497 3982 1651 4045 Sicutills
1667 3989 1813 4058 αωοβ*

390 4074 462 4133 titur
472 4092 551 4134 nunc
562 4073 602 4135 acl
612 4076 790 4136 mentionem
802 4073 953 4154 passionis
966 4072 1084 4146 Christi,
1139 4090 1191 4131 sus
1207 4077 1252 4130 eat
1267 4078 1298 4130 et
1313 4079 1453 4143 mortuus,
1469 4072 1512 4131 ita
1527 4090 1584 4132 vos
1595 4089 1720 4151 quoque
1732 4059 1812 4127 onrt·
1840 4084 1841 4090 ¹

391 4159 537 4239 colligens
566 4159 637 4221 inde
662 4163 817 4222 materiam
844 4158 1022 4222 exhortandi
1046 4156 1086 4218 acl
1140 4168 1219 4217 mate
1241 4167 1372 4218 mortuos
1394 4176 1462 4218 esse
1484 4157 1597 4220 debere
1619 4150 1763 4230 earni,il
1811 4188 1841 4196 ·=

390 4255 524 4308 metam
554 4249 636 4309 vitae
665 4250 928 4309 conversationem.
970 4246 1086 4307 Graeca
1140 4244 1253 4304 carnali
1268 4247 1530 4324 concupiscentiae
1543 4237 1805 4317 aedesicleriutilr

390 4336 434 4396 sie
462 4333 589 4394 habent:
625 4336 749 4397 Christo
775 4340 874 4411 initur
899 4352 995 4411 poseo
1022 4350 1086 4409 pro
1140 4332 1218 4391 sicut
1240 4330 1319 4390 int'ra
1341 4330 1520 4392 declaratur.
1558 4331 1641 4392 Nam
1666 4326 1753 4410 (quod
1804 4369 1806 4380 ·

390 4420 601 4497 audiremus,
618 4430 672 4484 etc.
695 4419 977 4501 Adquemmoclum
994 4421 1086 4480 etiam
1140 4417 1263 4478 tandum
1272 4414 1329 4493 est)
1339 4416 1451 4479 Christi
1461 4418 1627 4492 crucifixio,
1635 4418 1739 4499 passio,
1800 4485 1802 4490 ,

391 4508 595 4589 Hieronymus
618 4509 694 4590 legit
717 4508 768 4570 lib.
787 4515 813 4570 l.
829 4517 933 4570 contra
951 4507 1086 4569 Jovinia·
1140 4513 1349 4585 praeterquam
1373 4505 1453 4584 quod
1476 4504 1645 4585 redemptio
1659 4512 1752 4566 nom
1801 4571 1805 4580 ,

391 4615 470 4657 num.
494 4594 554 4657 Sed
570 4605 600 4657 ot
612 4596 708 4677 Syme
719 4596 817 4657 codex
832 4594 935 4657 addit:
949 4613 1011 4671 pro
1026 4613 1087 4655 no·
1142 4592 1231 4652 etiam
1247 4600 1380 4653 nostram
1403 4592 1505 4672 typice
1529 4591 1712 4673 significarit
1805 4657 1807 4664 ,

391 4683 444 4743 bis.
481 4685 598 4745 Poeaus
612 4702 727 4758 come,
752 4683 802 4744 vel
820 4686 856 4744 to
871 4700 978 4756 mmo,
995 4682 1088 4744 Chri·
1141 4687 1239 4738 torum
1262 4687 1292 4738 ot
1314 4678 1473 4739 fflectrrum
1495 4679 1756 4740 mortificationem

390 4776 456 4830 stus
471 4770 594 4842 dicitnr,
610 4770 668 4832 hoc
683 4780 738 4843 est,
751 4771 925 4832 secundum
936 4786 1066 4830 wmem
1074 4790 1086 4844 ,·
1142 4786 1204 4844 quo
1226 4766 1411 4845 tropologia,
1438 4765 1469 4826 id
1489 4775 1541 4826 est
1559 4765 1758 4847 mysterium

392 4855 423 4916 id
436 4875 507 4918 vero
517 4865 570 4932 est,
585 4858 750 4920 seeundum
762 4865 901 4919 natunm
916 4858 1089 4929 humanam,
1142 4863 1220 4913 strae
1235 4852 1453 4930 redemptionis
1467 4852 1508 4913 ud
1522 4873 1620 4914 mores
1635 4871 1707 4915 aeae
1801 4915 1804 4924 ,

499 5038 521 5115 ¹)
538 5042 599 5096 Luc.
617 5044 642 5107 1,
660 5043 702 5096 41.
736 5038 850 5111 ι11111111.
871 5042 911 5105 12,
929 5041 953 5091 6.
972 5039 996 5092 7,
1031 5031 1056 5104 ⁸)
1075 5035 1136 5099 cap.
1157 5037 1181 5099 1,
1198 5036 1223 5087 t.
1241 5046 1295 5100 seq.
1313 5038 1365 5086 hcc.
1383 5035 1408 5099 5,
1426 5029 1469 5089 tt.
