4442 5825
397 577 445 646 qs
772 545 779 559 '
870 583 873 588 ¹
913 572 1195 631 comsumpsit
1212 575 1277 631 crs.
1293 575 1333 631 rr.

394 753 425 808 et
446 744 486 808 ad
508 744 596 811 omne
619 757 737 831 tempus
757 749 848 829 hujus
870 751 952 811 ritae
972 751 1090 831 possint
1142 753 1319 832 promissam
1326 753 1389 832 jam
1401 753 1584 833 possidebat,
1600 754 1745 835 eopetias

394 831 541 915 adaptari,
562 839 693 898 maxime
715 836 787 920 quia
807 838 839 897 in
854 837 890 897 iis
912 839 1006 898 tacite
1020 856 1087 898 con·
1142 847 1285 917 tempore,
1309 859 1368 919 quo
1390 840 1467 902 haec
1481 860 1500 900 a
1514 839 1637 901 Davide
1652 839 1745 902 diceba

393 921 508 982 tinetur
520 925 679 1003 promissio
695 922 853 1004 cujusdam
866 925 987 1004 requiei
1000 924 1038 984 ab
1051 925 1088 984 iis
1141 925 1240 986 Sentit
1259 927 1349 1005 igitur
1364 927 1535 1007 Apostolus,
1556 926 1709 988 Davidem
1731 927 1745 987 i

394 1010 634 1089 exspectandae,
660 1013 713 1091 qni
738 1009 840 1071 andita
865 1030 941 1072 voce
965 1010 1089 1071 Domini
1141 1014 1235 1091 priori
1257 1013 1360 1093 requie
1383 1013 1471 1074 aliam
1495 1013 1589 1074 multo
1616 1014 1744 1075 meliore

394 1094 486 1155 corda
507 1117 563 1157 sua
584 1115 644 1158 non
667 1097 887 1159 obduraverint.
914 1095 1001 1176 Quae
1022 1117 1087 1176 pro-
1141 1099 1300 1172 tellexisee,
1317 1107 1469 1179 tamquam
1484 1120 1547 1161 rem
1562 1100 1721 1180 figuratam
1738 1100 1745 1159 i

393 1182 496 1243 missio
523 1186 687 1245 communis
713 1191 758 1244 eet
787 1185 917 1245 omnium
946 1181 1087 1258 fidelium,
1141 1185 1256 1265 figura3
1277 1183 1422 1247 videlieet
1442 1189 1571 1267 patriam
1589 1188 1745 1248 coeleetm

394 1269 458 1349 qui,
470 1270 557 1332 ¹siout
579 1272 612 1331 in
630 1271 735 1332 eodem
751 1270 870 1331 Psalmo
887 1270 1004 1344 dicitur,
1027 1272 1089 1331 sint
1140 1273 1199 1332 buo
1213 1270 1413 1353 quaerendem
1433 1284 1463 1335 et
1478 1273 1725 1354 exspectandam,

392 1355 524 1435 populus
538 1356 599 1418 Dei
614 1366 646 1418 et
661 1376 733 1420 oves
747 1375 880 1437 pascuae
895 1358 969 1437 ejus.
986 1356 1087 1438 Quare
1141 1360 1194 1433 iis,
1221 1361 1274 1440 qui
1296 1361 1401 1439 requie
1422 1368 1556 1433 terrena,
1584 1361 1710 1422 ductore
1732 1359 1745 1422 ὦ

392 1462 460 1523 per:
484 1445 599 1520 Hodie,
623 1444 716 1507 idest
736 1442 913 1505 hodiernum
937 1441 1026 1518 diem,
1048 1463 1087 1504 ex
1137 1445 1336 1523 jamdudum
1359 1455 1458 1507 essent
1479 1449 1574 1528 potiti.
1598 1447 1682 1527 Quin
1704 1466 1745 1507 ve

391 1539 492 1591 mente
505 1530 592 1591 Pauli
605 1539 699 1592 totum
710 1530 889 1610 intell'qitur
903 1531 992 1611 hujus
1007 1530 1087 1591 vitae
1140 1532 1273 1612 gnificat,
1296 1534 1424 1613 priorem
1446 1533 1529 1604 illem
1548 1555 1609 1595 non
1623 1534 1722 1594 fuisse
1737 1553 1745 1579 ¹

392 1617 530 1697 spatium,
553 1615 670 1698 dequo
694 1626 725 1679 et
747 1638 811 1699 cap.
834 1617 972 1697 praeced.
995 1617 1086 1678 dixit:
1140 1620 1281 1699 requiem,
1305 1638 1397 1700 quum
1412 1619 1550 1682 absolute
1564 1629 1665 1700 neget,
1680 1621 1745 1683 dost

391 1703 602 1765 Donccbodis
614 1707 869 1782 connominatur.
882 1705 995 1765 Totum
1007 1704 1087 1765 enim
1140 1707 1238 1787 quiem
1254 1705 1366 1786 populo
1382 1708 1574 1785 praestitisse

390 1788 448 1851 boc
470 1797 589 1870 ternpus
614 1791 682 1853 ideo
702 1791 765 1853 dies
787 1799 848 1865 est,
875 1791 947 1872 quia
968 1800 1087 1872 tempus
1184 1795 1211 1853 9.
1228 1795 1340 1870 ltaque
1351 1793 1545 1870 relinquitur
1556 1792 1745 1854 sabbatismo

392 1877 475 1958 operi
496 1875 688 1957 deputamm,
710 1898 764 1958 per
786 1876 868 1959 quod
889 1877 928 1937 ad
951 1879 1086 1957 requiem
1137 1879 1217 1955 prelo
1232 1881 1302 1941 Dei.
1327 1878 1486 1959 Quoniam,
1502 1880 1608 1961 inquit,
1627 1900 1702 1941 vera
1718 1902 1745 1941 rr

391 1963 594 2043 perveniatur.
611 1964 646 2024 Id
661 1986 738 2046 opus
750 1973 798 2026 est.
808 1963 885 2025 fides
900 1973 933 2024 et
947 1964 1085 2025 obedien·
1138 1967 1271 2027 nondum
1287 1974 1332 2027 eet
1353 1969 1507 2044 praestita,
1529 1986 1620 2046 quam
1643 1974 1745 2028 tamen

392 2051 443 2123 tia,
466 2049 547 2130 quod
572 2050 708 2130 indicant
724 2070 766 2112 ‘ea
791 2050 899 2114 verba:
921 2052 957 2114 ss·
980 2069 1086 2112 vocem
1138 2054 1171 2112 in
1185 2053 1389 2130 promissione,
1413 2051 1502 2115 docet
1516 2073 1571 2113 nos
1586 2052 1729 2114 Psalmue

392 2139 458 2212 ejus
480 2136 662 2216 audieritis,
685 2140 784 2201 nolite
806 2137 964 2200 obdurare
987 2138 1086 2199 eorda
1139 2139 1233 2213 dicus,
1248 2139 1346 2200 adbuc
1361 2139 1513 2219 reliquum
1528 2148 1582 2214 est,
1597 2150 1745 2222 uteaap

391 2230 505 2285 omre
1138 2226 1198 2287 Dei
1212 2233 1418 2306 exspectetur;
1434 2227 1491 2288 boc
1507 2234 1560 2299 est,
1576 2226 1675 2297 abiis,
1692 2228 1745 2307 qui

435 2313 463 2372 8.
486 2310 572 2372 Nom
593 2314 621 2371 ri
643 2314 687 2374 cis
708 2317 805 2379 Jcettr
826 2311 965 2389 requiem
985 2328 1086 2388 proc·
1139 2321 1208 2374 sunt
1222 2312 1351 2394 populus
1365 2313 1434 2387 Dei,
1455 2323 1559 2395 utpote
1582 2313 1669 2374 tidem
1693 2311 1745 2374 hel

390 2399 533 2473 nubta,
556 2417 731 2478 numquam
755 2400 793 2459 de
814 2399 881 2459 alio
903 2398 1087 2475 loqueretur
1139 2399 1205 2476 ejus
1222 2401 1383 2479 promissis,
1406 2408 1436 2460 et
1458 2399 1632 2462 obedientes
1655 2418 1745 2478 praee

387 2485 520 2562 portitor
545 2485 604 2546 die.
641 2486 710 2549 Non
737 2493 782 2547 est
805 2483 986 2564 legendum:
1014 2492 1086 2561 post
1138 2485 1217 2545 Nam
1233 2493 1320 2546 vetus
1341 2486 1392 2547 ille
1413 2488 1543 2569 populns
1565 2487 1663 2566 magis
1685 2488 1745 2547 inl

390 2572 484 2645 benc,
507 2569 573 2631 red:
597 2575 744 2649 postboo,
769 2570 999 2650 adverbialiter3
1022 2579 1084 2645 aut,
1139 2591 1228 2653 quarn
1243 2573 1274 2633 in
1289 2574 1416 2634 veritate
1438 2574 1568 2656 populus
1582 2571 1642 2632 Dei
1666 2570 1745 2632 dictu

390 2659 469 2717 utin
484 2655 672 2733 Graeoo'est,
685 2667 758 2737 post
771 2659 856 2732 boso,
880 2647 959 2735 μετὰ
978 2657 1085 2717 ταῦτα.
1139 2659 1232 2721 Porro
1247 2660 1381 2739 requiem
1400 2659 1561 2723 coelestem
1577 2666 1669 2720 vocat
1683 2660 1745 2720 seb

390 2744 540 2807 Removet
555 2743 754 2823 objectionem
774 2744 948 2825 Apostolus,
971 2763 1032 2825 qna
1046 2743 1085 2804 ad
1138 2762 1237 2821 mum,
1261 2745 1362 2816 idest,
1386 2747 1506 2808 sabbati
1521 2745 1745 2808 celebrationem

391 2832 574 2913 superiorem
586 2832 682 2911 ipsius
693 2833 951 2894 ratiocinationem
963 2849 1083 2913 respon·
1138 2831 1217 2893 mine
1231 2833 1347 2913 figurae
1368 2836 1512 2895 translato
1536 2832 1574 2892 ad
1597 2851 1662 2892 rem
1686 2834 1745 2914 sigi

390 2918 462 2980 dere
483 2920 554 3000 quis
575 2929 684 2999 posset.
713 2920 783 2982 Etsi
803 2916 934 3000 populus
956 2918 1017 2993 ille,
1039 2920 1087 2980 cui
1139 2926 1208 2980 tem
1245 2919 1410 2982 Sabbatum
1441 2923 1519 2983 enim
1547 2920 1715 2981 Moericum

389 3006 484 3087 primo
499 3009 710 3070 annuntiatum
725 3015 779 3079 est,
795 3005 832 3067 ob
844 3002 1086 3067 incredulitatem
1140 3014 1205 3067 erat
1226 3008 1346 3087 quietis,
1368 3025 1459 3087 quam
1481 3015 1549 3090 poet
1572 3007 1651 3068 banc
1673 3008 1745 3068 vita

390 3114 452 3155 non
468 3093 613 3156 introierit
626 3094 658 3156 in
673 3097 810 3175 requiem
825 3093 1012 3173 promissam,
1034 3092 1086 3155 alii
1138 3101 1275 3174 spectant
1290 3092 1405 3155 fideles.
1428 3095 1507 3156 Nam
1527 3096 1605 3155 siout
1620 3102 1692 3173 post
1704 3094 1745 3155 lal

390 3188 498 3255 umen,
518 3182 581 3261 qui,
604 3180 686 3263 qnod
706 3190 805 3243 aetate
823 3181 954 3242 minores
975 3188 1086 3255 essent,
1140 3199 1195 3241 sex
1217 3180 1332 3242 dierum
1354 3182 1480 3262 septimo
1504 3182 1554 3243 die
1575 3179 1745 3243 feriabeutu

391 3270 423 3329 iu
438 3288 529 3330 censu
544 3270 650 3350 populi
664 3289 724 3332 non
735 3267 859 3329 luerunt
870 3266 1086 3349 comprehensi,
1141 3265 1217 3341 daei,
1234 3270 1276 3327 ita
1291 3288 1353 3341 nos,
1369 3268 1515 3330 coniectis
1525 3268 1618 3348 hujus
1633 3269 1745 3331 vitael

392 3354 514 3437 quando
529 3354 630 3419 educti
648 3364 719 3418 sunt
735 3376 774 3419 ex
788 3356 941 3436 Aegypto,
961 3374 1019 3418 neo
1033 3376 1085 3436 pa·
1139 3352 1204 3427 bus,
1218 3362 1423 3435 postmortem
1434 3354 1616 3428 feriabimur,
1631 3374 1669 3417 ac
1681 3355 1745 3420 subl

389 3451 467 3506 num
484 3463 605 3506 morum
629 3443 870 3506 incredulitatem
885 3450 957 3504 sunt
970 3443 1086 3518 imitati,
1139 3458 1263 3522 egemus
1278 3441 1418 3504 fmtivum
1434 3453 1466 3505 et
1481 3444 1620 3505 solemne

390 3542 459 3614 post
480 3552 575 3593 annos
597 3532 805 3613 quadraginta,
833 3529 958 3591 ductore
979 3531 1086 3603 Joeue,
1181 3529 1290 3590 Maluit
1313 3549 1384 3608 ergo
1407 3529 1522 3592 Paulus
1543 3529 1745 3591 sabbatismus

391 3639 482 3699 quem
508 3621 702 3700 septuaginta
721 3620 897 3698 interpretes
922 3616 952 3679 in
978 3625 1086 3698 typum
1139 3634 1216 3689 cere,
1240 3635 1330 3697 quem
1354 3618 1497 3697 requiem,
1520 3617 1593 3698 quia
1607 3615 1745 3677 scribebe

390 3707 454 3768 veri
476 3704 641 3768 salvatoris
655 3705 760 3768 desum
781 3704 945 3784 appellant,
968 3706 1001 3765 in
1021 3724 1086 3765 erm
1139 3702 1248 3776 bracis,
1265 3722 1341 3783 quos
1353 3704 1549 3766 eovoeabulo
1561 3702 1744 3765 voluitadm

390 3794 527 3873 requiem
551 3794 676 3874 ingressi
691 3802 769 3854 suut.
792 3789 862 3851 Non
886 3811 959 3872 ergo
981 3810 1084 3853 conse-
1139 3791 1285 3870 mysterii,
1300 3789 1381 3870 qnod
1393 3790 1554 3853 sabbatum
1569 3809 1674 3851 eornm
1690 3791 1745 3870 sigi

391 3899 488 3962 queue
502 3888 573 3952 erat,
596 3882 633 3941 si'
644 3881 759 3961 priores
782 3876 827 3938 illi
849 3887 973 3960 propter
991 3879 1084 3940 inere·
1139 3875 1199 3950 bat,
1218 3876 1370 3957 simulque
1391 3897 1494 3938 eorum
1508 3880 1626 3940 animos
1648 3877 1745 3939 excite

391 3965 547 4030 dulitstem
572 3988 633 4029 non
657 3968 853 4040 introierunt,
879 3975 947 4046 post
972 3973 1086 4027 tantum
1138 3962 1318 4025 desiderium
1334 3972 1365 4023 et
1380 3966 1636 4045 exspectationem
1650 3963 1738 4025 illius

390 4054 532 4135 temporit
547 4054 638 4116 alium
653 4052 731 4115 diem
746 4054 848 4127 stetui,
869 4073 939 4135 quo,
954 4054 1009 4134 qui
1024 4072 1086 4113 ore·
1138 4051 1185 4126 tis,
1209 4070 1299 4132 quam
1323 4059 1390 4132 post
1405 4050 1496 4130 hujus
1518 4050 1634 4113 saeculi
1650 4049 1745 4113 labos

390 4141 496 4204 derunt
511 4149 543 4202 et
562 4140 727 4217 obedirent,
749 4142 779 4201 in
802 4141 939 4220 requiem
961 4142 1085 4220 promis·
1139 4136 1341 4216 spectandam,
1365 4136 1467 4198 eadem
1483 4142 1550 4219 ipsa
1565 4136 1686 4199 sabbati
1702 4136 1745 4200 cei

390 4248 454 4290 ram
483 4228 713 4306 inducerentur3
750 4235 857 4308 utpote
888 4227 1087 4308 promissione
1139 4225 1221 4285 tione
1251 4223 1475 4303 profitebantur.
1528 4223 1707 4306 Specialiter
1738 4246 1745 4290 t

386 4316 452 4397 jam
478 4315 548 4380 olim
570 4314 721 4396 completa
741 4316 774 4377 in
796 4314 866 4375 liliis
889 4332 1007 4385 eorum,
1033 4314 1087 4392 qui
1138 4310 1345 4373 sabbatismus
1355 4313 1525 4391 siguificare
1534 4312 1623 4373 nobie
1634 4311 1744 4373 videtu

390 4422 452 4466 uou
473 4402 669 4465 crediderant.
692 4401 861 4484 Responsio
885 4412 946 4463 est:
974 4400 1007 4462 Si
1030 4399 1084 4461 Jo·
1138 4397 1231 4459 futuri
1247 4398 1360 4460 saeculi
1376 4399 1521 4479 requiem,
1538 4418 1629 4481 quam
1644 4398 1745 4460 baben

390 4481 454 4565 tue,
476 4491 597 4571 qnando
617 4489 763 4572 populum
784 4486 954 4551 introduxit
974 4488 1005 4549 in
1028 4495 1086 4547 ter·
1138 4507 1203 4548 rum
1219 4487 1338 4547 animae
1360 4485 1535 4566 corporibus
1558 4495 1669 4547 exutae
1685 4505 1744 4566 usq

389 4599 453 4642 ram
465 4576 621 4654 Obanaan,
635 4578 770 4660 requiem
785 4577 813 4637 ei
828 4575 1033 4658 praestitisset,
1044 4574 1087 4634 ita
1139 4572 1218 4633 diem
1234 4574 1464 4645 resumentionis,
1488 4571 1611 4653 quando
1632 4592 1690 4633 sua
1712 4592 1745 4635 oo

390 4666 536 4740 nimirum,
558 4676 673 4728 utnon
695 4672 775 4725 esset
799 4663 860 4724 alia
874 4671 944 4743 post
960 4673 1027 4723 eam
1042 4681 1084 4722 re·
1139 4669 1208 4721 suut
1227 4667 1412 4738 recepturus.
1436 4660 1527 4721 Tunc
1547 4660 1626 4720 euim
1647 4660 1745 4723 iucbo't

391 4753 477 4833 quies
492 4754 605 4834 populo
622 4753 681 4814 Dei
696 4749 905 4833 exspectanda,
920 4767 1083 4829 numquam
1138 4746 1366 4808 interminabilis
1396 4745 1571 4807 solemnitas
1602 4754 1736 4810 octavae

390 4840 524 4921 proiecto
539 4839 649 4914 David,
663 4836 944 4919 autperDuvldem
955 4835 1085 4917 Spiritus
1140 4854 1219 4914 quae
1248 4834 1279 4893 in
1307 4834 1436 4914 primam
1461 4852 1631 4905 recurrens,
1657 4842 1745 4914 myst

391 4935 514 4988 sanctus
529 4927 620 4991 aliam
642 4926 775 5009 requiem
790 4933 858 5005 post
878 4923 954 4985 illud
968 4931 1085 5004 tempus
1138 4922 1272 4982 continet
1286 4928 1429 4981 aeternae
1450 4919 1617 4993 felicitatis,
1639 4920 1745 5002 utique

390 5014 592 5097 promitteret3
618 5012 770 5096 siquidem
794 5011 926 5094 populus
952 5010 1085 5093 requiem
1134 5007 1664 5091 pterresurrectionemDominiosm,
1675 5026 1745 5091 qaae
