4442 5825
428 587 501 653 ἰω
941 575 1225 631 mansurarum
1243 577 1358 631 crau

425 773 518 836 quum
548 752 719 833 praesertim
749 750 848 812 media
878 752 985 826 verba,
1015 751 1045 812 id
1077 760 1125 814 est
1177 761 1238 812 tum
1268 751 1425 826 Basilidis,
1460 754 1608 834 negante
1638 771 1745 814 veram
1773 752 1864 815 etrus

425 851 519 902 totum
534 858 652 901 versum
670 843 714 910 7.,
742 840 808 919 ipse
832 841 863 898 in
886 841 947 899 suis
970 839 1123 901 codicibus
1176 839 1406 911 humanitatem,
1422 838 1506 920 qued
1517 849 1627 920 postea
1643 843 1802 920 resumpsit
1813 842 1863 902 tta·

424 948 483 989 non
499 925 653 997 habuerit,
670 946 731 1004 qus
746 932 782 985 de
794 945 826 984 re
842 925 932 1004 paulo
949 934 1024 1002 pest.
1177 947 1248 998 nes,
1271 946 1380 1006 parem
1395 926 1657 988 Manichaeorum.
1696 928 1776 988 Loca
1791 927 1865 1006 bojas

467 1013 500 1074 Si
525 1032 628 1091 roges,
657 1014 723 1091 quis
752 1011 848 1072 bonus
873 1031 980 1072 sensus
1005 1012 1123 1072 iuturus
1176 1013 1329 1092 Epistolae
1350 1023 1418 1074 suut
1442 1019 1618 1090 cap.1,1.;
1651 1033 1723 1093 cap.
1745 1017 1772 1087 2,
1789 1015 1866 1074 raa

424 1103 463 1161 sit
479 1117 583 1159 versus
600 1102 645 1171 6.,
666 1101 691 1159 si
707 1097 770 1157 illic
791 1102 1013 1177 perspiritum
1037 1099 1122 1158 intel·
1175 1118 1275 1179 seqq.;
1299 1120 1364 1179 cap.
1389 1104 1417 1172 4,
1443 1105 1469 1159 1.
1486 1101 1516 1160 2.
1537 1104 1587 1173 3.;
1611 1099 1707 1179 hujus
1723 1122 1785 1180 cap
1805 1105 1865 1160 ul

424 1185 678 1265 ligaturbnmarra
693 1183 804 1245 Christi
820 1187 929 1258 anima,
946 1187 1122 1264 praesertim
1177 1189 1205 1246 6.
1228 1189 1256 1246 8.
1291 1185 1375 1247 Idem
1403 1186 1452 1246 hie
1476 1187 1650 1264 Apostolus
1680 1186 1864 1266 Evangelia:

425 1282 525 1333 autem
553 1275 581 1332 in
605 1271 722 1333 Graeca
748 1271 831 1331 illius
855 1291 960 1332 versus
984 1272 1122 1344 lectione,
1176 1273 1297 1351 scripsit
1318 1271 1461 1333 adversus
1485 1273 1616 1336 Ebiouis
1641 1273 1803 1346 hamarim,
1822 1293 1863 1334 ue·

424 1378 503 1440 quae
519 1358 624 1419 habet:
647 1360 691 1419 Et
709 1361 841 1435 spiritus
857 1367 917 1433 est,
940 1361 997 1435 qrrr‘
1011 1357 1122 1434 tastipl·
1175 1360 1274 1438 gantis
1290 1358 1401 1420 Christi
1417 1358 1628 1435 divinitatem
1654 1362 1774 1420 etiamsi
1788 1359 1865 1420 mults

424 1453 533 1519 cuttu,
572 1449 724 1522 quoniam
755 1449 887 1523 spiritus
916 1453 959 1506 cst
989 1449 1123 1507 ummo:
1174 1445 1385 1526 interspergat,
1408 1445 1517 1526 quibua
1534 1468 1609 1508 vers
1627 1449 1700 1526 ejus
1716 1447 1864 1508 hnmanitas

422 1533 637 1612 respondetur,
665 1531 796 1593 futurum
819 1535 914 1605 hune,
941 1552 1030 1611 quem
1051 1533 1122 1593 insi-
1174 1533 1330 1611 probetur3
1356 1534 1435 1592 sicut
1456 1534 1487 1591 iu
1511 1534 1572 1595 bac
1588 1533 1736 1614 Epistola
1758 1536 1863 1594 interes

422 1628 496 1681 uuat
519 1618 712 1680 Venerabilis
733 1619 834 1679 Beda:
863 1620 1009 1699 Spiritus,
1033 1639 1122 1698 quem
1174 1628 1279 1679 rantur
1294 1619 1461 1699 complure,
1488 1621 1605 1700 quihus
1620 1620 1796 1682 adstruatur
1809 1621 1864 1698 ejus

423 1705 563 1768 Christus
576 1708 704 1767 moriens
717 1706 841 1768 tradidit
852 1709 881 1767 in
894 1726 999 1766 manus
1013 1706 1121 1780 Patris,
1175 1707 1334 1778 divinitas,
1349 1705 1400 1766 vel
1415 1725 1494 1785 quae
1510 1707 1551 1766 ad
1567 1707 1647 1768 alias
1669 1707 1753 1768 illius
1767 1718 1863 1786 tempo

422 1796 489 1875 ipsa
505 1795 550 1853 sui
566 1795 725 1853 emissione
737 1795 913 1854 testificatus
934 1804 981 1853 est
996 1792 1035 1853 de
1047 1794 1121 1872 ipse,
1173 1793 1213 1852 ris
1229 1792 1364 1853 haereses
1380 1791 1579 1854 destruendas
1601 1795 1747 1866 valeant,
1769 1797 1798 1853 in
1814 1793 1861 1872 pri

422 1879 504 1961 quod
519 1881 559 1941 ait
582 1900 672 1941 verus
695 1881 798 1956 hom03
826 1882 938 1962 quippe
957 1900 1023 1940 cum
1038 1880 1122 1940 solus
1173 1880 1228 1939 mis
1247 1888 1347 1940 autem
1363 1879 1493 1942 Simonis
1509 1881 1609 1960 Magi,
1635 1883 1692 1960 qui
1713 1881 1808 1941 Deum
1827 1879 1861 1938 ia·

421 1969 510 2030 honre
537 1968 676 2048 spiritum
707 1988 760 2029 seu
786 1970 916 2030 animem
944 1967 1119 2027 rationalem
1173 1966 1271 2026 ciebat
1286 1975 1436 2027 auctorem
1452 1967 1610 2039 malorum,
1629 1978 1663 2028 et
1680 1967 1861 2028 solamfidesr

421 2055 534 2117 lrabeat
549 2056 666 2131 corpori
689 2065 865 2115 consertam.
899 2053 984 2115 Idem
1007 2054 1053 2114 sui
1068 2053 1118 2114 de·
1173 2053 1275 2130 ajebat
1297 2053 1432 2113 sufficere
1452 2054 1491 2114 ad
1515 2053 1771 2134 consequendam
1795 2052 1860 2113 sala·

420 2143 573 2225 positione
597 2151 723 2202 testatus
746 2153 793 2203 est
816 2141 854 2202 do
873 2140 1009 2214 Christo,
1037 2141 1119 2220 quod
1173 2148 1241 2199 tem.
1265 2139 1417 2200 Adversus
1433 2161 1522 2220 quam
1539 2141 1759 2202 detestabilem
1774 2140 1860 2200 haee

420 2230 460 2291 slt
483 2248 574 2290 verus
595 2229 695 2303 Deus,
723 2232 865 2310 quoniam
892 2236 1039 2310 potestate
1063 2246 1120 2288 sus
1173 2227 1228 2286 sim
1254 2227 1418 2307 Apostolus
1445 2228 1493 2288 hic
1520 2237 1582 2289 tam
1611 2229 1713 2289 multa
1736 2226 1810 2287 dixit
1831 2226 1860 2287 ds

419 2317 549 2379 animaru
566 2318 681 2397 posuit,
710 2315 816 2378 cadem
840 2323 988 2397 potestate
1005 2334 1118 2375 resum-
1171 2316 1349 2374 necessitate
1364 2316 1498 2374 caritatis
1514 2325 1545 2375 et
1558 2314 1784 2376 observationis
1799 2314 1858 2373 diri

420 2412 541 2487 pturus,
563 2405 642 2464 sicut
662 2404 727 2483 ipse
751 2402 943 2485 praedixerat
962 2403 1051 2464 Jean.
1070 2404 1118 2461 10.
1171 2421 1276 2460 nurum
1302 2401 1518 2462 mandatorum.
1555 2401 1648 2462 Siout
1672 2414 1778 2462 contra
1800 2397 1859 2461 illud

420 2492 468 2554 De
484 2510 542 2573 quo
566 2501 613 2551 est
636 2489 830 2572 repetendum
853 2491 1011 2559 memoria,
1037 2489 1119 2569 qued
1171 2487 1295 2547 alterum
1312 2487 1420 2565 dogma
1431 2488 1592 2560 Basilidis,
1609 2509 1674 2549 non
1691 2509 1758 2550 esse
1774 2505 1857 2548 neces

419 2578 512 2642 babet
528 2578 557 2640 Β.
576 2578 710 2640 Thomas
726 2580 754 2638 3.
772 2598 800 2658 p.
818 2598 846 2658 q.
863 2578 914 2639 4⁷.
930 2585 985 2637 art
1003 2581 1031 2636 1.
1061 2576 1119 2635 His
1170 2575 1283 2634 sarium
1297 2574 1400 2634 subire
1414 2577 1606 2655 martyrium,
1634 2574 1783 2648 dicuntur,
1798 2592 1858 2656 quat

421 2668 511 2747 lgltrrr
522 2665 692 2729 rationibus
703 2667 856 2745 separatio
868 2667 992 2745 spiritus
1004 2661 1119 2723 Christi
1170 2674 1240 2720 sont
1261 2660 1350 2740 hujus
1371 2662 1467 2741 Epist
1491 2662 1698 2740 csp.3,16.;
1720 2666 1857 2742 espiers

420 2754 458 2816 sb
475 2754 570 2835 lprlrrs
587 2771 711 2834 corpore
725 2761 834 2813 testata
845 2761 890 2813 est
905 2772 958 2812 seu
971 2749 1118 2832 probavit,
1171 2747 1265 2820 4,15.
1296 2749 1335 2807 Et
1350 2749 1491 2827 quoniam
1506 2747 1537 2808 S.
1554 2749 1756 2828 Epiphanius
1769 2747 1856 2810 Basili·

418 2840 504 2920 qrtorl
522 2842 663 2905 Christus
678 2847 724 2901 cat
746 2842 884 2914 Veritus,
913 2838 944 2899 id
968 2847 1014 2897 est
1028 2856 1118 2897 verus
1170 2834 1235 2894 dem
1251 2834 1320 2894 facit
1334 2843 1473 2915 quartum
1489 2844 1559 2916 post
1575 2833 1696 2898 Christi
1711 2837 1856 2897 adventus

419 2929 524 2998 lroruu,
542 2950 601 2992 rrou
618 2928 812 3011 phantasma,
827 2939 860 2988 ut
875 2927 1017 2988 mentitur
1032 2925 1116 2985 Basi-
1169 2922 1417 2997 haeresiarcham,
1433 2922 1584 2983 Ebionem
1596 2934 1704 2985 auteur
1722 2926 1854 2991 decimus

418 3016 511 3092 llrlsrr
527 3018 599 3078 lteru
616 3014 696 3097 qurrd
714 3017 744 3078 in
760 3022 915 3096 assumpta
930 3013 1117 3075 humanitate
1170 3009 1238 3069 hinc
1264 3005 1310 3085 (ut
1336 3008 1390 3070 hoo
1417 3008 1511 3069 obiter
1526 3008 1696 3088 addamus)
1713 3033 1772 3072 non
1793 3009 1854 3071 mals

418 3106 455 3170 alt
478 3124 569 3166 rarus
592 3104 734 3166 Salvator
767 3102 886 3174 mundi,
914 3101 1043 3179 ideoque
1065 3119 1118 3179 per
1170 3097 1235 3176 quis
1265 3098 1471 3167 ratiocinetur,
1504 3096 1584 3158 hane
1616 3098 1791 3177 Epistulam
1816 3094 1854 3156 tu

420 3192 519 3256 aurula
536 3210 644 3262 uorax,
674 3192 703 3252 iu
719 3191 800 3250 omui
817 3188 968 3261 doctrina,
992 3185 1118 3246 inomni
1169 3191 1239 3244 ante
1254 3183 1453 3264 Evangelium
1466 3181 1561 3244 fuisse
1576 3185 1734 3264 scriptam.

418 3299 569 3350 serranus,
587 3281 617 3341 iu
632 3279 712 3340 orrrui
728 3296 830 3357 opere.
1213 3269 1302 3349 Quod
1326 3281 1425 3331 autom
1452 3274 1676 3349 concoquentis
1703 3273 1853 3353 proposita·

464 3368 561 3430 Juxta
584 3377 683 3426 srrteru
700 3363 847 3425 (irascare
870 3362 1028 3422 lectionem
1053 3378 1118 3420 sen·
1169 3357 1345 3436 objectionis
1368 3378 1429 3418 nou
1449 3356 1565 3430 valeat,
1593 3356 1692 3419 facile
1708 3355 1852 3438 liquet,s'

418 3475 471 3519 trra
496 3456 599 3516 llrorltr
628 3453 758 3532 Spiritus
773 3449 902 3520 Christi,
930 3446 1084 3509 discedens
1100 3467 1119 3506 a
1169 3444 1347 3522 cogitemus,
1372 3444 1445 3504 nihil
1466 3463 1534 3505 esse
1550 3446 1757 3516 incommodi,
1784 3440 1854 3526 quod

419 3563 560 3624 ourpuro,
577 3540 632 3602 boc
649 3542 731 3620 ipso,
755 3558 823 3599 eum
840 3535 933 3597 luisse
948 3554 1052 3596 verum
1067 3533 1117 3593 ho·
1169 3551 1234 3590 cunr
1259 3553 1286 3590 v.
1311 3533 1338 3590 7.
1362 3541 1612 3592 commemoretur
1633 3535 1794 3609 spirtus,
1816 3548 1852 3592 ex·

420 3633 539 3700 urlrrurrr,
556 3626 697 3695 ostendit,
715 3627 858 3705 quonism
875 3625 1000 3703 spiritua
1014 3621 1117 3681 huma·
1168 3637 1270 3697 presse
1285 3618 1427 3696 adjuncto
1442 3619 1573 3697 epitheto
1588 3623 1699 3680 suncti
1707 3665 1718 3695 ,
1741 3623 1772 3682 in
1786 3635 1852 3700 prat

418 3737 476 3781 urta
499 3739 558 3780 unu
582 3724 628 3777 ost
654 3712 847 3793 pbautssura,
875 3708 928 3772 ssd
951 3728 1022 3771 vers
1047 3706 1116 3768 sub·
1169 3704 1292 3765 cedente
1313 3724 1402 3765 versu
1424 3705 1529 3766 eodem
1552 3707 1646 3767 modo
1671 3706 1765 3769 luerit
1786 3702 1852 3767 inei

417 3805 548 3879 stsrrtlsr
582 3822 660 3886 quas
686 3798 813 3882 parinde
839 3797 928 3870 iacit,
952 3815 1024 3857 vere
1051 3813 1118 3854 esse
1167 3792 1279 3867 lectus;
1294 3812 1384 3852 versu
1399 3803 1499 3851 aurem
1514 3792 1560 3863 8.,
1577 3795 1650 3853 sine
1666 3793 1722 3853 illo
1739 3794 1852 3874 epithus

418 3892 582 3962 luurrlrrurrr,
599 3891 648 3951 cui
666 3887 802 3960 iuhrerit3
831 3892 937 3947 utnon
953 3881 1051 3943 solum
1066 3882 1117 3941 im·
1168 3880 1299 3959 pesitus,
1324 3879 1412 3939 aliter
1440 3879 1625 3957 accipiatur,
1657 3901 1716 3959 pre
1747 3882 1853 3941 human

417 3983 499 4064 plus,
521 3978 574 4041 red
600 3979 689 4040 etlsur
706 3975 816 4034 stultus
831 3973 870 4032 sir
885 3968 1034 4032 Basilides
1049 3988 1117 4028 cum
1168 3965 1283 4027 scilicet
1298 3966 1419 4044 spiritu,
1442 3966 1569 4026 materia
1592 3966 1680 4027 illius
1707 3988 1807 4029 sersus
1824 3968 1853 4026 itt

417 4067 495 4138 aula,
519 4068 570 4147 qul
594 4061 877 4144 argentariarum
901 4058 997 4118 luisse
1012 4076 1117 4116 serum
1168 4060 1317 4134 poscente,

416 4153 579 4225 introierant,
607 4153 739 4228 liupana,
766 4148 856 4209 luisse
879 4144 1028 4206 duntaxat
1049 4161 1116 4222 spe·
1211 4140 1315 4201 Restat
1330 4137 1442 4209 videre,
1458 4138 1611 4217 quomodo
1632 4139 1781 4220 Spiritus,
1795 4157 1853 4221 aqu

416 4251 527 4316 etrum,
558 4238 639 4321 querl
668 4237 796 4297 illuserit
822 4234 917 4294 oculis
940 4229 1116 4291 mortalium.
1168 4236 1200 4287 et
1222 4227 1342 4305 sanguis
1364 4232 1474 4286 testata
1498 4225 1559 4285 sint
1583 4245 1645 4287 seu
1669 4229 1852 4308 praesenta

416 4328 495 4392 Naar
527 4329 568 4388 lta
598 4324 637 4386 de
666 4321 802 4384 Basilido
837 4318 1048 4382 Tertullianus
1078 4313 1117 4375 ds
1157 4312 1274 4385 ,Jasnn
1300 4312 1389 4373 fuisse
1417 4319 1449 4372 et
1473 4330 1558 4384 esso,
1597 4315 1682 4375 sicut
1716 4336 1788 4378 vers
1811 4310 1853 4375 ud

415 4416 591 4499 prrrsaeript.
610 4406 1029 4491 esp.46.etEEpiphauius
1045 4403 1115 4463 hae·
1167 4401 1295 4471 Filium,
1322 4401 1364 4460 ita
1389 4399 1477 4459 etiam
1499 4417 1604 4459 serum
1631 4401 1796 4464 hominene
1825 4398 1854 4462 it

415 4504 474 4565 rorl
494 4506 553 4573 24,
569 4498 736 4582 paulopost
749 4497 812 4557 init
836 4495 875 4554 Et
886 4502 1013 4572 uterque
1024 4488 1116 4570 paulo
1168 4486 1287 4567 quidem
1303 4484 1451 4565 quemodo
1474 4485 1533 4546 hoc
1548 4487 1736 4563 probaverit
1750 4488 1852 4570 spiritu

437 4596 486 4651 ost
502 4588 601 4661 addit,
629 4584 713 4646 illum
731 4580 1008 4649 ethecdocuisse,
1036 4574 1115 4656 qood
1167 4573 1314 4635 humanus
1340 4572 1462 4634 Domini
1489 4592 1543 4632 suo
1571 4574 1674 4654 ipsius
1703 4598 1725 4637 a
1750 4588 1851 4655 serpes

415 4610 493 4740 deso
507 4666 921 4737 causanonsitsubeundunr
931 4664 1116 4744 martyrium.
1167 4660 1299 4722 discessu
1318 4661 1349 4720 in
1372 4660 1436 4738 ejus
1458 4666 1569 4732 morte,
1598 4665 1748 4740 proxime
1762 4662 1850 4724 dieta

459 4763 553 4826 l'orro
580 4780 619 4823 ex
642 4759 735 4819 variis
758 4756 846 4834 hujus
870 4750 1026 4833 Epistolae
1050 4769 1115 4810 seu·
1168 4757 1227 4822 est;
1244 4746 1282 4809 de
1297 4765 1378 4824 aqua
1391 4754 1424 4806 et
1437 4746 1588 4825 sanguiue
1606 4746 1784 4811 videndum.
1810 4747 1850 4808 l}

415 4850 527 4924 terrua,
543 4850 623 4911 sicut
636 4846 729 4907 etlam
747 4862 784 4903 ex
797 4863 825 4900 v.
841 4845 868 4901 7.
885 4841 969 4919 epist.
986 4841 1024 4911 2.,
1040 4837 1116 4897 satis
1168 4854 1229 4913 que
1243 4834 1403 4894 Dominum
1424 4829 1518 4894 inisse
1541 4842 1574 4893 et
1596 4855 1670 4897 esse
1695 4856 1796 4899 verum
1813 4833 1847 4894 h

510 4942 558 5014 st,
583 4934 661 4997 hanc
687 4930 859 5010 Epistulam
887 4929 999 4989 directe
1027 4923 1116 4983 scribi
1166 4922 1288 4991 minem,
1314 4937 1393 4997 aqua
1409 4927 1441 4978 et
1454 4921 1598 5000 sanguia,
1623 4941 1708 5002 quae
1725 4922 1764 4985 ds
1777 4922 1848 4986 latu

393 4951 981 5213 nance-trailludimpium
991 5010 1115 5093 tigmen-
1162 5010 1225 5090 jam
1240 5007 1348 5072 mortui
1361 5004 1514 5070 tiuxsmut
1533 5005 1585 5084 (da
1604 5007 1656 5072 his
1678 5012 1762 5076 urim
1778 5003 1846 5092 pus
