4442 5825
777 595 942 652 remorsu
957 596 998 653 so
1016 596 1181 652 umros.
1217 596 1301 654 rsus.
1321 599 1360 652 ιο.
1740 600 1787 670 95

372 788 449 845 reue,
470 773 655 852 promittens,
677 774 773 836 mines
792 775 958 836 intentans:
983 795 1043 837 non
1095 775 1211 856 prioris.
1233 773 1337 835 Vitem
1359 774 1441 834 enim
1463 774 1563 853 arguit
1584 772 1720 853 operatio
1743 772 1787 833 ri·

371 858 456 931 inm,
478 860 506 919 si
522 860 690 940 Apostolus
712 881 747 922 es
763 863 870 934 omnio,
894 881 974 942 quae
995 862 1044 922 hie
1095 862 1174 923 telio.

371 947 482 1007 'annun
497 954 529 1006 et
541 946 612 1009 Deo
626 950 752 1028 proprie
765 948 915 1021 ridentur,
930 949 1039 1010 edsori·
1137 951 1182 1010 Et
1203 947 1435 1025 penetrabilior
1456 949 1544 1007 omni
1564 947 1673 1022 plodio
1695 948 1787 1007 anei·

371 1033 542 1095 rtumoni
558 1035 629 1096 Dei.
1094 1037 1164 1111 piti.
1187 1035 1388 1097 Penotrabile
1409 1053 1463 1114 pro
1482 1034 1673 1113 penetrativa
1688 1033 1790 1114 ponit

1095 1123 1249 1203 interpres,
1270 1123 1423 1201 passivum
1438 1140 1492 1200 pro
1507 1124 1615 1196 eetivo,
1637 1128 1672 1180 ut
1686 1129 1717 1181 et
1730 1121 1788 1181 n·-

379 1203 461 1265 Txle
483 1207 583 1287 igitur
604 1214 667 1280 est,
693 1207 776 1287 quod
797 1206 884 1269 dieit:
915 1207 1042 1270 Studes·
1095 1211 1153 1270 tini
1175 1209 1338 1288 scriptores
1363 1206 1521 1269 interdum.
1552 1206 1670 1268 Graece
1685 1199 1789 1286 τομώ-

371 1310 403 1353 ιι
418 1291 544 1373 ingredi
559 1295 592 1354 in
606 1293 688 1354 illem
707 1295 860 1375 requiem
883 1293 1042 1357 eredemus
1095 1311 1196 1373 τερος,
1212 1294 1244 1355 id
1256 1304 1301 1356 est
1311 1297 1520 1375 penetrentior,
1534 1297 1632 1374 megis
1643 1293 1788 1355 incidens.

371 1377 428 1439 rba
444 1378 509 1439 Dei
524 1379 613 1440 uobis
629 1383 815 1453 annuntiato,
831 1402 869 1442 ne
882 1401 1040 1462 pereamus
1095 1380 1224 1443 Gladius
1246 1402 1372 1462 anceps,
1396 1380 1511 1442 Greeee
1534 1374 1689 1458 δίστομος,
1713 1390 1787 1442 um·

371 1484 401 1526 ι
422 1464 599 1527 inmednlis
631 1466 701 1528 Non
727 1468 804 1529 enim
831 1468 956 1529 verbum
982 1470 1041 1530 Dei
1094 1488 1186 1549 quem
1201 1468 1316 1529 hebone
1338 1468 1398 1529 duo
1414 1487 1476 1528 ore
1498 1466 1694 1549 componitur
1707 1469 1788 1531 enim

371 1566 415 1613 ne
427 1553 561 1614 minoris
576 1563 625 1614 est
638 1556 766 1628 vinetis,
782 1573 873 1634 quem
887 1554 947 1615 tait
961 1555 1040 1630 olim,
1094 1575 1130 1616 ee
1152 1575 1214 1616 vox
1237 1546 1299 1614 ἀπὸ
1314 1555 1368 1614 τοῦ
1384 1547 1550 1632 στόματος,
1572 1575 1632 1616 οοο
1655 1546 1718 1613 ἄπο
1736 1554 1788 1612 τοῦ

371 1636 497 1700 dsieut
521 1647 601 1702 tuno
624 1644 727 1702 omnis
749 1645 990 1718 praevaricatio
1011 1649 1041 1703 ot
1094 1634 1228 1720 τέμνειν,
1256 1641 1287 1703 id
1309 1650 1355 1702 eet
1376 1643 1415 1704 sb
1438 1660 1503 1714 ore,
1530 1661 1591 1703 non
1612 1640 1788 1714 essendo,

371 1724 566 1788 odedientia
584 1732 705 1803 juetam
720 1732 841 1805 aceepit
855 1730 1040 1790 remorto-
1093 1728 1345 1810 quemedmodum
1360 1729 1451 1790 Nilus
1474 1720 1669 1807 tardoropoc
1688 1727 1788 1788 dietus

371 1830 420 1889 n,
442 1814 490 1873 its
515 1824 546 1873 et
561 1833 641 1875 eune
663 1816 750 1877 nobis
765 1814 892 1889 recidet,
914 1818 941 1878 ei
963 1825 1039 1878 tan·
1093 1826 1147 1891 ort,
1163 1815 1246 1896 qnod
1261 1825 1379 1896 septem
1396 1816 1507 1877 hebeet
1521 1817 1605 1889 ostie,
1627 1816 1712 1877 velot
1725 1835 1787 1889 ore,

371 1916 403 1959 ι
416 1900 654 1976 uepkxerimue
667 1903 812 1978 misum,
835 1903 913 1964 siout
927 1902 1039 1965 dietum
1093 1903 1204 1984 quibus
1215 1922 1314 1984 ‘eques
1332 1923 1405 1965 sues
1429 1911 1550 1964 evomet
1565 1906 1595 1964 in
1608 1923 1701 1964 mere.
1728 1901 1788 1963 Vo-

371 1994 503 2067 trupre
525 2006 594 2068 esp.
619 1991 647 2049 2.
677 1989 724 2050 Its
750 1990 814 2050 fere
838 1990 936 2051 ioonm
960 1991 1040 2051 huno
1093 2010 1157 2050 cem
1171 1989 1249 2051 hene
1264 1983 1406 2069 δίστομον
1429 1999 1611 2070 usurparunt
1626 1990 1726 2052 Lxx.
1743 1991 1785 2050 in·

371 2070 510 2135 iheruut
534 2083 605 2154 poet
627 2074 871 2157 chrysostomum
897 2076 1038 2140 Theodo·
1092 2086 1237 2159 terpretos
1251 2076 1323 2139 Jud.
1340 2083 1378 2154 3.,
1394 2076 1505 2139 Pselm.
1524 2079 1594 2139 149.
1609 2087 1640 2138 et
1654 2076 1785 2139 Promo.

371 2168 419 2222 tu
443 2170 474 2222 st
493 2160 762 2243 Theophyieotus,
784 2175 816 2225 et
837 2167 914 2225 inter
933 2185 1037 2226 reeen-
1092 2185 1147 2245 pro
1168 2184 1244 2225 voce
1264 2164 1418 2238 Hebraea,
1440 2184 1520 2245 queo
1542 2163 1588 2238 id,
1612 2163 1691 2244 qnod
1714 2163 1786 2237 dixi,

371 2266 428 2309 eru
442 2246 614 2322 Hesselius,
636 2248 772 2311 Ademus
787 2259 817 2312 et
831 2260 933 2313 noster
947 2252 1038 2314 Gele-
1091 2252 1248 2333 signitiest
1279 2250 1367 2313 Unde
1389 2261 1435 2312 est
1456 2260 1487 2311 st
1509 2251 1564 2311 ills
1585 2251 1703 2331 phronis
1725 2251 1786 2311 He·

371 2352 405 2397 ιι
432 2334 490 2396 eui
519 2334 644 2416 quidem
670 2343 885 2401 eommonterio
910 2341 1038 2401 multum
1091 2338 1183 2400 bross
1204 2337 1345 2419 frequens
1365 2341 1396 2399 in
1418 2337 1592 2419 scripturis:
1618 2339 1786 2399 Pereuten

371 2420 561 2484 ntehilitetis
583 2422 701 2485 aceedit
721 2444 760 2486 ex
782 2424 851 2485 eliis
867 2427 1039 2508 Seripturao
1091 2428 1127 2488 ia
1150 2445 1204 2488 are
1223 2426 1332 2501 pladit
1358 2426 1511 2504 interpres
1533 2425 1675 2504 vulgetur
1697 2423 1785 2485 modo

371 2509 421 2582 ἡ
441 2510 496 2570 nbi
520 2509 659 2570 similiter
682 2511 774 2573 verbo
789 2511 850 2574 Dei
865 2513 1038 2576 tribuuntur
1091 2516 1185 2574 vertit
1198 2514 1382 2589 ancipitem,
1404 2510 1494 2573 modo
1510 2512 1679 2588 bicipitem,
1695 2509 1785 2572 modo

371 2612 475 2676 equae
487 2598 557 2658 Deo
569 2604 641 2657 sunt
652 2600 781 2679 proprie,
798 2599 957 2663 velutdos.
969 2601 1037 2661 55.:
1090 2608 1228 2679 utraque
1247 2608 1342 2675 parte
1361 2607 1498 2660 acutam.
1522 2598 1600 2661 Cum
1614 2607 1716 2661 eutem
1730 2599 1785 2660 hn-

371 2682 477 2745 'edum
502 2703 627 2758 meum,
649 2684 693 2745 eit
710 2684 872 2761 Dominus,
896 2707 964 2749 non
985 2707 1038 2748 re·
1086 2686 1222 2770 jusmodi
1243 2686 1362 2765 gladius
1377 2688 1416 2748 ed
1436 2682 1630 2748 dividendam
1645 2706 1681 2746 ee
1695 2704 1785 2765 psoe-

371 2777 479 2830 m
509 2772 555 2831 od
584 2789 633 2830 me
661 2789 816 2847 οοοοοοοι,
846 2775 901 2835 eod
928 2777 1036 2853 faeiat
1091 2775 1415 2853 trundumeptissimns
1427 2774 1475 2847 sit,
1488 2775 1593 2834 merito
1604 2774 1786 2853 eomprretio

371 2875 555 2936 sexumque
578 2857 687 2936 oolui5
717 2860 834 2921 Eerlos.
850 2861 894 2921 8.:
925 2863 1037 2937 Omne,
1090 2862 1129 2926 eb
1152 2882 1188 2924 eo
1211 2859 1391 2923 transfertur
1412 2858 1452 2920 ed
1474 2878 1639 2921 sermonem
1658 2859 1729 2940 Dei,
1749 2867 1786 2923 et

371 2945 423 3006 red
448 2947 607 3019 voluerit,
632 2947 747 3023 foetet,
774 2955 805 3007 et
826 2966 927 3009 emmo
949 2950 1038 3010 iliter
1087 2949 1320 3029 penetrabilior
1340 2952 1430 3010 omae·
1448 2948 1559 3024 plodio
1581 2950 1718 3025 ancipiti
1739 2947 1784 3009 di·

371 3037 491 3093 uotae
510 3035 628 3110 plenus
652 3040 714 3110 ert,-
738 3033 808 3113 Sep.
835 3039 899 3098 le:
923 3037 1037 3098 omns·
1090 3047 1184 3100 estur.
1810 3048 1812 3051 ’

371 3125 450 3180 m
463 3136 570 3180 termo
585 3126 659 3179 torte
670 3120 817 3182 corilione
828 3123 868 3183 de
879 3123 964 3184 eoeio
979 3130 1036 3183 ote.
1132 3123 1193 3185 Sed
1217 3122 1275 3183 hoe
1290 3122 1454 3202 epithetum
1479 3130 1579 3182 etrum
1594 3119 1634 3181 ed
1648 3121 1784 3181 notitim

371 3204 437 3266 uie
451 3214 501 3265 est
515 3214 547 3267 et
561 3204 647 3277 iilud,
664 3205 745 3285 quod
761 3207 893 3286 ejusdem
905 3209 957 3269 lib.
970 3229 1035 3289 oep.
1089 3211 1151 3272 Dei
1173 3208 1362 3269 referendum
1379 3210 1425 3283 sit,
1451 3228 1490 3267 an
1504 3227 1577 3268 vero
1592 3205 1633 3266 ed
1652 3208 1715 3269 vim
1731 3227 1784 3287 pu·

371 3293 389 3353 t
412 3289 528 3354 dieitur
554 3311 657 3354 sermo
682 3295 745 3356 Dei
773 3312 891 3356 sonore
917 3299 1035 3357 omnia
1088 3294 1208 3369 niendi,
1229 3315 1290 3355 non
1311 3297 1385 3355 sotis
1406 3296 1485 3355 inter
1507 3296 1694 3373 expositores
1716 3314 1784 3355 oon·

371 3377 433 3458 rius
447 3381 590 3459 seqnitur
603 3378 784 3460 explioetio:
815 3383 865 3443 Tu
885 3402 917 3443 es
939 3386 1035 3457 enim,
1088 3384 1181 3445 venit.
1213 3381 1294 3442 Sans
1321 3382 1440 3460 quidem
1465 3382 1571 3459 negoti
1591 3402 1652 3441 non
1673 3387 1783 3460 potest,

371 3469 487 3541 who,
512 3469 570 3546 qui
591 3469 677 3527 vitae
693 3474 723 3528 et
736 3470 848 3530 morte
868 3469 962 3530 habeo
973 3487 1037 3547 po·
1089 3473 1164 3552 quin
1179 3467 1218 3528 ad
1232 3469 1369 3529 notitiem
1391 3468 1543 3546 pertineat
1557 3474 1618 3526 tam
1632 3486 1702 3547 pers
1717 3468 1784 3539 iste,

371 3560 488 3616 Μ.
535 3552 679 3633 Ejusdem
710 3556 834 3615 rationis
870 3565 942 3617 sunt
979 3559 1036 3616 ists
1089 3553 1523 3639 quamsequenteo.1donim
1546 3552 1633 3613 uobis
1648 3552 1784 3614 doeleret

371 3637 447 3701 nh.
464 3640 532 3703 32:
561 3640 662 3702 Verbo
673 3641 808 3702 Domini
822 3643 900 3703 coeli
914 3643 1036 3720 firmati
1089 3645 1142 3707 ille
1166 3662 1237 3723 pers
1270 3652 1421 3714 extreme,
1452 3660 1514 3721 que
1539 3638 1784 3721 praecedentium

371 3734 426 3803 stt,
448 3735 480 3786 et
502 3729 535 3788 iu
556 3726 615 3788 heo
636 3728 703 3806 ipse
724 3727 872 3809 Epistola,
900 3750 965 3810 eep.
992 3733 1035 3790 1.:
1087 3731 1257 3793 obsonrites
1280 3728 1463 3810 explicetur:
1486 3730 1529 3790 Et
1550 3746 1618 3788 eoo
1644 3735 1689 3788 ert
1713 3727 1784 3789 ulla

371 3821 477 3874 masse
500 3818 611 3875 omnia
632 3813 727 3876 verbo
748 3817 877 3876 virtutis
891 3835 978 3892 reae,
1003 3826 1035 3877 et
1088 3824 1238 3880 semera
1267 3818 1435 3879 invisibilis
1463 3817 1499 3875 in
1525 3822 1692 3891 conspeetu
1717 3818 1785 3888 quse

371 3919 404 3980 tp.
431 3904 501 3961 11.:
540 3904 662 3977 Aptata
689 3902 816 3964 remla
843 3902 938 3964 verbo
963 3905 1034 3964 Dei.
1089 3914 1146 3967 ete.
1174 3902 1235 3965 Sed
1251 3911 1352 3964 temon
1367 3904 1458 3962 etiem
1474 3903 1662 3981 punitionem
1674 3902 1783 3962 etvin-

371 4003 425 4063 ,une
444 3989 549 4049 omnis
573 3988 777 4067 metonymioe
798 3989 967 4069 signifioent
990 3992 1033 4070 ip·
1088 3992 1199 4053 dietam
1214 3989 1383 4070 significari,
1399 3991 1474 4049 setis
1485 3990 1585 4049 innuit
1600 3990 1783 4069 eompxretio

371 4091 401 4136 Ι
412 4073 472 4135 Dei
488 4075 643 4156 loquentis
655 4093 692 4134 au
701 4075 835 4155 jubentis
848 4078 1034 4157 omnipoteu·
1088 4078 1192 4159 gladii,
1217 4077 1266 4136 eui
1278 4075 1420 4137 tribuitur
1431 4095 1497 4136 esse
1508 4075 1679 4156 ancipitem
1695 4074 1784 4136 Unde

371 4178 417 4221 mu
441 4160 541 4223 Juxte
555 4179 645 4243 quum
667 4163 811 4223 rationem
831 4162 928 4223 eidem
942 4163 1035 4225 verbo
1088 4172 1133 4226 est
1148 4162 1224 4225 iilud
1239 4164 1271 4223 in
1287 4162 1428 4223 Psalmis:
1454 4162 1562 4225 Gladii
1580 4164 1734 4238 ancipites
1747 4165 1783 4224 its

371 4249 398 4307 si
410 4250 614 4329 promittentis
629 4267 666 4308 ee
680 4250 824 4309 minantis
839 4250 970 4311 omnium
986 4270 1032 4309 oe·
1088 4251 1236 4313 manibus
1256 4268 1376 4323 comm,
1399 4250 1444 4309 ad
1464 4250 1651 4327 faciendam
1674 4249 1783 4312 vindi·

371 4333 619 4397 municimen
630 4338 844 4397 eonvenionter
854 4336 1034 4398 attribuitur.
1087 4346 1171 4399 etam
1185 4340 1222 4398 irs
1236 4337 1430 4398 notionibus.

371 4421 484 4504 eergo
497 4425 559 4484 Dei
573 4424 845 4497 eetmooioueest,
862 4431 891 4484 et
905 4423 1033 4501 effluere,
1130 4424 1189 4486 list
1209 4426 1301 4504 igiter
1321 4442 1419 4485 sermo
1441 4422 1503 4483 Dei
1525 4424 1633 4504 quorie
1659 4421 1783 4502 eneipiti

381 4521 436 4584 ut,
450 4529 514 4571 eon
528 4516 576 4570 eet
587 4511 701 4571 otiosus
713 4517 767 4570 eut
778 4511 905 4571 sotionis
917 4529 1034 4591 expers,
1087 4511 1190 4591 gladio
1206 4512 1426 4592 penetrentior3
1449 4512 1577 4591 primum
1601 4512 1672 4591 quir
1688 4510 1782 4580 Dour.

380 4615 429 4668 ι,
449 4615 533 4678 quse
546 4605 665 4657 mortus
679 4606 767 4673 sunt3
789 4617 850 4657 non
864 4606 911 4658 est
924 4599 1034 4673 irritus,
1088 4600 1139 4677 qui
1154 4598 1241 4658 nobis
1257 4597 1401 4677 loquitur,
1424 4596 1519 4658 oeulis
1542 4616 1616 4658 suos
1639 4596 1782 4676 cognitio·

371 4703 394 4746 u
407 4681 577 4746 trum-tm
589 4683 695 4744 affeetu
705 4702 768 4755 suo,
782 4684 1033 4763 quemadmodum
1087 4686 1134 4747 nis
1149 4686 1250 4745 omnia
1264 4692 1413 4764 penetret,
1429 4693 1459 4744 et
1472 4682 1512 4744 ed
1528 4684 1632 4744 intime
1648 4701 1783 4765 queoquo

371 4771 442 4834 *is
455 4770 563 4831 verbis
585 4789 676 4851 saepe
691 4771 852 4851 oontingit3
873 4770 927 4831 sed
946 4772 1033 4847 vivit,
1086 4770 1226 4852 persedit
1246 4770 1341 4831 multo
1359 4771 1465 4849 mugio,
1488 4788 1579 4849 quem
1594 4768 1714 4848 gladios
1729 4790 1780 4832 en·

384 4859 453 4920 vin
478 4873 565 4919 suem
593 4863 714 4918 exeroot
735 4858 766 4919 in
788 4856 948 4919 reddendis
970 4867 1032 4919 tem
1086 4877 1159 4939 ceps
1174 4862 1242 4919 soie
1264 4877 1320 4919 sue
1341 4866 1500 4938 penetrare
1522 4865 1616 4935 quest
1629 4875 1727 4939 usqne
1741 4856 1782 4917 ed

371 4947 493 5016 sniis,
522 4961 616 5023 quem
647 4943 806 5024 suppliciis
834 4946 1031 5006 oomminetis.
1085 4945 1224 5007 abstruse
1247 4945 1382 5021 viseerr3
1406 4952 1468 5004 tum
1491 4960 1563 5003 sero
1578 4942 1618 5004 ob
1633 4942 1666 5005 id
1680 4946 1781 5017 etiam,

371 5039 387 5094 t
405 5032 504 5115 igitur
521 5030 674 5112 posteriue
696 5031 864 5112 epithetum
879 5032 1030 5113 expositio
1085 5032 1425 5113 quietrxmgrseriones,
1435 5031 1630 5111 quantumvis
1639 5031 1781 5104 ooeultrt,
