4442 5825
393 561 467 629 sle
897 554 1323 613 mmmmmsncsm

391 731 470 792 catio
495 732 578 793 vocis
599 751 751 813 nusquam
776 731 970 795 contrabitur.
1006 731 1088 795 Sane
1140 732 1261 796 Deinde
1275 753 1333 795 nec
1346 732 1422 795 illud
1436 734 1562 814 proprie
1576 751 1685 795 rerum
1700 752 1735 795 es

392 819 488 880 sicubi
499 820 530 878 in
541 826 604 879 tota
615 819 770 900 Scriptura
785 821 965 882 vocabulum
976 822 1088 882 Bcro‘tb
1142 841 1197 881 sen
1212 829 1244 882 et
1259 821 1386 882 Paulum
1400 820 1439 882 ds
1454 819 1562 882 eadem
1580 839 1614 882 rc
1629 820 1726 901 loqui.

392 906 543 986 significat
554 907 642 982 idom,
655 907 738 988 qnod
749 915 985 984 testamentum,
1001 915 1089 968 erunt
1140 908 1243 970 Moses
1253 907 1293 969 de
1303 909 1397 969 veteri
1408 914 1590 970 tentamento
1602 907 1736 990 loquitu

390 994 494 1074 utiquo
508 1013 546 1054 ea
559 994 642 1067 loca,
663 1014 744 1075 quae
765 997 796 1056 in
818 996 877 1057 bac
890 993 1032 1075 Epistola
1047 995 1087 1056 ci·
1141 994 1189 1056 lus
1204 994 1243 1056 dc
1257 1014 1344 1056 novo.
1367 994 1444 1056 Sunt
1457 1001 1557 1055 autem
1567 993 1647 1056 baec
1663 1003 1736 1057 teste

391 1087 509 1153 tantur,
525 1087 556 1141 st
569 1079 608 1142 ad
625 1101 706 1160 quae
720 1084 843 1163 respicit
857 1082 1029 1163 Apostolus,
1048 1102 1087 1143 cx
1140 1101 1174 1142 re
1188 1080 1346 1155 distincta,
1369 1081 1441 1142 licet
1461 1089 1551 1143 retus
1571 1079 1612 1144 ad
1634 1103 1736 1144 nomn

391 1175 568 1228 testamento
584 1167 699 1230 ducens
714 1177 933 1248 argumentum,
946 1169 1088 1233 videlicet
1140 1177 1239 1242 ratur,
1255 1177 1289 1229 ut
1303 1167 1513 1251 imperfectum
1528 1167 1568 1230 ad
1582 1169 1736 1250 perfectus

391 1253 568 1318 irrumet.
586 1255 800 1317 etEmdM.
837 1255 874 1317 Id
897 1264 998 1319 autem
1020 1277 1087 1319 esse
1183 1256 1252 1317 Non
1267 1255 1390 1337 quidem
1400 1275 1555 1336 negamus,
1572 1265 1664 1319 osma
1679 1265 1736 1319 teat

389 1351 509 1422 praeter
529 1349 657 1403 mentem
675 1344 872 1424 Hieronymi,
900 1353 1030 1418 constat,
1052 1352 1086 1404 nt
1140 1352 1205 1404 tum
1219 1341 1372 1406 interdum
1386 1343 1490 1404 vocari
1500 1345 1736 1420 promissivam

391 1429 443 1508 qui
459 1437 590 1509 utroque
604 1429 669 1490 loco
685 1431 886 1493 transtulerit:
905 1432 1087 1509 foedarant
1139 1430 1305 1508 reditato's3
1331 1429 1387 1491 sed
1401 1429 1693 1511 notatissimum,
1708 1451 1736 1513 qo

387 1523 521 1593 pectam
529 1561 540 1592 ,
555 1536 615 1577 non
630 1524 860 1581 testamentum.
883 1517 987 1593 Adde,
1003 1517 1087 1600 quod
1140 1516 1324 1579 haereditate
1335 1516 1516 1597 generaliter
1525 1516 1609 1598 loqui
1623 1518 1726 1594 solet3

390 1611 421 1663 et
435 1603 487 1665 alii
503 1604 668 1665 doctissimi
690 1605 803 1686 quique
822 1607 1004 1686 interpretes
1026 1625 1103 1671 non,
1139 1603 1300 1665 admodum
1330 1603 1514 1666 ostendimus
1542 1602 1583 1664 ad
1611 1603 1691 1667 illud
1720 1625 1736 1666 c

389 1688 481 1750 aliter
507 1710 572 1751 sam
598 1711 715 1768 vocem,
741 1693 922 1774 ubicumque
949 1695 1086 1773 positam,
1139 1692 1228 1772 hujus
1243 1692 1420 1771 Epistolae:
1436 1693 1736 1772 Qumucomtitudl

389 1775 594 1838 reddiderunt
1139 1779 1209 1840 dem
1222 1780 1457 1841 astomorum.
1480 1777 1735 1859 Nequeenimcc

433 1862 499 1924 Alii
519 1864 720 1946 respondent,
745 1867 866 1927 tametm
891 1867 1002 1928 Restm
1026 1886 1087 1927 non
1139 1865 1334 1928 baereditatis
1348 1866 1505 1946 promissio
1520 1875 1610 1927 retus
1625 1875 1736 1929 testam

391 1950 474 2013 aliud
488 1951 654 2033 significet,
669 1971 758 2033 qnam
772 1961 904 2030 pactum
919 1955 950 2014 in
965 1971 1087 2033 genere,
1139 1953 1212 2025 tuit,
1239 1951 1295 2015 ssd
1320 1962 1473 2029 temnas,
1503 1972 1597 2033 quam
1627 1964 1661 2014 ot
1690 1975 1736 2034 prs

391 2040 468 2099 satis
497 2049 598 2100 tamen
627 2059 665 2100 ex
694 2041 923 2102 circumstantiis
951 2038 1087 2119 intelligi,
1135 2042 1225 2120 juxta
1238 2038 1323 2114 illud,
1338 2038 1421 2120 qnod
1435 2039 1476 2101 ds
1490 2041 1591 2120 regnis
1607 2038 1735 2104 chenu

391 2125 496 2187 Mosen
511 2125 611 2187 Exod.
629 2131 679 2189 24.
695 2125 761 2207 (qui
783 2128 867 2189 locus
881 2125 932 2188 bic
947 2129 1087 2189 continno
1139 2137 1189 2188 tur
1203 2125 1313 2189 Psalm.
1332 2128 1419 2189 134.:
1434 2128 1478 2188 Et
1492 2126 1580 2187 dedit
1595 2135 1736 2189 terrem·

392 2221 461 2293 post
482 2212 606 2287 citatur)
628 2236 687 2276 non
714 2235 807 2295 agere
831 2214 871 2276 de
893 2233 1088 2296 quocumque
1139 2213 1385 2290 haereditatem,
1411 2214 1638 2275 haereditatem
1655 2218 1736 2278 torm

391 2309 489 2381 pacto,
505 2299 560 2362 aad
575 2300 614 2362 de
629 2321 674 2374 eo,
690 2301 773 2382 quod
787 2310 926 2364 mortest
940 2303 1088 2384 sanguino
1136 2302 1218 2379 pulc
1232 2319 1299 2364 mc.
1333 2300 1437 2381 Quare
1449 2321 1507 2362 nec
1522 2320 1560 2363 ex
1575 2321 1627 2376 so,
1652 2303 1736 2383 qaod

391 2386 588 2451 confirmatur.
611 2388 689 2450 Nam
704 2392 862 2470 sanguinis
876 2390 1025 2464 mem‘nrit,
1043 2386 1088 2449 di·
1141 2396 1262 2470 pactum
1276 2390 1411 2449 continet
1429 2388 1658 2469 promissionem
1673 2390 1736 2453 hau

391 2494 478 2536 cens:
516 2477 578 2537 Hic
606 2484 650 2537 cat
678 2479 809 2553 scopata
842 2478 1000 2555 foederis,
1037 2476 1087 2537 ubi
1140 2478 1195 2547 tis,
1236 2477 1371 2556 sequitur
1404 2477 1586 2537 testamenti
1617 2479 1736 2558 proprie

390 2562 506 2623 m:
536 2564 599 2624 Hic
622 2567 752 2640 amosis
776 2566 965 2626 tentamenti.
1004 2563 1089 2624 Sicut
1141 2561 1292 2644 quomodo
1306 2562 1357 2623 bic
1371 2564 1533 2643 recipitur,
1548 2564 1578 2624 ei
1593 2566 1736 2625 convenir

392 2657 493 2708 antam
508 2656 596 2709 vetus
611 2649 688 2711 illud
710 2660 827 2730 pactum
851 2653 882 2712 in
897 2651 1043 2730 sangnine
1058 2658 1089 2711 st
1185 2648 1328 2710 Nondum
1342 2650 1433 2729 igitur
1452 2659 1597 2731 apparet,
1623 2671 1736 2732 quomo

392 2745 488 2796 morte
501 2736 647 2816 pecudum
662 2738 812 2799 sancitum
827 2746 887 2808 est,
914 2746 949 2799 nt
969 2737 1027 2798 bac
1041 2757 1087 2797 ra·
1142 2737 1204 2797 leat
1218 2739 1438 2816 argumentatio
1453 2737 1557 2813 Pauli,
1583 2758 1648 2818 qna
1669 2759 1736 2801 exn

392 2823 476 2883 tione
500 2842 561 2883 non
586 2823 716 2884 absurde
741 2831 964 2886 tentamentum
986 2824 1088 2884 vocari
1141 2827 1312 2886 testamenti
1341 2824 1456 2903 colligit
1487 2828 1701 2887 necessitatem

392 2910 541 2989 potnerit:
563 2910 607 2971 ita
620 2931 747 2985 novum,
768 2913 924 2993 inquiunt,
946 2911 1090 2993 propriis·
1143 2908 1263 2973 Christi.
1285 2910 1378 2993 Quae
1392 2930 1485 2973 cauas
1499 2910 1559 2973 tuit
1572 2914 1734 2976 Melcbiori

393 3001 469 3059 sime
483 3006 704 3061 morantem
722 2998 843 3075 dicitur,
866 3021 902 3061 eo
925 2998 1021 3079 quod,
1046 3000 1089 3060 in·
1143 2998 1196 3059 lib.
1212 3002 1241 3060 2.
1264 2999 1303 3061 de
1324 3000 1399 3061 locia
1415 2999 1524 3060 'l'beol
1547 3021 1613 3082 cap.
1635 3007 1703 3076 ll.,
1728 3023 1736 3061 r

392 3085 563 3148 terccdente
591 3095 686 3147 morte
715 3090 881 3163 tentatorie,
910 3087 1023 3149 iactum
1051 3089 1092 3148 sit
1142 3087 1200 3147 bac
1215 3107 1248 3147 re
1263 3088 1343 3168 agit,
1369 3094 1404 3145 ut
1418 3086 1537 3149 tandem
1558 3087 1736 3162 dicarem

393 3182 490 3236 ratum
506 3182 537 3236 et
549 3172 695 3234 validum.
1143 3175 1203 3235 lum
1226 3174 1257 3234 in
1278 3175 1399 3236 nomino
1412 3174 1564 3236 Hebraico
1584 3175 1736 3258 ludcuep«

438 3261 500 3322 Alii
516 3260 584 3338 plns
600 3260 755 3341 adjiciunt,
770 3260 915 3336 dicentes,
932 3260 1089 3323 decadem
1142 3262 1305 3323 Rhetornm
1319 3281 1407 3335 more,
1423 3270 1599 3324 etrocema
1614 3266 1736 3344 proprie

393 3368 426 3409 re
448 3348 532 3429 loqui
550 3348 657 3410 Mosen
686 3358 717 3409 et
741 3349 885 3423 Paulum,
912 3350 1027 3411 scilicet
1051 3349 1090 3410 de
1143 3349 1230 3408 ficato
1251 3349 1290 3409 ad
1314 3349 1508 3430 improprium
1527 3350 1658 3413 flectere
1689 3352 1735 3414 Di

393 3444 485 3517 pacto
496 3434 617 3498 danda
631 3435 842 3508 haereditatis,
869 3458 949 3517 qnae
963 3458 1022 3498 non
1037 3436 1088 3497 eb·
1143 3446 1219 3496 tem:
1244 3439 1279 3496 in
1294 3440 1425 3498 momine
1439 3437 1618 3511 Hebraico,
1642 3439 1728 3520 qnod

392 3526 493 3597 venit,
518 3525 577 3584 nisi
603 3532 674 3601 post
699 3532 823 3585 mortem
849 3527 1018 3601 testatoris3
1053 3544 1090 3584 ac
1142 3530 1220 3596 mot,
1247 3533 1281 3584 ut
1296 3525 1396 3584 etalii
1411 3523 1496 3584 multi
1517 3527 1670 3600 sentiunt,
1693 3527 1736 3588 Hc

394 3611 522 3672 Paolum
538 3611 662 3690 quidem
685 3613 797 3691 apertis
816 3611 918 3673 verbio
934 3611 967 3673 id
980 3631 1089 3691 agere3
1142 3612 1285 3691 scriptam
1302 3610 1380 3671 hano
1394 3611 1575 3690 Epistolam.
1613 3612 1691 3675 (lum
1707 3634 1736 3676 cr

392 3697 497 3759 Mosen
513 3718 584 3759 vero
598 3699 725 3760 obscure
739 3719 776 3760 ac
794 3700 899 3779 typice
914 3700 1089 3779 sangninem
1141 3699 1266 3759 istorum
1288 3699 1362 3758 satis
1383 3700 1425 3758 sit
1443 3698 1483 3757 ad
1505 3697 1669 3761 tollendam
1684 3701 1736 3763 difl

393 3787 559 3865 aspersisse
580 3788 612 3847 in
637 3786 799 3867 populum,
826 3787 879 3864 qui
904 3786 1001 3862 figura
1023 3794 1090 3847 erat
1141 3793 1214 3859 tom,
1230 3784 1399 3857 videndum,
1414 3789 1548 3864 possitne
1562 3786 1638 3866 qnid
1653 3789 1736 3868 probo

393 3874 549 3952 sanguinis
574 3873 684 3936 Christi
714 3894 768 3953 pro
797 3873 883 3934 nobis
909 3871 1088 3934 effundendi.
1143 3871 1261 3933 adferri.

392 3957 454 4020 Sed
479 3963 539 4021 ncs‘
560 3959 618 4022 hae
642 3962 852 4041 responsiones
881 3959 1089 4022 difficultatem
1186 3957 1278 4039 Qutod
1294 3969 1327 4019 ut
1342 3961 1409 4032 fiat,
1426 3960 1552 4039 primum
1566 3969 1683 4036 statuo,
1699 3983 1736 4044 qu

392 4046 565 4126 expediunt
602 4050 680 4109 Nam
701 4048 816 4110 Paulus
841 4050 873 4109 in
899 4049 997 4109 verbio
1023 4048 1088 4126 jam
1143 4055 1215 4126 puto
1231 4047 1302 4105 satis
1316 4047 1347 4108 in
1363 4047 1580 4128 prolegomenis
1599 4047 1736 4112 docuisse

393 4134 549 4213 explicatis
563 4156 623 4197 uon
646 4144 873 4217 argumentatur
895 4156 934 4197 ex
956 4156 988 4196 re
1002 4144 1090 4216 gesta
1143 4135 1204 4194 lum
1228 4132 1345 4193 Graece
1376 4133 1453 4194 hanc
1474 4134 1647 4212 Epistulam
1673 4138 1735 4215 scri}

392 4241 447 4302 per
460 4221 580 4296 blo'scn,
607 4226 695 4303 cnjus
718 4224 816 4284 adbuc
837 4244 897 4284 non
919 4223 991 4284 fecit
1009 4242 1088 4282 men·
1142 4241 1202 4281 non
1225 4220 1392 4296 Hebraice3
1419 4230 1450 4280 et
1472 4219 1596 4300 proinde
1618 4227 1736 4285 usnmt

391 4310 520 4382 tionem,
536 4310 590 4370 ssd
606 4331 643 4371 ex
659 4310 808 4374 vocabulo
824 4321 857 4370 ct
871 4310 1090 4391 significatione
1143 4307 1290 4367 vocabulo
1306 4301 1460 4386 διαθήκη,
1478 4330 1538 4368 non
1553 4310 1709 4373 Hebraico
1723 4314 1736 4374 l

392 4401 572 4458 testamenti
579 4421 591 4474 ;
608 4401 748 4477 quamvis
761 4400 828 4460 huic
838 4397 1008 4479 probationi
1019 4415 1089 4456 mox
1144 4396 1245 4474 Atque
1269 4414 1307 4455 ca
1331 4395 1361 4454 in
1384 4414 1418 4454 re
1442 4406 1577 4456 secutum
1600 4397 1698 4472 (sicut
1721 4415 1736 4458 a

393 4485 483 4546 aliam
514 4484 693 4566 subjungat,
724 4507 762 4547 cx
788 4506 824 4547 eo
846 4485 980 4556 scilicet,
1008 4481 1089 4562 quod
1143 4478 1292 4561 sequitur)
1308 4481 1409 4542 Lxx
1425 4482 1620 4562 interpretes,
1644 4485 1736 4565 quiE

392 4570 548 4652 Scriptura
571 4582 674 4634 namet
695 4594 714 4634 a
735 4575 818 4635 Mose
841 4573 951 4633 factum
974 4573 1005 4632 iu
1021 4590 1089 4630 con·
1143 4589 1210 4629 cnm
1226 4570 1336 4630 Beritb
1355 4568 1469 4648 ubique
1484 4578 1608 4631 vomunt
1624 4572 1656 4632 in
1681 4568 1736 4633 dtm

392 4658 562 4720 firmatione
590 4662 703 4720 veteris
734 4661 825 4738 pacti.
869 4658 962 4738 Quod
991 4659 1090 4738 ipsum
1143 4656 1173 4717 id
1190 4665 1236 4716 est
1248 4655 1363 4734 [cedas
1378 4656 1409 4715 in
1425 4664 1656 4719 testamentum.
1695 4660 1736 4741 Q!

392 4752 506 4820 umen,
521 4747 579 4807 etsi
590 4748 737 4807 sancitum
749 4749 779 4807 in
794 4749 956 4826 sangnine,
971 4745 1090 4825 proprio
1144 4744 1222 4804 enim
1240 4734 1393 4821 διαθήκη,
1416 4745 1443 4802 si
1458 4745 1541 4805 vocis
1556 4754 1682 4826 etymon
1695 4754 1736 4808 att

391 4837 601 4893 manentum
616 4854 676 4895 non
698 4832 771 4906 tuit,
794 4833 866 4911 qnia
887 4842 984 4894 morte
999 4838 1087 4892 testa·
1143 4850 1202 4891 non
1217 4831 1285 4911 plus
1307 4841 1410 4902 sonet,
1437 4850 1529 4911 quam
1551 4831 1736 4913 disposition

392 4917 466 4977 toria
492 4920 615 4981 minime
638 4920 862 4995 confirmatum
890 4918 922 4980 id
945 4918 1028 5000 quod
1050 4917 1090 4980 ad
1143 4918 1226 4999 apud
1240 4926 1378 4979 auctores
1394 4917 1528 4979 Graecos
1543 4920 1736 4996 interdum}

393 5006 566 5067 mamone
599 5007 747 5071 ratiomr
784 5006 881 5087 exigit
914 5004 1088 5091 Apostolus.
1142 5013 1219 5067 teste
1243 5006 1276 5067 in
1304 5007 1525 5068 commentariis
1550 5006 1675 5091 linguae
1698 5007 1736 5074 Gt
