4442 5825
522 1407 786 1549 tritium
830 1408 992 1550 titii
1035 1408 1259 1547 turmis
1304 1409 1577 1554 tritium
1624 1413 1819 1554 iiiut.

914 1882 1108 1968 stiur
1155 1882 1413 1971 Pitinum

545 2035 644 2122 Quod
670 2037 733 2104 fuit
760 2035 803 2102 ab
826 2037 932 2122 initio,
961 2035 1050 2123 quod
1072 2035 1268 2121 audivimus,
1298 2038 1387 2125 quod
1413 2040 1556 2108 vidimus
1585 2043 1694 2109 oculis
1722 2035 1875 2122 nostris¹t

442 2141 531 2230 quod
557 2144 808 2229 perspeximus,
845 2147 879 2207 et
915 2159 1031 2206 manus
1057 2146 1192 2206 nostrae
1221 2147 1513 2211 contrectaverunt
1542 2145 1583 2211 de
1610 2144 1719 2213 verbo
1750 2149 1836 2214 vitae
1848 2136 1875 2227 ²),

442 2247 475 2312 2.
504 2253 539 2312 et
565 2247 636 2313 vita
662 2245 875 2314 manifestata
904 2251 964 2330 est,
993 2250 1027 2310 et
1048 2243 1190 2311 vidimus
1212 2250 1246 2310 et
1270 2249 1439 2328 testamur,
1469 2255 1503 2315 et
1531 2254 1771 2319 annuntiamus
1797 2249 1876 2316 vobis

440 2351 543 2417 vitam
572 2355 759 2438 aeternam,
797 2369 882 2439 quae
911 2354 983 2417 erat
1018 2348 1108 2435 apud
1135 2348 1291 2434 Patrem,
1329 2356 1363 2415 ot
1399 2355 1554 2439 apparuit
1582 2352 1701 2438 nobis,
1742 2357 1777 2421 3.
1806 2352 1877 2443 quod

441 2454 583 2521 vidimus
611 2461 646 2521 et
673 2454 869 2541 audivimus,
899 2453 1130 2520 annuntiamus
1157 2451 1264 2538 vobis,
1293 2459 1330 2521 ut
1357 2461 1392 2521 et
1419 2475 1479 2521 vos
1506 2458 1705 2524 societatem
1739 2458 1878 2526 habeatis

439 2559 629 2644 nobiseum,
666 2565 699 2625 et
726 2560 872 2625 societas
909 2563 1024 2623 nostra
1051 2557 1094 2622 sit
1132 2575 1205 2622 cum
1233 2556 1354 2641 Patro,
1392 2565 1427 2625 et
1462 2578 1535 2626 curn
1562 2561 1651 2627 Filio
1682 2566 1778 2648 ejus,
1810 2563 1878 2630 Jesu

440 2662 584 2730 Christo.
627 2665 662 2727 4.
690 2663 734 2729 Et
763 2664 846 2729 haec
874 2659 1050 2728 scribimus
1076 2658 1183 2746 vobis,
1212 2666 1248 2727 ut
1277 2661 1464 2749 gaudeatis,-
1493 2669 1526 2730 ct
1553 2665 1714 2750 gaudium
1747 2673 1877 2733 vestmn

440 2768 483 2833 sit
509 2767 643 2853 plenum
656 2755 693 2847 ³).
750 2767 783 2833 5.
811 2765 856 2831 Et
882 2766 967 2830 haec
1002 2769 1052 2830 est
1079 2764 1307 2848 annuntiatio,
1344 2784 1441 2854 quam
1471 2767 1658 2835 audivimus
1687 2768 1734 2836 ab
1764 2791 1823 2856 eo,
1852 2775 1878 2836 et

440 2872 671 2937 annuutiamus
697 2868 813 2936 vobis:
852 2866 1014 2953 Quoniam
1041 2867 1136 2934 Deus
1162 2867 1221 2935 lux
1248 2873 1310 2955 est,
1339 2875 1373 2937 et
1400 2869 1559 2938 tenebrae
1588 2872 1621 2938 in
1651 2892 1693 2939 eo
1722 2895 1791 2941 non
1817 2879 1878 2942 sunt

437 2974 539 3041 ullae.
596 2977 629 3041 6.
666 2973 702 3041 st
729 2973 930 3041 dixerimus:
971 2970 1135 3057 Quoniam
1169 2971 1365 3039 societatem
1393 2973 1554 3043 habemus
1583 2995 1658 3043 curn
1688 2970 1761 3063 Eo,
1799 2980 1878 3045 etin

441 3078 590 3146 tenebris
617 3077 841 3161 ambulamue3
870 3077 1056 3161 mentimur,
1084 3081 1120 3141 ct
1146 3075 1321 3142 veritatem
1350 3098 1415 3145 non
1442 3078 1590 3145 factmus.
1651 3084 1684 3149 i.
1714 3080 1754 3148 Si
1782 3089 1878 3149 auca

440 3183 475 3250 in
499 3184 575 3250 luce
603 3180 829 3265 ambulamus,
869 3181 956 3246 sicut
983 3184 1018 3247 et
1043 3179 1120 3266 Ipse
1149 3184 1201 3245 est
1227 3180 1261 3245 in
1288 3181 1383 3268 luce,
1420 3185 1615 3249 societatem
1652 3182 1822 3254 habemus
1845 3183 1878 3250 ad

438 3288 592 3372 invicem,
622 3292 656 3352 et
683 3285 818 3371 sanguis
844 3283 929 3352 Jesu
957 3282 1100 3368 Christi,
1127 3283 1205 3349 Filii
1233 3286 1315 3369 ejus,
1345 3285 1502 3353 emundat
1528 3306 1587 3352 nos
1615 3285 1661 3353 ab
1691 3291 1785 3356 omni
1810 3309 1878 3378 pee-

440 3396 526 3457 cato.
582 3392 615 3457 8.
658 3387 693 3456 st
735 3389 933 3455 dixerimus:
976 3385 1140 3472 Quoniam
1180 3394 1357 3475 peccatum
1396 3409 1462 3456 non
1499 3388 1684 3477 habemus,
1728 3396 1796 3481 ipsi
1831 3411 1879 3460 nos

439 3494 647 3579 seducimus,
688 3498 723 3560 et
757 3492 882 3559 veritas
917 3493 951 3557 in
984 3487 1081 3556 nobis
1120 3510 1187 3556 non
1223 3499 1284 3557 est.
1341 3492 1374 3558 9.
1416 3491 1452 3559 Si
1488 3494 1708 3562 confiteamur
1751 3503 1879 3584 peccata

439 3605 564 3683 nostra,
594 3596 701 3663 fidelis
729 3604 780 3662 est
802 3602 837 3663 et
858 3598 981 3681 Justus,
1008 3598 1046 3659 ut
1073 3596 1222 3660 remittat
1236 3593 1332 3661 nobis
1345 3602 1489 3681 peccata
1515 3603 1640 3683 nostra,
1670 3606 1708 3666 et
1737 3600 1880 3669 emundet

438 3722 499 3769 nos
525 3700 568 3767 ab
596 3701 683 3767 omni
722 3700 907 3788 iniquitate.
965 3699 1022 3764 10.
1063 3695 1100 3762 st
1127 3697 1324 3784 dixerimus,
1366 3702 1518 3788 quoniam
1559 3721 1623 3767 non
1666 3707 1879 3790 peccavimus

439 3805 631 3874 mendacem
664 3804 803 3872 iacimus
829 3803 933 3889 Eum,
971 3806 1005 3869 et
1037 3799 1177 3867 verbum
1203 3802 1285 3886 EJus
1319 3822 1385 3869 non
1413 3810 1463 3872 est
1490 3804 1524 3870 in
1549 3803 1661 3872 nobis.

919 4162 1123 4236 saturatur!
1146 4162 1274 4233 uirtute
1295 4165 1402 4233 tutin

443 4292 523 4344 Docet
547 4296 573 4343 et
598 4296 720 4354 testatur,
744 4290 833 4342 fitium
860 4290 905 4342 Dei
932 4294 1065 4344 aeternum
1089 4291 1114 4341 in
1139 4292 1256 4352 tempore
1283 4290 1439 4352 apparuisse.
1481 4290 1560 4341 Deum
1586 4291 1673 4356 iucem
1699 4305 1773 4352 csse:
1797 4301 1821 4347 et
1841 4305 1878 4345 oo<
1922 4281 1924 4288 ’

546 4360 670 4413 societate
697 4371 754 4410 cum
779 4371 809 4411 eo
838 4360 972 4422 conjungi,
1000 4360 1021 4410 si
1040 4360 1065 4409 tn
1083 4360 1140 4413 lure
1165 4357 1333 4411 ambutemus.
1369 4358 1501 4411 Neminem
1528 4372 1587 4411 esse
1608 4362 1668 4413 sine
1694 4369 1820 4427 peccato:
1842 4373 1879 4425 pet

548 4430 675 4482 Christum
696 4434 781 4480 autem
800 4433 906 4491 peccata
923 4430 1025 4481 remitti.

487 4542 515 4597 1.
539 4537 631 4616 Quod
650 4537 717 4614 fuit
738 4536 779 4595 ob
802 4538 904 4595 initio.
928 4536 1038 4616 Incipit
1065 4537 1137 4615 Epi·
1193 4535 1281 4595 Pauli
1303 4533 1341 4594 ad
1356 4534 1522 4594 Hebraeos.
1546 4537 1652 4615 Hujus
1673 4542 1718 4601 rei
1743 4545 1877 4602 rationem

446 4622 552 4684 stolam
578 4624 694 4703 absque
717 4621 906 4694 salutatione,
930 4641 986 4681 nec
1002 4642 1055 4682 suo
1071 4624 1137 4702 qui·
1193 4622 1273 4702 quod
1297 4621 1334 4679 ad
1365 4631 1554 4700 praesentem
1578 4625 1755 4704 Epistulam
1778 4631 1877 4693 attinet

444 4709 510 4770 dem
537 4710 672 4789 praefixo
699 4709 830 4769 nomine.
866 4707 957 4787 Quod
983 4718 1139 4789 utrumque
1192 4708 1243 4768 alii
1269 4707 1358 4768 aliam
1381 4706 1518 4767 reddunt
1556 4711 1604 4771 Ea
1628 4714 1719 4775 nobie
1742 4716 1876 4797 probatu.
1922 4735 1924 4754 ²

442 4815 597 4858 commune
610 4804 656 4856 eet
667 4796 738 4857 hnic
750 4794 908 4875 Epistolae
920 4815 987 4854 oum
999 4795 1140 4874 Epistola
1193 4795 1272 4876 qnod
1287 4795 1443 4855 exordium
1459 4812 1534 4855 auae
1546 4797 1727 4863 Catholicae
1738 4800 1877 4883 uptote

550 4976 574 5044 ¹)
589 4979 664 5032 totu.
685 4981 724 5043 ts,
741 4980 783 5031 85.
819 4974 978 5042 ¹)Joan.1.
1013 4972 1038 5040 ³)
1054 4976 1130 5029 ioan.
1152 4979 1192 5041 15,
1213 4978 1251 5028 tt.
