4442 5825
425 615 516 681 :rot
962 600 1198 656 couuemsnms
1217 599 1331 655 nclr.
1347 600 1376 654 ιι.

447 746 633 844 vendam
658 779 777 840 hebens
796 799 816 839 u
837 782 965 853 Sancto,
993 777 1023 838 id
1048 787 1136 839 estu
1188 781 1219 838 in
1245 779 1417 840 memoriam
1445 775 1535 839 vobis
1560 797 1716 839 revocans
1743 796 1795 851 ea,
1819 796 1878 858 quse

441 868 574 939 Christo,
601 869 674 947 quia
701 869 803 927 unctio
827 869 1007 947 participata
1035 867 1072 925 ab
1100 886 1135 926 eo
1188 868 1280 941 scitis,
1303 874 1338 925 ut
1359 867 1478 925 veritati
1501 873 1676 946 perceptae
1697 864 1822 925 firmiter
1840 865 1876 925 sd·

441 954 610 1026 descondit,
631 955 684 1033 qui
707 964 816 1013 unctus
839 964 883 1014 est
905 975 977 1034 prae
998 953 1136 1014 omuibus
1188 953 1346 1014 haereatis.

441 1041 629 1102 consortibus
650 1042 727 1117 suie3
755 1060 810 1102 nec
832 1051 941 1102 unctus
961 1040 1136 1119 simpliciter
1232 1043 1276 1102 Et
1289 1043 1367 1117 quio
1383 1057 1477 1100 omne
1487 1039 1703 1099 mendacium
1716 1057 1757 1100 ca
1769 1042 1879 1100 ventur

441 1131 578 1202 Sanctus,
596 1129 650 1189 sed
666 1128 793 1188 Sanctus
810 1129 998 1200 Sanctorum,
1017 1128 1058 1187 uti
1075 1128 1133 1186 lla·
1188 1146 1256 1190 non
1271 1134 1325 1188 cst.
1349 1124 1486 1186 Clarius:
1501 1128 1708 1206 Etscicpter,
1725 1127 1812 1203 qnod
1821 1128 1881 1186 nsi·

441 1216 505 1275 niel
520 1224 661 1291 testatum
684 1224 718 1275 ut
739 1217 791 1295 qui
810 1216 939 1294 Spiritus
962 1217 1133 1274 unctionem
1189 1215 1254 1276 inm
1271 1214 1475 1275 menducium
1491 1232 1530 1275 co·
1546 1217 1689 1275 veritate
1705 1217 1758 1273 sit.
1786 1212 1881 1273 Pendet

441 1303 592 1381 acceperit
613 1303 728 1381 absque
743 1321 892 1375 mensura,
916 1299 1134 1380 propterquod
1189 1304 1264 1361 enim
1281 1320 1379 1373 exeo,
1397 1300 1479 1380 quod
1495 1299 1592 1362 dixit:
1618 1300 1805 1363 scientibus
1818 1318 1881 1360 eurr.

440 1391 531 1449 etiam
561 1390 794 1449 antonomastice
824 1389 984 1463 Christus,
1023 1387 1052 1447 id
1088 1396 1135 1447 est
1190 1387 1305 1448 Eadem
1321 1388 1434 1449 Joanni
1450 1406 1516 1448 esse
1533 1387 1689 1461 videntur,
1715 1390 1796 1449 rcirr
1812 1391 1880 1448 ucri-

438 1484 554 1538 rtnotrn
568 1486 705 1536 vocatur.
1188 1483 1295 1550 tutem,
1320 1478 1467 1550 esurire,
1492 1474 1579 1552 qnod
1602 1476 1741 1537 nntium
1763 1475 1881 1536 merdo-

484 1564 648 1624 Praeterea
658 1562 804 1635 Joannee,
816 1561 986 1640 hujusmodi
1000 1581 1134 1621 sermone
1188 1564 1271 1622 cium
1286 1565 1326 1621 eit
1341 1580 1379 1623 cu
1403 1566 1536 1623 veritate
1544 1587 1556 1640 ,·
1580 1561 1839 1642 quemadmodum
1859 1572 1881 1620 et

428 1648 545 1710 ¹fidelos
556 1650 722 1729 alloquens,
735 1649 831 1710 voluit
843 1667 881 1708 ex
893 1647 1020 1708 adverso
1037 1656 1132 1709 osten·
1188 1648 1267 1708 infra
1282 1650 1389 1729 repetit
1403 1648 1492 1720 idern,
1508 1648 1628 1710 dicens:
1649 1652 1696 1711 Et
1712 1668 1823 1710 verum
1837 1657 1879 1723 en,

441 1737 519 1808 dore,
535 1736 702 1797 haereticos
717 1754 820 1797 omues
836 1734 1001 1815 spiritualis
1016 1736 1134 1814 gratiae
1188 1743 1217 1795 ct
1238 1752 1306 1797 non
1330 1742 1373 1795 est
1395 1735 1608 1797 menducium.
1644 1737 1781 1796 Rectum
1806 1738 1880 1805 urin,

441 1832 579 1903 exportes
594 1843 667 1896 esse,
684 1843 737 1883 uec
755 1822 794 1883 ud
806 1822 891 1883 illum
906 1823 1064 1901 pertinere,
1081 1823 1134 1902 qui
1188 1822 1374 1902 Philosopho
1390 1831 1474 1896 teste,
1498 1833 1527 1882 et
1543 1823 1590 1883 sui
1613 1820 1712 1883 index
1736 1831 1784 1883 eet
1797 1831 1826 1884 et
1838 1823 1879 1883 ot

440 1911 571 1972 Sanctus
592 1913 622 1970 in
638 1910 797 1991 Scripturie
819 1908 999 1988 appelletur,
1021 1909 1074 1968 sed
1094 1908 1133 1968 ad
1188 1909 1271 1989 liqui
1306 1909 1437 1971 Proinde
1463 1912 1584 1989 cognita
1609 1911 1764 1984 verinis,
1795 1911 1879 1969 statis

330 2057 336 2070 ,
441 2016 509 2057 oum
525 1998 634 2076 potius,
658 1998 708 2077 qui
722 1996 889 2056 sanctitatis
906 1997 1001 2055 omnis
1017 2004 1062 2056 est
1078 1997 1131 2056 ini·
1187 1996 1355 2076 produntur
1366 2015 1477 2057 errores
1489 1997 1643 2056 contrarii.
1668 1996 1704 2058 Si
1722 2005 1823 2058 umen
1835 1995 1877 2056 xli·

430 2084 545 2144 micus.
1188 2085 1262 2163 quid
1278 2094 1324 2143 est
1339 2083 1521 2144 discriminis
1543 2086 1621 2144 inter
1646 2083 1704 2143 illa
1720 2083 1791 2158 dus,
1815 2082 1876 2145 dirc-

507 2168 618 2250 Quaeri
634 2178 742 2248 potest,
759 2187 796 2229 su
808 2169 873 2242 hoc,
890 2169 969 2248 quod
986 2168 1074 2229 dicit:
1091 2171 1134 2230 Idi
1188 2190 1261 2246 mus,
1277 2174 1354 2231 scire
1369 2173 1533 2231 veritatum
1547 2171 1584 2230 ad
1598 2170 1719 2231 multos
1735 2172 1877 2252 pertinere,

441 2261 541 2319 nostia
556 2260 676 2332 omniu,
692 2258 840 2336 pertineat
855 2256 894 2315 ad
911 2276 1012 2316 omnes
1029 2265 1058 2315 et
1073 2259 1132 2315 sin·
1188 2260 1316 2339 quinon
1339 2261 1456 2337 possint
1479 2259 1606 2317 scienter
1629 2257 1825 2319 mendacium
1838 2259 1876 2319 dc

440 2344 528 2424 gulos
543 2344 655 2403 fideles.
677 2344 861 2424 Responsio:
879 2342 1028 2422 Quemvis
1043 2362 1132 2403 uuus·
1187 2355 1288 2424 tegere
1304 2354 1333 2406 et
1349 2343 1512 2416 ostendere,
1535 2346 1659 2404 veritati
1681 2364 1754 2405 esse
1777 2354 1876 2405 contre

441 2432 572 2511 quisque
589 2430 692 2503 fidelis,
717 2441 866 2510 quatenus
881 2450 952 2490 vere
968 2430 1063 2490 tidelis
1080 2440 1133 2504 est,
1187 2435 1272 2492 rium.
1286 2431 1324 2491 Id
1335 2433 1414 2491 euim
1424 2431 1538 2493 Joauni
1550 2439 1605 2505 eet,
1623 2450 1663 2492 en
1673 2435 1875 2494 omnam

440 2517 499 2577 fide
515 2525 618 2577 teneat
641 2519 739 2577 omniu
754 2519 792 2578 ed
809 2518 935 2577 salutern
957 2518 1134 2591 necessaria,
1187 2538 1258 2593 cese,
1272 2520 1392 2578 veritati
1401 2521 1581 2578 contrarium
1593 2537 1671 2578 esse.
1698 2519 1874 2580 Miuureniu

440 2605 548 2666 saltem
565 2605 708 2682 implicite
730 2601 810 2680 (uum
833 2605 947 2683 alioqui
964 2604 1061 2663 fidelis
1075 2624 1134 2663 non
1187 2605 1269 2678 dicit,
1293 2605 1361 2685 plus
1383 2605 1490 2666 volens
1512 2604 1650 2684 intelligi.
1683 2606 1874 2667 mendacius
1918 2600 1920 2627 ³

441 2688 544 2767 esset),
559 2713 619 2752 uon
634 2702 736 2750 temen
753 2690 792 2750 ad
807 2710 924 2751 sensum
937 2691 1086 2770 Apostoli,
1103 2692 1134 2749 iu
1185 2700 1286 2754 autem
1301 2702 1392 2752 vocat
1405 2711 1463 2753 non
1480 2692 1622 2772 quamvis
1638 2691 1817 2763 falsitatem,
1833 2689 1873 2752 tsi

440 2797 685 2858 unumquemque
715 2786 895 2857 competere,
923 2776 1005 2856 quod
1035 2780 1134 2837 omniu
1187 2780 1421 2840 antonomastice
1445 2798 1520 2849 eum,
1543 2796 1625 2858 quae
1649 2797 1749 2839 sanae
1764 2779 1872 2841 cesule

442 2868 527 2938 norit,
552 2874 582 2925 et
603 2863 683 2944 quod
707 2864 783 2925 infru
803 2864 892 2926 dicit:
919 2867 992 2926 Non
1014 2883 1134 2927 nccrrrr
1186 2868 1244 2929 tari
1259 2865 1411 2927 doctrinae
1427 2863 1624 2943 adversatur,
1640 2874 1677 2927 ut
1688 2876 1779 2947 patet
1793 2884 1872 2934 exet,

441 2954 571 3027 hebetis,
587 2959 624 3012 nt
635 2954 751 3028 uliquis
761 2952 871 3012 docent
883 2970 945 3014 vos.
961 2951 1041 3012 Nem
1053 2953 1132 3031 ejus·
1186 2953 1268 3036 quod
1285 2956 1434 3033 sequitur:

441 3039 556 3099 semodi
580 3039 682 3098 verbis
703 3059 763 3099 uon
787 3041 918 3119 simplex
932 3038 1008 3101 tides
1020 3059 1133 3113 eorum,
1230 3044 1280 3101 22.
1306 3042 1382 3120 Quis
1396 3047 1440 3100 ert
1455 3039 1607 3115 menduc,
1626 3042 1692 3100 nisi
1708 3044 1748 3115 ir,
1764 3043 1817 3118 qui
1828 3058 1870 3099 se·

441 3147 520 3207 quae
549 3124 697 3186 credenda
726 3135 813 3200 eunt,
844 3129 1042 3206 significatum
1079 3125 1134 3187 sed
1185 3136 1258 3206 pot,
1286 3129 1439 3204 quoniam
1462 3131 1559 3190 Jrnn
1580 3134 1629 3187 ret
1652 3124 1871 3189 Ohrirnnilu

441 3214 569 3274 scientia
595 3212 757 3293 quaedum,
785 3232 845 3293 qua
871 3223 901 3274 ct
927 3213 1135 3293 intelligantur
1186 3215 1304 3278 Graeco
1320 3222 1351 3276 et
1363 3214 1489 3295 Syriaco
1500 3231 1568 3273 cum
1580 3216 1754 3293 negatione
1765 3214 1871 3294 legitur:

441 3302 642 3380 aliquousque
662 3320 706 3372 ea,
730 3319 819 3380 quae.
830 3299 900 3361 fidei
917 3309 994 3373 sunt,
1018 3309 1047 3359 et
1068 3299 1131 3360 ido·
1187 3304 1347 3383 Quonim
1359 3305 1387 3364 J
1387 3319 1454 3362 curte
1468 3318 1537 3360 non
1552 3307 1598 3359 cst
1610 3301 1772 3363 cinnor.
1794 3301 1831 3361 Et
1841 3299 1872 3358 ἀι

440 3389 503 3448 nois
515 3386 680 3447 rationibus
696 3386 889 3466 explicentur.
906 3389 955 3448 De
968 3406 1026 3470 qua
1038 3390 1132 3447 scien·
1186 3389 1300 3450 habent
1325 3389 1410 3449 multi
1436 3400 1466 3448 et
1490 3386 1608 3465 probuti
1634 3388 1763 3449 codices
1784 3387 1871 3449 naua

440 3477 484 3534 tia
504 3475 618 3534 Paulus
642 3479 658 3532 1
676 3473 744 3535 Cor.
770 3476 818 3533 12.
839 3484 870 3534 et
888 3477 935 3534 13.
964 3474 1133 3534 Dicendum
1186 3476 1236 3537 Sic
1259 3482 1290 3534 et
1312 3475 1427 3536 Ironaci
1450 3476 1602 3553 interpres
1624 3473 1766 3535 reddidit
1788 3474 1832 3534 lib.
1849 3473 1871 3530 i.

441 3560 575 3640 proinde,
591 3562 667 3621 haec
681 3568 712 3620 et
727 3560 838 3621 similia
854 3561 892 3621 eb
904 3560 1133 3639 Apostolo‘dicl,
1186 3564 1327 3640 eup.18.,
1351 3569 1381 3621 et
1402 3559 1486 3622 Beda
1508 3560 1583 3639 legit
1606 3561 1638 3620 iu
1662 3560 1871 3622 commentario

440 3668 502 3708 uon
516 3647 555 3707 ed
571 3647 707 3727 singulos
722 3647 834 3719 fideles,
858 3647 913 3708 sed
928 3648 966 3707 ud
981 3646 1134 3708 Ecclesiae
1186 3649 1297 3710 Sensus
1321 3655 1423 3709 tumen
1451 3648 1608 3727 utriusque
1640 3645 1787 3710 lectionis
1809 3645 1871 3707 idn

440 3754 553 3806 eornm,
564 3733 603 3794 ud
615 3753 692 3813 quoe
703 3734 820 3811 scribit;
836 3755 873 3795 ec
884 3736 910 3794 ei
922 3733 1052 3794 diceret:
1069 3734 1131 3793 Ha·
1186 3743 1241 3808 est,
1256 3754 1292 3796 eo
1307 3734 1388 3815 quod
1402 3734 1527 3797 Graecis
1543 3739 1573 3793 ot
1587 3731 1681 3813 Syris
1704 3733 1785 3796 duas
1798 3751 1871 3811 usge-

440 3819 517 3881 betis
540 3821 710 3901 Episcopus
732 3830 761 3881 et
782 3822 983 3901 presbyteros,
1005 3840 1133 3901 qnorum
1185 3824 1282 3883 tiones
1308 3843 1368 3883 uon
1398 3822 1466 3902 plus
1498 3819 1621 3880 iaciunt
1658 3837 1872 3900 saepenumero,

436 3928 511 3968 cura
526 3928 562 3968 uc
577 3907 678 3968 studio
694 3918 812 3970 ventae
828 3908 983 3970 Ecclesiae
998 3908 1072 3968 estis
1088 3909 1130 3967 in·
1186 3928 1278 3989 quarn
1296 3928 1372 3985 una3
1395 3910 1450 3969 nisi
1465 3905 1547 3988 quod
1562 3906 1720 3967 interdum
1735 3904 1872 3989 nmtiosi

439 4004 574 4056 structae
588 4005 664 4070 sunt,
686 4005 716 4056 et
734 3996 921 4057 instruuntur
940 3998 972 4056 iu
990 3996 1035 4068 iis,
1055 4013 1134 4076 quae
1185 3996 1405 4057 vehementium
1431 3993 1551 4055 addunt.
1586 3994 1782 4056 Mendaeum
1803 3990 1872 4055 intri-

439 4082 591 4162 pertinent
613 4081 652 4143 ad
675 4081 830 4144 doctrinae
846 4082 1035 4146 Christianae
1056 4082 1133 4143 vori-
1185 4084 1259 4163 ligit,
1282 4085 1326 4142 uri
1348 4082 1487 4153 diximus,
1509 4082 1541 4141 iu
1563 4079 1709 4142 doctriua
1729 4080 1873 4162 religionis,

438 4176 536 4229 tatem.
1185 4169 1265 4252 quod
1293 4169 1324 4230 in
1347 4190 1382 4229 eo
1403 4187 1513 4249 genere
1538 4168 1739 4228 mendacium
1760 4170 1874 4229 maxine

483 4258 533 4315 21.
556 4257 630 4317 Non
644 4257 854 4333 scripsivobir
869 4259 961 4335 qnasi
975 4259 1133 4331 ipnoron·
1186 4255 1389 4336 periculosum
1412 4263 1444 4315 et
1467 4254 1673 4335 perniciosum
1699 4257 1752 4317 sit.
1783 4255 1873 4334 Neque

439 4343 521 4403 tibur
550 4346 735 4418 veritatem,
765 4344 819 4403 scd
848 4347 939 4420 puori
967 4343 1134 4404 scientibus
1185 4344 1275 4403 sentit
1290 4344 1462 4423 Apostolus,
1479 4342 1559 4403 solos
1572 4357 1626 4401 eos
1642 4342 1675 4402 in
1693 4342 1829 4403 doctrine
1839 4357 1873 4400 rc·

439 4449 518 4490 eom.
542 4432 640 4508 Queri
656 4438 721 4503 etc,
738 4428 870 4489 Graece:
886 4431 971 4507 qnod
986 4448 1055 4491 non
1071 4448 1133 4491 no·
1185 4431 1306 4511 ligiouis
1322 4429 1569 4503 essemoudaces,
1584 4429 1643 4508 qui
1656 4428 1873 4508 negentdm

438 4519 527 4576 vittis
543 4519 721 4589 ueritatem,
735 4516 789 4575 scd
804 4516 889 4592 qnod
903 4520 1037 4578 noontir
1051 4536 1131 4578 com.
1186 4536 1253 4579 esse
1276 4517 1424 4578 Christum
1449 4514 1546 4592 (eraut
1568 4516 1651 4577 enim
1677 4515 1734 4576 illo
1754 4527 1873 4595 tenpore

439 4602 552 4661 Verum
570 4604 716 4682 interpres
729 4609 828 4662 noster
839 4621 957 4663 sensum
973 4605 1050 4665 bene
1066 4603 1130 4663 red·
1187 4613 1218 4664 et
1232 4603 1360 4664 aliarum
1375 4603 1542 4663 haereseon
1556 4604 1711 4682 magistri,
1727 4602 1768 4665 de
1781 4602 1874 4684 quibet
1918 4639 1920 4656 ι

438 4686 490 4758 dit,
513 4687 700 4766 astipulante
718 4688 806 4746 etiam
822 4688 959 4750 Erasmo.
982 4688 1133 4752 Cohaeret
1186 4691 1300 4751 Paulus
1322 4701 1354 4751 et
1377 4691 1487 4751 Petrus
1506 4697 1538 4750 st
1552 4687 1658 4751 Judas
1679 4691 1715 4751 in
1739 4693 1801 4752 suis
1814 4688 1873 4769 spt-

438 4772 513 4833 haco
526 4794 597 4853 pars
612 4773 820 4851 praecedenti,
843 4778 931 4855 quasi
948 4777 1042 4837 dicut:
1065 4778 1132 4838 No·
1184 4774 1297 4854 stolis):
1320 4776 1375 4838 sed
1396 4776 1451 4837 hoe
1470 4779 1599 4838 caeteris
1623 4795 1690 4838 esse
1714 4781 1830 4859 pejores
1845 4791 1874 4833 ut

437 4862 492 4920 atie
506 4864 634 4936 omnio,·
658 4867 688 4919 et
710 4859 834 4940 proinde
856 4883 917 4924 non
931 4863 1005 4924 haec
1024 4865 1132 4944 scripsi
1184 4864 1415 4944 pestilentiores,
1429 4864 1580 4943 significat
1595 4865 1658 4925 istc
1668 4864 1814 4947 loquendi
1826 4862 1872 4921 ior

439 4945 526 5007 vobis
542 4948 629 5028 quasi
645 4949 782 5008 veritatis
798 4949 919 5009 uturum
935 4970 1032 5010 rerum
1047 4952 1131 5029 igna-
1185 4970 1250 5027 me3
1274 4948 1425 5031 quomodo
1441 4949 1577 5013 solemus
1591 4951 1714 5014 dicere:
1743 4952 1872 5034 Quaeett

439 5034 491 5106 ris,
506 5033 558 5093 sed
573 5035 674 5115 potius
686 5043 840 5115 tamquam
856 5035 1033 5112 scientibus;
1050 5037 1134 5098 velut
1187 5039 1335 5118 impietus,
1352 5039 1378 5098 si
1393 5035 1470 5098 haec
1485 5058 1548 5101 non
1564 5038 1638 5101 est?
