4442 5825
625 595 789 653 murense
801 596 892 652 essu
907 594 1021 652 uscoss
1053 593 1140 651 rm
1158 596 1183 648 2.
1202 595 1226 648 s.
1325 672 1331 678 Α
1572 596 1647 667 nso

373 771 488 836 enses
503 791 612 834 nomen
622 780 671 834 est
684 775 896 853 compositum:
949 771 989 833 At
1005 769 1140 846 Garum,
1161 790 1242 851 qnae
1261 788 1342 832 nunc
1362 770 1395 829 in
1413 767 1554 830 manibus
1569 775 1647 842 sunt,

371 875 404 935 u,
417 858 449 921 id
463 868 510 922 eat
523 880 545 920 ο
555 861 649 921 tinais
664 878 725 920 eso.
748 858 810 921 Sed
825 860 898 940 quis
950 867 1068 920 tantum
1082 857 1208 919 habent:
1226 857 1475 919 marcomannis
1488 857 1525 917 iu
1540 857 1649 916 uouis-

371 968 384 1008 ο
398 947 514 1010 Graeco
530 947 656 1007 verbum
672 938 804 1024 γέγονεν,
821 949 897 1007 verti
950 949 1052 1022 οίοιίο,
1068 946 1134 1006 sive
1149 946 1186 1006 ias
1201 947 1347 1007 extremis
1361 942 1478 1004 dubus.
1511 940 1561 1003 Ad
1576 960 1649 1003 eun·

387 1042 488 1115 potest
512 1032 571 1094 hoc
602 1032 705 1093 modo:
735 1037 897 1096 tinearum
950 1033 1018 1094 dem
1038 1031 1160 1093 modum
1183 1031 1301 1112 aliquot
1322 1032 1434 1091 vetusti
1455 1028 1575 1092 codices
1589 1029 1646 1090 L·-

371 1128 471 1185 raasut
502 1119 610 1182 Luxus
626 1123 755 1182 restium
770 1131 896 1195 notatur,
950 1120 1021 1193 tini,
1057 1139 1112 1180 neo
1141 1138 1202 1181 non
1231 1118 1420 1198 Augustinus
1448 1119 1479 1178 in
1509 1114 1647 1197 Speculo.

385 1210 417 1270 in
431 1206 612 1288 quibusdum
627 1216 675 1268 est
689 1207 849 1282 divitibus,
864 1216 899 1268 ut
951 1206 1105 1267 consentit
1126 1213 1157 1267 et
1180 1205 1277 1285 Syrus
1300 1206 1461 1285 interpres,
1487 1204 1544 1264 nisi
1566 1201 1648 1282 quod

371 1315 391 1368 ι,
427 1313 503 1375 quas
532 1293 591 1354 sibi
625 1294 842 1375 multiplicant,
878 1315 898 1356 a
951 1292 1049 1355 addit:
1068 1293 1171 1367 uobis,
1188 1291 1264 1353 torte
1279 1291 1318 1352 de
1334 1311 1404 1365 suo,
1427 1289 1649 1372 paraphrasten

371 1381 468 1444 udere
482 1389 642 1461 nequeant.
951 1399 1053 1460 agens.
1074 1380 1168 1441 Porro
1180 1378 1263 1459 apud
1275 1377 1488 1441 Oecnmsnium
1497 1376 1649 1438 Graecum

371 1474 641 1544 eucarpensium
654 1477 791 1528 oestrum
799 1485 897 1528 oeru-
951 1476 1052 1528 textus
1074 1465 1196 1546 quidem
1223 1466 1313 1547 plane
1339 1466 1484 1527 convenit
1508 1483 1577 1525 cum
1603 1482 1648 1538 eo,

371 1555 410 1618 Id
439 1564 487 1618 est
510 1557 655 1633 aerugine
680 1556 817 1615 vitiatum
843 1563 897 1614 est.
952 1554 1034 1634 quod
1049 1562 1095 1614 est
1106 1554 1138 1614 in
1152 1555 1276 1630 nostris3
1292 1571 1398 1614 verum
1410 1552 1562 1632 expositio
1574 1550 1648 1610 satis

371 1644 441 1705 sites
464 1661 573 1703 svaros
596 1644 727 1701 maxime
749 1643 897 1720 competit,
950 1643 1064 1720 arguit,
1091 1659 1160 1702 eum
1175 1660 1236 1700 non
1259 1641 1388 1720 emptius
1409 1639 1537 1719 legisse,
1559 1656 1649 1719 quam

379 1730 476 1793 solum
499 1747 603 1790 norae
624 1728 731 1790 literae
747 1728 897 1802 damnant,
952 1728 1032 1808 quod
1047 1729 1174 1789 nuncin
1190 1725 1314 1788 Graccis
1330 1733 1386 1788 ost.
1416 1726 1466 1787 Ex
1488 1722 1600 1807 quibus
1614 1724 1650 1784 fit

371 1838 410 1878 sm
425 1816 545 1898 profani
555 1816 712 1897 scriptores
724 1816 837 1895 passim
853 1818 895 1877 in·
951 1814 1132 1888 verisimile,
1161 1814 1285 1875 voculas
1315 1813 1398 1874 illas:
1436 1813 1523 1875 vobis
1551 1814 1647 1887 irum,

374 1905 460 1968 velut
473 1902 627 1984 indignos,
643 1904 696 1983 qui
714 1922 898 1963 communem
950 1922 1005 1982 pro
1028 1902 1209 1982 glossemate
1232 1923 1251 1962 a
1268 1902 1410 1982 quopiam
1430 1898 1491 1961 hue
1510 1897 1647 1979 adjectas
1764 1948 1766 1952 ,

371 1998 473 2064 ¹erem,
488 1992 572 2070 quod
587 1991 644 2071 ipsi
660 2010 760 2050 rernm
776 2009 897 2049 suerum
951 1988 1046 2051 fuisse
1060 2009 1101 2051 ex
1116 1990 1210 2070 Epist.
1228 1988 1267 2049 ad
1282 1989 1368 2049 Rom.
1385 2007 1451 2068 cap.
1468 1990 1513 2061 2.,
1540 1985 1592 2047 ubi
1606 1986 1650 2047 aio

371 2114 373 2133 ‚
401 2078 518 2140 taeiant
539 2096 704 2151 commune,
730 2077 898 2158 malintque
952 2076 1078 2155 legitur:
1111 2078 1322 2139 Thesaurisoa
1346 2076 1404 2136 tibi
1429 2076 1513 2135 uem
1538 2075 1576 2136 iu
1598 2073 1650 2134 dte

371 2185 429 2227 nas
439 2165 579 2245 aerugini
599 2163 781 2237 erodendas,
808 2166 897 2225 inter·
951 2168 1020 2224 troc
1047 2173 1077 2224 et
1101 2165 1306 2225 revolutionis
1325 2165 1407 2238 juset
1435 2161 1552 2237 judicii
1578 2162 1649 2222 Dei.

371 2253 446 2314 ribus
462 2250 641 2313 auferendae
655 2269 793 2322 servare,
809 2271 898 2331 quam
953 2250 1040 2331 Quae
1055 2249 1149 2312 verba
1164 2251 1270 2311 saltem
1290 2270 1345 2331 pro
1360 2249 1572 2309 commentario
1588 2247 1650 2308 sint

371 2358 405 2401 ue
420 2337 604 2420 impendere
951 2337 1041 2417 hujus
1064 2338 1140 2409 loci,
1167 2347 1200 2398 nt
1225 2355 1331 2397 sensus
1358 2338 1415 2397 sit:
1445 2333 1593 2398 Gaudetis
1619 2341 1650 2393 ct

371 2445 435 2503 repo
469 2443 580 2487 corum
616 2427 652 2485 in
682 2425 899 2485 testimonium
951 2424 1147 2504 gratulamini
1169 2423 1257 2484 vobis
1285 2422 1324 2484 de
1345 2423 1494 2484 thesauris
1509 2421 1648 2501 pecunia·

371 2560 374 2581 .
390 2522 422 2575 et
430 2511 642 2574 manducabit
657 2530 769 2573 eomes
779 2518 900 2572 vertrae
951 2532 1033 2584 rum,
1058 2531 1135 2592 quaa
1157 2530 1251 2572 avora
1265 2508 1475 2571 recondidistis
1491 2509 1522 2570 in
1536 2507 1649 2568 multos

371 2604 397 2661 'a
434 2600 599 2681 Figuratus
625 2606 671 2659 est
697 2618 811 2672 sermo,
837 2616 898 2678 quo
951 2618 1055 2659 annos.
1093 2600 1187 2678 Atqui
1216 2595 1248 2659 id
1277 2595 1417 2660 iaciendo
1446 2595 1650 2658 cosoemstia

371 2689 471 2768 egitur
500 2694 532 2747 et
559 2687 659 2758 testis,
696 2694 727 2747 et
757 2683 898 2746 carnifex.
952 2687 1028 2745 iram
1052 2692 1081 2746 st
1104 2685 1344 2747 maledictionem
1367 2685 1399 2744 iu
1421 2682 1501 2745 diem
1522 2682 1648 2745 novissi-

371 2782 446 2836 atcm
476 2780 536 2845 est,
562 2771 725 2853 aliquando
755 2772 898 2845 futurum,
951 2792 1048 2845 muru,
1063 2771 1095 2833 id
1109 2779 1157 2832 est
1171 2773 1202 2834 in
1218 2771 1295 2833 diem
1310 2773 1434 2833 extremi
1446 2769 1565 2850 judicii.

371 2861 428 2923 Dei
438 2860 571 2941 judicio,
586 2868 621 2921 ut
631 2860 831 2921 testimonium
847 2859 899 2921 ad·
996 2858 1142 2940 Quidam,
1166 2859 1248 2940 quod
1270 2859 1302 2921 in
1317 2858 1434 2922 Graeco
1453 2865 1515 2932 est,
1542 2858 1584 2919 ita
1598 2875 1648 2919 ex-

371 2948 469 3010 rdicat
484 2950 616 3030 ipsorum
632 2949 826 3021 conscientia,
853 2950 897 3009 vi·
952 2956 1082 3026 ponunt:
1098 2944 1267 3009 Oumnlatis
1279 2945 1367 3007 vobis
1383 2946 1574 3028 pecuniarum
1585 2944 1649 3006 the·

386 3044 615 3115 repraesentans
637 3054 743 3096 aurum
765 3054 854 3095 snum
869 3042 900 3095 et
951 3054 1055 3096 sauros
1084 3036 1116 3096 in
1141 3036 1313 3096 novissimis
1338 3034 1464 3107 diebus,
1489 3033 1521 3095 id
1547 3040 1593 3094 est
1618 3033 1650 3092 in

380 3142 474 3185 svare
500 3130 668 3196 auratum,
702 3130 734 3191 et¹
753 3124 900 3201 aerugine
951 3129 1085 3182 extrema
1098 3129 1254 3183 senectute
1266 3121 1331 3200 jam
1347 3122 1517 3198 constitutiq
1544 3119 1649 3181 videli-

378 3232 386 3286 ς
401 3209 480 3271 adso
496 3218 538 3281 ut,
550 3208 799 3290 quemadmodum
811 3227 898 3270 aeru·
951 3218 999 3269 cet
1013 3229 1048 3269 eo
1064 3208 1134 3289 plus
1145 3209 1249 3269 viatici
1264 3217 1443 3288 quaerentur
1451 3253 1460 3283 ,
1475 3228 1536 3289 quo
1550 3208 1651 3268 minus

371 3317 407 3358 rm
422 3299 585 3377 peccuniae
599 3315 703 3367 eorum
718 3297 833 3369 exedit,
856 3299 900 3357 ita
951 3305 1048 3358 restat
1063 3297 1139 3358 vise
1193 3339 1195 3344 ·

371 3404 394 3444 ο
408 3384 492 3464 ipsa,
515 3384 689 3445 memoriam
712 3384 853 3446 obsidens
869 3392 901 3446 et
993 3384 1109 3445 Rursus
1124 3382 1177 3444 alii
1188 3381 1388 3462 significatum
1399 3381 1514 3457 volunt,
1530 3379 1649 3455 divites,

371 3491 415 3532 sm
426 3470 581 3543 mordens,
598 3488 727 3530 exesura
741 3473 780 3531 sit
795 3491 898 3532 eorum
952 3472 1040 3551 quasi
1055 3489 1173 3549 semper
1187 3470 1333 3543 victuros,
1349 3489 1512 3549 numquam
1527 3468 1650 3546 satiariq

371 3580 409 3621 on
424 3557 485 3619 levi
500 3558 649 3631 cruciatu,
675 3557 728 3617 sed
744 3569 899 3638 nmquam
951 3556 1005 3619 sod
1026 3577 1147 3637 semper
1168 3576 1347 3637 congerere,
1374 3556 1457 3637 quod
1487 3557 1519 3618 in
1540 3553 1651 3618 multos

371 3666 406 3706 un
428 3645 477 3707 his
491 3645 592 3706 verbis
606 3663 667 3705 non
687 3652 748 3705 turn
762 3665 899 3707 consum·
952 3664 1060 3720 annos,
1087 3647 1147 3706 imo
1161 3663 1260 3724 usque
1282 3646 1313 3705 in
1334 3645 1424 3705 finem
1448 3642 1562 3704 saeculi
1578 3645 1651 3705 satia

371 3754 395 3793 m
417 3752 536 3814 poenae
558 3730 734 3812 magnitudo
750 3732 899 3811 significa·
953 3752 1019 3793 esse
1042 3740 1145 3811 queat
1180 3731 1229 3792 Ita
1252 3749 1374 3811 quoqne
1390 3728 1571 3807 Oaietanus,
1597 3731 1651 3811 qui

391 3840 451 3881 οοο
466 3819 565 3880 solum
584 3820 701 3879 animos
715 3820 832 3894 afficiat,
847 3839 900 3879 ve·
949 3820 1040 3898 juxte
1050 3819 1133 3880 hunc
1144 3837 1265 3879 sensum
1277 3818 1380 3879 statuit
1392 3818 1564 3879 antithesim
1572 3818 1651 3879 inter

371 3927 382 3967 r
409 3927 536 3987 corpora
562 3908 730 3966 conciatura
755 3908 808 3981 sit,
842 3907 900 3966 etsi
952 3906 1031 3966 banc
1046 3912 1160 3985 partem
1184 3912 1215 3965 et
1236 3906 1371 3984 proxime
1392 3912 1588 3983 sequentem
1614 3925 1652 3965 ao

388 3992 598 4055 consumenda
637 3993 706 4056 Non
732 3996 810 4055 enirn
836 3993 899 4073 pla·
952 3994 978 4052 si
996 3991 1077 4053 dicat
1089 3991 1268 4072 Aposulusz
1285 3991 1347 4053 Vos
1366 3993 1543 4052 assermtis
1559 4012 1650 4074 pecu·

371 4100 384 4138 ο
416 4080 662 4154 commentarius,
700 4083 753 4159 qui
783 4088 900 4159 partem
952 4080 1019 4146 nius
1030 4087 1151 4139 vestm
1159 4079 1189 4138 io
1201 4077 1476 4158 tempestuturum3
1491 4089 1522 4139 et
1530 4081 1650 4142 interim

371 4174 536 4245 spretantur
558 4166 595 4227 de
618 4169 697 4227 curis
721 4167 900 4241 immodicis,
953 4167 1107 4245 operarios
1122 4173 1240 4226 vestros
1252 4167 1406 4246 praesenti
1416 4166 1556 4228 mercede
1570 4166 1650 4228 irau-

371 4280 374 4308 r
396 4253 529 4315 studium
546 4253 716 4314 divitiarum
736 4255 899 4315 conficiun·
953 4252 1056 4318 dastie.
1091 4252 1202 4312 Verum
1226 4250 1307 4331 quod
1326 4254 1421 4332 primo
1448 4253 1526 4326 dixi,
1553 4256 1652 4334 magia

371 4360 400 4401 es
421 4342 523 4417 avari3
550 4361 640 4421 quam
663 4343 702 4402 ob
725 4362 846 4402 osrrsem
869 4348 901 4401 et
953 4358 1120 4418 congruere
1135 4338 1272 4413 videtur,
1299 4350 1333 4400 ut
1347 4340 1441 4401 verba
1464 4340 1650 4402 sintdsnun·

371 4448 424 4489 rae
439 4428 588 4489 dicuntur.
622 4427 702 4487 Nam
726 4427 899 4509 Apostolus,
952 4428 1055 4487 tiantia
1066 4427 1183 4504 justum
1199 4427 1258 4488 Dei
1270 4425 1436 4506 judicium
1459 4427 1650 4509 quemadmo-

371 4534 444 4576 runc
459 4514 567 4575 divites
579 4515 741 4593 patiantur,
757 4515 810 4575 sed
826 4513 900 4596 quid
953 4514 1025 4574 dum
1046 4523 1076 4574 et
1099 4533 1152 4585 sa,
1182 4533 1263 4592 quae
1288 4514 1488 4594 praecedunt,
1517 4522 1652 4593 atquae

371 4600 529 4681 injudicio
556 4603 676 4680 passuri
697 4604 773 4673 sint,
800 4612 898 4662 osten·
952 4621 1022 4661 mox
1038 4608 1215 4682 sequuntur.

371 4687 537 4764 uc'docere3
553 4689 631 4748 sicut
642 4687 799 4750 declarent
811 4689 899 4749 otiam
994 4688 1169 4749 Notandum
1186 4688 1334 4766 denique,
1351 4686 1432 4769 qnod
1447 4685 1648 4747 Oeonruanius

371 4782 548 4854 sequuntur:
952 4774 1027 4836 illud
1050 4783 1214 4837 extremum
1237 4775 1330 4855 pertis
1352 4772 1575 4854 praecedentis:
1603 4764 1651 4840 ὡς

371 4864 496 4923 ansts
511 4862 599 4923 vobis
613 4864 695 4922 irum
711 4864 748 4922 iu
764 4864 898 4923 novian-
951 4862 1028 4939 adp,
1046 4863 1126 4941 qnod
1141 4862 1266 4922 Latinus
1281 4863 1427 4940 interpres
1441 4860 1549 4921 vertit:
1569 4861 1650 4921 sieut

371 4967 391 5010 a.
413 4948 544 5010 Variant
553 4951 584 5009 in
599 4948 655 5009 hac
669 4957 755 5029 parte
770 4947 897 5009 codices.
951 4951 1044 5024 ionia,
1060 4947 1099 5009 ad
1115 4950 1276 5028 sequentis
1290 4946 1410 5020 referat,
1425 4944 1545 5008 diverso
1560 4963 1650 5010 casm

371 5035 594 5119 uBadelogit,
609 5044 643 5097 ut
664 5055 721 5098 uos
743 5035 897 5098 habemus.
954 5038 1133 5117 Tamquam
1155 5039 1263 5114 ianque
1284 5035 1519 5098 uouemus
1539 5035 1577 5099 in
1591 5051 1647 5099 aa·
