4442 5825
390 612 465 683 (ῃ
933 604 1347 675 ιιιιιιιιιιιιιιιιιιιιι.ιι

390 802 481 863 quem
496 790 568 861 puto
587 784 631 844 sic
645 783 877 845 restituendum:
903 784 973 845 Nisi
987 786 1084 860 Dent,
1140 783 1325 866 pruescribit
1362 784 1463 846 Locus
1484 783 1535 845 bic
1553 784 1704 864 aperti-'r

389 872 426 932 itt
441 867 554 948 quibua
568 871 679 947 vellet,
695 870 950 933 mirericordiam
963 871 1087 947 Ιιιίιιιι
1140 880 1230 945 stret,
1260 869 1350 933 fidem
1372 892 1432 932 non
1458 889 1577 950 semper
1605 890 1674 933 cuae
1699 896 1704 926 ι

389 956 785 1034 mpcrcreultnrejodictu.
1141 978 1208 1021 esse
1230 958 1434 1037 conjunctum,
1457 955 1589 1037 ideoque
1616 957 1704 1019 distin

433 1043 527 1104 Porro
553 1040 692 1106 bifarium
714 1046 877 1124 exponitur
897 1044 974 1107 heco
999 1065 1085 1125 pers:
1140 1045 1223 1107 illem
1245 1045 1314 1105 fidei
1336 1045 1471 1105 iut'ormir
1500 1055 1532 1106 st
1556 1044 1704 1107 lomatsc

389 1128 458 1192 Uno
472 1129 560 1191 modu
576 1130 613 1191 de
627 1130 831 1193 misericordia
842 1132 902 1193 Dei
914 1130 1035 1211 judicis,
1052 1142 1086 1194 nt
1141 1130 1290 1193 Catholici
1306 1130 1443 1204 uadunt,
1459 1140 1492 1193 st
1504 1131 1630 1193 ιιιιιιίἰ
1647 1138 1704 1195 inst

389 1236 496 1279 seusus
511 1214 566 1291 sit,
588 1218 619 1280 in
638 1216 754 1297 judicio
770 1219 829 1278 Dei
852 1217 1085 1281 misericordium
1140 1238 1207 1281 esse
1221 1218 1314 1280 verbu
1326 1218 1385 1281 Dei
1400 1226 1646 1280 consentaneam.
1669 1218 1704 1281 Is

389 1305 457 1385 ejus
472 1303 706 1383 praevaliturum
731 1324 797 1366 esee
813 1306 968 1384 justitiae,
994 1315 1088 1387 utque
1140 1326 1247 1387 quem,
1270 1304 1346 1367 uduo
1360 1313 1483 1386 opertus
1506 1316 1539 1365 et
1553 1304 1699 1379 evidens,

389 1410 426 1452 ee
455 1391 638 1472 superiorem
665 1391 747 1466 lore;
777 1390 860 1473 quod
885 1390 1021 1472 intellige
1046 1391 1086 1454 de
1141 1403 1207 1474 ptcr
1232 1412 1299 1454 enm
1326 1392 1470 1453 Mortinue
1495 1391 1648 1455 Lutbems
1675 1391 1705 1454 sl

389 1477 508 1553 electis,
523 1479 576 1559 qui
591 1499 693 1541 omues
707 1476 915 1541 misericordia
926 1478 1086 1560 judicendi
1140 1481 1305 1551 censuerit,
1339 1479 1417 1541 benc
1445 1479 1617 1556 Epistolem
1646 1498 1704 1541 ress

390 1573 467 1627 eunt.
496 1563 575 1625 Nem
591 1565 710 1627 seclusa
724 1564 943 1640 misericordis,
966 1566 1084 1645 nonju·
1141 1586 1205 1628 esse
1228 1586 1245 1629 e
1265 1565 1403 1645 catologo
1427 1565 1659 1644 Scriptnrurum.
1699 1570 1704 1626 Ι

390 1652 536 1715 stificatur
552 1652 583 1713 iu
605 1664 767 1734 conspectu
784 1652 844 1714 Dei
859 1652 955 1714 omnis
970 1654 1086 1726 vivens,
1139 1652 1215 1730 lide;
1243 1654 1332 1733 quusi
1359 1674 1420 1715 uon
1446 1661 1478 1715 et
1502 1652 1582 1713 siles
1606 1652 1704 1733 Seript

389 1739 665 1814 Perlm.142.,et:
686 1741 722 1803 δι’
737 1742 923 1819 iniquitates
937 1740 1086 1801 obterun-
1141 1743 1240 1821 iprum
1269 1739 1350 1800 clere
1378 1741 1574 1812 convincent,
1602 1750 1636 1801 ut
1657 1740 1702 1803 Jo

393 1828 492 1902 υιιίι,
510 1829 580 1905 puis
593 1824 779 1889 sueinotto?
805 1826 914 1888 Pselm.
932 1829 1002 1890 129.
1032 1825 1084 1889 ΑΙ·
1140 1829 1192 1890 Er.
1217 1826 1417 1907 principibus
1446 1827 1541 1888 multi
1566 1826 1704 1889 credide

390 1920 453 1973 tero
468 1915 573 1988 modo,
592 1911 632 1975 de
647 1912 852 1975 misericordie
866 1912 994 1975 hominis
1006 1912 1085 1992 judi·
1140 1934 1231 1992 cum,
1253 1913 1307 1975 aed
1320 1921 1454 1991 propter
1468 1915 1663 1979 Pharisaeos
1680 1934 1704 1977 ta

389 1998 494 2075 modi,
526 2008 559 2061 ut
583 2001 634 2061 hic
660 2002 698 2061 sit
723 2019 843 2063 senous:
872 1999 1086 2075 Misericordia,
1139 2001 1327 2080 petantur,
1342 2008 1380 2063 ιιι
1394 2020 1411 2061 e
1425 2016 1704 2077 rynupoputteras

390 2104 478 2166 quern
503 2086 570 2166 quis
593 2086 701 2151 lecerit
716 2107 788 2169 erge
803 2088 968 2168 proximus,
991 2108 1084 2168 eppo
1140 2097 1202 2150 tur.
1218 2089 1411 2152 Dtlcxcrunt
1421 2090 1506 2150 cutm
1517 2089 1656 2165 pluriam
1670 2090 1704 2150 t<

389 2174 434 2235 uit
447 2192 480 2236 se
491 2175 573 2254 justo
589 2175 646 2236 Dei
658 2175 782 2254 judico,
801 2183 832 2237 st
846 2172 992 2239 edversus
1009 2173 1086 2235 illud
1140 2179 1252 2251 mepte,
1264 2175 1509 2253 quamplurium
1523 2177 1584 2239 Dci
1591 2199 1604 2253 ι
1617 2187 1648 2237 et
1661 2174 1704 2239 1(

390 2258 612 2341 quodammodo
637 2261 829 2343 gloriabitur,
863 2262 934 2342 quie
958 2264 1087 2341 ειιιίιιιι
1140 2264 1175 2326 ss·
1188 2263 1329 2324 tatum
1344 2281 1469 2325 ommm
1495 2262 1611 2340 tidem,
1634 2265 1704 2324 ιἰαι

390 2345 486 2410 veluti
501 2349 706 2429 extorquebit,
723 2369 784 2431 que
799 2349 1025 2411 innormitatem
1037 2349 1085 2429 ju·
1140 2357 1183 2411 ιιι
1207 2349 1422 2427 transferam,
1451 2352 1619 2413 werten
1641 2357 1704 2413 etet

390 2434 459 2497 dicii
474 2434 592 2498 evadet
615 2437 708 2501 Hunc
723 2456 844 2499 sensum
862 2435 975 2497 arbiror
989 2437 1087 2516 nugis
1140 2437 1290 2509 Mbsmo,
1310 2437 1392 2497 nibil
1406 2455 1485 2501 mm·

390 2542 573 2604 germanum.
596 2523 639 2585 ltt
653 2524 712 2589 buc
730 2522 878 2606 pertinent
892 2521 1085 2603 Scripturse:
1183 2523 1265 2587 Hinc
1290 2523 1406 2585 Paulus
1433 2543 1501 2587 cem
1527 2523 1619 2586 fidem
1644 2542 1704 2585 ceu

390 2612 487 2673 Bcutt'
501 2611 732 2687 misericorder,
748 2613 902 2689 quonium
916 2612 979 2687 ipsi
993 2611 1088 2671 mtte-
1141 2630 1222 2691 puae
1236 2631 1289 2692 per
1303 2613 1459 2674 ceritatem
1475 2618 1628 2690 operetur,
1642 2608 1703 2673 Gal

391 2696 566 2758 ricordium
581 2706 829 2777 consequentur,
853 2696 964 2759 Metti.
979 2697 1008 2757 5.
1024 2698 1088 2759 Di·
1142 2717 1203 2776 que
1217 2697 1401 2778 significuus,
1417 2698 1448 2759 iu
1464 2696 1647 2776 quibusdam
1660 2714 1704 2761 ou

391 2784 523 2857 mittite,
541 2792 570 2845 ct
584 2784 797 2847 dimittemini.
821 2787 923 2861 Date,
950 2790 981 2845 et
994 2783 1088 2844 dubi·
1142 2804 1221 2864 quee
1236 2805 1297 2849 nou
1312 2804 1366 2864 per
1380 2785 1541 2849 caritatem
1560 2792 1704 2865 operetur

391 2879 446 2934 tur
461 2870 566 2947 vobis,
587 2873 661 2935 Luc.
677 2874 706 2935 o.
744 2873 855 2938 Omnis
870 2870 1088 2934 mirericordie
1140 2871 1200 2936 huc
1225 2873 1378 2953 pertinent
1398 2890 1502 2934 omues
1517 2871 1704 2953 scripturn,

304 3035 306 3041 Α
390 2959 489 3037 factet
504 2960 610 3021 locum
623 2959 978 3039 unicuiquencundem
990 2962 1087 3019 meri·
1141 2959 1198 3022 bus
1212 2959 1319 3024 fideles
1333 2962 1527 3039 increpantur
1548 2957 1588 3021 ds
1608 2957 1704 3040 grevil

392 3044 971 3123 tomoprrunrsoorsm,sserlos.1e.
993 3045 1086 3108 Deni-
1144 3048 1235 3120 catis,
1260 3056 1294 3108 ut
1315 3047 1446 3109 menime
1466 3048 1498 3107 in
1519 3048 1622 3125 priore
1644 3044 1686 3106 ad

392 3151 453 3214 que
467 3130 499 3194 id
512 3132 594 3198 clere
609 3145 698 3196 sonet
713 3135 864 3197 sententie
874 3131 1004 3214 judicis,
1027 3152 1089 3213 que
1142 3136 1238 3214 Epist.
1255 3146 1285 3195 et
1308 3136 1340 3195 in
1353 3134 1388 3194 Β.
1404 3132 1515 3195 Jscobi
1537 3132 1633 3196 ferme
1655 3141 1704 3195 tut

394 3229 539 3282 vocantur
553 3218 593 3284 sd
608 3241 735 3301 regnum
746 3222 851 3290 electi,
867 3221 941 3298 quis
955 3219 1091 3282 fecerunt
1143 3223 1223 3282 enim
1237 3220 1312 3283 dicit
1334 3213 1380 3297 (ut
1402 3219 1463 3281 elin
1485 3217 1670 3301 prosternam)
1686 3219 1704 3282 b

393 3326 486 3389 opere
501 3307 737 3381 misericordiae,
751 3308 859 3369 Mettis
876 3308 927 3368 25.
1142 3310 1214 3390 pitis
1230 3310 1331 3370 initio:
1350 3307 1456 3370 Nolite
1470 3311 1507 3369 ιἰι
1519 3325 1704 3384 portorum

435 3395 484 3456 Ex
499 3395 607 3473 quibus
623 3397 712 3458 etiem
727 3404 861 3476 appetet,
876 3392 1089 3455 coelectorum
1140 3398 1251 3472 ptiunc
1265 3396 1380 3458 dobere
1390 3394 1484 3472 tidem
1496 3396 1633 3458 Domi
1643 3413 1704 3458 ruet

393 3477 514 3563 quidem
532 3482 685 3542 hominum
698 3482 940 3562 distinguendum
953 3500 1020 3542 esse
1036 3480 1088 3541 du·
1144 3484 1272 3558 Obrirtt,
1288 3492 1319 3546 et
1334 3501 1412 3560 quse
1427 3491 1613 3561 sequuntur:
1628 3503 1704 3546 nour

393 3569 465 3650 plex
476 3563 642 3650 judicium,
655 3569 783 3630 alterum
796 3589 863 3629 cum
877 3567 1090 3642 misericordia,
1144 3569 1293 3643 declarat,
1321 3567 1467 3651 quoedsm
1492 3588 1574 3641 sese,
1605 3568 1703 3649 quit

393 3654 520 3718 ultorum
543 3656 606 3719 sine
628 3654 838 3718 misericordis
876 3654 984 3716 Nullus
1011 3656 1090 3717 enim
1144 3656 1235 3719 beent
1264 3677 1333 3719 oum
1363 3675 1558 3736 personarum
1588 3658 1704 3738 accepti

394 3745 463 3808 sino
483 3742 691 3808 misericordia
710 3743 886 3805 salvabitur.
920 3742 1004 3822 Quin
1018 3762 1089 3803 vero
1144 3743 1271 3823 proinde
1286 3742 1363 3825 legis
1379 3762 1445 3804 esse
1462 3754 1704 3823 transgressores

394 3839 458 3894 tota
472 3827 555 3892 salus
569 3840 671 3894 nostre
686 3828 747 3893 Dei
761 3828 966 3891 misericordia
980 3838 1034 3890 cst
1124 3859 1126 3863 ’
1189 3832 1308 3894 Vanum
1333 3838 1378 3892 est
1403 3840 1503 3891 eutem
1519 3838 1550 3892 et
1576 3830 1676 3904 futile,
1701 3860 1704 3884 ·

439 3922 489 3984 14.
511 3918 597 3998 Quid
615 3918 781 3996 proderit,
807 3919 928 3997 fratrer
957 3919 1037 3991 mei,
1064 3917 1091 3976 ti
1144 3918 1242 3979 locum
1265 3919 1346 3982 hunc
1361 3916 1472 3979 Jecobi
1488 3916 1637 3982 Cnlvinus
1658 3927 1691 3982 et

393 4005 489 4082 pidem
503 4007 574 4083 cuir
588 4006 675 4067 dicat
688 4005 855 4081 scitabere,
869 4022 967 4081 opere
983 4010 1090 4065 autem
1144 4008 1315 4067 trociuunte
1340 4006 1430 4067 etium
1459 4004 1588 4065 Eresno
1619 4006 1651 4067 iu
1678 4023 1704 4067 sa

393 4111 462 4154 teon
487 4091 623 4153 babeat?
653 4093 737 4172 Quid
759 4090 924 4170 proderit,
956 4090 1090 4154 Graece:
1145 4089 1261 4172 phrasi)
1276 4091 1475 4172 respondent:
1492 4093 1620 4172 partim,
1638 4092 1704 4169 fide

395 4172 425 4238 τί
450 4170 486 4238 τὸ
516 4172 651 4257 ὄφελος,
681 4198 763 4258 puae
790 4179 937 4240 utilibet?
966 4178 1092 4240 'I'ransit
1145 4178 1195 4240 bic
1221 4180 1346 4258 intelligi
1372 4178 1588 4258 professionem
1616 4177 1703 4258 fidd3

395 4264 561 4346 Apostolus
575 4267 614 4327 ud
627 4265 791 4345 pleniorem
803 4263 1091 4328 commendationem
1145 4264 1325 4345 Apostolum
1334 4267 1375 4326 uti
1389 4266 1585 4327 concessione
1596 4265 1704 4330 rhotut

395 4372 519 4434 operum
534 4351 765 4427 misericordiae,
784 4352 905 4426 docens,
920 4349 1011 4413 tidem
1025 4352 1092 4412 sine
1146 4351 1185 4413 de
1200 4354 1320 4414 nomine
1333 4352 1411 4413 nolit
1432 4372 1498 4413 cum
1523 4351 1701 4416 edversario

395 4441 433 4502 iis
447 4438 522 4503 nibil
538 4439 698 4520 prodesse,
720 4450 753 4502 et
774 4440 846 4501 huic
869 4437 1023 4501 doctrinae
1037 4440 1088 4499 im·
1147 4438 1225 4501 dere.
1262 4440 1364 4502 Facile
1385 4440 1463 4501 enim
1482 4438 1704 4521 {ruretenent

395 4534 527 4590 moretur
541 4545 641 4606 nsque
655 4527 696 4591 td
710 4527 799 4589 linem
821 4526 938 4606 cepitis.
970 4525 1089 4586 Potest
1146 4545 1227 4587 mum
1243 4527 1359 4607 exipso
1372 4534 1513 4588 contextu
1528 4525 1704 4590 montet

395 4631 456 4689 qne
478 4613 580 4676 inferri
605 4613 681 4676 boec
706 4632 778 4693 pers
799 4632 839 4675 ex
861 4612 1009 4693 superiori
1032 4613 1091 4674 sic:
1145 4634 1206 4674 uon
1221 4614 1299 4675 enim
1314 4613 1354 4674 de
1373 4612 1456 4675 nude
1474 4611 1704 4696 proterrtouep

395 4698 547 4762 Judiuium
570 4702 637 4763 siue
658 4697 866 4764 misericordie
889 4700 948 4761 erit
969 4698 1015 4770 oi,
1038 4700 1091 4778 qui
1147 4702 1232 4777 puni,
1248 4708 1302 4761 snt
1318 4719 1372 4778 per
1387 4702 1615 4762 concessionem
1631 4700 1704 4764 uisu

395 4804 456 4847 non
470 4784 577 4848 iecerit
590 4785 838 4864 misericordium,
853 4785 928 4848 nihil
940 4804 1012 4865 ergo
1028 4786 1089 4845 cui·
1146 4786 1201 4866 ligi
1218 4785 1310 4847 illud:
1330 4788 1380 4848 Tu
1394 4787 1495 4849 credis
1502 4831 1514 4862 ,
1530 4790 1703 4865 questum

397 4889 486 4950 quam
507 4872 642 4952 proderit
664 4876 695 4936 in
717 4873 775 4935 Dei
793 4871 926 4954 judicio,
948 4872 1093 4935 bubuiese
1146 4874 1257 4936 Dcite?
1272 4875 1473 4953 Bencfera's3
1488 4875 1703 4940 adamum

396 4954 488 5016 tidem
502 4958 565 5021 siue
580 4959 666 5042 bonis
690 4960 846 5042 operibus3
868 4967 902 5022 ut
916 4965 985 5022 sunt
1000 4977 1094 5039 opere
1147 4968 1177 5021 ct
1190 4964 1443 5024 contremiscunt
1465 4959 1608 5034 Deinde,
1631 4979 1670 5026 ex
1686 4979 1704 5024 a

396 5040 633 5126 nummorum,
661 5065 743 5134 quoe
763 5046 842 5112 tides
864 5048 932 5131 ipos
952 5043 1096 5110 numm
1145 5048 1317 5131 praeacutis
1345 5047 1405 5111 lori
1434 5067 1502 5112 cvm
1532 5046 1659 5140 deabus¹
1683 5045 1704 5118 fl
