4442 5825
770 587 934 645 meronie
950 591 991 644 ΑΙ)
1009 588 1173 644 Haemos.
1208 588 1291 643 vfflts.
1310 589 1334 642 5.
1351 589 1377 641 d.
1719 594 1789 665 121

372 769 597 843 manationis
620 775 651 828 rt
672 769 890 829 renovationis
904 769 1044 845 Spiritui
1095 767 1153 827 mir
1174 764 1265 827 lubrie
1288 764 1435 845 attingere
1458 772 1489 827 et
1504 761 1644 838 debbare,
1669 770 1791 845 praeter

371 859 465 929 mcii,
494 873 587 931 ouem
617 855 731 934 effudit
754 858 792 916 iri
818 872 876 916 aer
905 856 1042 917 abunde.
1095 873 1185 914 neum
1206 862 1252 913 eet
1266 851 1440 931 Scripturae
1462 870 1574 925 uerae,
1596 851 1626 912 iu
1645 870 1714 933 qua,
1738 869 1792 912 eeu

371 939 529 1003 tneeomm
544 941 659 1003 echolia
674 940 808 1003 relerunt
822 942 862 1002 ad
878 944 1042 1021 impositio·
1096 943 1226 1021 proprie,
1249 957 1302 999 eeu
1324 939 1534 1018 metaphorice,
1555 946 1663 1017 guetue
1678 948 1725 1000 eet
1740 955 1789 999 ea·

371 1047 415 1088 ren
430 1048 581 1103 manuum,
597 1048 653 1109 per
668 1047 759 1108 quam
775 1027 902 1088 dabatur
916 1029 1043 1109 Spiritui
1095 1049 1160 1090 rum
1176 1028 1266 1088 etiem
1281 1044 1386 1099 rerum,
1409 1044 1489 1106 quae
1509 1024 1617 1105 plenia,
1640 1033 1676 1085 ut
1690 1027 1732 1085 ita
1748 1025 1790 1085 di·

371 1124 477 1177 ruetur.
500 1115 580 1176 llam
594 1126 627 1177 et
637 1115 695 1176 bec
709 1123 927 1176 sacramentum
942 1135 1041 1176 receu-
1096 1134 1170 1187 eam,
1193 1111 1328 1174 faucibus
1349 1112 1542 1185 hauriuntur,
1566 1112 1644 1172 ment
1666 1119 1791 1173 anneta

371 1203 570 1282 ubaptinntie
592 1201 808 1276 conferebatur,
830 1202 882 1261 ubi
901 1221 1043 1282 praesent
1095 1204 1194 1262 mmue
1210 1201 1249 1261 ad
1266 1198 1341 1261 illud
1356 1220 1421 1280 cap.
1438 1201 1484 1259 2:
1514 1200 1554 1260 Ut
1565 1216 1628 1275 pre
1645 1199 1792 1261 omnibur

371 1297 407 1349 at
423 1290 608 1370 Epieccpue,
623 1297 657 1350 ut
671 1289 776 1350 scribit
788 1288 996 1369 Hieronymus
1012 1291 1043 1350 iu
1094 1296 1236 1366 perteret
1252 1293 1392 1348 mortem.

371 1376 464 1455 *alege
490 1384 597 1437 conae
611 1376 741 1438 Lucifer.
765 1376 861 1437 Nebie
886 1376 1042 1457 prebebite
1145 1373 1617 1451 Virtetcrqaereeealivcaturi.
1640 1374 1790 1448 Virtam,

371 1473 402 1537 t,
425 1463 560 1543 intelligi
582 1462 763 1525 charismata
784 1463 915 1542 Spiritus
936 1465 1043 1537 nance,
1094 1463 1126 1523 id
1142 1471 1190 1523 eet
1202 1461 1358 1542 potentiae,
1376 1459 1491 1522 Graece
1507 1450 1663 1537 δυνάμεις.
1690 1459 1789 1538 Signi·

371 1570 471 1611 rorum
497 1569 589 1628 cupra
615 1552 750 1612 meminit
772 1570 837 1628 cap.
862 1554 890 1611 2.
915 1551 970 1611 aab
991 1572 1042 1611 ne·
1095 1550 1187 1610 ficare
1201 1551 1323 1609 videtur
1346 1546 1601 1608 immortalitatem
1620 1554 1650 1607 et
1664 1545 1790 1625 glorian

371 1640 424 1699 ine
439 1636 705 1699 dietributionum
720 1639 860 1714 Spiritae
874 1641 986 1713 eoacti,
1004 1638 1043 1699 de
1096 1637 1197 1697 electio
1221 1636 1396 1716 promissam
1417 1636 1449 1695 iu
1470 1653 1563 1714 reguo
1586 1632 1698 1696 Obrieti
1722 1652 1790 1694 cum

371 1724 454 1786 urlrne
471 1732 505 1784 et
514 1724 635 1805 pleniue
651 1725 772 1785 dieeerit
786 1728 800 1783 1
816 1723 947 1786 Oea12.
964 1724 1041 1784 Nam
1095 1723 1229 1804 perfecta
1240 1722 1427 1801 subjectione
1438 1721 1686 1782 aduersariorum.
1702 1719 1790 1803 Quae

371 1811 518 1895 rjnemedi
542 1810 751 1872 charismatum
774 1810 968 1874 quecleeia
983 1812 1041 1891 pri·
1095 1818 1241 1873 vocantur
1255 1813 1398 1882 virtuter,
1423 1811 1494 1887 quia
1509 1808 1567 1869 Dei
1583 1809 1675 1869 virtue
1690 1815 1722 1869 et
1736 1827 1790 1888 po·

371 1898 448 1959 itin
473 1898 562 1958 multi
587 1897 700 1959 fiebant
724 1898 902 1978 participer,
931 1905 965 1958 ut
994 1897 1043 1959 vel
1095 1899 1191 1959 tentia
1216 1915 1268 1977 per
1290 1915 1328 1957 ea
1352 1896 1474 1956 mirifice
1502 1895 1681 1956 declaratur.
1710 1894 1790 1956 Nam

371 1986 454 2065 καὶαι
468 1984 674 2068 loquerentur,
698 1983 746 2045 rel
767 1986 1041 2064 interpretarentur,
1095 2002 1238 2067 praecone
1259 1982 1411 2044 eaeculum
1430 1983 1611 2043 infirmitatis
1625 1991 1679 2043 eet.
1702 1980 1791 2043 Unde

371 2070 634 2153 elpropbetarent,
645 2069 795 2133 velaimili
808 2074 950 2153 quopiam
963 2073 1041 2132 deno
1095 2074 1138 2133 ait
1158 2070 1320 2152 Apostolus
1344 2067 1446 2131 1001.
1465 2068 1529 2130 lb:
1551 2071 1737 2132 Seminatar
1754 2072 1791 2130 in

371 2177 437 2221 etue
450 2167 482 2219 ct
498 2157 658 2219 utilitatem
673 2158 831 2221 Ecclesiae
845 2157 1008 2220 adferrent.
1095 2159 1289 2236 infirmitate,
1312 2164 1418 2233 carpet
1440 2159 1476 2217 ia
1493 2158 1619 2217 virtute.
1645 2155 1789 2219 (iaetoerc

386 2244 416 2307 b.
439 2244 660 2308 camoenam
689 2247 899 2307 nibilomiuae
924 2244 1041 2307 borium
1095 2247 1235 2307 dicuntur
1248 2247 1457 2320 baevirtuter,
1473 2245 1526 2324 qui
1538 2262 1589 2304 eae
1601 2243 1672 2315 fide,
1689 2262 1790 2305 amore

371 2332 405 2393 lei
431 2332 576 2393 verbm.
611 2331 742 2394 Graece:
774 2334 816 2395 Et
842 2334 959 2394 bouem
986 2351 1041 2392 eea
1095 2343 1249 2411 etmaguo
1265 2332 1415 2392 desiderio
1435 2339 1641 2411 perceperunt

371 2418 513 2481 &nrm
525 2425 736 2495 partaverunt
748 2421 811 2481 Dei
825 2419 964 2480 verbum.
979 2418 1041 2479 Ubi
1139 2421 1167 2478 6.
1202 2420 1244 2480 Et
1266 2419 1414 2495 proiaprl
1439 2425 1521 2479 aaut.
1555 2416 1692 2478 Scilicet:
1722 2424 1790 2500 part

371 2506 591 2567 narbonen
606 2516 653 2567 eet
671 2497 773 2582 λόγον,
795 2526 834 2567 ne
858 2508 926 2587 quie
948 2506 1039 2566 iuter-
1094 2506 1169 2566 baec
1197 2508 1303 2566 emnia.
1346 2504 1524 2565 Pertinebit
1558 2505 1639 2564 enim
1669 2500 1789 2567 illorum

371 2602 475 2655 rotetur
500 2592 540 2654 de
556 2592 635 2654 Filio
649 2592 718 2666 Dei,
742 2594 797 2655 red
818 2581 914 2673 p‘ippea
939 2591 970 2652 id
985 2599 1040 2665 eet,
1095 2594 1276 2653 enumeratio
1313 2592 1354 2653 ad
1383 2592 1643 2673 exaggerationem
1674 2593 1791 2671 peceati

371 2676 476 2750 ubam,
489 2681 574 2759 qued
586 2678 762 2760 eloquimur,
775 2700 835 2742 uon
847 2678 930 2761 quod
941 2686 1040 2741 mente
1095 2699 1213 2752 eorum,
1240 2681 1292 2760 qui
1315 2678 1504 2749 relabuntur,
1527 2687 1633 2759 utpote
1654 2678 1791 2743 eessewri

371 2766 534 2846 recipimur.
565 2764 701 2828 Verbum
723 2768 785 2828 Dei
807 2768 925 2828 boream
949 2766 1038 2845 pleri·
1094 2774 1242 2827 tantorum
1264 2765 1475 2827 beneficiorum
1494 2765 1606 2844 ingrati
1629 2772 1722 2847 atque
1744 2768 1787 2829 in·

371 2870 404 2914 ua
437 2852 606 2916 doctrinam
640 2852 842 2916 Obrietianam
879 2854 1038 2934 accipiunt.
1093 2852 1599 2936 eupereapecceudeabjicieutee.
1614 2851 1789 2933 Quaeritur,

371 2939 406 3002 ed
430 2941 574 3022 quoniam
604 2939 723 3002 addidit
751 2940 888 3017 bonam,
920 2941 1041 3002 ridetur
1093 2942 1164 3021 quie
1184 2942 1288 3022 lapeue
1312 2940 1503 3021 intelligatur.
1536 2940 1671 3021 Quidam
1693 2961 1784 3023 expo·

371 3045 412 3089 in
422 3027 578 3089 doctrinae
589 3035 705 3109 partem
716 3031 837 3110 proprie
848 3028 1039 3109 aignificaeee,
1092 3036 1169 3089 nunt
1183 3030 1223 3090 de
1237 3037 1360 3110 peccato
1376 3028 1554 3109 apoetaeiae,
1577 3028 1610 3089 id
1624 3034 1678 3103 eei,
1702 3029 1787 3091 deic-

371 3132 424 3176 ιω
437 3115 573 3176 confluet
587 3113 732 3176 bonarum
754 3135 850 3177 rerum
867 3115 1039 3196 promistio-
1092 3117 1199 3177 ctionie
1212 3116 1301 3177 abde
1317 3114 1439 3190 Obrietl,
1454 3116 1534 3198 quod
1549 3135 1603 3196 per
1615 3114 1787 3194 hujusmodi

371 3218 407 3262 ι.
425 3198 466 3262 Id
480 3200 566 3282 quod
581 3200 794 3265 Theoderetue
809 3209 840 3265 et
853 3204 889 3265 B.
906 3202 1040 3264 rl'bomae
1092 3211 1252 3283 peccatura
1276 3224 1337 3264 uon
1363 3203 1538 3281 simpliciter
1562 3204 1629 3284 quie
1658 3202 1791 3279 labatur,¹

371 3285 554 3350 mmm
590 3289 711 3352 Etenim
748 3310 831 3352 more
868 3290 1041 3370 Scripturae
1093 3292 1148 3350 aed
1160 3290 1369 3367 prolabatur,
1386 3289 1786 3371 videlieetnnirerualiqna·

371 3373 1041 3450 trbabonedieanturverbalaetaetlaueta,
1093 3378 1163 3438 dam
1186 3378 1282 3451 ruina,
1308 3396 1369 3457 qua
1391 3396 1448 3438 nee
1468 3376 1696 3437 fundamentum
1719 3380 1788 3439 reti·

371 3464 519 3524 meren
545 3462 585 3524 de
610 3462 700 3524 rebue
719 3461 839 3525 luturie.
870 3464 962 3526 Unde
984 3463 1038 3523 Za·
1093 3473 1164 3525 neat
1185 3465 1345 3543 integrum.
1375 3461 1433 3525 Oui
1455 3464 1558 3525 cenaui
1583 3463 1723 3525 nonnihil
1747 3465 1790 3525 fa-

371 3546 464 3609 turin
484 3549 670 3629 niteap.1.:
692 3551 868 3628 liceporrriit
882 3552 1042 3612 Dominae
1093 3571 1166 3611 rere
1188 3553 1308 3614 videtur
1329 3552 1569 3633 locuecep.10.,
1590 3551 1643 3612 ubi
1665 3558 1789 3632 propter

371 3635 489 3712 laprio,
513 3638 570 3715 quei
595 3636 784 3715 loquebatur
808 3642 845 3700 ia
869 3656 919 3698 mc
945 3637 1041 3698 aerbo
1093 3638 1246 3716 wordum
1261 3640 1436 3702 doecreatce
1451 3639 1675 3714 concatenare,
1695 3639 1730 3706 id
1744 3646 1790 3701 eet

371 3737 440 3798 m,
467 3722 563 3785 eorde
589 3726 812 3787 comolotoria.
841 3725 891 3785 Ita
917 3724 1042 3785 verbum
1093 3725 1273 3800 Eccleeiam,
1295 3726 1381 3801 dicit,
1403 3727 1571 3789 voluntarie
1594 3726 1789 3805 peccantibur

371 3823 455 3872 m
480 3811 629 3891 recipitur
652 3816 671 3874 3
692 3812 767 3891 Bag.
793 3815 857 3891 14:
886 3812 1042 3873 laventur
1093 3821 1162 3894 poet
1183 3822 1338 3893 acceptam
1354 3816 1488 3876 notitiam
1513 3814 1651 3874 veritatis
1667 3834 1728 3875 uon
1742 3833 1789 3875 re·

371 3901 512 3974 nuper
536 3916 573 3959 oo
594 3916 696 3959 remo
722 3898 823 3960 bercer
844 3917 865 3959 e
887 3900 1039 3973 Domino,
1092 3900 1190 3980 linqui
1215 3920 1269 3980 pro
1298 3902 1429 3979 peccatis
1455 3900 1592 3962 boetiam.
1626 3899 1789 3964 Sciendum

371 3979 458 4044 hm.
483 3985 537 4044 29.
562 3993 595 4045 et
615 3985 683 4047 SS:
719 3986 883 4048 Sareitabo
909 3986 1040 4047 verbam
1094 3995 1204 4061 umen,
1227 3987 1267 4048 ad
1281 3987 1454 4067 hujusmodi
1476 4006 1598 4048 aeneum
1613 4007 1674 4049 neu
1688 3989 1789 4068 urgeri

371 4083 482 4146 m,
505 4078 538 4131 et
559 4069 670 4132 Peelm.
694 4074 761 4134 44.:
790 4074 961 4136 Eructavit
987 4091 1042 4133 cor
1093 4093 1149 4134 nee
1164 4073 1311 4135 vocabulo
1325 4074 1526 4151 proludendi.
1549 4074 1626 4136 Nam
1641 4073 1789 4137 Graecum

371 4171 450 4216 mer
463 4157 594 4219 uerbum
608 4158 737 4220 baram.
761 4157 843 4221 'Pale
858 4168 906 4220 eet
920 4168 951 4219 et
965 4157 1040 4219 illud
1092 4162 1285 4237 παραπεσεῖν
1300 4162 1466 4241 siguificat:
1490 4180 1679 4241 quocumque
1694 4161 1785 4222 medo

371 4245 470 4304 eure:
492 4243 585 4305 Nunc
607 4244 736 4306 dicenda
762 4244 840 4307 boue
864 4254 936 4306 eunt
959 4245 1040 4306 bena
1094 4247 1227 4326 graviter
1241 4247 1403 4328 impingere
1420 4269 1455 4309 ac
1468 4248 1540 4310 labi.
1562 4248 1650 4309 Unde
1662 4258 1711 4309 ert
1725 4268 1789 4308 ver·

371 4327 436 4389 ut·
450 4329 508 4390 die
1092 4333 1163 4393 bele
1176 4326 1383 4412 παράπτωμα,
1408 4336 1491 4414 quod
1507 4337 1538 4395 in
1553 4354 1663 4415 genere
1677 4335 1789 4415 signifi·

393 4415 606 4478 marma
631 4434 702 4495 erge
729 4417 846 4479 bouem
874 4421 937 4480 Dei
967 4437 1040 4478 eer-
1093 4427 1143 4479 oet
1164 4419 1297 4501 lapsum,
1321 4422 1465 4483 delictum
1487 4441 1541 4483 eea
1562 4431 1732 4503 peceatum,
1755 4429 1791 4481 ut

371 4516 431 4577 m,
456 4504 509 4582 qui
530 4501 697 4564 doctrinam
720 4504 864 4565 eoelestia
878 4504 957 4565 bena
972 4525 1039 4585 prc-
1092 4508 1178 4567 Rem.
1195 4509 1241 4567 4.:
1267 4509 1421 4571 Traditur
1440 4518 1576 4587 propter
1598 4508 1712 4570 delicta
1727 4526 1789 4568 no·

371 4587 511 4652 meam
534 4609 601 4650 cnm
621 4591 773 4652 mamiato
794 4600 824 4651 et
847 4592 958 4670 gaudio
973 4611 1038 4673 per·
1092 4601 1170 4669 em,
1198 4593 1266 4656 Gal.
1284 4598 1332 4656 6.:
1358 4599 1393 4660 Si
1412 4603 1666 4674 praeoccupatae
1686 4595 1789 4672 faerit

371 4685 499 4754 eperunt.
522 4675 643 4737 Dicitur
663 4679 743 4737 enim
765 4682 889 4754 parari
908 4680 1039 4741 verbum
1092 4683 1185 4742 bomo
1200 4683 1237 4743 ia
1251 4684 1361 4759 aliquo
1379 4684 1502 4746 delicto.
1525 4684 1566 4742 Et
1581 4682 1692 4762 purim
1707 4680 1789 4743 alibi.

371 4760 415 4837 lei,
437 4764 541 4845 inquit
562 4762 594 4824 S
609 4762 754 4837 Thomna,
776 4766 897 4846 quando
919 4785 979 4827 nou
993 4786 1038 4826 ae
1092 4768 1171 4829 Sunt
1192 4767 1254 4844 alii,
1277 4771 1329 4850 qui
1351 4772 1585 4851 interpretentur
1608 4770 1646 4828 de
1661 4776 1789 4850 peccate

371 4865 405 4908 n
424 4849 581 4912 illuminat
600 4849 800 4925 intellectum,
822 4871 928 4913 verum
951 4854 1040 4914 etiam
1092 4855 1123 4915 in
1139 4854 1282 4935 Spiritum
1298 4866 1441 4928 amatum,
1458 4858 1531 4930 eive,
1547 4855 1628 4935 quod
1644 4856 1725 4918 idem
1741 4877 1788 4918 ar-

371 4934 434 4998 tet
455 4937 611 4998 effecm-
648 4935 740 5016 Quod
767 4939 889 5019 quidam
913 4948 1040 5015 pariare
1090 4940 1247 5016 bitrantur,
1263 4944 1301 5005 de
1316 4953 1442 5023 peccato
1458 4942 1497 5004 ed
1512 4949 1646 5017 mortem,
1671 4944 1710 5004 de
1725 4963 1788 5026 quo

371 5031 513 5106 penum:
532 5023 666 5085 tenuiter
680 5028 846 5109 percipere,
859 5027 945 5108 queri
960 5046 1038 5089 eum·
1091 5027 1184 5092 Jonu
1209 5030 1339 5113 IEpiet
1356 5030 1386 5091 b.
1422 5028 1523 5112 Quem
1545 5032 1788 5096 mammarium
