4442 5825
778 614 941 671 merome
957 617 999 671 m
1016 616 1181 673 emersos
1216 615 1300 671 sess
1321 615 1360 669 ro
1380 615 1420 668 rr.
1719 618 1791 689 18³

371 799 472 852 unum
493 792 605 854 Jerem.
629 793 680 856 ³3.
708 794 831 853 eiecit:
858 794 893 855 ss·
913 796 1042 855 irritem
1095 793 1497 872 hujusEpistolsecsp.1.:
1524 793 1594 868 Eoo
1618 808 1671 853 ero
1691 789 1743 849 illi
1756 791 1793 851 to

371 886 444 940 otest
457 879 532 955 fleri
553 886 683 955 paetum
705 898 810 939 meum
832 898 904 940 cum
919 881 987 956 die,
1014 889 1044 941 et
1093 889 1239 956 patrem,
1258 888 1287 941 ct
1301 883 1368 956 ipsc
1383 883 1443 939 erit
1456 880 1536 937 mibi
1550 881 1586 939 irs
1602 877 1714 953 filium.
1736 876 1793 937 Est

371 974 468 1026 uem
494 984 602 1026 meum
626 985 697 1026 essm
719 973 829 1039 nocte,
851 974 888 1026 or
913 986 981 1029 ooo
1002 970 1043 1027 eit
1094 976 1195 1028 eutem
1212 966 1317 1027 eedem
1339 966 1509 1046 promissio,
1534 973 1563 1024 ot
1577 963 1682 1025 eodem
1701 982 1792 1035 sensu

371 1070 402 1113 ss
416 1061 450 1111 et
463 1070 535 1113 noe
557 1055 595 1112 irs
614 1059 754 1130 kmpore
768 1071 844 1113 esso:
866 1060 1042 1129 sipontum
1095 1053 1284 1133 eecipiends,
1306 1072 1401 1131 queo,
1424 1051 1566 1112 membris
1591 1050 1791 1128 transpositis,

371 1158 440 1201 mm
464 1141 601 1200 initum
622 1157 685 1199 esee
705 1143 825 1218 poterit
846 1158 918 1200 eum
932 1141 1042 1202 David
1095 1140 1206 1219 legitur
1232 1142 1326 1218 Apoo.
1360 1142 1427 1201 tt:
1459 1140 1526 1215 Ipsi
1553 1137 1694 1215 popolus
1724 1141 1791 1212 ejus

371 1244 428 1286 *no
443 1245 518 1286 mco
525 1269 540 1299 ,
560 1233 599 1286 ert
613 1244 682 1287 noes
694 1230 735 1287 sit
749 1246 789 1288 erc
808 1245 845 1287 eo
859 1226 961 1303 illiue,
985 1230 1042 1305 qus·
1095 1234 1205 1303 erunt,
1234 1229 1343 1302 etipse
1359 1229 1445 1287 Deus
1458 1244 1528 1287 cum
1549 1227 1592 1286 eis
1607 1226 1666 1285 erit
1680 1241 1790 1284 eorum

371 1320 445 1383 esset
460 1316 502 1373 iss
517 1313 635 1373 tlte-orso
654 1316 728 1387 ejrse.
768 1313 829 1374 Ubi
850 1331 926 1373 sene
948 1315 1042 1395 priori
1095 1315 1189 1374 Deus.
1226 1314 1276 1373 Ex
1305 1332 1365 1392 quo
1392 1314 1457 1373 loeo
1484 1312 1577 1373 etiem
1607 1309 1790 1388 intelligitur,

371 1420 394 1459 u
416 1418 461 1461 ue
482 1399 563 1479 tingi
581 1396 703 1480 quidem
727 1408 825 1478 potest
847 1398 978 1461 conditio
1002 1421 1040 1462 ex
1093 1400 1172 1461 heuc
1186 1399 1408 1480 promissionem
1430 1420 1490 1460 non
1512 1398 1608 1458 solum
1628 1416 1695 1457 esse
1716 1404 1789 1457 tem·

371 1506 426 1547 m
441 1494 538 1565 parte
554 1486 744 1564 praestando.
768 1486 847 1545 'l'ele
865 1487 957 1563 igitur
971 1507 1038 1566 pec·
1092 1487 1175 1566 poris
1189 1489 1367 1566 proesentis,
1383 1486 1436 1547 sed
1451 1484 1573 1546 extendi
1588 1503 1685 1563 usque
1700 1483 1731 1544 iu
1745 1482 1789 1543 iu·

371 1582 458 1633 nest
473 1573 552 1644 hoe,
575 1572 658 1651 quod
681 1584 808 1633 vocetur
822 1593 933 1633 novum
947 1582 1038 1634 tostu-
1093 1581 1189 1633 turum
1205 1572 1373 1645 soeculum,
1392 1572 1442 1651 ubi
1460 1570 1594 1650 periente
1607 1567 1787 1649 implebitur.

371 1668 481 1734 nmm3
509 1658 654 1719 videlieet
668 1659 827 1739 promissio
842 1660 900 1719 Dei
916 1679 1039 1739 prorsus
1093 1660 1207 1740 Estque
1238 1659 1415 1735 notandum
1448 1657 1675 1738 promissionem
1710 1655 1790 1717 benc

371 1744 474 1807 olum
500 1754 533 1805 et
558 1747 709 1825 gretuits,
742 1766 802 1826 que
825 1745 967 1824 diguatus
993 1755 1039 1806 est
1091 1766 1151 1806 non
1174 1745 1302 1807 eundem
1324 1765 1389 1806 esse
1412 1765 1478 1805 cum
1499 1742 1709 1826 praecedento,
1735 1741 1788 1803 sed

371 1834 443 1894 nini
462 1832 497 1891 in
514 1840 675 1912 peceatum
691 1840 722 1894 ot
731 1832 883 1893 interitum
898 1833 1038 1912 prolapso
1093 1852 1131 1893 ex
1147 1853 1183 1893 ee
1200 1835 1352 1912 consequi.
1376 1833 1465 1893 Prius
1481 1840 1527 1892 est
1542 1831 1629 1905 enim,
1644 1838 1679 1890 ut
1692 1829 1788 1909 legem

371 1920 513 1981 mittere
528 1918 736 1995 Solvetorom,
757 1938 794 1979 eo
814 1938 866 1999 per
885 1938 953 1980 eum
969 1939 1038 2000 pec·
1091 1938 1176 1980 suern
1193 1920 1277 1980 Deus
1293 1920 1405 1981 scribet
1423 1921 1455 1979 in
1470 1916 1611 1978 cordibus
1627 1917 1788 1990 hominum,

371 2026 467 2069 urum
487 2006 710 2080 remissionem,
734 2006 813 2086 legis
828 2004 1038 2082 obedientium,
1092 2027 1180 2086 quum
1197 2016 1229 2066 ut
1245 2026 1313 2079 eos,
1335 2016 1489 2085 temqusm
1505 2004 1650 2085 populum
1664 2004 1710 2063 sni
1725 2003 1787 2064 eul-

371 2091 938 2174 ineqnemercedemvitumseternsm.
950 2092 1039 2153 Nunc
1090 2103 1196 2164 torem.
1219 2093 1412 2172 amplioribus
1427 2092 1581 2154 beneficiis
1594 2090 1743 2171 provebat
1757 2100 1788 2149 st

373 2178 510 2260 relique
519 2178 690 2260 prophetici
699 2178 861 2240 testimonii
870 2197 1037 2261 pergemus.
1091 2180 1132 2240 sd
1151 2178 1325 2241 felicitatem
1349 2188 1501 2240 setsrnem
1519 2176 1670 2258 perducet.
1707 2175 1788 2237 Nem

371 2266 414 2331 R
438 2284 501 2327 ero
526 2267 572 2326 es'e
593 2268 628 2326 irs
655 2264 778 2341 Deum,
805 2267 918 2343 stipsi
943 2272 1038 2327 erunt
1091 2268 1174 2347 prius
1190 2266 1267 2327 illud
1282 2274 1328 2327 est
1343 2265 1453 2326 donum
1464 2265 1707 2346 justificationie5
1730 2263 1787 2323 hoc

371 2354 406 2415 Β
419 2357 461 2415 s’ss
473 2352 650 2429 populum.
688 2353 811 2413 Phrssis
825 2352 968 2414 Hebraeo
983 2373 1037 2433 pro
1090 2373 1161 2415 vero
1177 2353 1385 2432 complectitur
1408 2370 1443 2412 se
1465 2350 1625 2427 beneficis,
1639 2345 1727 2431 {quse
1736 2349 1786 2427 ju·

373 2438 495 2523 ‚qnod
519 2438 633 2500 Lstine
655 2437 815 2500 diceretur:
838 2438 883 2500 Er
905 2457 958 2501 ero
973 2440 1038 2499 illis
1090 2440 1300 2502 stificetionsm
1315 2446 1493 2518 sequuntur.

371 2546 430 2603 m,
447 2534 481 2588 et
498 2528 564 2603 s'pes'
574 2532 668 2587 erent
679 2527 757 2586 mibi
764 2526 916 2605 populus,
933 2546 1036 2609 quem·
1136 2531 1184 2589 11.
1208 2529 1251 2589 Et
1264 2544 1333 2588 noo
1345 2525 1691 2601 docebiturssesqus‘sqrse
1705 2539 1784 2598 pro-

371 2613 496 2675 nodurn
519 2612 572 2673 elii
595 2613 820 2674 transtulerunt.
857 2612 946 2674 Heec
968 2633 1037 2694 pers
1089 2616 1212 2677 simum
1226 2632 1336 2689 suum,
1363 2614 1622 2690 stenesqotsoee
1646 2611 1785 2687 fratrem

371 2702 472 2763 briem
489 2701 668 2782 exponitur3
687 2708 740 2760 eut
760 2700 819 2761 boo
837 2698 942 2760 modo:
969 2702 1036 2780 Ego
1089 2719 1191 2763 mum.
1225 2700 1356 2780 Quidem
1372 2699 1483 2762 Graeci
1502 2697 1622 2759 esdices
1636 2696 1702 2757 loco
1718 2715 1785 2776 pro·

374 2790 447 2871 ipse
470 2806 523 2847 me
539 2784 698 2847 declarabo
721 2805 789 2851 esse
810 2807 913 2849 eorum
928 2787 1036 2860 Deum,
1089 2789 1178 2861 simi,
1193 2783 1337 2865 πολίτην,
1362 2786 1392 2847 id
1408 2795 1455 2848 est
1470 2789 1568 2849 ciuem
1575 2829 1586 2861 ,
1602 2785 1720 2864 legunt3
1742 2792 1785 2844 et·

372 2894 484 2938 eurem
501 2880 532 2933 et
554 2872 680 2935 tutelsm
701 2892 801 2936 mecm
816 2892 869 2936 soe
883 2876 1036 2958 recipiam,
1089 2894 1149 2957 que
1163 2877 1206 2936 ite
1221 2876 1312 2936 vertit
1326 2873 1526 2956 Stepulensis.
1559 2870 1672 2934 Eodem
1686 2872 1785 2933 veris·

371 2961 519 3046 rsperebo
541 2980 594 3022 eos
617 2970 646 3022 et
671 2960 777 3021 bestos
798 2961 925 3037 isciem3
947 2963 1037 3043 juxte
1089 2972 1137 3023 tes
1156 2964 1309 3024 invenitur
1334 2961 1415 3043 epud
1441 2961 1607 3023 Jsremiem
1629 2960 1659 3019 in
1685 2977 1785 3020 exem·

371 3049 406 3112 sd
437 3047 573 3111 Pselmi:
602 3050 723 3110 Beatus
749 3050 908 3126 populus,
946 3054 1037 3123 eujus
1088 3049 1224 3129 pleribus
1240 3050 1386 3110 versionis
1398 3050 1593 3128 interpretum
1606 3045 1706 3106 Lxx
1722 3046 1784 3105 An-

371 3137 501 3198 entinus
529 3136 617 3196 Deus
644 3139 717 3212 ejus.
755 3135 798 3196 ut
823 3135 882 3217 ipsi
905 3135 1036 3196 vicissim
1089 3138 1228 3216 gostinus
1240 3138 1330 3198 etiem
1354 3136 1404 3196 lib.
1426 3136 1465 3197 de
1486 3136 1592 3215 spiritu
1614 3141 1646 3193 et
1661 3133 1703 3193 lit.
1720 3153 1785 3213 cup.

371 3223 423 3285 rtis
439 3219 618 3295 ostendent,
643 3242 677 3283 se
692 3240 758 3282 esse
772 3222 916 3303 populum
929 3242 1037 3298 meum,
1092 3227 1140 3287 19.
1156 3224 1232 3302 legit
1250 3225 1359 3284 οἰυοπι.
1393 3221 1454 3284 Sed
1477 3232 1507 3282 et
1530 3224 1676 3301 interpres
1691 3219 1786 3299 sym

371 3330 407 3371 re
438 3330 478 3370 ee
505 3311 620 3370 sincere
645 3329 694 3370 me
723 3308 865 3383 colendo,
891 3308 1038 3390 legesque
1089 3309 1254 3371 seeundum
1292 3312 1509 3390 proprietatem
1553 3308 1674 3387 linguae
1710 3326 1785 3367 sues

371 3415 416 3458 ru
429 3395 633 3458 observando.
664 3400 726 3458 Aut
740 3416 831 3458 sensu
845 3405 1037 3472 eommuteto,
1089 3399 1192 3475 fllium
1201 3400 1341 3459 civitatis
1351 3395 1510 3457 transtulit.
1533 3395 1684 3456 Hebraico
1693 3392 1785 3453 dictio

371 3482 470 3545 ‚lune
484 3483 624 3543 modum:
646 3483 695 3543 Illi
710 3502 760 3544 me
775 3484 876 3545 colent
889 3493 922 3544 ut
935 3483 1036 3545 Deum
1089 3492 1172 3577 ,ᾞἾ
1188 3478 1288 3562 (rc'eb)
1304 3483 1456 3563 significet
1470 3485 1588 3545 socium
1596 3526 1607 3556 ,
1634 3483 1784 3556 emicem,

371 3589 432 3644 uu,
446 3573 587 3648 meisque
597 3569 746 3631 mundetis
761 3571 916 3648 obedisntq
933 3580 965 3632 et
979 3590 1035 3652 ego
1089 3579 1120 3633 st
1150 3573 1182 3632 in
1209 3590 1319 3650 genere
1345 3574 1546 3648 proximum,
1577 3578 1611 3627 ut
1636 3575 1723 3647 petet
1747 3586 1786 3627 ex

371 3659 469 3718 e'nim
485 3676 539 3718 eos
553 3665 587 3716 ut
601 3657 744 3737 populum
760 3677 859 3719 meum
875 3658 991 3731 tuebor,
1006 3669 1037 3720 st
1088 3668 1249 3739 preooopto
1271 3657 1442 3719 dilectionis
1464 3656 1609 3738 proximi,
1636 3653 1718 3734 quod
1732 3653 1783 3716 bs·

371 3744 539 3808 uefleenfie
566 3763 634 3804 mee
663 3743 853 3823 complector.
898 3745 1037 3826 Uterque
1088 3743 1592 3819 betrrrLevit19.‚·stquristo
1615 3740 1784 3821 expositum

371 3851 444 3892 usus
473 3830 641 3904 probebilis
669 3838 730 3904 est,
760 3839 793 3892 st
821 3832 964 3894 Hebrsee
992 3833 1034 3895 lo·
1089 3832 1437 3913 estinEvougelioLuc
1452 3833 1501 3892 10.
1524 3830 1716 3910 Quemquam
1729 3828 1785 3889 boo

371 3917 450 3980 rudi
464 3917 562 3978 torm
576 3925 716 3978 neutrum
732 3921 857 3999 respuit
1088 3920 1156 3980 loco
1171 3920 1194 3980 J
1196 3920 1324 3980 eremite
1338 3920 1470 3980 strictius
1486 3917 1608 3978 videtur
1622 3916 1720 3994 eccipi
1731 3935 1785 3994 pro

377 4005 455 4066 stim
478 4013 581 4065 temen
603 4006 799 4067 verisimilius
821 4014 882 4079 est,
908 4014 1036 4085 utroque
1089 4027 1141 4079 eo,
1157 4012 1209 4086 qui
1223 4014 1270 4066 est
1284 4005 1562 4082 ejusdemeivitetis
1578 4012 1630 4063 eut
1644 4002 1783 4081 reipubli-

371 4091 468 4154 nbro
484 4090 646 4171 signifieeri
666 4092 804 4154 effectum
818 4095 878 4154 Dei
894 4096 925 4153 in
940 4092 1034 4153 homi·
1088 4113 1151 4154 css.
1191 4092 1284 4153 Addit
1307 4094 1399 4165 enim‚
1427 4095 1531 4171 qussi,
1557 4091 1638 4172 quod
1659 4089 1785 4164 dixerut,

371 4199 407 4253 ιι,
427 4177 539 4261 quibus
554 4179 588 4239 fit
603 4181 778 4258 promissi03
792 4190 827 4240 ut
842 4180 971 4241 breviter
985 4180 1034 4239 bic
1089 4199 1255 4260 exponens:
1268 4180 1677 4258 Etunusqus'squesrotrem
1683 4197 1784 4239 essum

371 4283 505 4326 :muse
521 4266 588 4345 Ego
597 4285 646 4326 me
657 4269 702 4326 eis
714 4268 873 4346 preestebo
884 4269 994 4338 Deum,
1006 4275 1035 4326 st
1088 4268 1167 4328 Nem
1196 4266 1301 4329 iratres
1331 4288 1411 4328 mors
1445 4268 1616 4346 Scripturas
1646 4264 1787 4326 dicuntur

371 4351 1036 4435 rbebosospropopulom003idestutroque
1088 4354 1223 4414 homines
1244 4354 1380 4434 ejusdem
1404 4356 1511 4433 gentis.
1549 4351 1637 4414 Unde
1660 4362 1689 4413 et
1712 4351 1786 4412 slibi

371 4441 646 4520 miseconjuneto:
674 4442 863 4522 etquoniem
878 4461 935 4520 ego
950 4441 1034 4502 Deus
1089 4443 1313 4520 conjunguntur
1347 4442 1404 4503 bes
1442 4439 1522 4502 duee
1558 4458 1663 4510 voces,
1701 4438 1787 4498 velut

371 4545 436 4586 rum
451 4547 513 4597 ero,
530 4537 562 4586 et
577 4529 720 4605 quonism
736 4529 794 4608 ipsi
806 4526 935 4609 populus
950 4547 1035 4587 meus
1089 4538 1234 4608 cognotoe
1251 4529 1494 4608 significationis5
1520 4536 1555 4590 ut
1569 4526 1680 4587 Pselm.
1699 4528 1785 4586 121.:

371 4622 436 4686 unt,
460 4612 648 4676 beneieeiem
671 4617 726 4675 eis.
763 4615 824 4675 Hic
839 4635 946 4676 sensus
961 4635 1035 4696 pree
1089 4618 1227 4691 Propter
1240 4618 1360 4694 fratres
1382 4635 1466 4677 meos
1482 4625 1510 4677 et
1522 4616 1687 4693 proximos
1701 4630 1786 4672 meos

371 4701 405 4761 ils
418 4700 534 4780 plecet3
556 4700 644 4780 eujus
666 4704 812 4763 tutionem
829 4701 914 4773 dedi,
942 4721 1034 4782 quum
1089 4703 1242 4781 loquebar
1255 4723 1365 4779 pacem
1382 4705 1421 4764 de
1436 4712 1473 4764 te.
1498 4702 1650 4784 Quocirca
1664 4718 1724 4758 non
1740 4706 1787 4760 ost

371 4787 475 4848 sedem
490 4789 659 4848 sententies
672 4789 766 4849 verbe
781 4809 819 4849 ex
831 4791 970 4850 Levitico
986 4788 1034 4847 do
1090 4790 1252 4869 rejicienda
1268 4791 1357 4851 lectio
1374 4791 1504 4864 Graece,
1531 4806 1610 4870 quse
1633 4784 1724 4847 hebet
1739 4789 1785 4846 ei·

371 4884 480 4955 unpts
510 4893 693 4954 exponerem
723 4877 754 4936 in
783 4875 895 4937 beor.
925 4880 971 4949 6.,
997 4874 1036 4936 ed
1090 4898 1179 4954 vem;
1206 4880 1346 4938 convenit
1369 4881 1446 4939 enim
1474 4897 1540 4938 eum
1567 4874 1787 4952 significetione

371 4979 425 5023 nus
454 4961 557 5022 locum
586 4959 728 5023 lectorem
763 4965 892 5024 remitto.
939 4964 1037 5024 Fovet
1088 4967 1211 5043 fratris.

371 5050 426 5110 hm
437 5048 514 5111 illud
530 5048 640 5111 smilis
652 5047 787 5124 meuse,
812 5050 896 5131 quod
907 5050 1038 5112 hebetur
1134 5053 1268 5114 Diceret:
1294 5053 1451 5131 Gopnosee
1466 5052 1651 5116 Dominum.
1674 5046 1785 5116 Nullus
