4442 5825
677 620 885 676 stemnius
901 621 1066 676 erotem
1082 622 1207 676 amnne
1590 624 1664 697 485

656 794 886 863 titubanter!
908 794 1072 864 stertens
1096 794 1234 863 retest.

371 939 384 978 c
409 917 550 998 Epistola
575 921 763 998 potissimum
793 919 825 979 id
856 922 919 999 agit
969 919 1060 1000 plena
1081 920 1269 982 auctoritatis
1292 942 1328 981 ac
1350 920 1518 998 maiestatis
1541 919 1667 997 Aposto-

372 1025 386 1064 s
409 1005 529 1078 Petrus,
552 1015 585 1065 nt
607 1005 746 1067 Judaeos
768 1007 807 1065 ad
832 1005 915 1067 chri·
969 1007 1063 1075 licae,
1093 1007 1194 1067 verbis
1220 1027 1327 1085 parca,
1355 1007 1511 1067 sententiis
1537 1003 1665 1065 differta.

371 1110 485 1163 ,versos
501 1093 553 1173 qui
569 1096 703 1171 gentium
719 1095 866 1170 regiones,
882 1102 917 1151 nt
969 1094 1062 1153 Porro
1085 1094 1139 1172 qni
1159 1093 1242 1153 volet
1264 1113 1459 1173 cognoscere,
1482 1111 1572 1173 quam
1595 1112 1664 1152 con·

371 1185 419 1250 nt,
447 1179 637 1249 incolebant,
663 1181 694 1239 in
721 1178 781 1239 fide
807 1179 916 1240 Christi
969 1181 1099 1239 sentiant
1112 1181 1143 1239 in
1156 1178 1289 1241 doctrina
1303 1182 1412 1242 Petrus
1424 1177 1586 1251 etPanins,
1600 1197 1664 1258 per·

371 1285 382 1335 ·,
404 1264 522 1339 docens,
546 1284 597 1325 eos
619 1270 649 1327 in
666 1265 852 1346 professione
866 1286 915 1326 an·
969 1276 1065 1326 currat
1082 1266 1172 1345 hujus
1184 1267 1342 1346 Epistolae
1354 1267 1517 1329 sententias
1533 1273 1565 1324 et
1578 1285 1661 1344 prae-

371 1358 522 1413 onstantes
548 1370 615 1412 ease
641 1351 761 1425 dobere,
788 1373 916 1432 eamque
968 1363 1055 1433 cepta
1071 1373 1209 1433 quaeqae
1224 1357 1395 1435 praecipua,
1418 1362 1447 1414 ct
1462 1353 1605 1425 inveniet,
1629 1371 1666 1412 ea

371 1437 493 1499 notibus
520 1459 683 1516 exornare;
710 1441 753 1499 ita
774 1438 915 1514 futorum,
967 1439 1092 1500 mirifice
1114 1443 1275 1501 convenire
1296 1462 1362 1502 cnm
1385 1442 1431 1513 iis,
1454 1458 1533 1519 qnae
1548 1438 1663 1498 Paulas

371 1522 467 1586 litatis
482 1526 632 1598 eoelestis,
654 1524 800 1606 adquam
816 1529 916 1586 vocati
967 1526 1060 1587 tradit
1082 1528 1113 1587 in
1135 1527 1228 1589 variis
1244 1528 1404 1608 Epistoiis3
1427 1544 1483 1587 neo
1505 1523 1663 1598 dubitabit,

371 1612 504 1690 articipes
518 1612 597 1671 fiant.
620 1612 691 1672 Huc
703 1621 802 1672 antem
814 1613 915 1674 varias
968 1610 1005 1673 ab
1021 1632 1081 1673 uno
1097 1615 1204 1694 spiritu
1227 1614 1391 1694 proiectam
1415 1630 1482 1674 esse
1504 1612 1663 1693 uniusque

370 1699 595 1759 exhortationes
619 1707 649 1779 et
671 1708 851 1778 praecepte,
878 1698 916 1761 de
967 1699 1143 1760 doctrinam.

371 1810 377 1846 t
391 1788 424 1846 in
438 1786 529 1846 rebus
545 1785 681 1845 adversis
696 1786 855 1866 patientia,
877 1785 916 1848 de

382 1873 465 1934 vitae
481 1874 654 1933 innocentia
669 1873 853 1951 acpnritate,
877 1872 915 1934 de
1011 1872 1103 1954 Quod
1129 1875 1168 1936 ad
1190 1874 1288 1934 locum
1314 1876 1436 1948 attinet,
1464 1893 1482 1933 ο
1504 1872 1663 1954 Babylone

371 1980 388 2018 a
412 1957 595 2039 praestanda
618 1959 851 2036 magistratibus,
877 1959 915 2020 de
967 1963 1107 2042 scriptam
1139 1980 1222 2033 ease,
1253 1962 1406 2040 significat
1432 1962 1498 2041 ipse
1525 1962 1553 2020 in
1581 1960 1664 2021 calce

371 2056 391 2106 tt
410 2044 583 2106 Christiana
605 2048 766 2125 conjugum
790 2046 869 2106 inter
882 2065 915 2107 se
966 2047 1132 2127 Epistolae.
1168 2047 1227 2108 Sed
1254 2049 1430 2124 Babylonis
1455 2048 1575 2108 nornine
1601 2049 1660 2107 Ro·

371 2133 463 2204 tione,
491 2135 530 2195 de
551 2133 674 2194 vitanda
695 2132 822 2213 profana
843 2153 913 2211 gen·
965 2153 1045 2194 mam
1069 2135 1174 2214 typice
1196 2133 1257 2195 illic
1279 2155 1346 2197 esse
1369 2134 1566 2215 designatam,
1595 2154 1660 2213 pro·

371 2219 533 2280 suetudine.
557 2219 636 2279 'Pom
658 2221 767 2280 invitat
781 2218 820 2279 ad
835 2222 913 2300 vigi·
966 2232 1035 2300 pter
1057 2220 1264 2282 confusionem
1287 2221 1486 2293 idololatriae,
1509 2239 1589 2302 qnae
1603 2222 1663 2281 Ro·

371 2306 569 2377 sobrietatem,
584 2305 688 2368 orandi
704 2304 844 2378 studium,
860 2308 912 2368 ha·
965 2328 1033 2369 mae
1049 2317 1120 2367 tnnc
1134 2309 1263 2387 vigebat,
1284 2309 1448 2369 communis
1464 2316 1510 2367 est
1525 2314 1555 2367 et
1569 2306 1661 2368 valde

372 2392 638 2474 ,hospitalitatem
661 2413 697 2453 ac
717 2402 836 2453 caetera
852 2395 912 2455 offi-
965 2393 1131 2474 probabilis
1161 2396 1279 2476 opinio;
1308 2397 1396 2456 utin
1421 2392 1495 2455 urbe
1520 2394 1661 2458 Romana

371 2484 413 2541 tis
428 2483 458 2542 in
472 2482 632 2560 proximos.
655 2483 758 2561 Atque
771 2479 815 2539 bis
827 2500 913 2560 prae·
964 2482 1107 2561 scriptam
1131 2499 1211 2554 esse,
1237 2483 1375 2553 nonsit,
1402 2501 1455 2542 cnr
1479 2499 1662 2562 magnopere

371 2570 453 2629 rasim
476 2569 623 2630 admiscet
643 2569 775 2628 rationes
795 2577 826 2626 et
846 2587 911 2628 sna·
964 2569 1160 2648 ambigamus.
1184 2567 1246 2629 Sed
1267 2569 1325 2630 bac
1340 2569 1378 2629 de
1392 2587 1425 2629 re
1438 2568 1528 2648 plnra
1548 2569 1580 2630 in
1594 2570 1660 2646 ejas

380 2655 451 2715 fidei
474 2665 595 2716 nostrae
616 2655 768 2733 mysteriis
793 2656 911 2734 petitae
963 2655 1024 2716 loci
1035 2657 1255 2717 commentario.
1273 2656 1401 2734 Quando
1414 2655 1584 2735 scriptasit,
1599 2675 1660 2717 non

371 2745 468 2823 spite,
495 2753 648 2822 umquam
669 2743 800 2821 ipsornm
823 2744 911 2803 etiam
963 2743 1075 2822 liqnet3
1101 2743 1161 2803 nisi
1183 2741 1264 2824 qnod
1280 2762 1320 2804 ex
1331 2744 1395 2822 jam
1418 2741 1507 2803 dietis
1522 2746 1595 2804 satis
1616 2743 1658 2802 in·

387 2838 498 2910 pastor,
515 2830 654 2901 seniores,
678 2827 709 2889 id
725 2838 771 2890 est
785 2829 909 2908 Episco·
963 2829 1121 2909 telligitur,
1135 2850 1195 2890 non
1211 2830 1294 2910 prius
1309 2832 1452 2913 scriptam
1468 2849 1543 2902 esse,
1570 2849 1660 2911 qnam

372 2916 536 2997 asbyteros,
555 2917 700 2990 hortatur,
716 2916 865 2996 quomodo
880 2918 911 2980 in
962 2918 1071 2978 Petrus
1092 2918 1218 2978 Romam
1241 2921 1365 2980 venerit
1388 2916 1469 2980 Illnd
1484 2919 1573 2978 etiam
1589 2937 1658 2979 con·

373 3025 423 3065 nm
446 3024 565 3066 snarnm
588 3004 732 3083 regimine
755 3024 860 3084 gerere
874 3023 908 3065 se
962 3012 1022 3064 stat
1044 3023 1084 3065 ex
1107 3023 1172 3084 cap.
1195 3008 1241 3078 4.,
1266 3006 1318 3065 nbi
1342 3004 1466 3066 dicitnr:
1495 3004 1530 3067 et
1552 3013 1660 3067 cutem

961 3099 998 3153 ut
1013 3092 1221 3165 Christianus,
1244 3095 1387 3172 scriptam
1403 3112 1477 3165 esse,
1500 3102 1658 3173 postquam

370 3187 443 3240 rtem
474 3179 625 3259 Epistola,
656 3177 909 3257 quemadmodum
963 3177 1101 3258 discipuli
1139 3179 1203 3258 jam
1240 3180 1415 3261 inceperant
1454 3180 1658 3259 cognominari

371 3286 392 3328 e
413 3275 444 3327 et
458 3267 593 3346 graviter
616 3272 744 3327 testatur
758 3266 910 3338 Erasmus,
962 3264 1135 3327 Christiani.
1175 3263 1266 3344 Quod
1292 3287 1354 3347 qno
1380 3273 1518 3348 tempore
1545 3265 1658 3328 iactum

383 3351 476 3434 digna
513 3353 727 3434 Apostolorum
761 3353 911 3433 Principe,
961 3352 1010 3428 sit,
1026 3351 1141 3414 indicat
1154 3351 1281 3414 historia
1296 3354 1365 3414 Act
1383 3356 1432 3414 11.
