4442 5825
398 582 472 650 tte
939 574 1172 630 cousmausus
1188 574 1219 628 nv
1237 575 1304 630 etr.
1321 576 1340 628 1.

397 754 499 811 eitam
514 759 688 813 aeternam.
725 752 802 812 Nam
819 752 909 812 tinem
925 752 967 813 ibi
982 752 1090 815 intelli·
1144 772 1225 821 ram.
1262 753 1306 813 Et
1320 771 1425 812 seusus
1441 759 1501 826 eat,
1525 753 1695 833 prophetas
1717 760 1834 813 mutu

397 840 445 919 gi:
459 838 610 915 ultimum,
637 850 705 921 poet
726 860 816 920 quem
838 840 913 901 nihil
936 840 1017 902 aliud
1041 861 1092 903 ex·
1145 850 1175 901 et
1190 839 1395 900 auscultantes
1418 838 1458 900 ad
1481 840 1700 902 revelationem
1717 840 1835 921 Spiritus

397 935 555 1006 spectetur.
1146 928 1257 1000 sancti,
1274 946 1335 1007 quo
1350 926 1481 1007 praediti
1497 935 1600 1001 erent,
1620 930 1673 1008 pio
1688 927 1788 989 studio
1802 929 1835 987 in·

443 1013 490 1072 10.
513 1015 563 1075 De
586 1032 650 1090 pun
676 1015 778 1075 solute
800 1016 1017 1091 requisierunt
1040 1022 1092 1075 nt·
1146 1014 1312 1095 quisivisse,
1329 1033 1388 1093 qno
1405 1024 1547 1094 tempore,
1563 1023 1636 1095 post
1652 1023 1729 1096 quot
1743 1033 1837 1087 anuos,

397 1118 457 1177 que
471 1104 604 1161 scrutati
619 1109 693 1162 sunt
710 1103 892 1178 prophetoe.
916 1100 1038 1175 Salutis,
1054 1101 1092 1162 de
1146 1120 1207 1181 quo
1234 1099 1337 1160 mundi
1361 1112 1534 1161 antrorum
1557 1101 1742 1163 Jndicarnm
1766 1111 1836 1161 statu

397 1206 459 1267 qua
473 1188 622 1268 loquitur,
645 1188 880 1269 magnitudinem
895 1187 1060 1268 amplificat
1075 1209 1094 1248 a
1146 1196 1304 1248 venturam
1316 1187 1455 1261 salutem,
1466 1189 1603 1268 gratiam,
1617 1208 1750 1269 reguum
1762 1186 1836 1248 Chri·

395 1272 496 1334 studio
511 1284 648 1335 veterum
663 1275 892 1355 prophetarum,
913 1275 974 1356 qui,
988 1274 1093 1336 divino
1147 1276 1200 1347 eti,
1216 1273 1345 1353 Spiritus
1362 1274 1428 1352 ejus
1444 1275 1636 1355 significaret„

395 1361 502 1441 spiritu
514 1363 596 1435 moti,
612 1361 651 1422 de
662 1382 698 1422 ea
710 1363 871 1441 diligenter
881 1363 1092 1440 inquisierunt.
1189 1359 1318 1423 Videtur
1342 1363 1528 1441 potissimum
1554 1362 1714 1442 respicere
1740 1361 1836 1423 Petrus

394 1446 509 1508 Horum
525 1457 626 1508 autem
637 1451 777 1521 meminit,
796 1448 1046 1529 quemadmodum
1062 1458 1093 1510 et
1147 1447 1186 1507 ad
1202 1447 1300 1508 locum
1315 1449 1393 1508 Dan.
1411 1450 1448 1523 9.,
1463 1448 1514 1509 ubi
1529 1448 1670 1528 legimus,
1685 1449 1836 1510 Danielem

395 1534 427 1594 in
443 1535 472 1593 2.
486 1536 582 1615 Epist
598 1556 664 1615 cap.
680 1541 716 1609 1.,
733 1536 814 1616 quod
824 1535 863 1596 ad
874 1535 1009 1597 Jndeeos
1020 1536 1090 1596 scri·
1146 1534 1288 1613 cupidum
1304 1534 1504 1615 cognoscendi
1526 1537 1690 1615 temporie,
1718 1555 1778 1616 quo
1796 1555 1835 1595 re

396 1621 497 1695 beret,
524 1642 651 1702 quorum
678 1623 754 1684 fidos
780 1642 818 1684 ex
844 1623 996 1703 prophetis
1026 1631 1092 1684 erat
1144 1623 1223 1682 nnat
1237 1621 1318 1683 salus
1340 1618 1407 1702 (qui
1428 1630 1550 1702 propter
1574 1622 1632 1684 hoc
1658 1626 1710 1683 vir
1726 1623 1835 1684 deside·

396 1708 608 1770 confirmanda.
631 1710 768 1770 Studium
784 1710 841 1770 hoc
860 1730 896 1769 ec
911 1707 1090 1770 desiderium
1144 1708 1313 1770 riorumab
1327 1710 1432 1788 angelo
1444 1709 1615 1789 appellatus
1630 1707 1690 1787 eat)
1703 1712 1836 1783 oratioue,

395 1795 609 1875 prophetarum
629 1797 813 1877 significavit
836 1794 972 1856 Christus
986 1796 1089 1856 Domi·
1140 1797 1276 1875 jejunio,
1301 1816 1388 1856 sacco
1412 1805 1443 1857 et
1464 1798 1563 1857 cinere
1586 1817 1621 1857 ss
1644 1816 1836 1878 praeparasse

395 1901 451 1942 nus
466 1882 571 1943 Matth.
591 1886 655 1959 13„
679 1904 745 1944 cum
757 1885 815 1943 ait:
842 1884 938 1944 Multi
949 1884 1090 1960 proplie-
1145 1883 1185 1943 ad
1200 1884 1360 1958 visionem,
1376 1903 1436 1963 qua
1452 1884 1480 1943 ei
1494 1882 1665 1943 revelatum
1681 1881 1758 1959 tuit,
1781 1893 1836 1965 post

395 1976 447 2029 toe
462 1975 491 2028 et
503 1973 581 2044 justi
596 1975 767 2047 cupierunt
789 1972 914 2043 uidere,
943 1989 1025 2048 quae
1043 1973 1090 2030 ui·
1144 1981 1217 2050 quot
1245 1990 1389 2031 annorum
1413 1969 1618 2030 hebdomadas
1644 1980 1835 2032 venturaset

395 2057 486 2131 detis,
503 2064 533 2116 et
548 2058 673 2133 audire,
690 2077 771 2135 puae
786 2058 914 2118 auditis.
938 2057 1017 2117 Tale
1032 2056 1091 2117 fuit
1144 2077 1287 2137 pusaeus
1301 2067 1381 2118 esset
1396 2056 1549 2129 Christus,
1577 2058 1714 2119 Sanctus
1730 2066 1833 2120 sancto

395 2142 571 2205 desiderium
602 2145 727 2205 Jesaiae
760 2145 932 2205 clamantis:
970 2145 1090 2206 Rorote
1143 2164 1223 2218 rum,
1253 2165 1306 2225 per
1321 2164 1412 2224 quem
1427 2144 1526 2205 deleto
1549 2153 1678 2224 peccato
1694 2144 1832 2206 adducen-

395 2231 472 2291 coeli
488 2231 641 2308 desuper,
665 2241 694 2292 et
708 2233 806 2293 nubes
817 2233 937 2309 pluant
947 2234 1089 2308 ,iustum
1144 2230 1277 2293 deesset
1289 2231 1409 2309 justitia
1427 2234 1618 2310 sempiterna.
1654 2233 1832 2304 Reveletum,

394 2320 562 2394 operietur
575 2327 663 2378 terro
674 2326 703 2378 et
713 2323 869 2395 permittet
880 2319 1090 2380 detectorem.
1145 2320 1283 2398 inquam,
1310 2319 1408 2379 verbis
1423 2317 1499 2379 adeo
1515 2319 1604 2379 claris
1620 2330 1653 2379 et
1668 2320 1832 2401 perspicuis,

400 2406 529 2467 Utinam
553 2407 747 2483 dirumperes
769 2408 886 2480 coetos,
910 2414 940 2465 et
962 2406 1090 2467 descen·
1143 2413 1178 2464 ut
1202 2408 1281 2466 iuter
1307 2407 1450 2486 vulgares
1480 2407 1569 2466 enam
1600 2405 1762 2481 Judaeos,
1789 2403 1833 2467 sub

395 2493 501 2567 derce,
527 2492 593 2555 Jea.
609 2494 659 2554 45.
683 2503 714 2554 et
734 2496 784 2554 64.
820 2493 968 2572 Intelligit
988 2504 1090 2553 autem
1144 2492 1218 2553 illud
1233 2502 1364 2571 tempus,
1381 2512 1440 2573 quo
1457 2491 1596 2553 Christus
1612 2496 1710 2568 venit,
1727 2493 1833 2555 celeber

393 2579 429 2639 B.
444 2579 572 2654 Petrus,
588 2580 749 2659 prophetes
765 2601 816 2654 ea,
834 2579 993 2659 dequibus
1009 2600 1087 2640 seru·
1143 2580 1237 2641 tuerit
1250 2599 1346 2639 sermo
1362 2578 1401 2640 de
1412 2581 1542 2653 Messia,
1558 2578 1645 2639 velut
1660 2590 1776 2655 exorti,
1790 2587 1833 2640 aut

393 2668 449 2727 teti
465 2676 550 2741 suut,
566 2670 677 2747 scripto
689 2669 899 2746 consignasse,
914 2677 948 2726 ut
962 2665 1090 2728 ludaeis
1140 2669 1265 2747 jamjam
1281 2665 1432 2726 adfuturo.
1456 2667 1559 2746 Quare
1580 2676 1611 2726 et
1627 2688 1648 2726 a
1662 2667 1766 2730 multia
1781 2686 1830 2728 ere

395 2757 426 2815 in
448 2754 588 2814 manibus
613 2763 724 2814 esseut
761 2755 838 2815 Nam
862 2753 900 2814 ed
929 2755 1090 2832 scripturas
1143 2754 1237 2815 ditum
1253 2753 1325 2826 tuit,
1352 2754 1503 2815 Joannem
1519 2753 1711 2832 Baptistam,
1738 2757 1831 2835 inque

396 2840 586 2924 propheticas
601 2842 739 2920 respicit,
765 2843 843 2900 sicut
865 2850 895 2902 et
913 2841 943 2898 in
959 2841 1090 2900 secunda
1143 2860 1251 2921 magna
1281 2842 1363 2901 vitae
1390 2842 1533 2900 sauctitas
1563 2839 1742 2916 relucebat,
1777 2858 1832 2902 east

393 2928 543 3008 Epistola.
577 2927 678 3008 quue
701 2931 773 2989 satia
789 2928 945 2989 declarant
961 2948 995 2987 ea
1011 2948 1089 3008 quae
1142 2929 1294 2989 Moesiam.
1327 2927 1415 2989 Unde
1431 2948 1487 2989 uec
1501 2928 1642 3007 leguntur
1658 2928 1774 2991 Judaei
1787 2928 1830 2990 Je

393 3015 442 3076 hio
456 3023 635 3095 sequuntur:
1144 3036 1209 3075 sum
1232 3024 1388 3096 propterea
1414 3014 1577 3094 repulisse,
1608 3015 1689 3096 quod
1713 3017 1831 3078 Messias

435 3105 497 3182 Qui
521 3102 559 3161 de
579 3103 696 3179 futuro
719 3105 755 3162 irs
777 3102 863 3162 vobis
884 3104 992 3177 pratia
1010 3119 1088 3177 pro·
1142 3111 1295 3181 tempusa
1319 3101 1471 3182 prophetis
1492 3100 1685 3181 praedictum
1710 3102 1830 3165 nondum

389 3191 613 3267 pictaverunt.
644 3188 774 3250 Graece:
798 3181 844 3256 εἰς
859 3181 957 3266 ὑμᾶς,
973 3190 1009 3248 iu
1024 3207 1089 3248 ooe.
1143 3191 1273 3249 venisset
1290 3186 1465 3264 (eratenim
1488 3189 1579 3247 etiam
1601 3189 1696 3270 vulgo
1721 3208 1829 3270 perena·

393 3276 459 3337 Nec
474 3274 609 3337 additur:
627 3278 762 3354 futur05
777 3277 832 3336 sed
847 3275 1088 3356 supplementum
1144 3296 1225 3347 auur,
1251 3285 1370 3355 tempus
1393 3274 1467 3334 illud
1486 3275 1549 3353 jem
1574 3275 1735 3354 impletum
1754 3273 1830 3351 asael

392 3373 438 3424 est
467 3366 648 3442 interpretis.
686 3365 830 3424 Erasmus
859 3372 889 3422 et
918 3363 1089 3423 Henteuius
1142 3362 1195 3422 esd
1211 3364 1281 3441 quie
1298 3363 1395 3422 lucem
1418 3363 1551 3421 veritatis
1575 3361 1612 3421 ab
1630 3382 1668 3422 eo
1684 3363 1829 3443 praedica·

391 3451 434 3511 ita
449 3450 663 3510 reddiderunt:
691 3453 752 3528 Qui
769 3452 807 3509 de
830 3458 968 3510 venturu
983 3453 1019 3508 iu
1035 3468 1089 3509 eos
1142 3458 1192 3508 tae
1212 3448 1290 3508 terre
1315 3470 1375 3509 nou
1395 3456 1549 3528 poterant,
1572 3448 1665 3510 doen
1684 3454 1714 3513 3.
1748 3451 1829 3511 Porro

391 3540 499 3614 pretio
513 3539 682 3597 vaticinati
693 3546 775 3598 ussit.
797 3537 886 3596 Alius
898 3538 940 3597 ite
954 3535 1087 3616 supplet:
1142 3536 1194 3596 alii
1209 3535 1372 3615 prophetae
1395 3535 1455 3594 alia
1470 3534 1599 3594 attulere
1621 3538 1712 3616 sigua
1728 3545 1827 3616 tempo

393 3628 454 3706 Qui
470 3625 508 3683 de
524 3625 624 3701 effuso
647 3627 682 3685 iri
698 3642 752 3684 vos
771 3628 878 3699 pratia
893 3632 946 3683 etc.
984 3623 1089 3682 Potest
1141 3624 1182 3682 rie
1202 3621 1350 3682 adventus
1367 3621 1493 3694 Christi,
1516 3630 1550 3680 ut
1568 3621 1592 3682 J
1593 3640 1635 3681 es.
1659 3643 1729 3704 cap.
1746 3626 1775 3685 2.
1788 3643 1830 3702 pe·

391 3713 481 3771 etiam
507 3710 588 3770 nude
616 3712 658 3769 sic
685 3712 779 3771 verti:
812 3712 873 3789 Qui
903 3712 941 3769 de
969 3712 1087 3784 pratia,
1142 3730 1206 3768 cem
1221 3709 1406 3787 generalem,
1426 3707 1524 3769 Jacob
1541 3707 1615 3769 Gen.
1635 3713 1687 3773 49.
1705 3721 1830 3792 ceptrum

391 3817 473 3876 pune
489 3815 565 3872 erpo
580 3816 635 3857 cos
658 3805 720 3871 est,
743 3799 1029 3874 prophetaverunt,
1059 3794 1088 3855 id
1141 3795 1257 3856 aJuda
1273 3794 1415 3856 ablatum.

392 3895 440 3947 est
453 3884 491 3944 ds
503 3886 617 3963 gratia,
643 3904 721 3963 qnae
745 3905 824 3944 nunc
846 3885 931 3945 vobis
953 3885 1089 3962 impensa
1184 3883 1266 3941 Dicit
1281 3891 1399 3941 autem:
1415 3885 1555 3958 Spiritus
1566 3880 1697 3960 Christi,
1710 3894 1745 3945 ut
1756 3883 1830 3947 ctu·

392 3980 486 4050 atque
502 3969 712 4043 exhibitam,
739 3981 769 4031 et
783 3972 894 4032 mundo
909 3971 1009 4049 palam
1025 3989 1087 4028 ma·
1141 3969 1179 4027 sti
1195 3968 1316 4029 Domini
1344 3970 1448 4030 innuat
1470 3968 1676 4046 divinitatem,
1699 3975 1754 4054 qui
1776 3974 1831 4053 ipsc

391 4058 540 4118 nifcsteta.
578 4059 632 4117 Est
661 4066 760 4117 autem
792 4060 936 4139 expositio
966 4058 1086 4130 salutis,
1137 4054 1201 4131 jam
1217 4056 1287 4115 olim
1302 4074 1356 4115 suo
1372 4055 1485 4135 Spiritu
1510 4055 1676 4134 prophetas
1691 4058 1832 4121 afflaverit

391 4163 480 4227 quam
497 4143 626 4205 dixerat
662 4146 739 4203 Eam
764 4147 876 4224 quippe
895 4146 1020 4224 gratiam
1036 4162 1086 4203 vo·
1141 4150 1171 4200 et
1187 4141 1354 4221 impleverit
1370 4143 1407 4202 ad
1424 4164 1460 4204 ea
1475 4144 1738 4223 praenuntianda,
1762 4162 1831 4227 quae

390 4239 454 4305 oet,
470 4240 503 4291 ut
518 4231 705 4308 intelligant,
725 4250 791 4292 esse
805 4230 981 4292 beneficium
997 4230 1087 4310 plane
1140 4227 1178 4287 ad
1194 4230 1291 4309 ipsum
1306 4232 1497 4307 pertinerent.
1520 4230 1571 4289 Ex
1587 4248 1650 4309 quo
1666 4234 1758 4294 etiam
1773 4252 1830 4294 coa·

389 4320 559 4401 gratuitum.
1140 4328 1185 4373 tra
1202 4315 1334 4376 Graecos
1349 4316 1524 4390 ostenditur,
1540 4315 1685 4395 Spiritum
1702 4329 1830 4382 aauctm

435 4410 483 4466 11.
505 4406 708 4478 scrutanter,
739 4408 774 4464 in
802 4405 887 4481 quod
914 4406 963 4465 oet
992 4406 1086 4480 quale
1139 4400 1249 4463 aFilio
1266 4404 1438 4483 procedere.
1462 4404 1526 4464 Nec
1542 4401 1619 4463 illud
1632 4406 1831 4488 improbabile.

388 4500 511 4570 tempus
525 4494 766 4568 sipuificarctin
781 4494 825 4551 eis
838 4493 976 4567 Spiritus
993 4492 1085 4552 Chri·
1139 4488 1219 4568 qnod
1246 4488 1328 4568 apud
1355 4489 1506 4569 quandam
1537 4489 1617 4571 legi,
1644 4494 1769 4558 Petrum
1791 4493 1831 4556 hic

388 4583 437 4642 eti.
476 4583 518 4642 Ire
533 4583 592 4654 eir,
620 4578 753 4640 Graece:
781 4571 816 4635 τὸ
832 4569 863 4635 ἐν
881 4571 990 4646 αὐτοῖς
998 4622 1007 4651 ,
1031 4581 1087 4654 qui
1138 4574 1273 4635 alludere
1287 4576 1326 4636 ad
1342 4578 1545 4656 apparitiones
1568 4580 1744 4659 angelicas,
1768 4591 1829 4642 tem

387 4672 424 4729 irs
445 4670 505 4743 eie,
528 4665 675 4727 subaudi:
701 4673 771 4726 eret
792 4673 827 4725 nt
849 4675 932 4726 recte
955 4665 992 4725 ab
1016 4666 1085 4723 aliis
1139 4682 1211 4741 pore
1226 4666 1338 4726 veteris
1354 4666 1521 4725 testamenti
1537 4665 1570 4725 iu
1581 4687 1717 4747 persona
1729 4663 1830 4731 Christi

388 4774 518 4815 versum.
545 4755 697 4830 Tempus,
714 4752 847 4813 Graece:
873 4744 997 4828 καιρὸν,
1025 4771 1084 4831 quo
1137 4749 1241 4809 factes.
1265 4751 1314 4811 De
1330 4751 1438 4830 quibua
1454 4753 1571 4831 egimus
1592 4754 1633 4815 ad
1650 4756 1727 4819 illud
1745 4755 1829 4820 teu·

389 4841 510 4921 proprie
539 4841 726 4919 significatur
755 4848 872 4918 tempus
908 4848 1012 4917 apt-um
1041 4837 1085 4897 rei
1140 4838 1205 4896 10.:
1231 4838 1338 4913 Neque
1367 4844 1521 4900 tentemus
1548 4841 1736 4922 meeum,
1763 4846 1830 4908 siuti

389 4926 540 5007 gerendae
554 4926 605 4987 vel
621 4925 841 5006 exsequendae.
879 4923 1084 5004 Supplendum
1138 4924 1268 5000 quidam
1285 4942 1396 4986 eorum
1410 4932 1640 4991 tentaverunt:

388 5024 507 5075 autem:
532 5014 668 5075 satuens
691 5008 768 5087 (sive
788 5008 942 5088 monem)
971 5018 1084 5073 oemu-
1179 5011 1424 5075 Proersuntiam
1445 5031 1517 5089 eas,
1544 5034 1635 5093 puae
1658 5022 1697 5086 t„
1722 5020 1830 5088 M
