4442 5825
765 574 928 631 tristem
944 575 985 630 au
1002 573 1168 630 massus,
1201 573 1286 628 usas.
1304 575 1329 628 8.
1348 575 1372 630 t.
1693 581 1766 649 qqq

361 772 457 836 euque
475 773 564 816 omne
580 754 710 834 spatium
721 753 919 826 aeternitatis,
935 751 1017 834 quod
1070 752 1186 814 illorum
1202 750 1290 812 fidem
1307 752 1467 813 imitemini.
1499 750 1587 831 Quae
1604 751 1767 833 explicatio

363 848 394 904 te
413 839 519 903 mundi
544 842 693 920 originem
719 839 786 901 init
823 840 935 921 Itaque
960 841 1018 900 hac
1070 860 1130 901 non
1152 839 1249 900 solnm
1273 848 1344 920 apte
1370 841 1528 919 conjungit
1553 840 1631 899 hane
1652 847 1766 920 partem

361 929 479 1009 rlptura
493 936 617 990 utuntur
639 926 679 988 ad
701 928 888 1007 probandum
913 927 1016 988 edver-
1071 947 1138 989 cum
1161 925 1378 1007 praecedente,
1403 946 1504 987 verum
1528 928 1617 986 otiam
1640 945 1708 986 cum
1723 945 1767 998 ec,

361 1016 518 1077 sAriauos
533 1014 646 1077 Christi
662 1015 864 1091 divinitatem
891 1013 974 1094 qued
990 1022 1019 1075 et
1071 1015 1153 1095 quod
1169 1015 1309 1074 continuo
1332 1017 1465 1095 sequitur
1486 1013 1525 1074 de
1548 1012 1700 1092 fugiendis
1716 1011 1767 1072 do·

361 1103 438 1165 dunt
452 1101 631 1165 Ambrosius
654 1110 685 1162 et
699 1101 851 1162 Maximus
874 1100 949 1162 locis
969 1121 1016 1161 su·
1072 1102 1172 1163 ctrinis
1189 1102 1283 1161 variis
1300 1120 1336 1160 ac
1348 1102 1522 1181 peregrinis.
1546 1100 1580 1161 Si
1596 1102 1674 1161 eninr
1684 1099 1768 1161 chri-

361 1189 503 1251 acitatis.
526 1189 591 1249 Alii
604 1188 660 1249 hoc
679 1187 758 1250 idem
774 1188 894 1269 probari
910 1197 1018 1269 putant
1071 1197 1135 1248 stus
1158 1206 1275 1268 semper
1296 1187 1375 1248 idem
1399 1197 1457 1261 est,
1483 1208 1519 1248 ac
1542 1187 1668 1268 proinde
1691 1187 1768 1248 tides

372 1285 478 1357 parte:
494 1284 525 1337 et
539 1276 723 1338 insaecula.
745 1274 923 1356 Intelligunt
939 1278 1018 1336 enim
1072 1274 1194 1351 eadem,
1221 1295 1281 1335 uon
1304 1291 1375 1354 ergo
1398 1274 1513 1337 debetis
1528 1283 1644 1335 mutare
1660 1274 1767 1336 doctri

361 1363 522 1427 muletam
536 1364 710 1444 praeterita,
725 1382 815 1442 quam
825 1362 934 1423 fertura.
958 1361 1018 1422 Sed
1072 1382 1141 1422 nam
1172 1361 1244 1422 fidei
1270 1362 1362 1422 semel
1389 1370 1559 1442 receptam,
1594 1382 1650 1423 nec
1680 1380 1770 1424 aures

361 1462 460 1511 utrum
468 1451 594 1511 istorum
605 1449 693 1511 nobis
706 1448 924 1530 probabileest.
940 1449 1018 1509 Nam
1072 1449 1220 1530 praebere
1242 1449 1393 1528 magistris
1419 1450 1492 1509 alias
1514 1449 1663 1510 doctrinas
1686 1448 1768 1510 adle-

361 1536 430 1599 eala
444 1539 517 1598 lteri
531 1557 681 1617 nusquam
704 1540 736 1597 in
752 1535 911 1616 Scripturis
926 1546 1018 1596 aeter·
1072 1535 1214 1597 rentibus.
1249 1535 1340 1596 Valet
1361 1536 1419 1596 hoc
1441 1545 1650 1616 argumentum
1678 1537 1770 1598 etiam

361 1634 449 1687 atem
465 1625 633 1704 significum
660 1621 713 1684 sed
729 1625 829 1704 potius
844 1625 956 1684 assumi
972 1643 1018 1684 so·
1073 1622 1112 1683 ad
1127 1621 1310 1698 docendum,
1331 1622 1412 1703 quod
1428 1623 1531 1684 eadem
1547 1625 1587 1684 sit
1602 1623 1680 1685 fides
1695 1624 1769 1684 anti·

380 1710 424 1773 ad
450 1711 682 1792 significandum
705 1720 824 1791 tempus
846 1731 906 1771 non
931 1711 1020 1790 longe
1074 1729 1199 1790 quorum
1216 1719 1245 1769 et
1265 1720 1375 1771 nostra.
1409 1711 1488 1772 Nam
1509 1711 1581 1772 licet
1603 1720 1674 1772 tunc
1696 1730 1768 1771 non·

361 1798 527 1872 maritum,
544 1796 796 1879 quemadmodum
808 1815 878 1858 cres
892 1797 930 1858 ad
946 1806 1019 1859 tem·
1074 1796 1144 1857 dum
1159 1806 1239 1857 esset
1255 1796 1394 1858 Christus
1409 1798 1513 1871 hemo,
1537 1807 1603 1859 erat
1625 1799 1771 1860 tamenin

361 1904 454 1947 rnen
469 1883 561 1965 longe
573 1886 713 1946 futurum.
737 1886 785 1945 lla
798 1903 920 1965 qnoque
932 1886 1019 1966 phra·
1074 1885 1274 1964 praescientis
1287 1886 1363 1960 Dei,
1390 1894 1420 1945 et
1435 1888 1466 1945 in
1479 1884 1540 1946 tide
1555 1885 1691 1959 illerum,
1716 1886 1770 1966 qui

367 1994 377 2033 t
404 1976 445 2034 ira
459 1973 587 2034 saecule
595 2017 605 2047 ,
632 1992 716 2032 more
730 1971 905 2052 Scripturas
924 1973 1022 2033 solum
1075 1969 1242 2032 credebant
1256 1973 1285 2032 in
1303 1992 1368 2031 eum
1385 1981 1550 2033 venturum.

361 2060 499 2123 tenditur
523 2058 563 2119 ad
596 2058 744 2135 futurum,
774 2078 834 2120 non
864 2061 953 2121 etiam
982 2058 1022 2119 ad
1118 2063 1147 2120 9.
1172 2061 1335 2121 Doctrirais
1350 2062 1451 2121 variis
1472 2068 1502 2121 et
1515 2061 1693 2137 perepriuie
1708 2076 1769 2119 ao·

361 2149 526 2211 meritum.
550 2147 651 2228 Quare
663 2147 829 2226 simplicior
840 2149 897 2206 erit
908 2167 1021 2218 sensus,
1074 2147 1128 2205 lite
1144 2146 1266 2207 abduci.
1291 2145 1422 2208 Graece:
1438 2141 1481 2226 μὴ
1496 2139 1714 2225 repressores,
1731 2166 1771 2208 uc

361 2236 405 2297 sic
429 2243 601 2314 exponatur
622 2233 670 2294 hic
692 2234 792 2307 locus,
814 2241 848 2293 ut
870 2236 959 2295 etiam
983 2232 1022 2293 ad
1074 2234 1365 2310 circumferamini,
1391 2237 1664 2311 circumapumirai.
1695 2232 1769 2294 Ver-

361 2342 484 2385 nanam
497 2320 753 2383 chrbtinoturam
764 2320 902 2401 adaptari
911 2324 1022 2402 possit3
1074 2320 1143 2380 bum
1158 2320 1238 2381 idom
1255 2340 1321 2381 cum
1337 2341 1387 2397 eo,
1404 2320 1485 2403 quod
1503 2330 1547 2380 est
1563 2321 1642 2402 Eph.
1658 2322 1705 2380 4.:
1726 2321 1772 2382 Ne

361 2418 389 2473 st
412 2408 532 2489 alioqui
555 2428 651 2469 sermo
674 2410 714 2469 sit
739 2407 777 2468 de
803 2426 933 2489 persona
959 2411 1024 2472 sine
1074 2409 1341 2485 circumferamur
1365 2413 1454 2470 omui
1481 2416 1573 2470 uento
1596 2408 1771 2469 doctrinae.

361 2496 575 2561 terminatione
591 2505 726 2558 naturae.
761 2495 824 2575 Qui
845 2515 952 2560 sensus
967 2499 1021 2560 hu·
1075 2494 1234 2574 Significat
1250 2503 1366 2566 autem,
1393 2504 1505 2556 temere
1526 2496 1640 2557 moveri
1662 2515 1698 2556 ac
1717 2495 1770 2556 flo-

361 2582 452 2647 nodi
480 2590 543 2644 eat:
572 2581 667 2644 «lesus
694 2582 849 2655 Christus,
878 2585 909 2645 in
935 2608 1023 2671 quem
1076 2591 1179 2643 ctuare
1193 2582 1252 2642 huc
1268 2582 1354 2659 illuc,
1371 2584 1454 2663 quod
1470 2581 1577 2643 accidit
1594 2584 1645 2657 iis,
1661 2581 1773 2662 quibus

361 2670 510 2743 uiduus,
533 2679 675 2751 atquem
699 2691 754 2751 pro
769 2668 888 2731 Christo
906 2677 1022 2754 resopi-
1075 2691 1136 2731 non
1162 2678 1207 2731 est
1234 2689 1324 2729 unum
1350 2668 1465 2750 aliquid
1491 2670 1586 2732 fixum
1609 2671 1640 2731 in
1662 2671 1772 2742 anime,

361 2780 387 2834 s,
409 2779 475 2820 non
492 2765 540 2818 eet
555 2754 632 2818 aliua
646 2766 739 2838 atque
755 2757 850 2833 alius,
878 2779 937 2824 non
953 2763 1020 2824 sub·
1076 2754 1157 2839 quod
1186 2764 1361 2836 sequantur.
1400 2756 1593 2838 Quamquam
1628 2758 1773 2838 interpres

361 2845 387 2909 le
416 2851 571 2922 mutatum
609 2841 662 2905 sad
693 2844 744 2925 qui
780 2842 838 2904 fult
871 2852 1023 2933 superiore
1075 2844 1173 2925 Syrus
1189 2845 1278 2904 etiam
1294 2843 1410 2905 abduci
1431 2845 1589 2905 transtulit.
1623 2846 1665 2905 Et
1679 2864 1771 2906 anne

361 2953 474 3016 epora,
498 2930 577 2992 idem
594 2941 624 2993 et
638 2950 717 2993 nunc
736 2940 790 3006 est,
806 2929 945 3020 idemque
958 2958 1021 3019 por·
1075 2941 1121 2993 tat
1144 2930 1293 3005 Galeam,
1320 2934 1350 2992 iu
1373 2931 1527 2993 nonnullis
1550 2931 1773 3013 exemplaribus

361 3039 483 3086 nurus
506 3019 539 3080 in
562 3038 649 3080 omne
675 3026 792 3100 tempus
817 3027 845 3078 et
868 3026 1023 3087 saeculum
1076 3018 1201 3081 Graecis
1227 3018 1303 3100 legi:
1333 3011 1583 3097 παραφέρεσθαι,
1614 3018 1694 3102 qnod
1720 3026 1773 3093 est,

361 3127 462 3172 uum.
1073 3124 1246 3184 perperam
1263 3113 1292 3166 et
1307 3109 1342 3166 ia
1359 3107 1518 3167 diversum
1538 3110 1677 3182 moveri,
1700 3108 1774 3166 item

361 3193 536 3278 Quaeritur
551 3199 668 3265 summ,
691 3191 842 3271 quomodo
863 3193 1024 3265 sententia,
1076 3192 1227 3254 aberrare
1248 3200 1277 3252 et
1300 3192 1416 3253 obduci
1440 3213 1460 3254 u
1481 3201 1575 3255 recte.
1609 3192 1669 3255 Sed
1691 3193 1775 3274 prior

361 3280 560 3353 lintelleeta,
582 3278 745 3341 cohaereat
759 3298 826 3340 cum
842 3278 1022 3359 praeceden·
1075 3280 1165 3341 lectio
1184 3288 1318 3340 veterum
1343 3287 1390 3339 est
1404 3279 1601 3353 Graecorum,
1625 3289 1655 3340 et
1670 3279 1708 3340 ab
1724 3280 1773 3340 iis·

361 3368 424 3434 aa?
440 3367 590 3448 Plerique
604 3366 648 3429 sic
663 3373 858 3427 connectunt:
877 3366 899 3428 J
902 3386 953 3426 ure
966 3385 1022 3426 voe
1077 3365 1143 3427 dem
1159 3365 1318 3447 diligenter
1334 3368 1483 3447 exposita.
1523 3369 1638 3428 Varias
1653 3367 1773 3428 doctri-

361 3453 467 3520 tortor
495 3452 537 3514 ad
567 3450 741 3515 imitandam
773 3452 860 3514 iidem
890 3452 1023 3532 fideique
1076 3472 1138 3515 uua
1164 3452 1311 3533 appellat,
1338 3473 1416 3533 qnae
1439 3454 1557 3514 divisae
1583 3462 1651 3513 sunt
1679 3463 1774 3533 atque

361 3542 524 3608 muham
534 3542 771 3621 praepositorum
787 3548 961 3611 vestrorum,
973 3540 1023 3620 qui
1076 3542 1203 3601 interae
1218 3537 1370 3600 dissident
1393 3542 1585 3616 Pereprirses
1596 3559 1667 3601 vero
1682 3540 1771 3601 ierin-

361 3634 523 3696 euerunt
545 3645 585 3688 ex
606 3626 664 3688 hac
685 3628 768 3702 vits3
789 3647 859 3688 nam
882 3626 962 3689 idem
978 3632 1025 3686 est
1077 3646 1164 3688 secus
1176 3626 1329 3700 advectas,
1345 3626 1539 3700 adventitias,
1555 3635 1618 3687 eta
1637 3626 1775 3688 doctrine

361 3735 411 3782 a
427 3714 578 3788 Christus,
594 3715 646 3793 qni
661 3715 739 3774 sicut
750 3713 809 3774 illis
822 3714 943 3793 adjutor
957 3711 1023 3782 init,
1077 3713 1257 3790 domestica,
1274 3714 1489 3788 ecclesiastica,
1505 3714 1681 3795 Apostolica
1700 3713 1773 3774 alie-

361 3801 517 3867 ratechis
539 3799 662 3881 adjutor
684 3800 849 3881 sperandus
872 3808 926 3863 ost.
963 3797 1023 3859 Alii
1076 3820 1148 3875 nas3
1164 3810 1195 3860 ut
1207 3809 1356 3862 vocantur
1366 3802 1544 3882 peregrinae
1554 3820 1677 3875 merces,
1694 3819 1774 3881 quae

361 3893 477 3956 renue
491 3895 603 3971 putant
616 3887 692 3949 haec
710 3886 805 3947 verba
820 3886 969 3949 duntaxat
984 3883 1024 3945 ad
1077 3909 1136 3948 non
1153 3895 1222 3949 aunt
1238 3886 1317 3949 domi
1333 3896 1431 3950 natae.

361 3977 556 4042 wesen
573 3974 653 4047 fidei,
668 3993 758 4056 quam
770 3973 943 4036 imitandam
956 3992 1023 4054 pro·
1121 3976 1282 4051 Οριὶηεαηι
1297 3982 1340 4034 ast
1352 3978 1436 4036 euim
1443 3977 1550 4051 pratia
1558 3973 1697 4035 stabiliri
1707 3991 1772 4049 eor,

361 4065 473 4140 κως
501 4063 591 4143 qnasi
615 4059 712 4121 dicati
736 4060 826 4122 Hanc
845 4060 934 4121 fidem
949 4080 1023 4121 mor·
1077 4080 1145 4123 nou
1161 4064 1242 4121 ereis.
1266 4063 1419 4141 Agenere
1434 4061 1590 4122 descendit
1604 4060 1643 4122 ad
1659 4068 1774 4121 certam

361 4171 405 4216 aa
431 4157 557 4222 mnam,
586 4147 695 4210 Jeanm
725 4145 876 4209 Christum
906 4165 1024 4227 semper
1076 4149 1224 4229 speciem,
1248 4167 1287 4209 ex
1302 4150 1395 4209 variis
1411 4147 1568 4221 doctrinis,
1595 4168 1671 4229 quas
1687 4148 1773 4208 semi·

361 4253 499 4302 maurum
516 4234 564 4307 id,
587 4233 668 4316 quod
686 4242 747 4311 est3
762 4255 818 4296 nec
832 4235 925 4296 alium
941 4234 1022 4294 Chri·
1077 4235 1192 4296 nabant
1207 4254 1338 4295 errorum
1353 4237 1507 4315 magistri,
1527 4255 1619 4297 unum
1636 4234 1774 4296 adferens

361 4341 408 4400 tn,
424 4345 484 4386 nee
499 4322 593 4384 alium
609 4321 779 4402 pontificem
795 4321 957 4403 aliquando
973 4341 1022 4381 ex·
1077 4321 1264 4401 exemplum,
1280 4321 1374 4402 idque
1389 4323 1440 4395 iis,
1455 4321 1494 4382 ad
1509 4343 1584 4405 quos
1599 4320 1710 4395 scribit,
1727 4342 1773 4382 ao-

361 4410 531 4476 tatandnm.
1077 4407 1303 4470 commodatum.
1334 4410 1412 4469 Nam
1428 4409 1559 4485 Judaei,
1583 4409 1720 4491 quamvis
1735 4406 1782 4468 ad

361 4495 476 4573 llebis,
504 4502 679 4557 contextum
705 4495 795 4575 hujus
817 4495 876 4556 loei
901 4495 1024 4575 propius
1078 4493 1229 4556 Christum
1246 4497 1396 4570 conversi,
1419 4504 1522 4556 tamen
1536 4494 1773 4575 superstitiosius

361 4585 528 4658 ceneta,
552 4582 676 4644 videtur
691 4582 856 4663 Apostolus
878 4582 919 4642 ita
934 4583 1022 4643 ratio·
1078 4582 1275 4644 inhaerebant
1290 4583 1493 4643 observationi
1504 4583 1655 4664 legalium,
1671 4601 1707 4642 ac
1721 4602 1773 4642 no·

361 4675 433 4738 tari:
456 4669 557 4734 Fides
576 4678 678 4731 restra
700 4677 747 4731 est
769 4671 800 4730 in
815 4669 921 4731 desum
937 4667 1022 4729 (lhri-
1078 4669 1211 4729 minctim
1227 4669 1391 4731 discrimini
1404 4669 1539 4731 ciborum
1555 4669 1741 4749 praescripto
1755 4688 1774 4728 a

361 4777 412 4837 n,
442 4757 639 4820 sicutattnit
655 4765 823 4818 verborum
838 4757 1023 4836 praeposito·
1076 4756 1180 4833 Mose3
1213 4756 1466 4838 quemadmodum
1492 4766 1577 4836 patet
1602 4756 1687 4816 Rom.
1715 4757 1774 4827 14,

361 4865 400 4928 trs
427 4844 521 4928 atqui
536 4843 629 4906 Jesus
644 4843 781 4905 Christus
805 4862 923 4923 semper
945 4842 1023 4904 idem
1080 4842 1148 4903 Gal
1172 4845 1202 4904 2.
1226 4854 1257 4904 et
1279 4844 1342 4907 cot.
1365 4848 1392 4906 2.
1427 4844 1563 4925 Eratque
1584 4863 1621 4903 ea
1636 4841 1773 4906 doctrina

361 4951 473 5016 qugd
490 4928 611 4993 etbdes
622 4939 724 4991 vestra
735 4929 840 4991 eadem
853 4949 921 4991 erae
933 4928 1025 4991 debet
1074 4933 1266 5008 peregrine,
1294 4932 1366 5012 quia
1389 4931 1521 4991 alienum
1544 4937 1591 4992 est
1605 4951 1624 4989 a
1638 4928 1774 4991 ‹1st

361 5019 463 5090 ι-ίᾶο
477 5017 618 5096 illarum
633 5016 763 5099 iriaeque
774 5036 899 5080 necesse
914 5026 977 5093 est,
992 5025 1027 5078 ut
1076 5018 1298 5098 Apostolorum,
1314 5035 1496 5098 quemquam
1512 5015 1779 5080 cherasinos-
