4442 5825
391 586 463 653 696

903 573 1137 629 COMMENTARIUS
1154 572 1185 627 nt
1204 572 1271 628 Chl'.
1287 572 1316 625 lt

432 754 504 816 Jam
526 753 606 834 quod
630 752 668 813 06
684 759 815 813 aetatum
832 751 1082 831 significationem
1137 751 1240 827 filioli,
1257 748 1288 810 id
1303 759 1349 809 est
1359 751 1455 830 pueri,
1471 757 1511 824 et,
1528 756 1562 808 ut
1573 747 1813 827 Petrnsloquitor,

389 842 513 914 attinet,
529 841 716 921 Augustinus
733 837 854 900 cosdem
870 837 1016 918 appellari
1032 858 1083 919 pu·

390 935 435 990 tat
446 929 534 988 triam
548 935 679 988 aetatum
692 925 871 999 nominibus,
888 925 969 1004 quod
982 943 1083 986 omnes

1139 843 1155 898 1
1173 838 1271 918 Epist
1287 838 1332 907 6.,
1355 839 1439 898 sicat
1458 835 1556 897 modo
1572 837 1676 911 pertiti
1689 835 1815 913 wasto,

1138 945 1172 984 eo
1189 923 1270 1005 quod
1286 925 1465 1003 acceperitis
1481 924 1515 983 in
1531 922 1684 1005 baptimo
1695 921 1815 982 0000660

390 1013 493 1075 660100
517 1023 546 1075 00
561 1014 653 1090 filioli
669 1015 731 1073 sint
746 1022 867 1092 propter
882 1013 1081 1092 regeneratio·
1137 1033 1205 1074 nem
1221 1019 1412 1091 peccatorum
1426 1012 1541 1071 virtute
1556 1031 1595 1070 00
1612 1011 1718 1070 merito
1728 1007 1818 1069 enta

388 1122 456 1163 nem
478 1102 508 1161 in
532 1099 662 1171 Christo,
690 1109 718 1160 et
737 1107 847 1176 potres
869 1110 990 1179 propter
1008 1100 1082 1157 uoti·

389 1189 462 1249 tiam
478 1186 607 1261 Christi,
629 1189 701 1267 quia
722 1187 829 1247 notitia
843 1187 926 1264 viget
941 1187 971 1245 in
986 1186 1083 1245 senio-

388 1275 489 1346 ribus,
513 1283 543 1335 et
560 1279 694 1349 juvenes
717 1280 840 1352 propter
863 1291 996 1352 pugnam
1019 1291 1084 1331 cam

1138 1121 1191 1181 pro
1216 1097 1301 1159 vobis
1318 1098 1408 1176 passi
1438 1096 1574 1159 Videtur
1595 1099 1678 1159 enim
1700 1114 1819 1176 0000000

1138 1196 1257 1265 tempus
1287 1184 1418 1261 positum
1448 1184 1517 1244 loco
1548 1183 1723 1264 praeteriti3
1750 1182 1820 1261 quari
1856 1216 1858 1249 1

1138 1273 1233 1334 diest:
1250 1270 1332 1351 Quia
1342 1270 1445 1331 abluti
1456 1273 1540 1346 estis,
1553 1269 1747 1347 sarectifieoti
1757 1271 1819 1343 adia,
1856 1254 1858 1319 l

388 1360 520 1422 diabolo.
565 1362 661 1431 Sunt,
698 1362 750 1440 qui
779 1360 856 1420 haec
883 1357 1017 1419 referant
1046 1356 1085 1418 ud
1133 1358 1820 1437 iustificationis,innomineDomiaiaodri
1857 1348 1858 1373 ¹

389 1456 504 1508 aetates
517 1446 694 1528 corporales,
710 1465 884 1523 puerorum
897 1446 1012 1505 ratione
1021 1446 1085 1523 jam

388 1537 555 1607 utentium,
575 1538 732 1609 juvenum
755 1552 808 1593 sen
823 1533 962 1605 virorum,
987 1552 1022 1592 ac
1037 1550 1084 1591 sc·

389 1641 476 1683 aum.
508 1620 569 1699 Qui
594 1620 824 1680 commentarius
838 1639 898 1678 uon
914 1628 959 1679 est
975 1620 1083 1698 impro-

389 1707 507 1769 babilis.
539 1708 617 1768 Nam
641 1716 672 1767 et
694 1707 740 1767 his
763 1705 911 1766 aetatibus
931 1726 982 1778 ea,
1006 1723 1086 1786 qnae

390 1795 525 1857 Joennes
548 1795 659 1867 scribit,
682 1802 879 1873 congruenter
903 1795 1000 1872 aptari
1016 1812 1083 1871 000-

390 1890 467 1944 snat

433 1967 510 2029 Aliis
526 1975 625 2028 tumen
639 1969 734 2046 magis
750 1965 856 2046 placet,
873 1976 985 2025 aetates
1000 1966 1084 2046 spiri-

391 2055 487 2116 tuales
508 2053 656 2134 intelligi3
683 2063 717 2114 ut
739 2050 832 2129 filioli
855 2073 908 2112 seu
932 2054 1018 2131 pueri
1042 2051 1084 2111 di-

391 2149 497 2203 000000
524 2139 573 2200 vel
599 2140 709 2202 infirmi
736 2139 904 2212 Christiani,
933 2141 986 2218 qui
1014 2151 1085 2198 tam·

392 2248 482 2308 quam
498 2226 625 2309 parvuli,
641 2229 726 2306 juxte
740 2225 876 2299 Paulum,
893 2224 990 2285 udhac
1009 2226 1086 2285 lacte

390 2313 542 2376 nutriendi
558 2315 624 2390 sint,
643 2321 658 2376 1
677 2312 745 2375 Cor.
758 2313 788 2373 3.
804 2321 833 2374 00
847 2312 925 2372 Heb.
942 2312 969 2372 5.
1000 2311 1087 2390 Quae

392 2409 439 2462 est
454 2403 601 2482 expositio
618 2401 801 2464 Occomcnii.
835 2398 901 2472 Vel,
921 2398 1086 2460 secundum

391 2488 478 2560 elios,
495 2488 640 2568 neophyti
655 2491 685 2549 in
701 2487 758 2548 fide
775 2508 810 2546 00
822 2506 920 2565 nuper
932 2485 1086 2566 baptizati,

391 2576 445 2654 qui
467 2583 495 2635 et
516 2576 575 2655 ipsi
599 2575 774 2656 plerumque
795 2575 885 2633 etiam
901 2572 1037 2633 sensibus
1053 2592 1088 2631 ac

392 2669 493 2722 mente
526 2662 644 2742 parvuli
671 2670 758 2734 sunt,
792 2669 825 2718 ut
849 2659 981 2738 loquitur
1009 2659 1086 2719 idem

390 2746 556 2827 Apostolus
573 2751 588 2808 1
608 2746 675 2809 Cor.
696 2751 743 2807 14.

435 2835 546 2894 Patres
568 2844 674 2907 autem,
699 2835 752 2915 qui
775 2831 870 2891 Paula
886 2833 1020 2909 perfecti
1035 2853 1085 2892 vo·

392 2930 496 2981 cantur
510 2921 589 2981 Heh.
606 2922 649 2997 5.,
673 2930 704 2982 et
726 2920 906 2998 spirituales
928 2923 943 2978 1
962 2918 1031 2979 Cor.
1050 2924 1085 2992 2,

393 3016 423 3067 et
446 3007 571 3086 proinde
594 3007 701 3080 idonei,
727 3009 777 3084 aui
801 3007 876 3067 alios
900 3006 987 3066 etiam
1003 3008 1087 3085 spiri·

393 3094 511 3154 tualiter
532 3094 657 3174 gignere
678 3095 802 3174 possint.
832 3092 888 3153 Vel
913 3091 972 3151 alio
990 3111 1087 3165 sensu,

393 3183 515 3256 Patres,
540 3183 591 3261 qui
608 3183 700 3241 multo
717 3190 851 3259 tompore
866 3178 984 3239 fuerunt
1001 3178 1085 3240 Chri-

393 3268 502 3341 stiani,
529 3266 659 3349 ideoque
685 3269 759 3328 tales
787 3288 856 3327 esse
885 3266 1009 3339 debent,
1037 3266 1088 3345 qui

392 3357 509 3433 possint
531 3364 560 3414 et
582 3355 656 3415 alios
681 3354 800 3416 erudire
823 3363 852 3413 et
875 3352 914 3415 ad
937 3351 1086 3412 Christum

395 3440 554 3502 adducere.

435 3532 577 3591 Juvenes
589 3527 728 3606 deniquo,
744 3530 805 3606 qui,
822 3528 939 3586 tametsi
956 3525 1085 3586 nondam

393 3614 473 3674 illam
490 3624 608 3693 patr-um
631 3613 844 3694 perfectionem
861 3613 1029 3693 attigerint,
1051 3635 1086 3672 eo

396 3710 495 3762 tumen
511 3702 661 3782 progressi
678 3711 765 3775 sunt,
792 3710 824 3762 ut
842 3702 907 3780 jam
930 3701 1008 3761 vires
1034 3700 1084 3760 ha·

392 3788 501 3861 beant,
528 3790 635 3868 quibus
662 3787 780 3849 fortiter
805 3790 947 3848 resistant
974 3786 1087 3848 diaboli

392 3876 629 3952 tentationibas,
663 3885 715 3935 000
746 3876 796 3957 qui
828 3874 935 3934 saltem
965 3886 1088 3955 propter

392 3971 520 4042 tempus,
536 3983 596 4041 quo
609 3961 772 4024 Christiani
788 3961 916 4033 fuerunt,
934 3970 1086 4040 nmquam

393 4048 444 4127 qui
460 4067 499 4108 ex
516 4048 637 4128 ephebis
645 4050 709 4125 jam
724 4051 919 4119 excesserint,
936 4048 984 4106 vel
997 4051 1086 4108 etiam

393 4136 423 4194 in
445 4135 526 4194 viros
542 4138 703 4210 evaserint,
728 4156 780 4197 000
795 4137 871 4196 vires
887 4155 923 4195 00
938 4133 1085 4196 fortitudi-

391 4241 457 4282 nem
473 4220 586 4282 habere
601 4221 754 4283 deberent.

434 4307 589 4368 Postremo
605 4308 776 4381 notandum,
792 4309 983 4389 particulam:
1000 4311 1086 4387 Quo·

390 4397 491 4471 niam,
508 4395 639 4457 Graece:
664 4388 723 4470 ὅτι,
748 4416 828 4474 quac
844 4397 956 4476 passim
972 4398 1087 4477 capitur

391 4481 623 4543 determinative
639 4503 708 4563 pro:
729 4483 824 4560 quod,
842 4484 871 4543 in
887 4483 933 4544 his
950 4484 1086 4561 quinque

391 4569 455 4629 sive
471 4588 526 4630 sex
542 4568 795 4648 appellationibus
812 4570 907 4648 accipi
924 4569 1087 4631 causaliter

392 4676 459 4734 pro:
484 4660 578 4734 pnia,·
602 4673 634 4717 ut
656 4678 709 4739 per
732 4656 852 4736 singula
874 4655 968 4731 dicat,
994 4676 1086 4735 quare

391 4742 435 4801 eis
461 4742 579 4803 scribat.
621 4744 695 4803 Num
723 4742 796 4825 quid
822 4744 953 4815 scribet,
980 4752 1087 4825 postea

391 4827 483 4901 dicit,
519 4828 680 4891 absolvens
710 4839 803 4891 totam
835 4829 992 4909 periodum
1024 4830 1084 4890 ibi:

391 4914 495 4974 Nolite
512 4916 643 4991 diligere
659 4918 816 4980 mundam
833 4926 886 4978 000.

434 5001 565 5063 Primum
588 5003 693 5084 igitur:
719 5004 828 5067 Scribo
855 5004 951 5082 vobis,
980 5004 1086 5085 inquit,

1138 1451 1166 1510 J
1167 1465 1220 1508 ests
1236 1446 1358 1518 Christi,
1376 1448 1391 1505 1
1409 1441 1477 1504 Cor.
1492 1446 1531 1518 6.,
1548 1442 1621 1504 ἰ600
1637 1443 1735 1505 scribo
1746 1442 1820 1514 0060

1138 1533 1312 1605 admonens,
1328 1551 1366 1592 ne
1382 1531 1422 1592 06
1436 1552 1571 1592 00000000
1584 1529 1693 1592 mundi
1705 1528 1820 1590 00600οὶ

1182 1620 1252 1680 Non
1277 1619 1347 1680 binc
1372 1638 1563 1700 consequens
1591 1629 1652 1691 000,
1679 1627 1715 1676 ut
1738 1614 1821 1678 solunt

1139 1707 1267 1778 sectarii,
1288 1705 1407 1776 filiolos,
1432 1726 1510 1787 qnos
1525 1704 1699 1785 alloquitur
1713 1703 1819 1783 Aposta

1139 1795 1195 1867 lus,
1212 1803 1304 1866 certo,
1320 1791 1455 1872 singulos
1471 1791 1509 1853 60
1523 1810 1558 1852 00
1574 1793 1662 1872 ipsis,
1686 1807 1820 1871 00000000

1139 1900 1205 1942 esso
1221 1879 1344 1953 debere,
1366 1878 1446 1958 quod
1462 1881 1523 1940 sint
1538 1879 1618 1958 ipsis
1633 1879 1757 1939 00000000
1770 1896 1819 1957 000

1139 1975 1215 2028 cata
1251 1967 1319 2028 Non
1340 1969 1419 2028 enim
1441 1967 1500 2027 hoc
1519 1965 1703 2044 simpliciter
1717 1963 1821 2025 affirmat

1140 2054 1178 2115 de
1194 2074 1375 2133 unoquoque
1391 2073 1513 2128 eorum3
1536 2051 1594 2113 006
1610 2052 1686 2132 quis
1699 2050 1819 2131 baptisti

1141 2149 1235 2215 erant,
1251 2142 1404 2221 supponit,
1421 2148 1572 2219 quatenns
1590 2147 1692 2199 tamen
1706 2157 1744 2199 ex
1758 2137 1817 2217 ipso

1138 2248 1204 2288 rum
1227 2234 1312 2308 parte
1335 2226 1411 2289 nihil
1425 2224 1566 2286 defuerit
1599 2225 1681 2286 Nam
1695 2224 1815 2305 neqoe'n

1139 2314 1343 2393 sequentibus,
1367 2313 1418 2375 abi
1442 2321 1546 2391 000000
1570 2321 1605 2374 00
1622 2312 1750 2392 juvenes
1764 2309 1813 2370 illc

1140 2403 1260 2482 quitur,
1295 2399 1334 2461 de
1365 2418 1549 2481 unoquoque
1582 2419 1688 2459 eornm
1716 2397 1814 2459 iamt

1140 2508 1273 2562 causum,
1289 2507 1379 2566 quam
1395 2486 1541 2566 adjungit,
1565 2484 1741 2547 00006000
1754 2489 1811 2544 0000

1139 2584 1185 2636 000
1200 2573 1321 2636 scribat

1185 2666 1233 2725 13.
1266 2660 1375 2722 Scribo
1399 2660 1502 2735 nobis,
1528 2665 1658 2736 potres,
1688 2658 1807 2736 0000οἰ01

1140 2750 1330 2824 consociatis
1359 2748 1466 2820 Eam,
1505 2748 1562 2825 qni
1592 2745 1634 2806 ab
1664 2747 1750 2807 initio
1771 2746 1804 2802 00

1142 2839 1268 2910 Patres,
1296 2832 1325 2894 id
1354 2842 1401 2894 est
1424 2839 1581 2908 seniores,
1610 2828 1803 2914 praesertin'n

1141 2922 1368 2984 christianismo
1392 2922 1537 3000 provecti.
1570 2919 1621 2982 Ad
1642 2940 1709 2992 vos,
1728 2913 1801 2996 iapo‘t

1141 3010 1245 3082 scribo,
1263 3017 1420 3088 propterea
1436 3008 1518 3086 quod
1534 3009 1614 3069 Eam
1627 3002 1798 3087 cognoveris*
1841 3018 1859 3080 ἰ

1141 3100 1193 3176 qui
1215 3103 1261 3157 est
1285 3095 1323 3156 sb
1347 3104 1487 3171 aetern03
1510 3094 1549 3156 de
1573 3114 1635 3175 quo
1657 3094 1715 3155 dixi
1732 3092 1794 3152 ism·
1844 3128 1858 3166 Ι

1142 3184 1224 3245 006ἰο
1252 3182 1417 3263 epistolae,
1450 3181 1536 3259 quod
1569 3182 1637 3259 fuit
1661 3180 1699 3241 ab
1721 3178 1793 3250 iaitlts
1841 3213 1858 3248 0,

1140 3290 1247 3351 nempe
1259 3269 1366 3330 Jesum
1381 3265 1542 3343 Christum,
1556 3267 1670 3329 Filium
1681 3265 1736 3338 Dei
1745 3259 1790 3324 le
1834 3279 1859 3339 5,

1140 3358 1212 3418 bum
1239 3356 1350 3416 Patris.
1387 3355 1466 3415 Nam
1493 3362 1525 3416 et
1549 3354 1671 3415 senibus
1694 3345 1790 3429 000οἅ
1837 3368 1858 3439 32]

1141 3444 1269 3514 notitia,
1300 3451 1330 3502 et
1360 3461 1526 3522 congruum
1557 3450 1626 3514 est,
1655 3447 1686 3499 00
1711 3430 1786 3512 000οί
1854 3456 1858 3465 ·

1141 3538 1323 3610 cognoscant
1346 3531 1504 3607 antiquum
1524 3528 1649 3589 dierum.
1678 3521 1787 3587 Vertss

1140 3617 1189 3677 hic
1204 3618 1343 3677 notitiam
1360 3616 1472 3695 accipe,
1488 3613 1639 3695 quomodo
1654 3631 1738 3692 00000.
1754 3621 1785 3687 μ
1825 3619 1829 3628 ’
1843 3643 1859 3697 p

1141 3705 1320 3783 cognitione.
1341 3704 1389 3764 cui
1404 3700 1588 3782 respondeat
1602 3701 1721 3762 0600000
1823 3703 1852 3765 'is

1184 3790 1292 3853 Scribo
1315 3790 1412 3865 vobis,
1437 3789 1659 3864 adolescentes,
1679 3781 1782 3866 qsaa'fl
1835 3841 1844 3865 ,

1141 3880 1256 3939 00000000
1286 3878 1473 3953 malianum.
1519 3875 1673 3955 Significat
1698 3872 1782 3933 seht·

1139 3973 1241 4044 aptum
1265 3965 1304 4026 06
1328 3985 1459 4045 pugnem
1482 3972 1587 4023 contra
1602 3964 1704 4032 600000,
1724 3948 1784 4035 Μ

1140 4060 1185 4112 000
1207 4051 1364 4130 juventus.
1402 4048 1490 4111 Unde
1518 4050 1600 4130 apud
1626 4055 1730 4131 000000
1746 4038 1784 4101 Β*

1139 4158 1239 4198 mana
1256 4142 1411 4213 jacemus
1431 4127 1486 4215 pro
1503 4135 1643 4210 cohorte,
1666 4119 1783 4196 00000οῧ
1847 4141 1858 4196 0

1140 4226 1247 4286 tudine
1265 4225 1413 4304 juvenum
1428 4221 1611 4285 bellatorum
1627 4242 1665 4284 ex
1678 4208 1784 4310 moal

1139 4313 1205 4373 Nec
1232 4311 1333 4374 obstat
1363 4311 1572 4371 diminutivum
1601 4304 1785 4370 0000606001
1847 4334 1859 4371 0

1140 4398 1272 4460 Graeco:
1296 4392 1454 4459 νεανίσκοι,
1490 4398 1569 4458 Nam
1585 4395 1664 4477 0006
1679 4388 1786 4455 Pallet·

1140 4479 1300 4553 νεανίσκος
1316 4483 1425 4545 dicitur
1440 4484 1470 4544 in
1486 4492 1599 4562 quarta
1610 4466 1786 4545 0000000ὶῦ

1140 4571 1277 4645 6000060,
1301 4571 1409 4643 idest,
1432 4591 1451 4630 a
1473 4571 1623 4649 vigesimo
1642 4568 1786 4649 primos*
1822 4562 1859 4655 ξι

1139 4678 1232 4739 usque
1257 4656 1295 4718 06
1323 4657 1501 4739 vigesimum
1530 4666 1683 4729 0000000ος
1710 4636 1787 4713 Μ

1140 4746 1265 4805 intentio
1280 4744 1304 4806 J
1305 4745 1410 4806 oannis
1426 4752 1487 4818 est,
1512 4744 1605 4805 etiam
1620 4740 1728 4804 viram
1738 4735 1787 4795 ⁸*

1140 4841 1199 4891 tem
1223 4829 1490 4912 comprehendere,
1515 4830 1602 4891 velut
1623 4836 1717 4911 000000
1732 4813 1788 4883 W
1839 4835 1859 4899 fl

1140 4919 1330 4995 Malipanm,
1355 4917 1486 4979 Graece:
1511 4910 1563 4975 τὸν
1579 4908 1716 4994 00000060,

1139 5005 1271 5083 malum,
1295 5006 1327 5069 id
1349 5012 1395 5067 000
1412 5002 1577 5066 diabolum.
1606 4999 1748 5067 11000001
