4442 5825
439 594 512 665 oso
1067 582 1301 640 murmuro

438 765 547 838 stianu,
561 772 592 824 ct
607 766 660 844 qni
674 764 836 826 secundum
852 765 950 826 Deum
966 765 1011 838 sit,
1036 785 1136 825 amere
1189 763 1271 824 illam
1286 764 1451 844 vulgarem,
1467 760 1521 823 sed
1535 762 1690 843 Apostolo
1712 761 1838 841 dignen,
1856 773 1884 825 ct

439 871 491 912 eos
514 862 727 932 prosequatur3
755 852 898 934 quodque
920 870 987 912 etim
1004 872 1134 912 amorem
1189 851 1256 911 aliis
1281 871 1403 930 quoque
1432 850 1592 930 Apostolis
1621 851 1656 911 in
1688 850 1884 929 Epi-toturn

439 940 529 1000 rebus
546 940 617 1019 ipsis
633 938 804 1014 ostenderit,
828 952 861 1000 et
875 958 962 1021 porro
978 939 1136 1000 ostendere
1190 938 1315 1000 exerdio
1338 940 1485 1010 usitatam,
1508 937 1610 997 Paulo
1634 938 1757 997 scilicet
1779 939 1884 1017 passim

441 1027 480 1087 sit
495 1036 626 1106 paratus.
650 1027 737 1087 Dixit
760 1028 838 1087 euim
854 1028 961 1108 prioris
977 1027 1136 1105 Epistulae
1190 1026 1282 1087 l'etro
1298 1027 1327 1084 in
1349 1044 1405 1085 sua
1423 1035 1564 1104 utraque,
1586 1034 1616 1084 et
1631 1024 1742 1086 dudae
1766 1025 1797 1083 in
1818 1019 1884 1098 seul

439 1132 504 1194 cup.
532 1117 580 1175 3.:
617 1115 730 1175 Filioli
758 1118 838 1190 orei,
868 1132 936 1176 aaa
966 1113 1136 1189 dilipamus
1189 1124 1221 1172 et
1238 1111 1384 1172 adversus
1407 1112 1547 1173 haeresos
1572 1123 1648 1172 tnnc
1673 1114 1809 1191 gratari
1823 1113 1883 1172 inei

438 1203 544 1277 verto,
566 1219 668 1278 neque
689 1202 813 1277 tiriaca,
835 1202 889 1263 sed
911 1219 1005 1278 opere
1028 1208 1057 1262 et
1079 1218 1136 1262 ve·
1190 1200 1318 1280 pientes,
1339 1198 1448 1260 Christi
1464 1200 1591 1259 Domini
1614 1209 1779 1278 umrpnsm
1793 1201 1882 1277 nume

433 1289 540 1348 ritate.
1188 1290 1244 1347 niti
1269 1287 1342 1346 Filii
1364 1288 1556 1349 divinitatem
1579 1296 1609 1346 et
1634 1306 1706 1346 cum
1730 1286 1825 1347 Patre
1843 1305 1883 1346 se

442 1386 445 1391 ’
481 1376 608 1437 Etaoa
630 1391 686 1450 epo
708 1376 803 1450 solue,
825 1373 879 1435 sed
894 1381 923 1434 et
938 1391 1056 1449 omnes,
1080 1375 1136 1450 qui
1189 1373 1368 1453 qualitatem
1383 1384 1453 1434 ante
1469 1375 1573 1434 omnia
1595 1373 1750 1446 declarat,
1772 1385 1882 1434 aetam

441 1470 658 1539 seperaverunt
680 1465 854 1523 veritatem.
887 1460 947 1522 Per
969 1463 1135 1522 ueritatem
1188 1479 1278 1539 quem
1300 1458 1526 1522 tundamentum
1548 1462 1656 1541 ponit;
1681 1470 1788 1541 utpote
1803 1480 1820 1521 a
1833 1478 1883 1540 qm

437 1548 581 1630 intelligit
608 1567 713 1611 veram
746 1548 923 1609 catholicum
948 1548 1051 1621 tidem,
1078 1566 1134 1607 sau
1191 1547 1310 1609 Christo
1332 1568 1393 1608 non
1413 1548 1528 1620 miuus,
1552 1567 1648 1628 quam
1666 1568 1687 1607 a
1702 1548 1775 1608 Deo
1797 1546 1883 1621 Patre

435 1637 501 1715 ejus
523 1635 671 1718 dogmata
702 1636 814 1697 Notum
837 1645 881 1695 est
903 1648 1019 1709 autom,
1043 1632 1134 1715 quud,
1191 1633 1396 1716 exspectanda
1423 1637 1484 1696 sint
1508 1633 1592 1697 dona
1611 1634 1777 1696 salutaria.
1809 1634 1883 1714 Quas

435 1724 513 1784 sieut
524 1745 625 1785 omnes
637 1723 775 1785 catholici
788 1733 852 1784 toto
863 1722 935 1784 orbe
946 1735 1089 1784 terrerum
1101 1723 1134 1783 in
1187 1724 1308 1804 quidem
1322 1723 1400 1783 dona
1411 1722 1579 1803 Apostolus
1595 1721 1753 1797 fidelihus,
1768 1722 1808 1783 ad
1818 1739 1881 1801 qua

433 1806 568 1872 doctrina
589 1810 656 1872 fidei
680 1823 712 1872 et
733 1832 846 1872 morum
871 1810 1047 1871 salutarium
1063 1829 1132 1870 eon·
1185 1811 1298 1884 scribit,
1313 1810 1362 1871 hic
1377 1821 1500 1891 exoptat
1515 1812 1592 1871 ista:
1619 1809 1786 1886 Gratiam,
1801 1813 1881 1870 mbr

430 1900 563 1972 veniunt,
580 1899 623 1959 ite
637 1898 749 1979 singuli
763 1899 839 1960 alios
854 1919 967 1974 omnes,
983 1918 1045 1981 qua
1061 1898 1127 1978 qui·
1183 1900 1358 1960 ricordiam
1374 1905 1404 1958 et
1415 1918 1537 1976 pacem.
1560 1897 1613 1958 De
1640 1918 1774 1978 qnorum
1789 1896 1879 1957 distic

430 1981 496 2046 dem
521 1994 604 2066 porte
627 1987 702 2047 talos
725 1996 803 2062 sunt,
828 1997 930 2049 ament
951 1997 983 2047 et
1004 1987 1036 2047 in
1059 1984 1129 2045 Deo
1183 1986 1281 2048 ctione
1296 1986 1354 2047 hoc
1368 1987 1500 2047 breviter
1514 1985 1636 2046 dixisse
1651 1987 1795 2059 sufficiat,
1809 1982 1877 2066 qood

430 2069 568 2155 diligant.
590 2072 625 2133 ld
648 2071 730 2154 quod
753 2074 791 2135 de
813 2075 970 2136 haereticis
993 2074 1073 2134 inter
1096 2091 1130 2135 se
1181 2077 1290 2149 pratia
1312 2082 1356 2134 est
1379 2072 1507 2153 quodvis
1527 2074 1588 2132 Dei
1615 2073 1801 2134 heneficium
1823 2090 1877 2152 grt-

430 2165 613 2242 eomparetis
637 2162 696 2222 diei
718 2182 779 2222 non
802 2170 918 2243 potest,
941 2171 976 2222 ut
1000 2163 1055 2242 qui
1070 2183 1130 2222 nun
1182 2164 1301 2232 tultum,
1324 2161 1492 2222 conducens
1507 2160 1547 2221 ad
1563 2160 1699 2221 salutem
1715 2170 1877 2234 retemta,

429 2251 529 2310 minus
552 2249 602 2309 elii
619 2249 655 2308 ub
671 2248 747 2323 aliis,
771 2269 859 2329 quem
883 2269 985 2310 omnes
1006 2249 1130 2310 simula
1181 2250 1400 2309 misericordia
1424 2257 1471 2309 est
1492 2248 1549 2308 hoc
1570 2250 1675 2326 ipsum
1699 2247 1876 2318 beneficium,

429 2336 578 2397 catholiea
594 2337 721 2397 veritate
736 2337 923 2398 dissentient.
952 2337 1039 2416 Qttae
1054 2335 1127 2399 data
1183 2347 1335 2416 qnatenus
1358 2339 1390 2396 in
1412 2337 1534 2396 miseros
1549 2357 1569 2396 a
1585 2336 1657 2395 Deo
1674 2335 1877 2409 confortaret

430 2437 478 2484 est
501 2425 657 2505 expositio,
684 2423 793 2504 legitur
814 2424 895 2505 apud
913 2423 1128 2486 venerabilem
1181 2426 1321 2485 miseriae
1351 2423 1557 2484 sublevandae
1587 2421 1788 2500 destinatur,
1822 2438 1875 2497 pas

430 2508 555 2585 Bodnm,
571 2511 1130 2593 ctcorifirmaripotestpersequentia
1182 2510 1331 2573 idiotismo
1356 2512 1497 2572 Hchrseo
1519 2509 1713 2588 generaliter
1737 2510 1875 2589 signifieat

433 2599 573 2680 Apostoli
589 2598 697 2660 verbo:
1181 2599 1328 2671 salutem,
1351 2601 1414 2659 sire
1437 2599 1535 2669 animi,
1557 2599 1626 2657 sive
1650 2600 1801 2676 corporis,
1822 2599 1875 2657 sirs

475 2687 503 2745 2.
520 2689 659 2762 Propter
673 2688 848 2762 ueritatem,
865 2705 949 2766 quoe
961 2693 1130 2762 permanet
1182 2687 1350 2766 praesentis
1362 2687 1452 2758 ritae,
1467 2687 1533 2746 sive
1545 2683 1681 2744 loturae
1700 2683 1768 2743 Ilio
1780 2695 1874 2754 tanuen,

343 2825 346 2831 ,
433 2774 470 2834 in
490 2775 588 2835 aulis.
611 2773 710 2834 Illud:
730 2782 863 2851 propter
884 2779 1061 2852 veritatem,
1083 2795 1126 2835 re·
1181 2773 1287 2835 habita
1309 2775 1427 2835 ratione
1441 2774 1515 2852 ejus,
1535 2772 1587 2852 qui
1603 2771 1725 2846 scribit,
1748 2770 1875 2831 etinvenit

432 2859 588 2923 terendum
603 2870 649 2921 est
661 2861 699 2922 ad
711 2862 855 2922 verbum:
873 2863 983 2939 dilipo,
1001 2864 1031 2923 in
1043 2881 1127 2943 prae·
1182 2860 1350 2942 intelligere
1364 2859 1489 2922 miuron
1513 2858 1643 2933 enimse,
1668 2877 1755 2939 qnae
1770 2859 1873 2919 iactor

432 2947 557 3010 cedente
572 2952 719 3010 sententie
734 2950 883 3026 positum3
899 2960 928 3012 et
944 2969 1126 3030 errorequen-
1182 2957 1230 3010 tur
1245 2951 1276 3010 in
1293 2950 1349 3010 lise
1362 2952 1437 3021 vita,
1462 2957 1492 3009 et
1506 2945 1785 3027 perseverantibus
1798 2947 1825 3006 iu
1834 2944 1873 3023 jn·

429 3043 476 3097 ter
490 3035 529 3096 sd
546 3034 685 3099 uerbum:
712 3036 861 3111 dilipuat,
885 3040 916 3099 in
939 3039 1029 3098 tertia
1044 3037 1125 3097 illins
1178 3037 1261 3096 stitia
1276 3034 1366 3097 durat
1378 3038 1581 3097 insetemnrn.
1606 3032 1731 3094 Eadem
1743 3031 1872 3093 brechia

426 3133 513 3205 porte
528 3122 735 3183 subauditum.
759 3123 930 3204 Exponitnr
942 3126 1020 3184 enim
1033 3144 1125 3184 eausa
1179 3125 1430 3190 commemoravit,
1444 3119 1692 3203 otplaneeadem
1702 3119 1871 3180 salutatione

425 3208 615 3282 dilectionis,
639 3230 700 3291 qua
723 3210 835 3290 singuli
855 3211 995 3273 catholici
1019 3221 1124 3272 amant
1176 3230 1248 3272 osus
1271 3220 1318 3269 eat
1338 3209 1452 3271 Paulos
1466 3206 1634 3290 Apostolus
1650 3208 1743 3269 initio
1759 3203 1869 3290 portori

424 3296 501 3357 slios
516 3315 634 3372 omncs3
657 3298 795 3358 nimirum
813 3316 857 3370 ea,
877 3318 965 3377 quam
981 3317 1062 3358 nune
1077 3296 1121 3357 di·
1176 3299 1237 3358 oris
1253 3295 1290 3357 ad
1308 3296 1443 3358 Timoth.

422 3384 531 3454 ximus,
547 3383 738 3444 conformitas
754 3382 825 3443 tidoi
841 3404 895 3463 per
909 3392 1001 3444 totam
1013 3383 1120 3445 Ecele·
1219 3382 1310 3466 Quod
1333 3385 1364 3444 in
1387 3381 1489 3443 lronte
1509 3380 1600 3460 hujus
1622 3400 1738 3442 verses
1761 3379 1870 3462 legitur:

423 3470 498 3531 siam
523 3470 712 3544 catholicam,
732 3489 810 3548 quiue
826 3470 857 3531 in
873 3489 910 3532 ea
926 3472 980 3532 luit
995 3489 1120 3548 semper,
1175 3472 1223 3533 Sit
1240 3470 1408 3545 uobiscum,
1424 3468 1541 3531 Graece
1552 3475 1598 3527 eet
1613 3489 1671 3549 per·
1687 3469 1825 3529 futurum
1835 3468 1868 3526 ir

423 3568 455 3617 et
470 3558 639 3633 oriturque
654 3557 898 3618 annosissimam
913 3556 1015 3618 mnndi
1032 3557 1121 3629 diem,
1176 3557 1313 3618 dieativi:
1330 3560 1400 3633 erit,
1416 3548 1870 3633 lorat3sednotumestill1nt
1915 3569 1916 3600 t

419 3641 513 3722 jttxts
549 3640 669 3704 divinus
705 3645 921 3724 promissiones
958 3644 1023 3705 Jes.
1061 3645 1121 3717 59,
1175 3644 1256 3704 modi
1278 3644 1410 3705 luterum
1434 3662 1527 3722 saepe
1551 3645 1626 3719 puni
1648 3665 1708 3724 pro
1725 3643 1871 3703 modoin·
1915 3647 1916 3688 ἲ

422 3727 784 3801 Mortu.2s.,soao.14.
808 3729 888 3793 Nam
911 3729 1120 3812 qucdhicdi·
1175 3731 1312 3809 permira
1340 3750 1394 3792 seu
1422 3728 1632 3809 deprecativo.
1662 3730 1752 3791 ltesn
1774 3723 1870 3791 Graed
1915 3745 1916 3754 ¹

422 3816 515 3876 citur:
543 3816 633 3878 staltis
659 3826 689 3877 et
714 3818 895 3893 uobiscum,
922 3837 962 3879 ex
989 3835 1120 3896 persons
1174 3816 1294 3878 codices
1316 3816 1366 3878 hie
1388 3816 1516 3878 habent:
1538 3814 1736 3895 ποὺίεωηις
1759 3813 1870 3895 qnidam

420 3904 631 3963 universorum
666 3902 888 3965 catholicorum
921 3904 1033 3965 dietum
1064 3912 1119 3964 est.
1176 3912 1276 3965 tamen
1299 3914 1421 3965 nostrae
1441 3902 1565 3965 lectiani
1588 3907 1808 3980 consentiunt,
1830 3901 1870 3964 hs·

319 3986 331 4009 ⁸
427 3986 467 4047 Et
482 3989 556 4049 liaeo
572 3989 790 4051 Catholieorum
806 3994 885 4051 iuter
898 4011 931 4052 re
947 3991 1121 4052 dilectione
1173 3990 1293 4052 bootes:
1310 3985 1402 4069 ὑμῶν.

424 4074 592 4136 redamatio
608 4087 654 4137 est
666 4077 718 4137 illa
733 4077 949 4160 philadelphia,
970 4078 1023 4139 ille
1037 4097 1121 4138 umor
1215 4082 1242 4140 A
1257 4079 1325 4140 Deo
1340 4080 1449 4152 Patre,
1466 4084 1495 4138 et
1507 4095 1528 4136 a
1542 4075 1670 4139 Christe
1683 4082 1783 4155 Jcsu,
1798 4074 1869 4140 hilis

420 4158 626 4236 fraternitatis,
642 4166 693 4244 qni
710 4166 739 4223 in
756 4165 1117 4226 omnibusvereeatboli·
1174 4165 1283 4226 Patris
1308 4168 1345 4226 ire
1371 4168 1505 4227 veritate
1539 4171 1568 4224 et
1595 4168 1750 4227 caritate.
1794 4155 1869 4236 Illud,

419 4248 462 4306 cis
479 4252 639 4329 reperitnr3
663 4252 781 4311 etiamsi
803 4252 938 4312 sortessis
961 4255 1117 4312 caritatem
1174 4251 1254 4330 qued
1273 4253 1301 4312 iu
1316 4252 1375 4312 fine
1391 4252 1548 4312 attexitur:
1570 4252 1608 4311 in
1626 4256 1771 4314 veritate
1785 4260 1814 4313 et
1827 4265 1869 4311 aa·

419 4331 501 4395 illum
528 4338 622 4396 stricti
649 4339 789 4411 numinis,
816 4357 894 4420 quae
920 4342 1033 4399 amicos
1056 4339 1117 4400 Dei
1172 4342 1279 4413 ritate,
1295 4339 1465 4419 ambiguum
1482 4348 1536 4409 est,
1559 4346 1629 4397 utro
1644 4344 1820 4420 pertinest3
1840 4353 1871 4397 ιι

417 4424 593 4497 constituit,
620 4444 680 4484 non
707 4424 855 4502 habeunt3
885 4426 979 4486 veluti
1005 4426 1031 4485 si
1057 4428 1119 4486 siut
1175 4424 1215 4486 ad
1231 4425 1322 4486 illud:
1346 4428 1395 4489 Sit
1412 4426 1593 4503 vobiscum
1617 4447 1659 4486 an
1687 4449 1766 4490 vero
1788 4420 1869 4496 adid

420 4520 509 4569 extre
532 4520 641 4572 statum
663 4512 787 4590 gratiae.
821 4513 870 4573 De
892 4512 948 4573 hee
969 4512 1116 4593 philadel·
1174 4513 1255 4578 ouod
1281 4515 1419 4594 proxime
1441 4512 1614 4594 praecedite
1645 4515 1745 4577 Filia
1765 4513 1869 4577 Putre

422 4593 495 4674 phio
512 4616 570 4657 non
586 4598 678 4658 semel
693 4596 781 4659 nohis
793 4596 956 4677 loquuntur
968 4600 1117 4680 Apostoli,
1172 4598 1303 4660 Videtur
1326 4613 1427 4663 autem
1450 4602 1561 4662 rectius
1584 4597 1723 4684 adjungi
1740 4605 1780 4675 ei,
1800 4594 1868 4681 φά

418 4678 505 4742 Rem.
523 4688 571 4754 12,
590 4686 657 4760 10.;
679 4684 776 4745 Hebr.
803 4690 852 4758 13,
879 4690 923 4761 1.;
948 4692 963 4747 1
989 4687 1070 4748 l'etr.
1088 4691 1116 4762 1,
1170 4689 1309 4767 proxime
1325 4687 1490 4768 praecedit,
1508 4695 1541 4746 ut
1556 4685 1695 4761 eusdem
1714 4687 1869 4771 amplifice

414 4765 476 4839 22,
492 4788 559 4847 copi.
575 4772 604 4842 2,
622 4771 680 4842 tt,
696 4792 761 4849 cap.
778 4776 806 4842 3,
824 4777 853 4835 8.
1167 4776 1250 4835 tione
1265 4775 1459 4855 significetur,
1472 4773 1556 4852 quod
1571 4773 1722 4836 Christus
1738 4782 1781 4839 sit
1796 4768 1866 4837 Prot

458 4855 489 4914 3.
512 4858 561 4918 Sit
577 4858 734 4918 uobiscum
747 4864 866 4934 pratia,
882 4860 1114 4937 misericordia,
1168 4861 1453 4936 consubstantialia
1473 4863 1561 4942 qussi
1576 4860 1682 4924 diret:
1709 4866 1865 4929 Ereta

409 4953 482 5018 pax
496 4948 550 5004 eta.
574 4942 632 5005 llis
653 4942 753 5005 verbis
773 4945 808 5005 B.
824 4946 961 5009 Joannes
982 4967 1043 5008 nna
1065 4967 1113 5008 es·
1169 4949 1305 5026 Christo,
1331 4951 1418 5013 Filio
1441 4951 1503 5012 Dei
1524 4950 1638 5011 Patris
1658 4947 1865 5015 wrissimd

419 5023 551 5111 demque
566 5050 659 5112 opera
673 5042 706 5093 ot
716 5029 926 5097 salutationem
939 5036 1028 5116 ponit
1040 5033 1115 5114 (non
1167 5035 1387 5116 dilectissime,
1413 5045 1520 5120 utpote
1545 5035 1692 5117 ejusdem
1719 5060 1789 5103 cnm
1810 5039 1863 5118 ’μ
