4442 5825
392 609 467 679 m
892 594 1178 653 communiisti
1195 594 1261 651 ctl’.
1278 595 1319 651 ιι

390 783 446 857 qui
458 780 694 856 repromiserat.
731 775 877 856 Explicat
898 774 987 836 illud:
1013 773 1084 851 ilde.
1139 784 1171 835 et
1184 769 1577 835 hoeseeessitedmirseuli
1586 765 1789 850 megnitutlisu

390 867 480 939 Dixi,
506 867 619 944 inquit,
645 864 750 924 Seram
764 863 1001 942 recepissevim
1017 881 1084 920 uou-
1139 859 1221 940 quod
1244 861 1332 920 etiem
1354 859 1524 928 Abrshem,
1551 878 1590 919 ex
1615 875 1674 936 quo
1695 853 1789 917 illustr

393 950 523 1032 eipiendi
546 953 682 1022 seminis,
708 949 781 1020 me,
808 947 922 1009 scilieet
937 946 1085 1018 Abrehse,
1140 949 1236 1024 oepit,
1261 946 1365 1006 velex
1380 965 1440 1027 qno
1455 946 1487 1006 hi
1511 946 1568 1006 orti
1583 952 1671 1017 sunt,
1690 942 1789 1022 jener

392 1040 463 1117 quie
478 1036 606 1113 fidelem,
622 1036 714 1097 idest
725 1042 756 1095 in
772 1035 927 1114 promissis
942 1052 1086 1104 rereeem,
1140 1043 1309 1106 emortuus,
1325 1031 1356 1092 id
1372 1042 1419 1092 est
1433 1031 1575 1105 effoetus,
1597 1031 1651 1111 qui
1664 1048 1734 1110 pree
1745 1044 1789 1089 ete

392 1122 519 1185 eredidit
530 1142 596 1184 esse
607 1142 685 1193 enm,
700 1125 750 1204 qui
763 1122 857 1182 filium
870 1123 1086 1201 ipsiexuxore
1140 1130 1221 1182 utute
1236 1120 1314 1181 filiae
1329 1121 1482 1199 suscipere
1504 1139 1565 1179 non
1587 1124 1695 1198 posset
1730 1111 1789 1177 tei

392 1210 579 1291 promiserat.
601 1209 637 1270 in
653 1208 769 1269 Grseeo
785 1217 922 1269 nonest:
940 1206 1085 1280 eredidit,
1140 1227 1176 1267 eo
1202 1209 1287 1270 Rom.
1315 1209 1361 1267 t:
1391 1208 1455 1267 Ner
1483 1204 1698 1267 rennuerunt
1721 1217 1789 1277 eom

392 1296 463 1358 sed:
500 1298 712 1370 existimavit,
748 1286 905 1373 ἡγήσατο,
943 1313 998 1373 pro
1027 1311 1087 1373 quo
1140 1311 1231 1356 suum
1248 1299 1435 1355 emortuum.
1472 1292 1584 1353 Utrum
1599 1310 1672 1352 roro
1687 1292 1789 1369 perse

392 1384 550 1444 Erasmus:
566 1383 734 1457 judicavit.
758 1382 850 1462 Quod
865 1389 981 1441 tentum
997 1377 1037 1438 de
1051 1398 1086 1438 eo
1140 1389 1199 1442 tem
1214 1379 1352 1442 ebsolute
1363 1380 1454 1440 tuerit
1464 1380 1586 1458 ineptus
1598 1375 1639 1439 sd
1652 1370 1789 1456 gignes&

389 1469 521 1550 judicio,
547 1469 628 1550 quod
654 1468 728 1547 quid
752 1468 812 1528 fide
837 1466 984 1539 ereditur,
1011 1467 1086 1526 sesi-
1134 1466 1268 1540 liberes,
1297 1487 1338 1526 eu
1366 1466 1462 1527 solum
1493 1465 1716 1546 temperatione
1742 1460 1789 1535 tu

392 1556 551 1637 piendum,
577 1555 666 1635 plene
688 1555 840 1615 convincit
862 1553 1001 1634 Apostoli
1021 1571 1088 1632 pro·
1141 1555 1276 1627 vetulae,
1302 1554 1381 1613 sieut
1402 1552 1522 1634 quidem
1544 1551 1668 1625 volunt,
1694 1546 1789 1630 πρά

393 1643 484 1704 bstio.
506 1642 584 1702 Nem
600 1651 631 1701 et
645 1641 717 1702 slibi
732 1643 928 1702 certissimum
940 1639 1088 1720 judicium
1140 1660 1208 1702 mus
1225 1643 1257 1701 in
1272 1637 1575 1723 commentariodieti
1590 1637 1656 1700 loei.

393 1728 490 1789 Psulo
506 1727 654 1808 significet
669 1728 727 1788 hoe
741 1727 881 1800 verbum,
909 1736 941 1786 ut
955 1725 1032 1787 Phil.
1049 1729 1087 1798 2.,
1188 1729 1369 1803 Tamquam
1397 1727 1504 1787 narra
1530 1726 1610 1786 coeli
1631 1726 1669 1786 in
1691 1721 1789 1782 multi

393 1815 443 1876 ubi
459 1835 514 1876 nos
529 1816 673 1894 legimus:
689 1817 762 1876 Non
777 1818 930 1890 rapinam
946 1813 1087 1873 arbitra·
1141 1815 1225 1875 dine.
1248 1815 1290 1876 ln
1306 1814 1488 1894 praepositio
1504 1832 1566 1874 uon
1580 1819 1630 1872 est
1645 1814 1677 1873 in
1692 1807 1789 1870 Greeu

393 1908 446 1962 tue
461 1909 521 1974 est,
548 1920 654 1962 essere
676 1902 839 1978 aequalem
859 1903 944 1976 Deo,·
973 1909 1006 1958 et
1020 1919 1087 1978 esp.
1184 1902 1227 1963 Et
1248 1904 1328 1960 rieul
1350 1919 1469 1973 arena,
1500 1918 1582 1977 quae
1609 1906 1653 1960 eet
1678 1897 1722 1957 ad
1746 1896 1789 1981 ort

396 1991 438 2050 3.:
455 1991 542 2067 Quae
558 1989 780 2066 ministrarunt
794 1989 895 2062 lucra,
912 1986 1088 2046 arbitratus
1140 1991 1257 2062 marie,
1287 1986 1540 2048 innumerabilis.
1589 1985 1675 2047 Vetti
1703 1991 1789 2063 potul

392 2092 460 2134 eum
481 2082 614 2152 propter
637 2076 794 2137 Christum
817 2075 1028 2150 detrimenta,
1057 2081 1089 2131 et
1140 2094 1222 2151 quae
1239 2082 1282 2133 eet
1297 2073 1552 2135 innumerabilia.
1582 2072 1662 2133 Nem
1678 2068 1789 2133 inem

393 2162 516 2221 iterum:
533 2162 670 2237 Propter
685 2181 775 2238 quem
792 2165 901 2221 omnia
914 2161 1087 2220 detrimen·
1140 2162 1287 2240 repetitur
1313 2161 1467 2220 articulus.
1505 2159 1563 2225 Est
1588 2172 1691 2220 eutem
1715 2170 1789 2217 seu

393 2255 459 2331 tum
474 2250 552 2327 feei,
573 2256 603 2307 et
617 2249 758 2308 arbitror
772 2255 808 2306 ut
822 2255 969 2307 stercora.
992 2247 1088 2325 Syrus
1141 2249 1190 2308 Ab
1207 2267 1265 2308 uno
1282 2249 1338 2307 orti
1353 2258 1423 2308 suut
1444 2256 1530 2307 tento
1545 2265 1687 2316 numero.
1709 2246 1789 2325 quest

393 2353 515 2415 quoque
531 2337 675 2414 interpres
691 2336 814 2413 exponit
837 2343 947 2393 cenem
964 2352 1086 2414 persus·
1142 2343 1188 2395 est
1210 2334 1363 2405 stellarum
1387 2334 1480 2407 aeoli,
1507 2341 1539 2392 et
1563 2343 1693 2415 questus
1720 2346 1789 2391 eru

392 2423 517 2482 sionem.
1141 2439 1221 2499 quoe
1230 2431 1276 2480 est
1278 2423 1368 2501 juxta
1377 2424 1550 2500 marginem,
1559 2419 1691 2481 Graece:
1706 2415 1789 2479 teliu

438 2509 487 2567 12.
510 2509 647 2584 Propter
658 2508 744 2584 quod
755 2515 784 2567 et
796 2507 836 2566 ab
851 2524 918 2567 uno
931 2509 994 2565 orti
1004 2511 1086 2565 eunt.
1140 2512 1246 2580 meris,
1262 2528 1340 2588 quse
1355 2509 1506 2568 numerari
1523 2527 1583 2568 non
1596 2516 1705 2587 potest
1726 2501 1789 2566 lut

393 2592 528 2656 Graece:
555 2596 759 2672 Quapropter
784 2601 813 2652 et
839 2593 878 2651 ab
901 2610 968 2653 uno
990 2595 1088 2666 peniti
1142 2596 1298 2670 posteriori
1331 2596 1556 2673 comparatione
1594 2591 1755 2674 hyperbole
1781 2608 1789 2651 t

393 2698 446 2740 sen
464 2684 617 2756 prapnati
639 2689 721 2740 eunt.
758 2680 913 2758 intellige:
941 2678 1001 2754 pilii
1024 2679 1088 2738 sive
1140 2680 1300 2760 Scripturis
1316 2683 1440 2753 usinu,
1457 2701 1518 2761 qus
1533 2678 1789 2759 signifieeturuu!

390 2769 524 2843 posteri,
556 2765 637 2845 quod
667 2769 698 2827 in
727 2786 781 2826 sus
806 2767 944 2826 versione
970 2765 1089 2843 supplet
1140 2766 1297 2827 resvelde
1315 2787 1450 2847 mugnus.
1488 2768 1531 2827 At
1552 2768 1635 2846 prior
1656 2768 1789 2847 eampum

392 2851 544 2913 Erremus.
582 2853 737 2913 Pertiueut
752 2852 828 2913 hoec
848 2850 887 2910 sd
902 2851 1086 2930 smpiilieen·
1140 2874 1200 2915 non
1215 2863 1261 2914 est
1275 2852 1479 2934 hyperbolice.
1516 2853 1628 2933 Neque
1642 2856 1721 2916 enim
1734 2868 1789 2916 us!

395 2938 463 2998 (lem
493 2941 554 2999 vim
584 2939 653 2999 fidei
683 2950 879 3011 memoratae,
910 2958 971 3016 que
1000 2936 1089 2997 (locet
1139 2961 1190 3001 rus
1206 2940 1360 3001 stellarum
1377 2941 1454 3002 eoeli
1478 2939 1600 3002 excedit
1622 2955 1789 3002 numerant

395 3024 539 3098 effectum,
556 3035 590 3084 ut
605 3045 643 3085 ex
659 3025 1088 3103 unehomineprogigueretur
1139 3046 1220 3100 rum,
1247 3028 1299 3106 qui
1328 3028 1476 3108 progeniti
1505 3035 1576 3089 sunt
1606 3048 1646 3090 ex
1672 3027 1789 3090 ebrit·

393 3109 548 3172 innumere
559 3112 724 3185 multitudo,
740 3132 808 3171 eum
821 3110 1087 3181 uxoremlreberot‚
1140 3113 1194 3174 sed
1209 3114 1339 3191 megine
1363 3112 1483 3174 diverse
1505 3113 1556 3174 hie
1580 3114 1664 3175 ilium
1687 3116 1789 3196 louge!

395 3205 425 3256 et
446 3197 588 3268 sterilem,
614 3206 645 3258 et
675 3198 825 3270 vetulum,
852 3199 987 3276 etipse,
1012 3199 1087 3256 sieut
1140 3208 1235 3277 peret.
1258 3198 1345 3263 Unde
1361 3208 1393 3260 et
1407 3200 1538 3261 debituri
1554 3210 1672 3281 potest,
1688 3195 1789 3283 quand

393 3300 463 3343 mox
490 3283 612 3355 (licitur,
634 3285 697 3363 jem
725 3294 877 3344 emortuus
901 3292 987 3343 esset.
1026 3282 1087 3342 Hie
1142 3285 1181 3344 sit
1195 3293 1266 3364 sptu
1286 3289 1477 3364 eompsretio.

391 3370 495 3449 procul
512 3369 604 3430 dnbio
620 3392 679 3431 nou
700 3371 795 3431 solam
814 3370 944 3431 attendit
959 3370 1085 3449 Aposto·
1184 3370 1314 3451 Quidem
1339 3382 1460 3451 petunt,
1483 3392 1585 3434 semen
1603 3371 1789 3448 Abraham

391 3455 438 3516 lus
452 3456 543 3517 fidem
566 3455 673 3531 Seram
696 3455 748 3518 sed
763 3457 903 3517 Abrahae
921 3456 1009 3515 fidem
1035 3454 1087 3515 rel
1139 3458 1238 3537 parari
1265 3458 1376 3532 stellis,
1403 3469 1547 3540 quantum
1575 3458 1615 3520 eil
1640 3441 1789 3536 eleetos*¹

391 3544 567 3623 praecipue,
591 3542 655 3615 rel,
679 3551 712 3603 ut
727 3563 784 3623 ego
799 3545 953 3614 existimo,
981 3541 1085 3602 solem.
1139 3551 1294 3623 posteros,
1321 3555 1352 3605 st
1375 3564 1485 3607 oroneo
1506 3547 1615 3619 meris,
1638 3555 1789 3627 qneutut

393 3627 435 3690 Ut
450 3631 529 3690 enim
545 3630 773 3709 promissiones,
796 3648 874 3708 quoe
889 3628 938 3688 hie
952 3628 1084 3707 ollegen·
1139 3628 1287 3708 reliquum
1304 3631 1534 3708 multitudinem,
1550 3627 1630 3714 quse
1644 3630 1789 3713 reprobis!¹

390 3722 454 3789 tur,
481 3714 519 3775 sd
545 3715 699 3776 Abrohom
721 3714 823 3776 issue
848 3722 934 3786 sant,
959 3734 1020 3775 non
1046 3711 1086 3774 sd
1140 3725 1196 3777 est
1232 3714 1295 3775 Sed
1318 3737 1355 3777 ee
1370 3718 1538 3798 speculatio
1561 3713 1789 3799 asprenate

390 3800 508 3863 seram
525 3803 567 3863 ita
580 3800 670 3875 fides,
686 3799 933 3882 qneeleudetar,
949 3799 1085 3878 ejusdem
1139 3812 1273 3881 pteram,
1288 3822 1367 3882 queo
1383 3804 1421 3864 do
1436 3804 1551 3866 esrnsli
1566 3803 1681 3867 semine
1695 3797 1789 3878 Μ

390 3887 549 3962 Abrahae,
578 3907 639 3949 non
665 3888 759 3950 Serae
784 3888 857 3950 fides
886 3885 1086 3965 intelligendo
1139 3889 1283 3968 loquens,
1310 3909 1388 3951 nune
1404 3890 1503 3952 stellis
1518 3890 1612 3965 eoeli,
1634 3879 1789 3972 ιιιιιιοιιηΙ

389 3971 519 4035 vitietur.
1138 3977 1230 4035 moris
1246 3973 1323 4035 illud
1339 3986 1502 4056 comperet,
1517 3998 1554 4038 se
1566 3978 1714 4040 intertium
1724 3979 1789 4064 Μ

432 4061 476 4123 Et
489 4062 546 4121 liae
562 4069 713 4122 emortua.
736 4063 806 4122 Ποο
820 4082 881 4121 non
896 4059 1022 4119 ablativi
1038 4078 1085 4118 oe·
1139 4082 1200 4141 que
1222 4063 1477 4141 comparutionem
1503 4065 1679 4147 conjungit,
1703 4072 1735 4125 ut
1751 4055 1789 4220 Ἣ

390 4164 442 4208 sus
458 4155 512 4219 est,
528 4147 581 4207 sed
600 4149 784 4209 nominativi.
809 4146 917 4210 Graeci
931 4145 1086 4227 plur-aliter
1139 4150 1189 4208 22.
1207 4156 1236 4207 et
1251 4149 1330 4208 Den.
1345 4151 1375 4209 4.
1399 4150 1481 4210 Sene
1497 4149 1556 4211 diei
1571 4173 1633 4213 non
1647 4158 1747 4233 potest.
1778 4219 1782 4232 ,

390 4231 531 4293 efferunt:
557 4224 746 4309 καὶταῦτα,
774 4242 802 4294 et
824 4237 908 4295 laea.
947 4233 1085 4293 Tolletur
1138 4254 1216 4306 sem,
1244 4255 1337 4313 quum
1353 4236 1397 4294 eit
1412 4236 1451 4296 od
1475 4236 1553 4298 filios
1567 4237 1680 4311 Israel,
1700 4237 1774 4300 DC

390 4327 489 4380 eutem
504 4319 853 4399 ambiguitas,sidiaus:
869 4321 965 4397 idque
981 4338 1084 4381 emor·
1139 4330 1170 4381 et
1198 4322 1262 4394 10..
1291 4322 1393 4381 Deum
1422 4323 1647 4404 multiplicasse
1675 4342 1745 4398 usos¹
1772 4393 1775 4402 Ι

390 4412 461 4477 tuo,
476 4406 541 4465 vel:
558 4408 729 4483 etquidem
745 4416 896 4469 emortuo.
921 4408 991 4486 Quo
1006 4409 1037 4466 in
1052 4426 1084 4465 re
1138 4407 1241 4467 stelles
1256 4406 1349 4480 uoeli,
1366 4406 1404 4467 de
1420 4408 1494 4469 eolis
1512 4412 1548 4471 iis
1564 4409 1663 4492 loqui,
1682 4409 1733 4492 qui
1777 4473 1780 4484 ,

389 4491 467 4571 lapsi
504 4501 571 4553 sunt
599 4493 699 4555 Feber
728 4504 761 4556 et
789 4493 966 4573 Cejetsuus,
1003 4492 1083 4565 dum,
1138 4494 1168 4553 in
1183 4493 1235 4553 illo
1251 4494 1363 4573 populo
1383 4492 1489 4572 eleeti3
1511 4516 1580 4558 nenr
1595 4487 1789 4572 universus!

389 4574 507 4640 Graece
532 4579 628 4640 mnus
653 4581 872 4660 intelligentes,
900 4599 1019 4640 sensum
1045 4578 1083 4638 sb
1137 4580 1238 4660 pulum
1254 4580 1473 4660 alloquebatur.
1783 4635 1788 4650 ,

388 4663 529 4744 Apostoli
558 4677 659 4726 ments
691 4666 843 4728 diversum
879 4666 974 4727 seunti
1004 4674 1081 4725 suut.
1181 4667 1289 4727 Potius
1306 4686 1377 4746 ergo
1393 4666 1571 4741 dicendum,
1588 4655 1789 4752 tenemini„

389 4749 525 4829 Amplius
540 4771 611 4812 roro
628 4750 800 4832 cajetanus,
816 4753 886 4813 dum
902 4751 1081 4813 vocobulum
1137 4756 1390 4833 comparutionem
1412 4766 1598 4835 assumptum
1621 4756 1720 4818 eDeo
1737 4746 1789 4826 iffi

390 4844 550 4910 emortuo,
577 4849 678 4899 contre
702 4837 790 4900 fidem
807 4838 914 4900 Grsoui
935 4847 1036 4898 textus
1052 4840 1082 4897 in
1136 4841 1166 4899 iu
1181 4841 1376 4921 promissione
1397 4843 1517 4902 seminis
1532 4843 1690 4922 Abrelsee,
1710 4831 1789 4920 utel!

389 4918 449 4981 duo
465 4922 581 4995 dividit.
594 4928 677 5006 quasi
691 4924 801 4986 dictum
814 4926 868 4984 eit:
886 4944 923 4987 en
935 4933 1080 5001 mortuo,·
1135 4926 1196 4987 lum
1213 4925 1252 4987 ed
1275 4946 1427 4988 numerum
1451 4929 1700 5008 significandum.
1753 4995 1755 5000 ,

389 5024 457 5067 tum
470 5010 609 5091 Apostoli
622 5030 731 5074 sensus
753 5014 793 5073 sit
807 5010 994 5092 hujusmodi:
1022 5011 1081 5074 Sed
1135 5033 1201 5074 cnm
1215 5033 1340 5075 numero
1362 5012 1507 5095 splendor
1529 5036 1567 5078 ee
1589 5016 1727 5080 nobilitet
1785 5087 1788 5096 ¹
