4442 5825
396 601 470 673 ΜΒ
927 589 1160 645 COMMENTARIUS
1177 589 1209 644 nt
1226 590 1293 646 cli.
1310 592 1339 647 ll.

396 777 504 834 cantes
525 771 665 846 colaphis
690 769 880 842 caedimini,
907 766 1088 845 sufferatis?
1143 769 1203 827 cati
1226 769 1315 845 estis3
1342 769 1384 829 ite
1406 789 1440 830 se
1462 769 1554 831 babet
1577 772 1694 833 vocatio
1715 780 1741 832 et
1756 792 1804 853 pro

394 858 522 920 Sensus:
549 855 631 937 Quid
647 874 787 934 magnum
803 864 856 915 aut
871 853 1040 933 singulare,
1056 861 1089 913 ut
1143 852 1233 915 lessio
1248 865 1363 930 vestra,
1390 866 1423 917 ut
1445 856 1525 918 bene
1549 866 1673 937 agentes
1689 858 1758 919 mala
1769 878 1805 938 pa

395 943 433 1006 de
448 965 483 1004 eo
498 942 618 1004 laudem
633 945 703 1024 quis
719 948 872 1022 exspectet
887 950 940 1001 aut
955 940 1088 1019 gloriam,
1142 941 1257 1002 tiamini
1272 950 1302 1001 st
1317 943 1467 1022 patienter
1479 945 1664 1006 sustinentia„
1686 943 1809 1005 flam

393 1033 421 1093 si
434 1041 557 1112 propter
568 1028 710 1091 delictum
724 1028 836 1108 aliquis
848 1025 1005 1104 caeditur?
1020 1027 1089 1086 Ηοο
1142 1025 1181 1086 ad
1195 1046 1322 1107 reguum
1338 1037 1393 1103 est,
1409 1039 1539 1092 tesnnts
1549 1031 1663 1092 Paulo:
1679 1034 1809 1110 Ouoaiaa

393 1126 515 1199 propter
536 1136 656 1189 servos,
678 1117 730 1196 qui
750 1136 768 1175 a
790 1114 917 1176 dominis
941 1116 1024 1174 iratis
1040 1133 1086 1174 so·
1140 1133 1200 1190 per
1228 1117 1344 1176 multas
1374 1117 1597 1179 tribulationes
1628 1124 1746 1195 oportet
1769 1134 1811 1180 ast

392 1205 459 1266 lent
475 1205 571 1285 alapis
590 1202 684 1263 caedi.
1142 1203 1265 1261 intrare
1281 1205 1317 1262 in
1331 1222 1465 1280 aeonum
1480 1206 1559 1279 Dei,
1577 1204 1645 1264 Act.
1665 1208 1712 1266 14.

436 1293 497 1353 Sed
512 1293 540 1351 si
562 1291 791 1368 benefacientes
810 1290 972 1364 patienter
994 1290 1088 1348 susti·
1185 1291 1268 1366 (luia
1284 1298 1313 1349 et
1329 1291 1471 1352 Obrietae
1481 1309 1594 1367 passae
1606 1297 1650 1352 est
1662 1308 1724 1369 pro
1734 1290 1810 1366 nobb

393 1381 482 1440 netis.
520 1376 650 1438 Graece:
678 1376 740 1438 Sed
762 1378 789 1437 si
809 1374 1036 1452 benefacientes
1059 1383 1089 1434 et
1142 1375 1230 1435 vobis
1251 1377 1434 1453 relinquens
1450 1380 1650 1454 exemplum,
1674 1386 1811 1455 utaequa·

391 1468 548 1542 patienta
562 1466 730 1537 sustinetis,
747 1459 996 1544 quemadmodum
1013 1470 1044 1521 et
1058 1462 1088 1521 in
1142 1456 1223 1523 mini
1238 1466 1370 1539 oestipia
1385 1468 1459 1539 ejus.
1482 1465 1610 1526 Variant
1621 1465 1679 1525 bue
1690 1465 1751 1526 loeo
1762 1484 1804 1544 pro

392 1552 509 1613 Latinis
520 1549 699 1631 quibusdam
715 1548 801 1610 MSS.
817 1548 941 1628 legitur,
961 1557 993 1609 et
1006 1547 1087 1628 apud
1142 1551 1263 1609 nomina
1285 1551 1376 1612 nobis
1397 1560 1428 1612 et
1449 1552 1552 1626 cobis,
1579 1561 1643 1612 um
1664 1553 1694 1612 in
1713 1549 1811 1613 Gaea

392 1636 525 1714 Bedam,
547 1640 595 1698 cui
611 1638 733 1697 lectioni
757 1639 845 1696 etiam
861 1635 957 1714 Syrus
972 1636 1087 1696 annuit.
1142 1635 1308 1710 codicibus,
1334 1657 1423 1718 quam
1439 1640 1470 1698 in
1483 1639 1618 1714 Latinis3
1646 1646 1680 1698 ut
1694 1637 1811 1718 quae,ia
1836 1662 1837 1685 ο

393 1724 432 1785 Et
446 1727 489 1786 ita
503 1723 666 1804 respondet
687 1725 765 1803 perti
787 1722 993 1802 praecedenti:
1011 1740 1087 1798 pec·
1141 1731 1269 1801 utraque
1283 1724 1402 1804 lingua,
1430 1744 1490 1784 une
1506 1725 1572 1786 sola
1587 1725 1677 1786 litera
1691 1725 1810 1785 ditent

394 1820 502 1875 cantes
514 1819 543 1872 et
554 1811 754 1887 colaphizati.
778 1807 1019 1887 Oongmitetiam
1032 1808 1087 1882 hie,
1140 1810 1285 1890 Plerique
1309 1811 1411 1872 Latini
1434 1812 1554 1872 codices
1578 1811 1708 1872 babent:
1733 1809 1810 1886 notit,

394 1918 474 1979 ques
489 1908 559 1960 suut
570 1918 635 1978 cap.
648 1899 677 1957 3.
689 1918 718 1957 v.
733 1899 781 1956 17.
804 1895 916 1955 Verum
931 1897 1087 1975 imperitus
1141 1896 1245 1974 vobis,·
1272 1899 1407 1978 plerique
1437 1897 1562 1959 Graeci:
1597 1899 1705 1974 nobis,
1733 1897 1810 1972 nobi,

394 1985 509 2059 scriba,
536 1983 617 2066 quod
639 2005 698 2044 non
723 1982 886 2054 intellexit,
913 1983 1042 2042 mutavit
1056 1982 1087 2041 in
1141 1983 1323 2064 astipulante
1348 1987 1486 2046 versione
1508 1984 1647 2065 Syriaca.
1685 1984 1757 2046 Sunt
1773 1983 1810 2043 ali

393 2071 440 2146 id,
466 2071 548 2153 quod
574 2071 740 2151 promptius
770 2067 937 2130 videbatur.
971 2068 1088 2129 Sensus
1140 2068 1242 2131 Latini
1260 2070 1376 2132 codices
1392 2092 1451 2132 non
1467 2074 1574 2151 pauci,
1592 2073 1677 2151 iique
1691 2071 1808 2152 probatis

392 2166 454 2219 est:
481 2158 541 2219 sed
555 2161 580 2219 si
596 2157 741 2231 suffertis,
768 2158 795 2217 si
816 2157 971 2217 sustinetis
992 2174 1086 2235 aequo
1140 2157 1220 2229 simi,
1248 2156 1371 2219 Graecis
1397 2160 1486 2219 etiam
1508 2157 1680 2231 nonnullis,
1706 2170 1736 2219 et
1753 2159 1810 2218 inea

392 2246 509 2317 animo,
536 2264 628 2325 quum
650 2243 830 2305 benefacitis
853 2252 997 2304 ettamen
1013 2243 1085 2322 pati·
1139 2243 1194 2304 bos
1210 2241 1382 2306 Oeeumenii
1396 2254 1498 2318 textu,
1525 2244 1810 2324 suffragantibne,ia

393 2333 485 2406 mini,
501 2331 531 2392 id
547 2339 592 2392 set
606 2330 694 2392 malis
710 2331 874 2404 afficimini,
890 2329 987 2409 gloria
1002 2328 1086 2388 vobis
1139 2332 1247 2411 quibus
1263 2330 1393 2411 legatur:
1409 2332 1514 2407 vobis,
1531 2333 1628 2393 vobis.
1654 2331 1749 2411 Quem
1762 2331 1808 2411 qvi

393 2429 455 2497 sst3
472 2439 509 2480 sa
524 2419 702 2480 sustinentia
715 2416 835 2478 laudem
852 2426 882 2476 et
896 2416 1020 2496 gloriam
1035 2435 1086 2474 vo·
1138 2415 1205 2478 dem
1221 2438 1323 2479 veram
1338 2439 1374 2478 ac
1395 2438 1565 2497 germanam
1588 2437 1658 2479 esse
1672 2419 1809 2491 lectione,

392 2505 439 2567 bis
453 2507 559 2588 pariet.
597 2507 652 2566 Est
667 2507 745 2565 enim
768 2504 817 2564 hic
832 2502 1033 2582 supplendum
1048 2521 1086 2562 ex
1138 2524 1199 2565 uon
1214 2503 1268 2565 abs
1283 2524 1316 2565 re
1331 2514 1453 2566 censent
1475 2507 1675 2585 castigatores
1689 2504 1830 2566 Nicolaa.

392 2591 587 2674 praecedenti
603 2599 702 2672 parte:
726 2599 770 2652 eet
792 2588 854 2667 (vel
877 2585 949 2666 erit)
964 2589 1085 2665 ploria3
1138 2592 1271 2670 Zegerus
1297 2601 1328 2651 et
1349 2593 1384 2651 F.
1408 2591 1517 2652 Lucas.
1551 2593 1609 2652 Est
1634 2593 1714 2652 enim
1735 2589 1808 2652 texta·

393 2679 485 2760 idque
497 2680 587 2758 juxta
603 2678 750 2740 Graecam
772 2677 945 2751 lectionem,
968 2677 1010 2736 uti
1026 2683 1084 2734 sta·
1138 2697 1244 2738 revere
1256 2681 1384 2739 caeteris
1399 2677 1661 2739 accommodatior.
1684 2678 1807 2739 Nemea

392 2767 447 2828 tim
461 2765 641 2827 videbimus.
1137 2784 1192 2824 vos
1207 2765 1369 2844 alloquitur
1384 2765 1509 2837 Petrus,
1533 2763 1716 2837 admonens,
1736 2773 1765 2824 ut
1775 2782 1807 2823 ae

435 2855 523 2915 Haec
538 2860 581 2915 est
594 2854 703 2929 pratia
718 2851 807 2929 apud
822 2852 935 2911 Deam.
972 2847 1086 2910 Graece
1138 2870 1197 2933 que
1213 2850 1310 2913 ierant
1331 2854 1444 2925 animo,
1469 2853 1495 2913 si
1511 2871 1530 2911 a
1545 2851 1686 2933 dyscolis
1707 2850 1808 2911 domim

392 2940 424 3001 in
449 2941 551 3001 multis
577 2939 747 3002 codicibus:
775 2940 843 3000 Hoc
870 2941 954 2998 enim
979 2940 1086 3013 pratia
1139 2939 1245 3018 plagas
1260 2938 1401 3011 referant,
1414 2939 1484 3000 dum
1497 2938 1733 3016 benefecerint3
1752 2938 1808 3000 has

393 3027 483 3103 opud
499 3030 611 3088 Deum.
647 3026 758 3088 Latina
772 3025 863 3085 lectio
879 3035 994 3105 partem
1008 3023 1085 3084 hane
1138 3028 1215 3085 enim
1253 3045 1318 3086 esse
1356 3024 1597 3087 Christianorum
1636 3026 1807 3088 vocatione

392 3115 524 3175 annectit
548 3112 757 3193 praecedenti,
784 3111 824 3172 ad
849 3112 929 3171 bunc
954 3110 1083 3171 modum:
1138 3110 1305 3190 Quoniam,
1321 3113 1432 3192 iuquit,
1448 3114 1539 3174 etism
1556 3133 1611 3193 pro
1627 3113 1808 3193 vobispasu

392 3198 454 3262 Sed
469 3203 495 3261 ei
508 3199 740 3274 benefacientes,
755 3218 791 3259 ac
803 3196 1085 3260 nihilominusmsla
1138 3208 1182 3259 est
1204 3198 1341 3260 Christus
1364 3193 1469 3274 (babet
1492 3201 1574 3260 enim
1595 3200 1755 3281 emphasin
1772 3215 1807 3257 vs

392 3287 554 3366 patientes,
569 3268 759 3359 sustineatis,
782 3305 818 3345 ea
832 3286 931 3364 gratia
946 3294 988 3345 est
1004 3282 1084 3363 apud
1138 3287 1207 3346 cula
1223 3282 1281 3363 et),
1296 3286 1470 3366 provehis,
1485 3287 1627 3366 inquam,
1651 3288 1756 3359 emis,
1767 3299 1808 3345 nn

391 3375 498 3449 Deum,
514 3374 614 3447 idest,
631 3393 706 3454 opus
717 3370 889 3452 hujusmodi
898 3371 1085 3432 vehementer
1138 3373 1249 3447 minus,
1273 3393 1362 3452 quam
1384 3392 1439 3452 pro
1455 3371 1558 3433 liberis
1574 3368 1658 3449 (nam
1674 3374 1704 3434 in
1717 3371 1808 3433 (bob

391 3469 509 3541 gratnm
536 3471 583 3522 est
613 3459 688 3520 Deo.
727 3458 836 3520 Gracci
866 3478 938 3519 vero
968 3467 1084 3536 partem
1137 3458 1218 3519 «lesu
1233 3479 1301 3521 non
1317 3467 1501 3535 estserone,
1524 3479 1628 3537 neqeoe
1650 3460 1742 3535 liter,
1760 3451 1808 3519 ti

391 3548 520 3628 priorem
542 3545 732 3626 supplentes,
759 3555 793 3605 ut
814 3542 924 3605 dictum
947 3551 1007 3617 est,
1034 3544 1084 3603 bic
1140 3548 1166 3605 3.
1190 3554 1220 3605 et
1242 3546 1304 3607 Col.
1329 3544 1388 3622 3.);
1419 3545 1589 3627 eademque
1611 3568 1670 3608 sna
1694 3545 1808 3627 pastea

391 3634 458 3713 ejus
474 3652 595 3694 causam
604 3634 668 3694 sive
675 3632 905 3712 explicationem
914 3629 1083 3709 subjiciunt.
1138 3632 1227 3691 stiam
1243 3633 1328 3693 vobis
1344 3631 1514 3713 exemplum
1529 3634 1663 3714 reliquit,
1679 3627 1807 3714 quodi

390 3717 465 3780 Ideo
488 3740 617 3802 namque
641 3719 738 3799 gloria
763 3726 809 3779 est
833 3716 1030 3778 benefacienti
1052 3725 1085 3777 st
1138 3719 1258 3790 ternini,
1288 3721 1480 3799 insequentes
1510 3721 1577 3799 ejus
1606 3721 1742 3801 vestigia.
1774 3707 1817 3778 ss·

391 3807 472 3867 mela
486 3809 635 3887 patienter
646 3806 821 3879 sustinenti,
837 3806 909 3884 quia
924 3802 996 3864 iacit
1010 3821 1084 3884 opus
1137 3802 1265 3866 eundem
1301 3805 1422 3867 modum
1458 3806 1569 3886 legisse
1605 3807 1686 3869 Ven.
1712 3801 1814 3874 ΒΜ·-

391 3892 458 3953 Deo
472 3895 682 3973 gratissimum.
716 3893 785 3952 Non
800 3911 872 3971 ergo
888 3890 1035 3970 significat
1048 3891 1083 3949 B.
1137 3894 1368 3954 commentarius
1393 3894 1475 3972 ejus,
1498 3893 1627 3955 sibene
1650 3893 1812 3968 smum

390 3978 517 4055 Petrus,
532 3999 618 4054 eum,
641 3981 694 4060 qui
710 4000 762 4060 pro
778 3977 898 4040 delictis
914 3979 976 4037 suis
993 3978 1022 4037 in
1037 3996 1083 4037 re·
1138 3979 1211 4038 satie
1226 3978 1350 4041 indicat.
1374 3977 1500 4041 Occasio
1512 3979 1676 4041 mutandae
1689 3989 1809 4061 perse*

391 4066 513 4145 publica
539 4069 659 4129 meritas
689 4068 838 4145 patienter
860 4066 989 4125 sustinet
1014 4082 1084 4143 pos·
1137 4065 1287 4127 secundae
1313 4067 1343 4127 in
1369 4069 1493 4146 primam
1521 4085 1589 4128 esse
1616 4069 1728 4148 potuit,
1751 4053 1815 4145 qd'

390 4170 461 4227 nas,
486 4154 650 4235 patientiae
672 4172 745 4213 suae
764 4150 900 4213 mercede
922 4152 1084 4211 cariturum
1137 4172 1197 4214 non
1212 4151 1435 4215 advertentibus
1458 4154 1567 4214 seriem
1592 4145 1807 4214 oraflouieeiis'

391 4238 474 4319 apud
489 4240 604 4315 Deum;
628 4239 684 4300 sed
699 4247 803 4319 negat,
829 4256 895 4300 esse
911 4258 950 4298 ex
964 4257 1018 4298 suo
1034 4256 1082 4317 ge·
1138 4246 1217 4300 retur
1231 4240 1343 4318 ingrati
1356 4249 1387 4299 st
1409 4240 1717 4319 arrogantisanimi,

390 4344 464 4387 nere
485 4345 626 4408 magnum
651 4336 680 4387 et
701 4325 856 4405 singulare
879 4345 954 4405 opus
969 4325 1082 4404 patien·
1137 4326 1168 4385 in
1183 4326 1317 4386 secunda
1331 4345 1475 4406 persona:
1497 4328 1641 4389 Obristua
1662 4342 1765 4405 passus
1807 4395 1810 4402 ¹

390 4412 468 4486 tiae,
483 4415 532 4474 eui
548 4413 644 4493 gloria
659 4411 821 4489 debeatur3
842 4411 949 4491 quale,
964 4413 991 4469 si
1007 4411 1084 4489 quis,
1134 4430 1197 4486 pro
1212 4412 1315 4487 vobis,
1343 4413 1431 4474 vobis
1453 4415 1641 4491 relinquens

389 4497 581 4561 benefaciens
600 4520 636 4561 ac
657 4507 778 4579 praetor
799 4500 936 4560 meritum
951 4498 1084 4570 afflictus,
1138 4505 1191 4558 etc.
1230 4498 1289 4560 Sed
1317 4520 1368 4559 cur
1390 4501 1431 4560 ita
1456 4499 1576 4561 locutus
1597 4502 1639 4561 sit
1659 4497 1741 4560 B.P

391 4586 565 4665 patientiam
581 4594 748 4648 conservet.
1133 4586 1197 4663 jam
1214 4594 1300 4664 patet
1314 4606 1353 4646 ex
1368 4605 1460 4647 sensu
1475 4586 1557 4647 dato.

434 4672 937 4736 t1.laieeenimvoectienia
974 4671 1083 4731 Horta·
1180 4675 1230 4733 22.
1255 4674 1315 4752 Qui
1327 4681 1491 4748 peccatam
1506 4675 1685 4752 confecit,
1708 4688 1759 4737 ast
1801 4741 1808 4750 ,

391 4764 441 4817 tur
454 4758 494 4819 ad
510 4760 682 4840 patientiam
698 4779 716 4818 a
735 4761 892 4821 vocatione
909 4757 1084 4818 Christianis
1137 4766 1306 4820 venissest
1321 4760 1464 4821 doluein
1485 4778 1540 4821 occ
1562 4764 1640 4835 ejas

390 4846 526 4907 omnibus
538 4847 700 4922 eommuni3
712 4845 1084 4927 eamqueadbortationsm
1138 4855 1185 4905 est
1199 4845 1255 4905 boc
1271 4867 1307 4907 cx
1322 4845 1347 4908 J
1348 4866 1387 4907 es.
1404 4846 1454 4910 53.
1470 4866 1553 4929 cap..
1581 4849 1664 4928 quod
1686 4856 1771 4910 aaa

389 4950 459 4993 mox
475 4933 630 4993 confirmat
651 4931 712 4992 alio
734 4940 909 5012 argumento
927 4930 966 4992 ab
981 4949 1081 4992 exem·
1137 4929 1250 4992 Christi
1265 4934 1407 5012 passione
1430 4941 1493 5008 eet,
1520 4934 1572 4995 nbi
1594 4954 1702 4996 versus
1722 4934 1771 4996 itit
1788 4929 1801 5000 ¹.

389 5016 442 5098 plo
457 5017 578 5080 Christi.
614 5018 744 5080 Semne:
771 5020 838 5080 Hac
857 5020 933 5080 enim
948 5017 1017 5098 lege
1032 5036 1081 5078 νο·
1136 5018 1277 5081 Hebraeo
1293 5022 1337 5080 sic
1351 5019 1477 5101 legitur:
1500 5022 1552 5083 lio
1574 5023 1662 5099 qued
1680 5013 1809 5098 w}
