4442 5825
708 597 872 655 milon!
887 601 928 655 Ab
946 600 1109 657 sunum.
1126 600 1210 655 tutte.
1226 603 1252 655 4.
1607 566 1681 679 9Ίὸ

372 790 422 831 ore
446 772 599 835 oontsndit
633 775 785 856 exemplis.
822 775 933 856 Itaque
1028 779 1071 839 Et
1082 794 1143 853 por
1158 777 1249 837 illum
1265 778 1433 856 destructus
1457 779 1562 841 adbuc
1577 779 1682 856 loqui·

371 866 424 932 sut,
450 859 526 921 Abel
546 881 600 941 per
614 861 719 935 fidem,
743 882 781 923 ox
798 881 858 942 qus
873 883 931 923 me·
985 870 1047 925 tur.
1066 864 1392 940 DasminuGroeee:
1405 854 1581 943 ἀποθανὼν,
1595 884 1682 927 mor·

371 944 466 1005 »bouus
481 946 610 1008 bostium
624 949 708 1022 Deo,
729 950 874 1009 meruisse
888 957 930 1011 te
984 958 1065 1012 turos.
1111 950 1201 1011 Hune
1233 960 1350 1031 purtem
1379 948 1615 1032 chrysostomus
1644 972 1681 1014 oe

371 1051 423 1103 ιιι,
438 1031 518 1113 quod
534 1044 614 1096 esset
624 1035 735 1113 justus.
767 1033 862 1114 Cujus
878 1034 929 1096 de·
985 1036 1096 1097 oueteri
1119 1035 1226 1097 Graeci
1254 1039 1433 1118 interpretes
1458 1039 1502 1099 its
1523 1038 1680 1101 intellexe-

376 1120 530 1199 sequitur:
983 1133 1067 1196 runt,
1093 1132 1128 1181 nt
1142 1143 1196 1201 per
1219 1123 1310 1185 fidem
1326 1122 1404 1185 Abel
1428 1135 1560 1186 mortuus
1582 1122 1680 1185 udbue

371 1210 511 1267 monium
538 1208 722 1283 perhibente
747 1207 931 1268 muneribus
984 1209 1068 1288 loqui
1083 1207 1213 1282 dicutur,
1229 1211 1301 1291 quio
1315 1208 1389 1271 tides
1404 1209 1488 1286 feeit,
1503 1229 1569 1272 som
1583 1228 1678 1291 usque

371 1308 402 1351 το.
442 1291 560 1353 Grueee
586 1304 617 1354 et
642 1293 782 1373 Syriuos:
816 1295 855 1354 de
882 1295 931 1355 vel
983 1294 1072 1357 bodio
1099 1297 1203 1358 vivere
1225 1298 1255 1355 in
1275 1297 1427 1357 bominum
1450 1298 1591 1359 memorio
1614 1317 1680 1357 uum

371 1378 537 1439 morsibus
564 1400 617 1441 ssu
647 1379 733 1441 donis
760 1385 826 1455 ejus
851 1382 929 1441 Deo.
983 1380 1071 1442 laude
1081 1382 1236 1459 justitiae,
1251 1391 1404 1463 tumquum
1418 1384 1523 1465 sio'pso
1537 1384 1680 1463 loquutur

371 1466 436 1525 uim
450 1474 505 1539 est,
521 1467 617 1527 Deum
629 1467 822 1527 testificatum
834 1466 929 1529 fuisse
983 1480 1014 1529 et
1030 1469 1124 1529 diost:
1150 1467 1313 1529 Imitumini
1327 1489 1390 1543 me,
1416 1468 1574 1545 mortoles,
1600 1477 1634 1529 ut
1648 1477 1679 1531 et

394 1550 433 1611 ob
457 1570 492 1611 eo
516 1552 639 1623 oblatis,
671 1553 749 1637 quod
771 1553 828 1613 sibi
842 1561 929 1633 grute
982 1576 1037 1616 vos
1054 1553 1114 1615 fide
1132 1555 1292 1633 justificati
1313 1556 1381 1619 Deo
1402 1555 1563 1636 pluoestis,
1590 1574 1676 1617 uoue-

376 1636 459 1717 quod
486 1639 610 1719 proinde
636 1649 701 1701 erut
728 1641 927 1701 testimouium
980 1642 1059 1722 porri
1074 1641 1199 1719 glorium
1216 1643 1306 1703 etism
1322 1642 1353 1702 iu
1374 1644 1432 1715 hoo
1446 1643 1577 1703 sueuulo.
1616 1639 1678 1703 cns

379 1725 477 1804 ipsius
492 1725 581 1786 Abel.
616 1727 693 1787 Num
713 1727 824 1787 oblatio
840 1736 928 1808 grute
980 1750 1040 1788 non
1066 1730 1161 1800 euim,
1199 1728 1353 1807 inquiunt,
1383 1728 1554 1807 hujusmodi
1586 1746 1677 1791 seusu

371 1832 388 1882 :,
407 1813 465 1871 nisi
481 1821 603 1892 propter
619 1813 801 1874 offerentem.
980 1824 1112 1875 mortuus
1129 1814 1213 1893 loqui
1233 1813 1363 1889 dicutur,
1390 1836 1459 1877 eum
1482 1817 1570 1876 etium
1585 1814 1676 1877 rebus

371 1898 497 1958 nonium
523 1899 581 1959 boo
606 1899 728 1978 quidum
754 1910 871 1979 ponunt
897 1903 926 1961 in
980 1901 1149 1962 innuimutis
1164 1900 1318 1980 loquelam
1332 1902 1487 1983 Scriptura
1509 1902 1623 1963 tribunt
1636 1920 1677 1963 ox

371 2003 452 2063 quoe
468 1984 552 2045 Deus
576 1985 692 2049 loeutus
714 1995 760 2047 est
778 1987 818 2046 ud
833 1986 926 2049 Ouio:
980 2008 1032 2061 eo,
1059 1986 1140 2068 quod
1165 1987 1260 2049 oeulis
1286 1991 1394 2050 uostris
1419 1988 1539 2051 oblutus
1560 1986 1676 2068 aliquid

386 2074 414 2131 oi
436 2070 512 2131 bene
538 2076 653 2148 operis,
680 2075 835 2149 recipior?
867 2076 931 2137 Sio-
979 2073 1131 2135 doceant?
1154 2075 1205 2136 Sio
1226 2076 1304 2137 euim
1326 2078 1404 2137 coeli
1418 2076 1503 2136 nobis
1518 2081 1677 2137 emnam

371 2158 456 2231 sule,
482 2161 589 2219 statim
612 2163 648 2221 in
668 2159 793 2236 foribus
813 2179 925 2237 pecea-
977 2162 1115 2238 plurium
1141 2163 1219 2235 Dei,
1247 2169 1276 2222 et
1302 2181 1400 2239 opero
1427 2182 1581 2225 munuum
1609 2165 1676 2237 ojus
1738 2185 1740 2189 ·

371 2248 426 2305 ris'.
450 2245 507 2305 His
523 2246 600 2307 onim
616 2246 715 2307 verbis
729 2248 828 2320 tsoite,
844 2246 927 2307 velut
979 2249 1155 2309 annuntius
1184 2247 1440 2324 firmamentum,
1470 2258 1500 2310 et
1523 2266 1602 2328 quse
1629 2267 1675 2309 oo·

371 2339 446 2402 roto,
461 2331 603 2392 laudatur
618 2332 709 2405 Abel,
733 2342 766 2395 ut
781 2335 832 2414 qni
848 2333 926 2395 boue
979 2342 1111 2416 quuntur
1125 2332 1237 2395 Psalm.
1257 2337 1304 2395 18.
1327 2336 1488 2415 Reperitur
1503 2334 1552 2394 bio
1566 2352 1674 2395 sensus

371 2438 383 2475 s
417 2418 459 2478 At
473 2418 563 2498 louge
579 2418 760 2499 probabilius
775 2420 842 2492 ulii,
864 2428 925 2481 tom
979 2423 1069 2483 etism
1081 2418 1162 2500 opud
1175 2418 1361 2483 Clementem
1372 2418 1610 2484 Alexandrinum
1620 2421 1672 2481 lib.

374 2524 467 2584 quum
482 2506 597 2579 butiri,
624 2505 756 2567 referunt
771 2507 828 2569 boo
844 2508 924 2567 testi·
980 2514 1006 2568 1.
1023 2505 1150 2588 poedog.
1167 2528 1230 2587 esp.
1247 2511 1275 2569 6.
1314 2508 1406 2568 Porro
1421 2505 1672 2587 Theophyluotus

372 2592 413 2652 ud
425 2591 477 2651 ills
493 2593 586 2653 verbu
602 2592 790 2672 Soripturus:
806 2596 925 2669 Respo·
977 2595 1077 2667 resert,
1092 2593 1124 2654 in
1139 2593 1318 2675 quibusdem
1330 2614 1384 2674 pro
1397 2590 1501 2670 λαλεῖ,
1518 2594 1670 2672 loquatur,

371 2681 457 2741 sinus
479 2679 522 2737 ud
546 2679 641 2754 Abel,
672 2687 703 2739 et
723 2681 767 2741 od
789 2699 925 2741 nsuoeru
978 2682 1079 2741 baberi
1094 2674 1240 2740 λαλεῑται
1254 2682 1422 2761 passivum,
1448 2679 1478 2741 id
1501 2689 1548 2741 ost
1569 2681 1601 2740 in
1615 2680 1672 2743 lin·

371 2766 387 2824 l
416 2767 501 2827 Ouio
526 2775 632 2827 ostem
663 2774 691 2826 et
716 2767 760 2827 ud
787 2787 925 2829 munera
976 2788 1037 2849 gns
1051 2788 1087 2829 ue
1098 2787 1236 2829 sermone
1248 2767 1400 2829 bominum
1412 2776 1558 2829 versatur.
1583 2764 1673 2847 Quod

371 2873 396 2914 u
412 2855 556 2930 respexit.
594 2854 681 2934 Quos
704 2854 812 2930 verbu,
835 2855 924 2934 juxto
977 2857 1051 2916 sutis
1066 2856 1205 2916 convenit
1218 2874 1284 2916 oum
1299 2857 1445 2936 superiori
1462 2873 1562 2917 seusu.
1733 2931 1736 2936 ι

387 2940 585 3013 Hebraicsm,
613 2941 798 3018 significant,
826 2942 923 3003 Duum
1019 2943 1061 3002 At
1075 2961 1147 3003 vero
1159 2962 1333 3023 germanum
1346 2962 1466 3004 sensum
1477 2942 1565 3020 bujus
1577 2941 1671 3022 portis

371 3046 401 3088 se
415 3047 542 3087 munero
551 3029 645 3102 Abel,
662 3028 835 3108 repudiasse
850 3049 922 3089 vero
976 3031 1110 3090 existimo
1131 3028 1298 3108 petendum
1327 3049 1366 3091 ex
1388 3029 1513 3091 historio
1535 3027 1671 3101 Genesis,

371 3111 465 3188 Cain,
489 3115 658 3195 etquidem
682 3117 766 3190 siguo
781 3117 922 3197 quopiam
976 3117 1028 3176 ubi
1050 3115 1197 3178 Dominus
1220 3113 1314 3189 Cain,
1340 3126 1498 3197 postquam
1522 3115 1672 3176 oooiderot

385 3200 462 3261 Num
477 3200 558 3261 unde
573 3202 688 3281 alioqui
703 3200 788 3277 Ceio,
808 3203 846 3263 do
861 3223 922 3282 qno
975 3203 1104 3274 fratrem,
1118 3203 1159 3263 ito
1171 3203 1343 3280 oompellut:
1360 3203 1444 3283 Quid
1454 3202 1581 3280 fecisti?
1603 3203 1672 3265 Vos·

371 3288 471 3366 ‚quod
489 3291 582 3349 iratus
597 3289 653 3347 fnit
668 3289 876 3362 vehementer,
892 3302 923 3349 et
974 3290 1142 3366 saoyulm's
1161 3290 1278 3367 fratris
1298 3292 1347 3350 tui
1367 3290 1485 3350 olomut
1508 3288 1550 3346 ud
1568 3308 1616 3347 ms
1632 3288 1671 3349 ἀι

371 3374 470 3434 vultus
483 3376 559 3453 ojus,
571 3377 600 3436 id
613 3395 792 3455 cognoscere
801 3375 922 3456 potuit?
975 3386 1070 3438 terro.
1106 3375 1225 3437 Dicitur
1247 3396 1318 3456 ergo
1341 3397 1397 3457 per
1417 3376 1508 3438 fidem
1523 3374 1604 3434 Abel
1619 3373 1668 3435 de·

371 3481 393 3517 or
409 3469 508 3520 eut-em
523 3461 581 3520 boo
597 3462 683 3540 ajunt
704 3459 813 3536 fuisse,
840 3462 922 3541 qood
974 3464 1092 3525 innotus
1118 3461 1217 3524 odbuo
1242 3462 1327 3543 loqui
1335 3506 1343 3537 ‚
1368 3465 1441 3543 quio
1465 3461 1504 3522 ud
1531 3461 1670 3520 meritum

375 3547 461 3607 eoelo
476 3549 602 3608 veniens
616 3548 741 3608 bostium
758 3549 836 3610 Abel
853 3569 920 3610 rou·
973 3550 1045 3611 fidoi
1071 3549 1137 3629 ejus
1162 3548 1305 3630 pertinet,
1332 3548 1414 3630 quod
1436 3548 1521 3608 Dens
1543 3555 1669 3608 testatus

374 3643 403 3708 t;
426 3633 679 3712 quemadmodum
694 3636 724 3693 in
740 3638 859 3715 signum
874 3656 920 3696 uo·
974 3645 1027 3710 ost,
1043 3637 1219 3715 sauguinem
1235 3638 1302 3715 ejus
1317 3635 1443 3697 effusum
1457 3635 1488 3696 in
1504 3642 1613 3694 terrum
1629 3630 1669 3693 ud

371 3720 406 3779 sis
432 3721 560 3799 legimus
589 3722 752 3799 contigisse
777 3722 921 3782 soorifioio
974 3723 1168 3797 aestumare,
1192 3721 1298 3797 idest,
1319 3721 1483 3786 vindictum
1498 3742 1518 3782 u
1531 3739 1564 3780 se
1580 3739 1668 3800 expe·

392 3806 563 3867 Salomonis
586 3816 614 3867 et
637 3808 740 3882 Elios,
765 3808 863 3868 Lavit
883 3813 921 3882 9.,
973 3819 1047 3871 tere.
1070 3803 1161 3870 'Num
1184 3829 1220 3868 so
1241 3810 1408 3871 testimonio
1422 3810 1506 3870 Dous
1530 3805 1669 3880 ostendit,

387 3902 419 3952 et
435 3894 540 3970 sneg.
559 3898 607 3955 18.
632 3893 731 3973 Quum
742 3897 921 3956 sententium
973 3895 1054 3957 Abel
1081 3895 1119 3956 ob
1144 3895 1248 3970 fidem,
1277 3916 1339 3976 quo
1364 3894 1517 3956 meliorem
1541 3894 1668 3954 hostium

371 3988 380 4038 t
407 3981 613 4058 Hieronymus
642 3982 673 4040 in
699 3980 800 4041 trudit.
826 3981 920 4043 Hebr.
974 3982 1139 4054 obtulerat,
1165 3983 1223 4043 sibi
1250 3982 1438 4044 vehomenter
1458 3990 1615 4061 oooeptum
1639 3989 1669 4040 et

371 4087 406 4125 iu.
422 4088 460 4127 ex
481 4067 676 4127 translatione
690 4066 920 4138 'l'heodotiouis‚
974 4089 1075 4130 eorum
1088 4067 1200 4142 fuisse,
1227 4070 1314 4148 eujus
1331 4069 1444 4149 injusto
1464 4067 1555 4130 orode
1573 4077 1668 4128 tuntu-

380 4153 485 4216 bobet:
512 4156 554 4215 Et
576 4155 791 4233 inflammavit
807 4156 920 4217 Domi·
973 4176 1043 4236 pere
1065 4156 1165 4235 urgeri
1179 4175 1211 4215 se
1226 4153 1308 4217 diost
1327 4156 1365 4219 sd
1391 4156 1535 4218 ultionem
1551 4174 1666 4216 sumen·

371 4259 403 4300 or
424 4242 520 4312 Abel,
551 4249 581 4302 et
605 4260 701 4318 super
729 4244 918 4320 sacrificium
973 4242 1043 4304 dum
1057 4241 1097 4302 de
1107 4241 1307 4304 interfectore.
1329 4243 1386 4304 Est
1395 4251 1494 4304 sutum
1505 4262 1577 4303 euru
1587 4244 1667 4324 Apo·

371 4345 426 4403 tm·
442 4330 525 4390 Ouio
547 4348 640 4403 vero,
667 4336 697 4388 et
711 4348 806 4405 supet·
820 4332 919 4389 soori-
973 4330 1051 4401 stoli,
1067 4327 1185 4403 dooere,
1200 4330 1281 4409 quud
1296 4350 1348 4410 per
1362 4330 1452 4392 idom
1468 4329 1668 4390 testimonium

371 4416 413 4474 isso
427 4431 495 4476 non
513 4417 737 4493 inflammavit.
773 4415 920 4477 Nonnulli
974 4419 1006 4478 in
1021 4415 1185 4496 seripturis
1206 4417 1358 4478 oousoeuti
1373 4427 1445 4480 sunt
1459 4416 1580 4498 antiqui.

371 4501 451 4562 uisse
466 4500 581 4574 dieunt,
598 4500 681 4581 quod
694 4501 793 4563 tumus
808 4502 918 4562 suerii·
1014 4502 1142 4564 Sensum
1157 4500 1238 4564 buno
1248 4503 1349 4564 Lotiui
1360 4501 1425 4565 iere
1440 4503 1668 4584 omplertuutur‚

399 4607 517 4648 muna
546 4587 749 4661 adscenderit,
778 4588 918 4649 suorifioii
972 4588 1362 4670 eodemqueanno„
1384 4589 1510 4652 odstruit
1532 4589 1587 4650 boo
1603 4588 1668 4670 ipso

371 4672 595 4737 udesoenderit
615 4675 762 4736 deorsum.
798 4674 834 4736 ld
850 4677 916 4754 qni-
972 4684 1164 4756 argumento,
1188 4677 1261 4757 quio
1274 4676 1439 4757 Apostolus
1456 4676 1569 4748 omnis,
1589 4695 1668 4756 quoe

371 4780 415 4822 mo
442 4762 601 4841 utriusque
626 4761 812 4841 designando
839 4762 918 4824 bono
972 4763 1021 4824 bio
1035 4772 1257 4836 oommsmorol,
1272 4765 1361 4824 sumit
1375 4783 1413 4826 ex
1428 4761 1598 4844 seripturis
1621 4764 1668 4824 Ao

371 4855 429 4922 ηις
456 4867 525 4908 noui
539 4848 618 4910 Abel
642 4850 742 4910 suisne
762 4850 919 4932 spectabat
971 4867 1011 4910 ue
1035 4847 1170 4923 dubitus,
1197 4851 1271 4930 quin
1297 4849 1349 4911 bio
1374 4869 1462 4911 votus
1489 4850 1527 4911 sit
1551 4868 1666 4926 seusus,

371 4931 474 5008 ‚Ooiu
491 4944 627 5011 terreuo5
648 4935 779 4997 sednon
794 4937 919 5016 perinde
970 4938 1080 5017 repetit
1092 4937 1259 5017 Apostolus
1274 4935 1354 4999 intro
1365 4957 1432 5018 esp.
1448 4955 1523 5017 seq..
1539 4938 1579 4998 de
1590 4937 1667 4999 Abel

371 5021 456 5084 n'tote
468 5020 677 5086 Aooomeutum
690 5023 791 5086 bobet.
970 5021 1093 5101 diosus,
1116 5025 1296 5115 soouuiusm
1310 5021 1424 5090 christ
1442 5023 1548 5090 molius
1569 5024 1662 5110 loqui,
