4442 5825
723 586 887 667 mummi!
903 612 943 666 so
962 608 1126 667 munros
1162 608 1245 666 rme.
1267 614 1306 666 is.
1664 592 1752 689 3341

371 806 412 849 ms
425 780 520 851 neb.
541 786 582 849 st
605 782 725 871 quidem
747 786 867 850 tertiam
890 784 988 865 duxit,
1041 789 1118 855 isbm
1133 790 1343 873 quaestionum
1358 784 1538 851 Hebraicar.
1557 802 1648 870 super
1664 786 1739 853 oen.

371 872 534 952 alaman,
561 894 628 937 oum
651 885 808 956 pareutum
831 896 988 951 consensu,
1042 879 1117 937 etin
1134 878 1230 957 Epist.
1250 879 1321 938 126.
1344 876 1382 937 ad
1397 876 1572 955 Evagrium,
1596 883 1739 938 testatur·

371 960 428 1027 aste
451 971 580 1046 apparet
595 982 635 1025 ex
649 962 728 1025 Gen.
746 963 795 1026 28.
815 963 933 1027 verum
952 965 989 1025 de
1042 985 1109 1045 qus,
1133 962 1292 1025 Hebraeos
1308 965 1383 1024 iliud
1400 962 1475 1023 Gen.
1494 966 1559 1025 ii:
1586 966 1629 1025 Et
1643 968 1739 1025 oesti-

371 1046 450 1131 apud
470 1046 720 1135 chrysostomum
742 1051 825 1122 ioco,
851 1070 910 1111 non
934 1059 988 1126 set,
1042 1052 1097 1112 bus
1121 1052 1211 1113 Esau
1232 1048 1329 1112 vulda
1351 1050 1441 1112 bonis
1464 1051 1571 1111 induit
1595 1070 1676 1126 eum,
1701 1051 1740 1112 de

384 1134 571 1203 laboremus.
593 1136 663 1197 bion
678 1138 758 1198 enim
774 1137 905 1205 arbitror
921 1138 988 1198 iiia·
1042 1139 1281 1200 sacerdotalibus
1298 1139 1501 1219 interpretari.
1532 1136 1644 1209 Dicunt
1659 1157 1739 1218 ergo,

373 1222 576 1298 banniarum,
600 1242 682 1305 quse
704 1223 742 1285 de
766 1225 912 1305 patientia
927 1224 988 1287 Job
1042 1228 1095 1305 qui
1122 1225 1199 1285 bano
1228 1225 1419 1286 traditionem
1447 1222 1626 1298 admittunt,
1651 1226 1739 1285 ¹Esau

370 1308 555 1381 ntmunsur,
582 1318 736 1371 auctorem
765 1330 830 1375 esse
855 1311 985 1395 Chryso·
1041 1320 1164 1391 propter
1198 1312 1322 1373 vendita
1352 1311 1553 1392 primogenita
1582 1312 1739 1392 profanum

371 1416 431 1470 Ι,
456 1396 512 1458 sed
536 1396 628 1458 alium
651 1398 828 1478 quempiam,
851 1396 987 1458 doctrina
1042 1399 1147 1471 icisse,
1164 1399 1221 1461 hoc
1237 1405 1293 1470 est,
1316 1398 1519 1480 irreiigiosum
1535 1414 1572 1458 ac
1587 1414 1738 1459 sacrorum

371 1484 511 1564 quentia
526 1503 593 1544 cum
604 1484 819 1563 chrysostomo
834 1502 893 1545 non
910 1505 986 1547 com·
1041 1484 1230 1558 violatorem,
1252 1505 1288 1545 eo
1306 1484 1387 1565 quod
1405 1487 1458 1564 jus
1475 1485 1739 1565 primogeniturae,

371 1570 467 1633 idum.
1041 1573 1089 1632 cui
1112 1558 1314 1632 sacerdotium
1339 1580 1403 1632 eret
1420 1591 1578 1643 annuum,
1602 1579 1665 1633 tam
1680 1573 1740 1633 viis

371 1677 526 1739 tamquam
542 1665 575 1717 ot
589 1656 811 1730 Theodoretus,
835 1665 864 1723 et
885 1658 988 1736 glossa
1041 1659 1187 1730 babuerit,
1212 1659 1337 1719 utillud
1353 1660 1449 1737 pretio
1469 1658 1624 1719 venderet.
1651 1656 1740 1720 Unde

371 1746 451 1817 aria,
467 1763 559 1825 quam
574 1745 666 1804 etism
682 1742 715 1803 Β.
736 1743 870 1805 Thomas
888 1747 986 1826 sequi·
1041 1754 1071 1805 et
1101 1745 1252 1806 Simonise
1283 1748 1394 1805 orimou
1422 1746 1448 1805 ei
1475 1746 1654 1824 impingunt
1690 1744 1740 1805 Ita

371 1851 439 1893 iauc
463 1830 606 1893 adierunt
628 1832 790 1904 rationem,
815 1830 882 1891 ideo
904 1832 986 1892 Esau
1041 1835 1292 1892 sentiuntuuctor
1307 1835 1426 1912 glossae
1441 1833 1611 1892 ordinariae
1627 1844 1657 1893 et
1673 1851 1739 1892 eum

371 1927 502 1980 tutorem
515 1915 584 1990 dici,
597 1917 988 1999 quodcontralegssatqus
1041 1920 1133 1980 secuti
1149 1920 1184 1980 B.
1201 1920 1347 1992 Thomas,
1371 1920 1508 1993 Liranus,
1529 1917 1694 1999 cajetanus
1711 1928 1739 1979 et

371 2002 588 2089 aparentibus
606 2024 715 2066 uxores
732 2003 868 2065 duxisset
884 2004 986 2066 alicni-
1042 2005 1103 2066 aiii.
1141 2005 1260 2066 Similia
1294 2008 1434 2087 leguntur
1465 2008 1495 2066 in
1526 2007 1738 2067 commentario

371 2112 386 2153 ι.
409 2092 487 2153 Alia
498 2094 655 2171 responsio
670 2100 718 2151 est
733 2090 869 2171 ejusdem
884 2092 988 2153 'l'beo-
1042 2092 1308 2173 pseudepigrapbo
1334 2092 1474 2155 Primasii
1502 2094 1531 2153 in
1558 2094 1637 2153 hanc
1664 2089 1736 2177 spi-

371 2180 394 2254 i,
415 2180 671 2258 fontanicum
694 2180 798 2238 vocari
814 2179 987 2259 ingluviem,
1041 2180 1159 2241 stolam.

371 2284 408 2327 ur
421 2286 518 2351 quam
533 2264 614 2326 Esau
634 2266 836 2346 primogenita
851 2284 905 2325 sua
922 2285 990 2347 pro·
1084 2265 1206 2347 Quibus
1221 2267 1247 2325 si
1263 2266 1398 2344 objicias,
1420 2267 1486 2347 pari
1509 2268 1624 2327 ratione
1639 2264 1737 2329 Jacob

371 2361 402 2429 ις
432 2361 471 2412 ut
495 2354 648 2433 posterior
673 2372 746 2432 pars
773 2354 813 2413 sit
839 2355 987 2430 expositio
1041 2353 1194 2415 Simonisc
1209 2354 1354 2424 convinci,
1373 2356 1425 2433 qui
1439 2354 1491 2431 jus
1508 2352 1583 2413 iilud
1601 2355 1738 2414 emerita

371 2442 404 2507 is.
439 2436 606 2501 Caeterum
638 2457 728 2499 verus
754 2438 988 2517 chrysostomus
1040 2440 1151 2512 fratre,
1175 2439 1359 2519 respondent
1378 2440 1515 2501 Thomas
1536 2452 1566 2499 et
1592 2438 1645 2499 aiii
1667 2449 1739 2519 post

376 2524 495 2595 modum
517 2544 577 2587 uno
594 2526 689 2587 verbo
712 2524 805 2587 iscile
820 2535 912 2598 secat,
936 2524 987 2586 do·
1041 2547 1117 2602 eum,
1140 2526 1239 2589 Jacob
1254 2547 1315 2587 nou
1331 2524 1531 2601 emissesed,
1553 2528 1633 2607 quod
1650 2544 1737 2585 suum

378 2610 477 2675 iilud:
498 2620 537 2674 art
558 2612 659 2687 Esau,
682 2631 742 2672 non
765 2612 804 2673 ad
829 2622 989 2695 utrumque
1042 2622 1121 2689 erat,
1152 2613 1191 2673 ab
1218 2614 1331 2694 injusto
1362 2632 1535 2693 possessore
1564 2612 1736 2674 redemisse.

371 2698 476 2761 deus
501 2700 667 2760 membrum
695 2718 762 2760 esse
791 2699 989 2773 referendum,
1044 2702 1157 2762 Verum
1184 2722 1223 2761 au
1247 2701 1344 2762 solide
1366 2700 1442 2761 baso
1465 2698 1619 2773 dicantur,
1642 2698 1738 2760 muita

371 2786 465 2849 arium
488 2787 528 2848 ad
551 2788 734 2867 proximum:
760 2788 932 2865 profonas,
957 2795 990 2846 ut
1042 2789 1179 2869 quaestio
1195 2797 1248 2847 est
1273 2787 1406 2848 Primum
1430 2788 1516 2861 enim,
1538 2786 1617 2847 uude
1631 2787 1738 2869 proba·

371 2894 406 2944 sa
420 2874 536 2935 verba:
559 2892 600 2934 rae
616 2875 686 2952 quis
698 2874 892 2953 fornicator,
910 2894 987 2936 oum·
1041 2883 1098 2950 tar,
1115 2875 1198 2935 Esau
1213 2873 1308 2936 inisse
1320 2874 1403 2937 iliius
1415 2875 1492 2955 juris
1509 2875 1653 2954 injustum
1670 2892 1737 2955 pos·

371 2964 493 3044 igatur,
520 2959 632 3021 deiude
653 2962 780 3039 junctim
806 2961 906 3042 legas:
933 2969 991 3022 urat
1043 2981 1207 3034 sessorem,
1238 2965 1289 3042 qui
1319 2981 1390 3022 vere
1415 2963 1633 3042 primogenitus
1664 2970 1737 3037 erat,

371 3067 450 3112 smus
475 3054 512 3108 sat
536 3049 637 3109 Esou.
668 3049 717 3108 Sic
744 3067 865 3128 quoque
887 3049 990 3110 Theo·
1040 3069 1095 3109 nec
1111 3051 1214 3129 ajuro
1230 3050 1420 3128 primogeniti
1437 3043 1599 3129 perillam
1620 3056 1737 3109 senten·

371 3143 469 3207 aens,
510 3132 710 3195 Oscumeniue
749 3142 778 3194 et
812 3134 988 3215 cajetanus.
1041 3138 1113 3196 tiam
1131 3134 1291 3215 dejectus?
1315 3135 1392 3195 Nam
1415 3135 1572 3195 oraculum
1587 3135 1736 3195 redditum

386 3241 455 3306 qua
486 3222 518 3282 iu
544 3240 580 3282 re
604 3222 750 3302 profanus
780 3222 873 3282 fuerit
899 3221 988 3293 Esau,
1040 3224 1128 3282 matri
1156 3220 1254 3282 adbuc
1282 3220 1444 3302 gravidae,
1474 3242 1534 3308 quo
1563 3221 1736 3283 dicebatur:

371 3317 400 3372 st
416 3327 457 3370 ex
473 3305 629 3368 inteliectu
645 3308 719 3388 ejus,
736 3308 817 3388 quod
834 3310 988 3388 sequitur:
1042 3309 1149 3385 Major
1162 3311 1277 3369 sarciat
1290 3310 1421 3383 minori,
1446 3307 1559 3369 nulium
1578 3307 1629 3388 jus
1653 3307 1737 3369 dedit

371 3397 560 3474 iprupter
588 3411 689 3455 anum
716 3412 817 3455 ercam
843 3396 989 3462 vendidit
1041 3398 1147 3457 minori
1172 3396 1232 3455 filio
1252 3415 1326 3475 prae
1349 3397 1474 3474 majore,
1501 3396 1555 3456 sed
1576 3393 1657 3454 nuda
1678 3395 1737 3456 tuit

371 3483 537 3546 mersu.
554 3480 686 3550 Gnaeos:
702 3481 908 3559 Quiprorsnu
921 3500 988 3543 esua
1041 3482 1202 3563 praedictio
1226 3483 1299 3560 ejus,
1323 3481 1403 3563 quud
1425 3490 1489 3542 erat
1512 3480 1676 3564 aliquando
1691 3479 1737 3541 iu·

379 3565 504 3644 adolio)
527 3567 669 3628 reddidit
685 3572 904 3644 primooeuitu
918 3587 987 3629 sua.
1041 3580 1148 3641 turum,
1167 3590 1222 3629 nec
1245 3578 1306 3630 tam
1323 3572 1351 3629 in
1368 3570 1441 3651 ipsis
1456 3568 1528 3629 filiis
1545 3567 1736 3648 implendum,

371 3655 380 3718 Ι
395 3655 450 3728 alii
471 3655 515 3715 sic
529 3663 667 3714 vertunt:
693 3656 756 3733 (itai
769 3659 865 3716 unico
882 3656 988 3726 edulio
1042 3676 1131 3736 quam
1147 3656 1177 3716 iu
1193 3675 1293 3717 eornm
1317 3655 1463 3735 posteris,
1487 3665 1520 3716 ut
1535 3654 1624 3738 piane
1639 3654 1738 3734 liquet

371 3744 486 3818 munit
496 3735 566 3815 (sets
576 3735 736 3820 vendidit)
747 3747 907 3817 suomjar
916 3745 987 3820 pri-
1041 3763 1078 3803 ea
1093 3741 1194 3802 verbis
1210 3743 1325 3803 oraculi
1337 3741 1505 3824 prioribus:
1523 3743 1616 3803 Dour
1630 3748 1736 3818 persta

371 3831 450 3892 sasst.
474 3827 632 3890 Sciendum
647 3829 734 3901 enim,
751 3831 781 3889 iu
794 3828 912 3890 Graeco
928 3849 986 3890 non
1040 3837 1115 3892 suat
1135 3832 1172 3891 irs
1194 3837 1285 3890 utero
1309 3838 1363 3890 taso
1385 3837 1440 3889 etc.
1474 3827 1578 3910 Quare
1593 3837 1623 3888 et
1636 3827 1738 3905 Isaac,

371 3906 568 3996 tpmeurdste,
585 3915 670 3995 quod
685 3915 811 3995 legimns
829 3917 925 3996 capite
940 3934 988 3976 su·
1041 3919 1098 3977 etsi
1123 3936 1183 3976 nou
1210 3917 1334 3996 ignarus
1361 3915 1490 3986 oraculi,
1517 3925 1621 3979 umen
1646 3915 1736 3989 Esau,

371 4005 410 4076 ri,
432 4001 485 4062 uhi
509 4021 608 4063 sermo
632 4010 698 4061 erat
720 4002 914 4063 devastante
929 4003 986 4082 pri·
1039 4013 1193 4083 tamquam
1217 4004 1412 4084 primogenito
1435 4022 1490 4062 suo
1514 4013 1542 4062 et
1559 4002 1612 4082 jus
1627 4005 1736 4082 primo·

371 4091 460 4165 mita3
483 4087 539 4149 sed
554 4080 759 4168 πρωτοτόκια,
783 4092 872 4169 quasi
888 4087 986 4150 dicat:
1039 4089 1131 4170 geniti
1144 4090 1272 4160 habenti,
1288 4090 1463 4149 benedicere
1474 4089 1604 4149 sciebat.
1621 4087 1738 4150 Deinde

371 4177 550 4254 mitiora·
589 4175 660 4256 Quo
690 4175 831 4236 videlicet
860 4175 987 4248 nomine,
1040 4179 1065 4237 si
1082 4177 1172 4248 Esau,
1196 4175 1326 4237 vendens
1342 4195 1399 4236 sua
1413 4177 1621 4257 primogenita,
1644 4176 1738 4238 Simo·

371 4283 378 4324 ι
407 4281 428 4324 ι
457 4260 556 4323 LXX.
588 4262 804 4344 interpretibus
841 4271 987 4342 usurpato
1039 4265 1108 4323 niae
1125 4262 1244 4342 eulpam
1261 4264 1394 4335 incurrit,
1410 4262 1568 4323 admodum
1585 4271 1665 4324 certe
1681 4261 1737 4323 dii-

371 4367 398 4410 s.
415 4351 480 4426 hb..
501 4348 552 4409 uhi
567 4347 751 4409 describitur
764 4349 838 4410 bseo
854 4349 986 4421 historia,
1041 4348 1120 4410 heile
1136 4360 1188 4422 est,
1211 4349 1320 4422 Jacob,
1343 4351 1397 4430 qui
1416 4348 1537 4410 buttem
1554 4349 1591 4410 ad
1608 4349 1738 4411 venden-

371 4435 482 4500 htur
489 4436 543 4516 jos
559 4437 824 4515 pslmogeniturae.
1042 4436 1110 4496 dum
1128 4437 1278 4515 expressis
1293 4434 1397 4498 verbis
1413 4436 1597 4509 sollicitavit,
1621 4435 1738 4498 diceus:

371 4543 420 4586 me
448 4524 620 4604 quaeritur,
651 4522 801 4603 quodnam
833 4520 907 4584 illud
933 4521 987 4602 jus
1047 4523 1154 4584 Vende
1169 4525 1247 4583 mibi
1259 4525 1477 4600 primoqenita
1497 4530 1564 4598 tua,
1580 4522 1618 4584 ab
1635 4522 1738 4586 eodem

371 4617 395 4684 t,
427 4617 461 4669 st
490 4628 586 4689 quere
608 4610 652 4690 pb
679 4607 759 4669 iliius
785 4608 989 4669 venditionem
1041 4611 1164 4670 crimine
1187 4609 1329 4685 liberam
1352 4612 1527 4691 praesertim
1544 4627 1636 4689 quum
1652 4607 1739 4670 Esau

391 4693 545 4778 profluus
575 4703 742 4756 censemur.
780 4695 988 4756 Hebraeorum
1038 4698 1090 4776 jus
1106 4695 1180 4756 iliud
1199 4696 1305 4757 saltem
1322 4699 1401 4758 bona
1416 4695 1474 4757 fide
1489 4693 1666 4776 possideret.

371 4785 408 4848 io
422 4791 484 4852 eat,
507 4791 581 4843 ante
602 4781 697 4861 legem
720 4790 751 4842 et
771 4783 941 4843 institutum
956 4783 988 4842 in
1007 4782 1009 4786 ”
1085 4780 1178 4863 Quod
1195 4784 1287 4863 igitur
1310 4785 1348 4844 ud
1372 4782 1563 4843 traditionem
1578 4782 1661 4847 iiiam
1676 4782 1737 4843 He-

371 4869 478 4934 ΗΜ
499 4869 700 4932 sacerdotium
721 4869 904 4929 Aaronioum
928 4869 987 4947 pri·
1041 4869 1174 4930 braicam
1188 4872 1305 4942 attinet,
1320 4870 1525 4949 Hieronymus
1542 4867 1659 4950 quidem
1673 4889 1739 4930 eam

371 4959 453 5022 sitos
483 4954 582 5017 inisse
611 4973 665 5015 suo
698 4955 768 5034 jure
807 4954 1010 5018 sacerdotem
1041 4954 1132 5016 refert
1148 4956 1238 5016 semei
1253 4965 1284 5017 et
1300 4959 1424 5032 iterum3
1441 4954 1494 5018 sed
1510 4954 1600 5017 refert
1614 4963 1739 5031 tantum,

371 5047 418 5110 nit
430 5043 531 5122 hujus
545 5042 723 5104 traditionis
739 5041 944 5121 Hieronymus
959 5043 989 5103 iu
1041 5063 1100 5103 nou
1117 5044 1206 5102 etiam
1221 5059 1323 5104 reram
1338 5041 1472 5103 affirmat.
1495 5043 1560 5104 Nee
1575 5044 1739 5124 quisquam

1462 5142 1533 5210 22*
