4442 5825
820 612 983 668 meroris
1000 578 1040 668 ru
1058 613 1224 669 marroc
1260 613 1345 669 vaur
1362 616 1388 669 a.
1406 616 1432 669 e
1787 622 1833 690 53

390 791 525 849 recimer
545 788 708 850 mitatem?
731 787 808 851 Cum
829 792 943 873 alioqui
964 789 1003 851 ad
1019 812 1085 870 per·
1137 811 1171 852 se
1196 792 1249 865 iis,
1277 792 1331 872 qui
1347 790 1511 852 doctrinam
1526 789 1684 853 audierant
1698 793 1737 854 ab
1765 795 1830 874 ipso

390 894 487 934 sonam
502 875 665 936 scribentis
677 874 890 938 cohortandam
907 897 943 938 ea
958 897 1018 939 non
1032 876 1083 938 ad·
1138 877 1264 950 Christo,
1281 876 1532 958 quemadmodum
1545 874 1655 938 diserte
1667 877 1706 941 de
1718 899 1751 939 se
1766 898 1835 960 pro·

389 960 502 1022 nodum
518 964 720 1043 pertinerent
743 963 1008 1043 Exigebatautem
1024 985 1083 1025 ser·
1136 965 1238 1024 fitetur
1253 966 1285 1025 in
1300 965 1441 1045 Epistola
1464 964 1503 1024 ad
1519 963 1674 1026 Galatas?
1696 968 1831 1046 Respon-

389 1050 477 1108 senis
489 1055 589 1123 tenor,
602 1052 680 1109 utin
692 1049 791 1111 serbis
804 1052 946 1111 continuo
958 1070 1083 1131 sequeu-
1137 1049 1204 1124 deo,
1225 1070 1285 1111 uon
1305 1059 1416 1111 tantam
1440 1049 1534 1111 luisse
1553 1051 1642 1111 Pauli
1666 1051 1749 1133 apud
1772 1053 1833 1114 He·

388 1133 459 1195 rhua
483 1155 652 1214 personam
673 1157 735 1203 non
754 1145 890 1197 mutaret.
913 1138 1016 1216 Atque
1038 1137 1085 1196 hic
1136 1137 1243 1198 braeos
1259 1139 1475 1212 auctoritatem,
1499 1146 1531 1197 ut
1546 1138 1746 1200 revelationes
1762 1159 1833 1201 suas

387 1221 528 1302 loquendi
551 1222 660 1284 modus
681 1223 772 1284 etlam
794 1222 873 1285 infra
893 1224 1022 1285 subinde
1037 1243 1083 1284 oc·
1136 1225 1275 1285 referenti
1289 1224 1453 1287 crederent.
1476 1225 1583 1306 Neque
1599 1228 1676 1287 euim
1693 1225 1831 1288 Judaeu-

389 1311 482 1383 eurrit,
506 1311 688 1371 nominatim
704 1310 790 1371 initio
805 1329 870 1391 cap.
888 1312 925 1384 6.,
945 1311 998 1370 ubi
1013 1312 1084 1371 sori·
1137 1333 1210 1380 rum.
1235 1311 1287 1372 sed
1302 1313 1436 1390 gentium
1452 1320 1516 1371 erat
1531 1313 1704 1392 Apostolus,
1728 1323 1759 1375 ot
1773 1312 1835 1374 He·

388 1405 447 1476 pter
469 1398 551 1470 iste,
578 1398 643 1457 sive
665 1398 800 1470 Lucam,
820 1400 884 1458 sive
905 1396 1084 1470 Barnabam,
1136 1399 1243 1461 bracos
1269 1397 1383 1459 dudum
1408 1398 1537 1458 offensos
1558 1396 1713 1460 habuerat
1744 1399 1836 1461 Unde

388 1485 445 1543 sire
456 1482 650 1544 Clementem
663 1503 730 1544 eum
742 1483 1084 1563 lingas,manifestesub
1137 1484 1218 1564 apud
1242 1483 1310 1544 illos
1334 1485 1542 1545 auctoritatem
1565 1504 1650 1545 suem
1672 1486 1836 1566 prudenter

388 1568 511 1631 aliorum
536 1589 668 1648 persona
690 1570 832 1651 loquitur,
856 1568 954 1630 idest
977 1590 1085 1644 eornm,
1137 1571 1313 1643 dissimulet,
1332 1574 1374 1631 ita
1390 1572 1430 1631 ad
1445 1591 1496 1632 eos
1511 1571 1652 1647 scribone,
1674 1581 1708 1633 ut
1723 1572 1835 1634 dictum

388 1657 494 1737 quibus
518 1656 602 1717 lacte
623 1676 701 1736 opus
723 1677 800 1729 ease,
821 1676 882 1717 nen
898 1657 994 1718 solido
1010 1657 1084 1729 cibo,
1138 1667 1191 1732 est,
1208 1668 1359 1738 tamquam
1376 1673 1510 1719 unus'ex
1526 1658 1596 1717 illis.

387 1743 521 1826 proxime
537 1742 667 1803 dixerat
692 1743 777 1824 Quos
791 1743 933 1816 hortatur,
948 1752 981 1803 ut
996 1745 1083 1803 iuter·
1181 1749 1208 1809 4.
1235 1745 1437 1806 Contestente
1452 1747 1520 1805 Deo
1536 1748 1634 1822 nonis
1648 1753 1678 1806 et
1698 1753 1834 1823 porten-

388 1833 540 1891 nittentes
566 1829 764 1891 inchoationis
787 1829 897 1890 Christi
918 1850 1085 1891 sermonem
1137 1834 1186 1906 tis,
1203 1839 1233 1891 et
1248 1833 1348 1892 variis
1362 1832 1541 1892 virtutibus.
1557 1833 1617 1892 Pro
1630 1839 1834 1908 contestante,

389 1916 422 1979 rd
443 1916 666 1997 perfectionem
689 1916 832 1978 forantur.
854 1917 923 1978 Hoc
946 1918 1025 1983 enim
1046 1915 1084 1976 ad
1137 1916 1217 1998 quod
1240 1917 1322 1997 apud
1338 1918 1463 1980 Latinos
1482 1918 1665 1997 peculiarem
1687 1919 1779 1980 habet
1793 1922 1832 1981 si·

388 2012 538 2064 auctumm
552 2003 942 2085 Epistolaeeccommodari
956 2024 1017 2063 non
1031 2023 1083 2083 po·
1136 2005 1373 2084 gnificationem,
1410 2005 1463 2066 alii
1492 2005 1625 2066 malunt:
1655 2014 1832 2068 attestante.

389 2100 448 2151 test.
472 2089 586 2152 Sedet
606 2110 672 2171 cap.
691 2093 740 2152 10.
758 2098 789 2151 et
808 2095 855 2152 12.
880 2113 941 2152 non
956 2089 1084 2150 dissimi-
1137 2091 1199 2152 Sed
1215 2089 1366 2151 Graecum
1382 2092 1590 2171 participium:
1614 2109 1832 2171 συνεπιμαρτο·

389 2178 425 2238 lec
453 2185 528 2237 sunt
560 2176 795 2238 adhortationes.
835 2176 933 2256 Quem
965 2174 1085 2237 modum
1137 2178 1272 2255 ροῦντος,
1296 2180 1530 2259 tricompositum
1550 2188 1603 2253 est,
1626 2180 1709 2260 quod
1723 2180 1834 2241 Latine

390 2265 530 2325 monh
547 2264 641 2324 etiam
657 2266 688 2324 in
704 2264 862 2344 Prophetis
878 2264 1013 2325 invenire
1028 2271 1085 2334 eat,
1135 2273 1222 2325 sonat
1229 2272 1444 2340 conluctante,
1456 2265 1487 2325 id
1499 2274 1544 2325 ost
1556 2265 1645 2325 simul
1656 2273 1832 2343 attestaut03

392 2353 448 2411 sive
460 2350 570 2430 populi
583 2359 712 2431 peccata
723 2350 958 2433 increpantibus,
974 2358 1007 2409 ut
1018 2349 1084 2410 Jes.
1137 2352 1226 2433 quasi
1250 2349 1363 2411 diceret
1378 2351 1551 2431 Apostolus,
1572 2352 1735 2413 humanum
1751 2353 1833 2412 testi·
1898 2400 1902 2408 .

395 2438 451 2498 be:
486 2438 587 2498 Facti
615 2455 742 2512 eumue,
774 2436 860 2498 velut
888 2436 1084 2510 immundus,
1136 2439 1281 2509 monium,
1304 2437 1467 2499 accedente
1490 2438 1591 2499 divino
1612 2460 1667 2520 per
1689 2437 1836 2499 miracula

398 2542 489 2584 enses
503 2542 578 2599 nos,
604 2532 633 2584 et
647 2528 738 2602 qnasi
756 2541 890 2602 pannus
905 2532 1085 2586 menstrua·
1138 2524 1321 2598 testimonio,
1348 2524 1442 2587 fuisse
1467 2523 1646 2586 roboratum.
1686 2524 1835 2604 Quamvis

397 2617 439 2670 tce
456 2628 569 2671 ornnes
586 2613 734 2685 justitiae
757 2619 903 2691 nostrue;
925 2613 991 2672 sive
1015 2628 1084 2690 pec·
1139 2613 1219 2672 enim
1235 2609 1348 2671 dictum
1364 2613 1409 2683 ait,
1425 2611 1602 2693 Apostolum
1615 2611 1731 2673 duobus
1746 2631 1833 2691 argn-

396 2696 547 2778 eateepnd
559 2697 894 2774 Deumcondtentibus,
909 2698 1033 2758 utllen.
1047 2700 1084 2770 9.,
1138 2698 1244 2759 mentis
1281 2698 1447 2759 doctrinam
1480 2699 1590 2761 Christi
1627 2698 1834 2760 confirmatam

394 2783 444 2856 abi,
464 2787 610 2864 quamvis
633 2783 774 2860 fateatur,
798 2806 832 2847 se
849 2793 882 2863 'et
904 2804 965 2859 sua,
988 2792 1019 2845 ot
1033 2805 1085 2865 po·
1138 2783 1307 2859 ostendere,
1328 2785 1423 2845 altero
1439 2807 1458 2846 a
1473 2784 1613 2861 testibus,
1636 2787 1730 2864 altero
1746 2804 1765 2844 a
1779 2785 1832 2846 mi·

393 2870 447 2951 puli
468 2881 598 2950 peccata
621 2872 913 2946 confessummulta
934 2879 1033 2932 tamon
1056 2872 1087 2932 in
1138 2869 1258 2946 raculis,
1280 2872 1338 2934 hoc
1352 2880 1451 2934 tamen
1474 2874 1621 2953 posterius
1645 2875 1736 2935 etiam
1751 2872 1834 2934 testi·

394 2957 1085 3041 oscensessionememoratinprimapersona,
1138 2960 1230 3041 monii
1253 2962 1398 3022 rationem
1421 2961 1528 3033 habet,
1552 2967 1582 3019 et
1605 2961 1724 3042 quidem
1747 2959 1836 3039 longe

393 3063 462 3125 qnae
484 3063 547 3108 nou
569 3047 674 3127 ipsine,
698 3046 751 3109 sed
775 3045 902 3110 aliorum
918 3053 1001 3108 erant
1017 3062 1085 3127 pec'·
1139 3044 1367 3122 excellentioris,
1389 3047 1505 3109 scilicet
1524 3046 1629 3120 divini,
1654 3047 1737 3128 qued
1753 3066 1834 3127 pror·

394 3141 463 3192 esta
682 3193 687 3202 ,
1138 3141 1245 3195 susest
1254 3132 1422 3195 infallibile.
1436 3134 1583 3196 Convenit
1591 3155 1658 3194 cum
1670 3134 1728 3194 hac
1739 3141 1835 3213 parte,

429 3218 518 3279 Haec
534 3227 691 3300 postrema
705 3222 867 3300 responsio,
891 3238 970 3299 quae
984 3217 1086 3279 multis
1139 3219 1221 3301 quod
1232 3218 1353 3281 Marcus
1368 3222 1399 3282 in
1415 3221 1476 3283 fine
1492 3223 1539 3281 aui
1551 3219 1711 3301 Evangelii
1723 3220 1835 3291 scribit,

394 3304 511 3384 placuit,
527 3305 853 3389 nobisnondisplicet3
868 3309 1013 3369 imovero
1026 3327 1085 3366 orn-
1139 3306 1253 3367 Christi
1283 3306 1448 3387 discipules
1476 3309 1593 3386 ubique
1620 3307 1834 3383 praedicasse,

393 3392 461 3453 uiuo
482 3392 559 3470 milri
573 3391 706 3454 videtur.
728 3396 784 3456 Est
807 3397 885 3456 enim
908 3394 1005 3453 textui
1023 3413 1085 3452 ma·
1139 3395 1279 3455 Domino
1301 3403 1491 3470 cooperante
1513 3401 1543 3455 et
1564 3412 1742 3454 sermonem
1757 3409 1835 3454 eon·

393 3479 468 3539 xime
482 3499 660 3558 congruens,
676 3481 858 3543 etPanlied
874 3478 1086 3543 suosHebrao-
1138 3481 1287 3559 firmante
1308 3482 1508 3558 sequentibus
1529 3483 1635 3556 neno.
1658 3478 1760 3540 Innuit
1784 3499 1835 3539 eu·

394 3585 423 3625 os
468 3565 629 3627 scribentis
673 3566 851 3630 modestiam
889 3565 1084 3629 commendat.
1139 3578 1198 3628 tom
1210 3567 1383 3646 Apostolus,
1400 3565 1652 3648 quemadmodum
1668 3585 1764 3626 sermo
1779 3583 1835 3646 per

392 3651 477 3713 Certe
501 3651 602 3714 Judas
624 3652 789 3733 Apostolus
814 3658 845 3717 in
872 3675 928 3716 sna
948 3649 1086 3734 Epistola
1139 3653 1264 3733 angelus
1281 3652 1379 3714 dictus
1401 3655 1582 3717 terribilibus
1598 3651 1779 3733 quibusdam
1794 3652 1833 3712 si-

391 3737 479 3798 simili
501 3737 566 3799 fere
588 3739 678 3801 modo
694 3761 848 3804 enumero
872 3740 1086 3823 Apostolorum
1138 3742 1214 3821 gnis,
1231 3741 1262 3800 in
1278 3750 1379 3801 monte
1394 3743 1531 3814 ostensis,
1554 3740 1612 3800 fuit
1627 3741 1832 3801 confirmatus:

391 3843 457 3886 sese
472 3824 636 3887 excludere
655 3829 738 3891 visus
753 3837 808 3903 est,
833 3830 889 3904 etsi
904 3827 963 3889 non
979 3829 1085 3907 prima,
1140 3831 1183 3886 ita
1208 3826 1374 3887 doctrinam
1401 3826 1515 3889 Christi
1545 3828 1645 3888 multis
1679 3847 1715 3887 ac
1739 3826 1834 3886 variis

390 3910 441 3972 ssd
464 3913 556 3972 tertia
576 3932 706 3993 persona
726 3923 821 3989 utens,
845 3935 913 3977 cum
936 3916 989 3977 ait:
1017 3913 1085 3975 Me·
1138 3913 1292 3975 miraculis
1316 3915 1571 3993 praedicationem
1587 3914 1652 3992 ejus
1668 3911 1834 3974 comitanti·

392 4017 490 4059 mores
504 4006 599 4059 estete
614 4000 794 4077 verborum,
817 4008 899 4081 price
919 3998 1086 4080 praedicta
1138 3995 1194 4060 bue
1211 4000 1416 4061 confirmatam
1431 4002 1532 4063 luisse.
1560 4002 1608 4061 Ea
1631 4000 1726 4061 tribua
1741 4000 1833 4060 nomi-

391 4092 462 4145 nent
476 4086 638 4163 Apostolis
657 4090 790 4150 Domini
806 4093 908 4151 nostri
923 4094 1013 4161 Jeru,
1030 4089 1086 4164 qui
1139 4086 1228 4147 nibus
1251 4087 1400 4167 appellate
1426 4092 1527 4164 nene,
1549 4095 1702 4165 portenta
1722 4094 1751 4147 et
1766 4088 1835 4147 vir·

392 4171 536 4232 dieebmrt
559 4173 656 4249 vobis,
680 4180 834 4252 quonium
854 4179 890 4237 in
912 4177 1083 4237 novesimo
1139 4181 1237 4251 tutes,
1253 4194 1314 4233 non
1329 4173 1376 4234 hic
1393 4176 1499 4248 solum,
1515 4174 1671 4236 sedetiam
1684 4176 1770 4252 Rom.
1784 4171 1833 4234 15.

392 4265 530 4336 tempore
550 4267 616 4334 otc,
639 4263 726 4341 quasi
747 4262 894 4324 videlicet
915 4264 981 4343 ipse
997 4280 1034 4320 ex
1050 4260 1085 4319 iis
1131 4259 1170 4324 'et
1193 4266 1212 4323 2
1236 4261 1345 4321 Thess.
1368 4266 1395 4322 2.
1423 4265 1523 4339 Sipne
1545 4261 1733 4323 vocabantur
1754 4257 1837 4341 apud

392 4341 544 4425 Apostolis
559 4367 620 4407 non
635 4354 725 4409 esset.
751 4347 864 4409 Verum
886 4368 947 4410 non
962 4348 1017 4408 hoc
1032 4367 1084 4406 vo·
1139 4346 1162 4408 J
1164 4347 1288 4419 udaeea,
1305 4347 1385 4428 quod
1399 4360 1429 4410 ot
1440 4351 1503 4430 peti
1515 4349 1637 4419 soleant,
1655 4357 1685 4410 et
1699 4346 1836 4411 exhiberi

392 4431 454 4506 luit,
475 4453 533 4494 nac
556 4434 717 4515 quisquam
740 4434 923 4497 orthodoxus
939 4438 983 4495 ita
997 4432 1083 4494 intel·
1139 4441 1292 4515 tamquam
1315 4437 1403 4515 signa
1426 4438 1545 4498 virtutis
1570 4433 1701 4508 divinae,
1724 4432 1835 4514 quibus

393 4517 477 4591 laxit,
503 4518 558 4581 sed
585 4519 695 4581 detulit
719 4523 900 4601 majoribus,
931 4530 963 4583 nt
985 4521 1085 4593 Petro,
1139 4530 1249 4582 testata
1279 4520 1360 4581 fieret
1387 4525 1500 4583 veritas
1526 4525 1711 4584 annuntiata.
1745 4516 1837 4581 Unde

393 4604 490 4680 Panlo,
513 4608 634 4669 Jacobo
649 4617 681 4670 et
695 4605 772 4683 aliis,
796 4612 850 4689 qui
872 4607 945 4671 talia
967 4606 1085 4688 praedi·
1138 4608 1204 4670 Jes.
1223 4610 1265 4668 7.:
1289 4608 1364 4667 Pete
1380 4611 1437 4670 tibi
1452 4614 1577 4686 sipnnm
1591 4628 1611 4669 a
1628 4610 1777 4670 Domino.
1793 4602 1837 4664 Et

395 4702 509 4768 rorant,
542 4696 673 4778 jamque
713 4697 853 4775 passione
891 4696 1086 4758 consummati
1138 4697 1261 4755 iterum:
1277 4694 1414 4772 Propter
1427 4694 1835 4769 hccdabitDominusipse

396 4791 486 4856 erma
509 4782 548 4844 de
562 4800 598 4843 se
613 4783 681 4861 ipsc
704 4789 800 4843 autem
815 4781 968 4844 humiliter
983 4782 1084 4841 tacuit
1141 4782 1226 4842 uobis
1248 4783 1382 4857 sienem.
1413 4784 1455 4844 Et
1469 4784 1558 4846 Joan
1574 4784 1618 4842 6.:
1646 4779 1738 4861 Quod
1760 4795 1835 4855 erpo

433 4867 487 4927 Sed
503 4867 603 4931 dices:
633 4867 667 4928 Si
682 4865 794 4928 Paulus
816 4881 862 4929 est
876 4877 980 4930 auctor
994 4868 1085 4945 hujus
1138 4876 1173 4929 tu
1194 4870 1277 4947 [αοίι
1299 4872 1435 4945 nonum,
1459 4878 1496 4930 nt
1520 4867 1692 4943 videamus,
1716 4875 1746 4929 et
1767 4884 1835 4927 ese-

396 4951 546 5034 Epistulae,
563 4975 620 5016 cur
635 4955 809 5034 nonpotius
822 4967 876 5034 pro
892 4956 1000 5034 majori
1017 4975 1083 5015 con·
1138 4956 1252 5016 demus
1279 4956 1360 5015 tibi?
1393 4956 1545 5018 Vocantur
1571 4955 1660 5015 etiam
1683 4958 1836 5033 portentu

395 5038 545 5107 hmtiono
568 5059 701 5105 suerum
718 5040 926 5103 Hebraeorum
947 5040 1086 5123 adjungit
1137 5061 1191 5103 ssu
1198 5042 1363 5121 prodipic,
1376 5042 1492 5105 Graece
1503 5032 1628 5122 τέρατα,
1641 5042 1723 5126 quod
1734 5043 1836 5104 essem
1888 5053 1891 5059 ·
