4442 5825
718 612 1020 669 sememonten
1037 613 1133 671 mrsu
1165 596 1251 669 rma
1270 615 1295 669 ι.
1313 616 1338 670 ι.
1686 624 1758 694 527

355 789 475 853 ardetis
497 791 635 852 tautam
657 797 730 866 ete,
756 789 880 852 Petrum
906 798 1009 852 autem
1059 798 1088 851 et
1103 791 1203 852 anima
1218 810 1288 852 una.
1311 791 1491 853 Exhortatio
1517 801 1568 854 est
1581 790 1619 853 ad
1636 813 1759 855 eoncor-

355 874 515 939 reeunsliua
529 884 562 938 et
575 878 697 949 οιιιίιιι,
713 875 855 938 dicendo:
872 877 1009 940 colaer-
1058 878 1146 951 diam,
1162 896 1241 956 quae
1256 886 1287 937 et
1302 879 1382 959 apud
1397 879 1529 940 Paulum
1543 879 1698 959 frequens,
1726 893 1762 943 ut

355 970 417 1025 star
440 964 615 1025 madum
639 966 804 1026 scientium
827 972 881 1026 eto.
918 963 1010 1047 Quod
1057 966 1143 1026 Rom.
1163 968 1212 1026 12.
1229 972 1261 1024 et
1278 964 1326 1026 15.
1350 965 1455 1027 icor.
1476 967 1525 1027 13.
1541 965 1618 1027 Phil.
1633 969 1662 1028 2.
1679 969 1759 1027 ιιι.

355 1070 409 1112 am
433 1050 496 1111 hus
521 1051 670 1131 pertinere
690 1060 777 1131 putat
799 1049 1008 1123 Oscumenius,
1102 1052 1344 1127 Competteatee.
1389 1053 1520 1115 Graece:
1565 1052 1758 1131 συμπαθεῖς,

355 1156 403 1199 uu
428 1157 491 1198 uon
513 1136 713 1217 improbabili
745 1138 821 1198 Nam
848 1140 926 1199 sicut
948 1137 1008 1198 He·
1058 1137 1141 1218 quod
1164 1140 1309 1200 Erasmus
1334 1141 1442 1200 vertit:
1469 1141 1617 1202 similiter
1639 1142 1757 1219 offecti,

355 1225 429 1287 oie:
458 1241 652 1301 coquerem,
675 1232 707 1286 et
722 1223 847 1287 Graecia
869 1247 904 1286 eo
924 1234 1010 1305 tropo
1058 1232 1165 1285 uttam
1182 1224 1221 1286 ad
1236 1225 1323 1298 bona,
1346 1246 1435 1307 quam
1451 1227 1491 1288 ad
1506 1227 1590 1287 mela
1606 1229 1757 1307 proximo·

355 1313 472 1385 nonis,
494 1312 546 1391 qui
561 1311 722 1372 asteismus
738 1312 854 1387 dicitnr,
876 1307 1009 1391 ὁμιλεῖν,
1058 1332 1123 1372 rum
1139 1311 1295 1373 referatur.
1319 1314 1377 1375 Est
1402 1316 1479 1375 enim
1499 1316 1663 1375 animorum
1679 1335 1759 1394 sym·

355 1399 463 1477 loqui,
475 1395 637 1479 aliquando
648 1399 800 1479 significat
811 1400 1010 1472 concubitum,
1059 1397 1163 1480 pethia
1176 1401 1254 1460 inter
1269 1419 1329 1473 eos,
1346 1401 1400 1480 qui
1411 1403 1521 1462 mutuis
1532 1400 1618 1462 bonis
1630 1409 1660 1461 et
1671 1402 1758 1463 malis

355 1484 438 1547 Dan.
449 1487 500 1547 14.
511 1484 558 1546 hle
570 1492 671 1545 terve:
687 1487 731 1546 sic
742 1488 831 1547 etiam
845 1487 1009 1561 συνοικεῖν,
1059 1485 1242 1560 afficiuntur,
1274 1496 1425 1568 tamquam
1453 1490 1597 1569 propriis,
1625 1489 1703 1548 sicut
1730 1498 1760 1550 et

355 1572 516 1649 tabttore,
541 1570 651 1632 dicitnr
676 1572 822 1633 interdum
849 1574 889 1634 de
908 1581 1007 1634 contu·
1059 1573 1174 1632 Paulus
1187 1575 1344 1653 praecipit,
1359 1575 1445 1634 Rom.
1461 1577 1519 1645 li,
1534 1575 1674 1650 paudere
1686 1594 1758 1636 essm

355 1661 422 1722 mio
436 1657 598 1740 conjugali
1059 1660 1281 1739 eaedentibus,
1303 1663 1380 1740 flere
1395 1680 1466 1723 cum
1481 1663 1636 1741 flentibus.
1659 1661 1759 1741 Igitur

355 1746 430 1809 Jam
457 1749 511 1827 qui
536 1745 743 1826 praecedentia
763 1747 944 1827 generaliter
967 1748 1009 1807 in·
1061 1748 1119 1807 hoc
1148 1757 1342 1830 praeceptum
1373 1749 1463 1808 etiam
1493 1750 1533 1809 ad
1568 1748 1758 1809 concordiam

355 1833 456 1915 Εςιιιιι
471 1833 511 1895 rie
525 1835 689 1894 demestioa
701 1836 929 1895 conversatione
941 1855 1008 1894 eon·
1061 1835 1198 1913 pertinet.
1222 1835 1299 1895 Nam
1320 1837 1359 1896 de
1375 1837 1644 1907 commiseratione,
1668 1856 1758 1916 quam

355 1940 436 2001 ruso,
462 1921 555 2001 hujus
579 1920 674 2001 partis
697 1919 835 2000 adjectae
863 1923 1010 1981 rationem
1061 1923 1298 2000 compassionem
1314 1932 1432 1993 vocant,
1455 1943 1525 1983 mox
1542 1924 1692 2002 sequitur:

355 2006 459 2069 lerunt
479 2009 576 2080 istam,
600 2005 681 2086 qnod
703 2009 762 2069 rite
778 2009 860 2068 Deus
876 2009 1011 2069 invocari
1102 2009 1334 2070 Fraternttats's
1356 2017 1522 2071 amatores.
1545 2009 1680 2070 Graece:
1706 2026 1757 2086 φι-

355 2104 455 2177 queat,
471 2095 530 2155 uisi
542 2094 712 2176 tranquillis
724 2114 761 2154 ac
772 2094 884 2155 sedatis
896 2096 1010 2155 animis.
1060 2087 1221 2172 λοίδελφοι,
1244 2098 1275 2157 id
1293 2105 1339 2156 est
1357 2098 1503 2174 fratrum
1520 2105 1672 2157 amentes.
1698 2097 1758 2157 Alii

355 2200 389 2243 m
415 2183 536 2261 jurgia,
558 2182 661 2253 rixae,
685 2180 811 2242 dissidia
831 2183 955 2262 puritati
980 2190 1012 2243 et
1060 2190 1192 2243 vertunt:
1237 2186 1399 2246 staterae
1433 2184 1579 2261 praediti
1615 2188 1757 2244 caritate.

355 2271 425 2331 rori
458 2269 604 2330 orationis
635 2268 831 2329 vehementer
862 2271 1011 2330 contraria
1060 2271 1192 2331 Fratres
1227 2271 1363 2350 intellige
1402 2271 1596 2331 Christianos.
1646 2270 1757 2348 Itaque

355 2364 388 2418 rt.
414 2355 506 2417 Unde
521 2363 552 2416 et
565 2354 686 2428 Paulus,
708 2356 789 2417 viros
812 2355 852 2416 ad
866 2356 1011 2417 orandum
1061 2357 1222 2435 praecipit,
1250 2366 1284 2416 ιιι
1309 2358 1512 2430 Christianos,
1537 2365 1691 2437 tamquam
1718 2377 1758 2417 ex

355 2446 490 2516 hortans,
520 2442 632 2503 lTim.
649 2442 677 2500 ι.
701 2440 828 2522 adjecit:
855 2445 1011 2504 Leueates
1061 2445 1287 2520 regeneratione
1313 2444 1437 2518 fratres,
1464 2442 1589 2504 eundem
1613 2443 1758 2504 habentes

355 2549 414 2592 ras
437 2549 555 2591 manus
576 2531 643 2589 siae
663 2531 716 2589 iro
730 2537 761 2590 et
775 2531 1010 2606 disceptatione.
1062 2538 1176 2609 patrem
1202 2531 1319 2605 Deum,
1349 2532 1494 2612 peculiari
1521 2530 1759 2610 complectantur

355 2622 385 2681 Β.
412 2618 457 2679 ln
482 2618 546 2695 flue
571 2623 677 2677 aorem
700 2634 808 2679 omnes
832 2620 1010 2678 unanimes.
1062 2636 1171 2677 umore.
1202 2617 1318 2678 Eadem
1335 2630 1380 2679 ιιι
1395 2619 1566 2699 praeceptio
1582 2616 1662 2696 apud
1679 2618 1756 2676 Pau·

355 2704 445 2785 bjicit
475 2700 628 2785 generalia
658 2705 808 2781 quaedsm
842 2714 1011 2784 praecepte,
1061 2704 1132 2775 lum,
1147 2710 1176 2763 et
1191 2706 1313 2783 quidem
1329 2706 1385 2766 sub
1401 2705 1509 2767 eodem
1525 2706 1643 2765 nomine
1665 2700 1758 2780 φιλα-

355 2811 391 2853 ιιι
408 2790 452 2852 ad
475 2808 577 2851 omnes
599 2790 755 2869 pertinent.
779 2791 838 2852 Pro
862 2810 907 2865 eo,
931 2792 1011 2872 quod
1062 2785 1203 2868 διλφίας,
1220 2791 1304 2852 Rom.
1322 2795 1370 2853 12.
1387 2802 1417 2852 et
1431 2792 1509 2854 Heb.
1532 2793 1577 2852 13.

355 2878 460 2941 multis
473 2876 695 2957 exemplaribus
706 2877 876 2958 legebatur:
893 2882 928 2941 ιἰι
939 2879 1011 2956 liele,
1103 2880 1328 2941 Misericordes.
1374 2879 1507 2941 Graece:
1538 2871 1755 2955 εὔσπλαγχνοι,

355 2987 386 3029 ιι
400 2966 537 3027 Romani
548 2971 729 3025 correctores
741 2967 1013 3027 restituerunmln
1061 2968 1149 3047 qussi
1164 2965 1261 3026 dicat:
1287 2968 1444 3029 bonorum
1467 2971 1630 3029 viseerum.
1660 2965 1756 3026 Voca-

355 3075 382 3130 s,
400 3072 487 3135 quae
501 3072 575 3114 vera
587 3061 634 3112 est
645 3050 748 3123 lectio,
764 3072 855 3135 quam
871 3054 1014 3114 exhibent
1061 3053 1163 3115 bulum
1180 3062 1224 3114 est
1239 3074 1342 3115 sacrae
1358 3055 1528 3135 Scripturas
1542 3055 1705 3135 proprium,
1728 3061 1759 3111 st

355 3142 454 3203 liores
472 3139 599 3202 codices.
622 3139 701 3200 Nam
718 3139 834 3202 Graece
849 3151 910 3201 est:
926 3133 962 3199 τὸ
979 3131 1013 3198 δὲ
1062 3140 1100 3200 ab
1123 3140 1331 3201 Hebraeorum
1361 3141 1575 3202 consuetudins
1597 3149 1757 3217 sumptum,

355 3245 425 3303 rec,
451 3228 528 3305 fleis
548 3233 672 3300 erstem,
696 3226 776 3307 quod
796 3230 875 3287 verti
899 3236 1013 3305 potest:
1062 3228 1116 3307 qai
1130 3227 1247 3288 viscere
1270 3248 1324 3307 pro
1347 3228 1504 3289 affectibus
1518 3236 1676 3306 usurpent.
1698 3226 1757 3306 lgi-

355 3320 469 3393 siqrse,
499 3322 675 3392 postremo,
707 3313 956 3393 quemadmodum
984 3323 1014 3375 et
1062 3313 1182 3374 surbac
1201 3334 1277 3374 voce
1300 3316 1503 3395 significantur
1519 3316 1549 3388 ii,
1572 3332 1699 3394 quorum
1714 3313 1758 3371 vi-

355 3421 411 3464 rne
443 3402 546 3462 vertit.
584 3401 773 3481 Quemquam
808 3402 860 3461 alii
891 3400 1013 3480 quidam
1062 3420 1155 3475 scere,
1178 3410 1212 3460 ut
1234 3422 1316 3463 more
1338 3402 1514 3481 Scripturas
1529 3401 1645 3481 loquer,
1667 3419 1759 3477 super

355 3487 550 3552 sustulerunt:
565 3490 708 3561 Summe,
725 3489 802 3548 sive:
825 3491 865 3548 In
881 3508 1013 3549 mmme.
1062 3489 1187 3549 eliorum
1201 3490 1324 3550 miseria
1347 3497 1588 3561 commoventur,
1616 3485 1760 3546 videlicet

355 3575 406 3638 ιοᾶ
430 3583 531 3636 autem
555 3575 585 3635 in
608 3575 761 3635 nonnullis
785 3587 869 3654 post:
891 3578 1014 3637 unam‘·
1062 3575 1100 3636 ad
1128 3595 1192 3636 eam
1214 3575 1385 3637 tollendam.
1421 3574 1602 3655 Eademque
1626 3572 1691 3633 fere
1713 3581 1759 3633 est

355 3684 384 3741 a,
411 3661 552 3723 additur:
576 3664 612 3723 in
633 3666 778 3724 oratione
801 3670 903 3737 estote,
926 3670 960 3722 ιιι
983 3663 1014 3721 in
1063 3662 1247 3742 etymologia
1271 3665 1375 3725 Latini
1406 3663 1547 3724 vocabuli
1580 3662 1759 3744 misericor-

355 3750 444 3812 aseia
468 3768 528 3810 non
550 3756 602 3823 est,
626 3751 668 3809 ita
691 3767 745 3810 nec
768 3751 871 3810 Latini
894 3750 1014 3810 codices
1063 3751 1143 3810 diue.
1193 3750 1285 3810 Porro
1316 3751 1540 3812 misericordiae
1577 3748 1758 3830 praeceptis,

355 3838 499 3900 tuatim-es
519 3841 693 3915 agnoscunt,
717 3835 747 3895 id
764 3836 844 3916 quod
861 3838 948 3897 etiam
964 3837 1013 3895 Li·
1063 3847 1215 3916 mmqnsm
1249 3858 1363 3899 summe
1397 3838 1591 3909 necessariis,
1627 3832 1759 3897 refertae

355 3945 407 3988 rus
424 3933 458 3986 et
473 3922 692 3984 carthusianus
716 3932 904 3983 annotarunt.
928 3923 1013 3984 Sum·
1063 3932 1133 3985 sunt
1149 3924 1327 4004 Scripturas.

355 4033 396 4074 rm
427 4020 476 4072 est
499 4017 601 4070 sutem
625 4029 665 4070 ex
687 4009 817 4071 lectione
839 4009 1015 4090 Apostolica
1106 4012 1250 4086 Modesti,
1266 4012 1408 4073 humiles.
1431 4011 1492 4071 Hic
1507 4010 1626 4072 Graece
1642 4015 1758 4068 tantum

355 4101 436 4160 mrim.
454 4097 485 4156 h.
501 4105 572 4175 post
586 4096 796 4169 Pentecosten,
821 4116 901 4176 queo
915 4098 958 4156 sic
971 4098 1015 4156 in·
1062 4098 1189 4177 legitur:
1205 4091 1401 4176 φιλόφρονες,
1419 4097 1450 4158 id
1466 4106 1510 4158 est
1525 4097 1681 4176 affabiles,
1697 4096 1759 4155 hu·

355 4189 402 4249 lt:
422 4185 566 4258 hasra,
584 4202 692 4245 omnes
705 4186 922 4245 ιιιιιιιιιιιιιιιιι
938 4201 1014 4244 ora·
1062 4188 1163 4262 meai,
1188 4192 1218 4245 st
1232 4186 1271 4245 ad
1293 4188 1373 4246 vitae
1393 4185 1638 4246 consuetudinem
1653 4182 1759 4242 faciles

354 4293 400 4336 ne
418 4278 515 4332 estote
529 4269 713 4331 osavreum
738 4273 814 4331 enim
838 4269 893 4330 luit
908 4270 1013 4330 Eccle·
1063 4270 1281 4351 eommodiqus.
1328 4273 1520 4352 Quamquam
1559 4269 1759 4331 Oeeumsnius

355 4380 382 4435 e,
399 4357 443 4420 ael
456 4376 560 4418 vocem
572 4356 736 4418 solitariam
750 4361 924 4419 unanimes
938 4356 1013 4417 illud
1062 4357 1119 4418 hoc
1135 4359 1201 4419 loeo
1218 4359 1294 4419 duas
1307 4361 1465 4440 separatim
1480 4360 1607 4419 virtutes
1622 4356 1761 4435 exponit:

355 4449 457 4520 imre,
482 4442 564 4525 quod
588 4446 777 4524 congregetis
794 4444 833 4504 ad
850 4446 1013 4505 orationem
1063 4446 1196 4518 alteram,
1218 4465 1308 4526 quam
1325 4446 1452 4506 Latinus
1469 4448 1615 4525 interpres
1631 4441 1757 4503 affabili·

355 4533 454 4597 rlibus
486 4538 655 4611 opportune
685 4532 869 4592 conveniret.
906 4530 1014 4612 Neque
1062 4540 1171 4606 tatem,
1193 4533 1334 4606 alteram,
1357 4553 1446 4614 quam
1470 4531 1668 4593 humilitatem
1693 4530 1760 4589 sive

355 4643 380 4684 u
413 4619 476 4680 hoo
505 4616 679 4678 addendum
712 4625 865 4697 putasset,
895 4618 1014 4678 sublate
1061 4620 1153 4679 animi
1172 4619 1347 4681 modestiam
1361 4627 1459 4680 vocat.
1483 4618 1544 4680 Sed
1560 4627 1591 4679 st
1604 4618 1759 4678 Robertus

355 4706 477 4771 unuh:
502 4706 544 4765 Ιιι
558 4704 631 4781 fide,
655 4706 680 4765 ei
702 4725 769 4765 eam
794 4704 874 4784 apud
889 4706 1013 4765 Petrum
1062 4706 1234 4787 Stephanus
1271 4708 1427 4768 annotavit
1470 4714 1603 4785 quatuor
1639 4702 1759 4764 codices

355 4799 446 4858 least
479 4791 529 4852 De
550 4811 612 4869 qua
633 4811 667 4851 re
689 4792 760 4852 vide
784 4793 955 4860 notationes
977 4792 1013 4852 F.
1062 4792 1204 4869 Graecos,
1219 4794 1250 4854 in
1267 4795 1457 4874 quibuspro:
1474 4784 1669 4871 φιλόφρονες,
1686 4792 1758 4850 seri-

355 4899 422 4946 m
453 4880 618 4956 Denique,
644 4880 686 4938 ait
710 4879 884 4959 Apostolus,
907 4897 1014 4941 omnes
1061 4880 1278 4960 ptumlegitur:
1291 4872 1536 4957 ταπεινόφρονες.
1550 4878 1758 4960 Quodutrnm·

355 4969 502 5043 mer,
529 4965 678 5026 subaudi:
701 4969 788 5043 aitis3
811 4965 912 5039 idest,
934 4965 1013 5026 idem
1062 4986 1124 5047 que
1150 4967 1208 5029 sibi
1236 4970 1354 5048 putavit
1382 4966 1582 5029 Oscumenius
1608 4983 1757 5046 exponen·

355 5058 431 5132 tiss,
455 5052 536 5118 idem
552 5053 666 5135 sapite3
689 5054 728 5115 slt
744 5052 830 5115 vobis
846 5075 897 5115 cor
912 5073 1012 5128 enum,
1062 5053 1150 5133 ἅπαις
1176 5062 1208 5114 ut
1222 5055 1270 5118 vel
1293 5055 1371 5117 haec
1386 5053 1446 5116 dno
1469 5054 1632 5137 conjuncta
1646 5051 1759 5134 legisse
