4442 5825
768 585 801 642 lli
817 584 984 641 missumst
1008 584 1095 638 assu
1112 583 1212 638 nmis
1249 582 1333 638 tms
1351 582 1392 637 25.
1704 587 1776 656 671

381 767 450 827 Per
472 769 586 830 Jesum
602 763 759 828 mosem
784 764 959 826 Dominum
974 781 1035 825 no·
1089 760 1180 824 Joan.
1206 765 1233 824 3.
1258 759 1339 833 dicit,
1363 757 1445 839 quod
1467 757 1523 819 soli
1545 757 1690 819 habentes
1712 778 1778 837 por·

363 871 450 915 raam.
476 852 563 912 Haec
578 851 682 912 desunt
696 853 727 911 in
743 849 867 913 Graecis
883 849 1034 930 exempla·
1089 849 1198 908 factam
1229 849 1385 908 caritatem
1416 853 1552 907 tenuntur
1582 848 1696 907 animas
1726 866 1781 924 pro

363 938 436 1013 bna,
461 939 583 999 tametsi
606 945 777 1000 constanter
799 939 831 998 in
853 937 970 997 Latinis
994 937 1032 997 le·
1090 935 1230 994 iratribus
1245 953 1362 1014 ponero.
1387 933 1435 992 Ex
1457 953 1516 1011 qno
1538 935 1683 1012 sequitur,
1706 933 1779 1012 Epi·

363 1033 459 1089 sutur.
482 1024 623 1085 Indicant
646 1034 745 1085 autem
768 1025 907 1086 meritum
923 1023 1035 1085 Christi
1089 1039 1198 1099 scopos
1214 1029 1244 1081 et
1259 1029 1468 1101 pastoreseos,
1484 1019 1782 1099 quiperiectamnon

363 1113 479 1175 ominis.
502 1112 545 1171 At
558 1130 640 1186 vero,
656 1132 721 1171 oum
738 1111 882 1171 Trinitati
897 1130 940 1181 ea,
956 1129 1035 1188 quae
1089 1108 1204 1169 habent
1224 1108 1388 1180 caritatem,
1411 1105 1449 1165 ad
1472 1107 1503 1164 id
1527 1126 1587 1166 non
1609 1107 1720 1182 teneri3
1744 1124 1781 1166 ao

363 1207 524 1282 tumtur,
550 1218 610 1258 non
634 1206 804 1275 competant
825 1217 878 1276 per
899 1199 1036 1256 meritum
1089 1195 1302 1255 multominus
1325 1194 1495 1273 Episcopus
1519 1193 1654 1253 carnales
1671 1201 1700 1252 et
1716 1212 1780 1252 sae·

363 1286 463 1359 bristi,
486 1285 558 1345 satis
580 1283 737 1364 probabile
758 1283 798 1356 fit,
819 1284 896 1344 banc
920 1290 1035 1361 partem
1090 1281 1150 1341 culi
1166 1281 1282 1361 pompis
1298 1279 1424 1340 deditos.
1446 1280 1483 1339 In
1499 1279 1661 1340 secundam
1677 1279 1712 1338 B.
1725 1280 1780 1340 Jo-

363 1370 544 1454 bApoatolo
566 1391 625 1432 non
649 1368 745 1432 fuisse
766 1372 916 1450 scriptam.
940 1370 986 1428 Ac
1009 1369 1037 1427 si
1090 1370 1175 1428 annis
1191 1367 1333 1439 scribens,
1355 1367 1531 1426 seductores
1554 1368 1780 1446 intorpretatur:

363 1458 411 1521 ais
439 1458 521 1519 bene
553 1456 736 1539 perpendat,
763 1458 912 1527 inveniet,
942 1464 1036 1515 totam
1089 1458 1216 1516 seorsim
1240 1454 1389 1514 doctores.
1419 1453 1454 1512 In
1475 1452 1669 1514 Praelatione
1689 1454 1781 1514 totius

363 1543 619 1622 ancdoxologiam
627 1543 757 1605 adscribi
764 1542 1035 1618 ChristoDomino3
1090 1540 1303 1602 commentarii
1318 1541 1369 1612 ait,
1385 1539 1467 1620 quod
1482 1540 1568 1618 virgo
1580 1541 1713 1620 Deipara
1729 1543 1780 1600 im-

363 1630 463 1693 thino
473 1631 637 1692 babeamus
648 1638 781 1711 apertum
794 1628 958 1690 divinitatis
971 1629 1036 1708 ejus
1089 1629 1223 1707 patravit
1243 1626 1395 1687 dimidium
1420 1629 1506 1706 regni
1522 1627 1588 1711 Dei,
1609 1636 1644 1687 nt
1663 1629 1729 1706 ipss
1744 1629 1784 1688 sit

363 1720 559 1783 tetimonium.
1089 1715 1195 1794 regina
1209 1713 1437 1787 misericordiae,
1457 1714 1553 1773 Filius
1569 1733 1623 1774 rox
1633 1715 1783 1793 justitiae.

385 1804 502 1869 uorsa
515 1811 545 1866 et
559 1804 807 1881 necyomantia,
823 1805 993 1880 imperium
1009 1809 1038 1861 et
1090 1800 1234 1863 Gravitas
1256 1801 1409 1863 doctrinae
1431 1802 1464 1860 Β.
1481 1800 1620 1862 Thomas
1641 1822 1701 1862 non
1724 1801 1784 1862 fert

363 1899 680 1955 manicemus
702 1891 872 1965 soeculum,
896 1897 925 1949 et
938 1907 1036 1963 nuno,
1090 1895 1152 1949 tam
1184 1890 1315 1968 ineptum
1345 1896 1375 1948 ct
1404 1887 1574 1949 indecorum
1609 1907 1782 1949 sermonem.

363 1978 911 2043 tinomniosoeculosueeulorum!
925 1980 1037 2036 Amen.
1090 1975 1221 2036 Lorinns
1244 1977 1319 2035 citat
1345 1975 1424 2036 hunc
1450 1973 1698 2036 Commentariun
1725 1975 1781 2035 sub

363 2065 545 2129 ubauditur:
569 2073 622 2141 est,
638 2085 712 2126 non:
736 2067 786 2141 sit,
811 2073 846 2124 ut
859 2064 1036 2143 exprimitur
1090 2063 1210 2123 nomine
1225 2062 1362 2123 Thomas
1375 2063 1504 2141 Anglici.

378 2153 460 2215 Petr.
476 2154 505 2214 4.
528 2152 643 2213 Rursus
666 2150 784 2213 Graeca
805 2151 905 2210 minus
926 2149 1038 2210 hahent
1319 2150 1451 2209 Additio
1464 2153 1504 2211 B.
1519 2151 1556 2210 P.

363 2238 435 2301 lud:
461 2246 538 2300 onte
561 2257 653 2300 omne
674 2239 852 2312 soeculum,
880 2245 910 2297 st
932 2238 1036 2315 geniti·
1134 2234 1164 2295 S.
1180 2234 1315 2295 Thomas
1333 2239 1359 2296 2.
1383 2256 1442 2296 sec.
1466 2256 1495 2315 q.
1511 2237 1564 2296 45.
1582 2245 1636 2298 art.
1654 2242 1681 2300 6.
1699 2236 1739 2298 ad
1756 2242 1783 2300 3.

363 2344 429 2389 um:
453 2327 659 2386 saeculorum.
691 2324 850 2404 Significat
874 2324 1038 2404 Apostolus
1093 2320 1185 2402 (quod
1201 2341 1275 2402 opos
1290 2342 1384 2383 unnnr
1407 2334 1453 2383 est
1469 2343 1506 2382 ex
1521 2326 1677 2404 postremis
1692 2325 1730 2385 ab
1747 2344 1783 2385 eo

363 2430 524 2476 aovoctun
548 2413 694 2492 congeris,
715 2411 782 2471 Deo
805 2419 975 2490 competere
991 2429 1037 2469 su·
1092 2405 1268 2485 elaboratis)
1298 2411 1436 2469 vitiosam
1465 2410 1558 2470 habet
1594 2420 1626 2471 ot
1661 2413 1785 2494 exponit

363 2519 477 2563 amam
494 2520 531 2560 ac
545 2498 753 2579 sempiternam
778 2501 810 2558 in
830 2515 932 2558 omnes
956 2506 986 2557 et
1007 2498 1039 2557 in
1091 2496 1250 2555 lectionem
1274 2496 1349 2574 ejus,
1373 2496 1454 2576 qnod
1478 2497 1509 2556 in
1524 2497 1662 2576 Epistola
1676 2501 1712 2563 B.
1728 2499 1782 2559 Ja-

363 2588 445 2649 nnis
466 2594 656 2666 potestatem,
680 2586 839 2665 ipsumque
861 2604 896 2644 eo
919 2585 1039 2644 nomine
1093 2583 1159 2643 eobi
1186 2590 1230 2641 est
1256 2602 1321 2662 cap.
1338 2585 1367 2643 3.
1390 2585 1421 2642 in
1443 2584 1509 2644 fine.
1540 2587 1577 2645 In
1604 2587 1660 2647 hoc
1683 2597 1784 2650 tamen

363 2670 386 2735 b
412 2672 553 2734 omnibns
581 2671 787 2732 honorandum
814 2681 843 2731 et
869 2669 1037 2750 glorifican-
1093 2667 1315 2731 Commentario
1341 2669 1370 2730 id
1397 2679 1478 2731 recte
1500 2672 1610 2751 legitur
1629 2682 1658 2733 et
1679 2675 1783 2736 distin·

363 2774 418 2821 um
434 2777 513 2820 esso.
1093 2759 1196 2835 guitur
1218 2755 1274 2817 hoo
1295 2757 1401 2817 modo:
1428 2759 1501 2818 Non
1522 2759 1689 2837 judicans,
1717 2765 1786 2822 eine

387 2846 568 2928 Pdusqnam
591 2864 662 2905 vero
685 2842 725 2904 ad
746 2863 791 2917 aa,
815 2863 892 2924 quae
915 2849 1038 2917 restant,
1092 2843 1295 2903 simulatione
1302 2867 1315 2924 ‚-
1337 2843 1429 2925 idque
1452 2853 1512 2904 tam
1529 2847 1560 2905 in
1576 2854 1670 2920 textu,
1692 2869 1785 2931 quam

363 2932 583 3015 rpgrsdismnr,
590 2932 708 2993 videtur
717 2930 773 2991 hoc
781 2932 847 2991 loco
855 2930 930 2991 fides
937 2939 1039 2991 nostra
1093 2932 1125 2991 iu
1141 2932 1333 3011 expositione.
1357 2933 1386 2993 S.
1403 2932 1537 2993 Thomas
1551 2954 1624 2995 vero
1640 2936 1709 3010 illie,
1734 2938 1786 2998 ubi

363 3015 521 3092 iactanda,
544 3018 595 3100 qui
618 3021 758 3099 superius
779 3017 890 3078 alicubi
913 3036 967 3077 nos
990 3017 1039 3078 bic
1093 3018 1234 3089 diximus,
1251 3018 1326 3098 legit
1342 3028 1369 3078 et
1385 3027 1480 3079 tentat
1495 3020 1659 3098 explicare:
1682 3024 1785 3087 Just-

363 3103 492 3168 taiicinm
518 3114 652 3166 nostrum
683 3108 874 3184 exposituros
905 3104 1040 3184 promisi·
1093 3123 1170 3164 cuns
1191 3107 1258 3164 sine
1280 3107 1492 3167 simulatione.
1520 3107 1623 3168 Sixtus
1645 3108 1786 3171 Senensis

363 3209 414 3256 us
427 3191 467 3254 ds
482 3191 712 3254 Commentariis
727 3190 796 3265 illis,
820 3210 899 3270 quae
915 3190 971 3250 sub
987 3212 1038 3252 no·
1092 3190 1269 3251 Bibliothec.
1293 3201 1415 3252 sanctae
1430 3191 1480 3252 lib.
1496 3195 1526 3253 4.
1543 3195 1572 3252 in
1589 3195 1708 3257 Thoma
1722 3197 1784 3258 An·

363 3275 472 3346 hoS.
488 3278 627 3339 Thomas
641 3278 804 3358 Aquinatis
820 3279 851 3337 in
867 3275 1039 3338 Catholicas
1093 3276 1172 3356 glico
1194 3278 1237 3337 sic
1259 3278 1406 3359 loquitur:
1435 3278 1535 3356 Hujus
1560 3283 1689 3342 auctoris
1715 3303 1783 3345 esse

363 3365 562 3446 postolornm
595 3364 749 3445 Epistulas
779 3383 875 3442 nuper
904 3372 1040 3443 prostare
1093 3362 1256 3424 creduntur
1278 3364 1497 3426 commentaria
1519 3367 1551 3426 in
1574 3367 1732 3446 Genesim,
1755 3373 1787 3434 in

363 3460 527 3534 oeperunt,
557 3453 657 3512 sintne
688 3470 794 3511 revera
820 3449 911 3510 illius.
950 3448 1039 3527 Quod
1094 3450 1237 3523 Jesaism,
1262 3453 1293 3512 in
1308 3452 1479 3524 Jercmiam,
1502 3456 1536 3514 ire
1556 3456 1717 3531 Epistolus
1731 3476 1787 3518 eu-

363 3537 432 3604 thia
447 3559 508 3600 non
518 3536 647 3601 videtur.
672 3536 810 3598 Glossam
823 3537 1040 3597 interlinealem
1095 3539 1238 3612 nomicos,
1264 3539 1295 3599 in
1310 3538 1533 3619 Apocalypsin,
1557 3550 1588 3602 et
1601 3543 1632 3602 in
1648 3543 1787 3606 Botttium

363 3633 524 3708 {quanter
553 3625 627 3685 citat
655 3624 712 3684 isto
739 3622 980 3697 Commentator3
1011 3623 1041 3681 in
1095 3622 1134 3684 dc
1155 3624 1364 3705 philosophica
1390 3625 1608 3702 consolatione,
1634 3629 1788 3712 adscripta

363 3711 578 3774 Dmmentariis
605 3710 636 3772 Β.
662 3709 799 3770 Thomas
826 3709 864 3769 ad
887 3709 1041 3790 Epistolss
1094 3710 1175 3770 Divo
1199 3710 1351 3788 Thomue3
1382 3714 1429 3772 cui
1455 3732 1523 3775 cum
1549 3715 1671 3777 honoris
1697 3737 1788 3779 cansa

363 3797 495 3860 tulinas
516 3798 571 3857 vix
591 3816 720 3877 nsquam
742 3795 772 3855 id
796 3796 912 3857 videas.
944 3796 1041 3857 Subli·
1094 3796 1239 3857 tributum
1268 3809 1349 3859 esset
1376 3799 1517 3879 Argolici
1548 3822 1728 3882 cognomen,
1759 3813 1788 3866 et

363 3877 436 3948 llas
465 3883 577 3946 deinde
603 3893 633 3944 et
658 3884 813 3945 sinceritas
844 3904 880 3942 ac
906 3885 1040 3963 gramtus
1096 3903 1206 3962 magna
1229 3894 1310 3945 esset
1325 3886 1403 3946 inter
1424 3887 1594 3963 Aetolicum
1610 3897 1639 3949 et
1654 3892 1787 3967 Aoqeli·

363 3973 500 4034 minae
512 3970 544 4032 S.
561 3969 696 4030 Thomas
717 3968 765 4029 bic
785 3989 932 4050 nusquam
948 3989 1039 4051 appa·
1095 3988 1164 4031 cum
1189 3973 1271 4031 vocis
1290 3972 1462 4046 similitudo,
1484 3975 1630 4054 paulatim
1650 3978 1787 4039 effectum

363 4059 402 4120 k.
423 4057 564 4120 Scribens
579 4058 637 4118 iste
653 4055 875 4117 Commentator
891 4058 921 4116 in
934 4075 998 4136 cap.
1011 4057 1040 4116 3.
1095 4066 1149 4129 est,
1174 4066 1208 4117 nt
1223 4078 1276 4138 per
1299 4060 1441 4120 incuriam
1457 4069 1489 4120 et
1505 4080 1634 4122 errorem
1650 4064 1788 4126 Thomas

402 4143 521 4217 Jacobi,
543 4150 698 4204 enumerat
719 4150 786 4203 octo
808 4145 924 4223 species
948 4143 1040 4203 mala·
1094 4144 1214 4223 Angliei
1238 4147 1350 4225 scriptu
1372 4147 1511 4209 Thomas
1533 4148 1672 4229 Argolici
1698 4152 1787 4213 titulo

363 4241 408 4292 lar
433 4231 622 4312 linguarum,
645 4250 749 4310 parum
773 4228 875 4305 docte3
909 4231 1042 4308 congerit
1094 4240 1278 4293 notarentur.
1312 4233 1425 4294 claruit
1446 4255 1524 4296 anuo
1547 4235 1669 4298 Domini
1694 4241 1787 4300 1400.

363 4325 470 4392 ntum,
485 4336 659 4380 nacomnes
672 4317 877 4378 illaainterso
890 4316 1040 4377 differunt.
1095 4316 1144 4377 Ita
1166 4316 1279 4380 Sixtns.
1306 4319 1355 4380 Ex
1377 4322 1485 4400 quibus
1501 4323 1566 4401 jam
1588 4324 1691 4404 liquat,
1712 4324 1788 4406 quid

395 4405 514 4468 aPeu.
530 4404 560 4465 3.
576 4405 632 4465 ibi:
647 4405 766 4465 Nolens
784 4405 909 4481 aliquos
921 4406 1040 4481 perire,
1094 4413 1240 4482 sequatur
1254 4405 1390 4478 Lorinns,
1413 4407 1483 4469 dum
1506 4409 1611 4470 borum
1630 4410 1788 4475 Commen-

363 4485 398 4548 ἰ
419 4510 528 4556 omnes
551 4497 619 4565 etc,
643 4491 775 4569 exponit,
798 4490 872 4551 illud
895 4491 1041 4551 verificari
1094 4492 1236 4550 tariorum
1260 4501 1393 4554 autorem
1416 4503 1504 4555 voest
1518 4496 1668 4558 Thomam
1683 4500 1787 4579 Angli·

397 4578 474 4653 Dso,
493 4586 641 4657 quantum
653 4577 682 4636 in
694 4580 760 4657 ipso
776 4586 828 4637 est.
851 4579 899 4638 Ex
914 4578 1040 4638 diversis
1094 4597 1170 4639 cum.
1198 4578 1267 4638 Non
1290 4588 1336 4639 est
1358 4587 1458 4641 tamen
1479 4582 1549 4656 iste,
1573 4586 1788 4668 cujuscumque

363 4665 418 4728 &is
433 4666 469 4737 B,
485 4664 626 4726 Thomas
645 4671 769 4736 constat,
790 4684 854 4725 earo
878 4666 1038 4743 expositio·
1093 4665 1139 4739 sit,
1152 4665 1386 4728 Commentarius
1399 4667 1512 4747 ubique
1523 4673 1610 4748 parvi
1620 4670 1788 4748 faciendus,

363 4759 411 4816 h
430 4770 500 4816 esso
521 4760 654 4812 amente
676 4753 770 4831 ipsios
791 4750 925 4811 alienam.
960 4750 996 4810 In
1023 4755 1038 4809 1
1094 4770 1185 4830 quum
1202 4753 1295 4813 multa
1308 4753 1388 4814 bona
1402 4753 1520 4815 babeat.

912 4985 1216 4997 *ιι-ιιι..-
