4442 5825
786 612 936 684 284

779 798 1171 861 personarum
1219 782 1281 843 in
1309 782 1461 856 Deo,
1503 783 1724 864 passio,
1767 801 1946 856 mors,
1990 791 2051 845 et
2078 803 2171 846 re-

782 867 1077 929 surrectio
1106 867 1343 942 Christi,
1391 878 1452 931 et
1480 879 1734 943 caetera,
1780 888 1937 950 quae
1978 871 2080 930 vel
2114 872 2173 931 in

783 953 1060 1034 symbolo
1088 953 1230 1016 fidei
1268 954 1571 1018 habentur
1611 975 1913 1038 expressa,
1956 957 2059 1019 vel
2096 956 2174 1016 ab

781 1041 1060 1102 Ecclesia
1129 1042 1304 1102 nobis
1372 1041 1675 1105 credenda
1746 1051 2174 1123 proponuntur.

783 1127 1169 1208 Quamquam
1210 1128 1363 1189 haec
1417 1133 1751 1210 posteriora
1800 1150 1922 1191 non
1969 1148 2172 1211 parem

780 1213 1010 1276 habent
1037 1217 1456 1277 necessitatem
1484 1237 1619 1278 cum
1663 1216 1783 1278 fide
1810 1217 2177 1278 Mediator-is.

779 1300 940 1362 Nam
972 1303 1091 1362 ista
1121 1301 1384 1376 credere,
1419 1324 1541 1366 non
1570 1303 1689 1365 fuit
1717 1305 1879 1364 omni
1909 1313 2179 1384 tempore

658 1460 667 1468 ι
780 1390 1186 1450 necessarium
1246 1389 1470 1451 homini
1545 1391 1749 1470 laps03
1826 1391 1936 1451 sed
2001 1393 2221 1471 prout'

780 1475 948 1536 Deus
979 1493 1054 1536 ea
1082 1475 1384 1538 revelavit
1411 1485 1746 1559 temporum
1777 1478 2174 1549 successione,
2222 1495 2223 1507 ¹

780 1562 870 1622 sic
898 1561 1187 1642 paulatim
1233 1561 1516 1624 credendi
1558 1565 1891 1625 necessitas
1936 1569 2000 1623 et
2027 1562 2171 1625 obli·

780 1649 946 1729 gatio
975 1653 1195 1726 crevit3
1239 1658 1308 1711 ut
1353 1651 1607 1730 proinde
1652 1671 1774 1711 non
1819 1659 1941 1713 tam
1974 1667 2173 1711 neces·
2222 1690 2223 1696 κ

781 1736 965 1797 sitate
1013 1736 1150 1798 finis
1166 1782 1181 1810 ,
1232 1756 1413 1817 quam
1457 1738 1830 1818 obligatione
1875 1738 2178 1818 praecepti

780 1839 855 1883 ea
883 1819 1167 1885 distincte
1205 1822 1456 1886 eredere
1485 1833 1775 1906 oporteat.

865 1951 982 2012 His
1013 1953 1065 2013 si
1095 1953 1362 2032 objicias,
1408 1953 1689 2035 Apostoli
1735 1962 1994 2014 mentem
2025 1972 2177 2026 esse,

780 2047 851 2100 ut
896 2059 1015 2100 non
1062 2047 1325 2113 tantum,
1381 2060 1541 2120 quae
1590 2040 1742 2102 fides
1794 2039 1872 2100 ad
1920 2040 2177 2101 salutem

783 2125 1127 2187 necessaria
1155 2127 1248 2200 sit,
1279 2127 1509 2201 doceat,
1539 2147 1752 2188 verum
1784 2129 1987 2200 etiam,
2019 2146 2179 2207 quae

784 2211 1058 2285 sufficiat,
1102 2215 1452 2293 praesertim
1500 2234 1632 2275 cum
1679 2214 1756 2277 de
1800 2213 1923 2275 fide
1957 2214 2176 2293 justifi-

783 2306 957 2361 cante
988 2299 1291 2382 loquatur,
1338 2299 1414 2361 de
1444 2321 1567 2383 qua
1596 2303 1889 2362 citaverat
1918 2299 2073 2362 illud
2105 2321 2179 2362 ex

781 2385 1121 2465 Propheta:
1152 2390 1386 2450 Justus
1414 2406 1492 2450 ex
1532 2387 1658 2466 fide
1690 2390 1887 2449 vivit.-
1931 2407 2175 2468 respon·

785 2472 946 2545 dent,
988 2472 1340 2554 Apostolum
1390 2474 1669 2536 hocloco
1717 2496 1838 2536 non
1881 2493 2066 2554 agere
2103 2474 2180 2536 de

783 2557 903 2620 fide
926 2560 1306 2637 justificante
1348 2580 1427 2621 ex
1471 2571 1600 2623 toto
1637 2581 1874 2642 genere,
1922 2560 2030 2620 sed
2061 2559 2179 2622 duo

785 2655 1020 2708 tantum
1065 2648 1217 2709 haec
1262 2647 1628 2723 nominasse,
1684 2668 1805 2729 quo
1861 2646 2178 2721 discamus,

785 2734 1020 2814 antiqui
1077 2736 1367 2814 temporis
1409 2735 1614 2814 justos
1660 2736 2035 2816 potissimum
2089 2735 2180 2795 his

785 2817 1036 2894 duobus,
1082 2840 1243 2903 quae
1270 2820 1392 2882 fide
1420 2821 1721 2895 tenebant,
1762 2820 2181 2882 exstimulatos

784 2905 975 2968 fuisse
1003 2905 1081 2969 ad
1104 2909 1302 2969 Deum
1332 2908 1436 2988 pie
1465 2907 1800 2984 colendum,
1833 2919 1896 2969 et
1925 2906 2182 2970 adversa

786 2992 1111 3069 toleranda,
1160 2993 1323 3076 quod
1356 3004 1415 3055 et
1444 2996 1642 3056 Deum
1673 3006 1814 3056 ante
1844 2996 2050 3057 oculos
2080 2996 2179 3057 ha-

786 3084 1016 3157 berent,
1034 3091 1095 3143 et
1111 3084 1645 3145 remunerationem
1661 3085 1737 3144 ab
1756 3104 1830 3144 eo
1849 3103 1919 3163 sp
1926 3092 2181 3167 erarent·

875 3212 999 3273 Alii
1027 3233 1174 3274 vero
1218 3223 1424 3276 contra
1452 3216 1735 3287 sentiunt,
1778 3213 2061 3293 Apostoli
2093 3215 2180 3274 in-

790 3302 1054 3363 stitutum
1087 3320 1240 3374 esse,
1281 3322 1402 3362 non
1432 3302 1626 3362 solum
1656 3300 1872 3362 docere
1904 3309 1970 3362 et
1997 3320 2185 3381 expo·-

789 3409 952 3464 nere,
982 3407 1144 3469 quae
1173 3387 1324 3448 fides
1353 3389 1432 3448 sit
1460 3387 1818 3459 necessaria,
1857 3387 1965 3449 sed
1998 3390 2183 3449 etiam

790 3495 948 3557 quae
999 3475 1256 3537 sufficiat
1270 3519 1285 3547 ,
1334 3493 1694 3555 ‚semperque
1732 3474 2036 3535 suffecerit
2078 3475 2181 3536 bo-

787 3564 934 3626 mini
965 3563 1044 3625 ad
1069 3561 1347 3635 salutem,
1381 3571 1678 3642 quantum
1701 3561 1944 3643 quidem
1968 3565 2187 3624 attinet

790 3650 868 3711 ad
897 3650 1313 3711 necessitatem
1356 3649 1508 3722 finis,
1557 3648 1620 3710 id
1664 3658 1760 3710 est
1799 3648 2014 3711 salutis
2043 3669 2181 3710 eon-

791 3736 1157 3820 sequendae.
1204 3735 1385 3816 Quod
1415 3737 1536 3798 nisi
1566 3736 1818 3806 dicatur,
1860 3736 2049 3814 ajunt,
2081 3734 2184 3796 do·

792 3826 1045 3887 ctu'nam
1089 3824 1371 3906 Apostoli
1414 3822 1777 3903 explicantis
1815 3821 2015 3896 fidem,
2058 3824 2186 3884 sine

793 3932 918 3994 qua
959 3930 1134 3972 nemo
1181 3919 1383 3991 potest
1426 3912 1559 3971 Deo
1607 3910 1882 3990 placere,
1936 3929 2183 3988 prorsus

791 3996 1206 4079 imperfectam
1238 3997 1385 4070 fore,
1432 3996 1594 4078 quod
1626 3998 1685 4058 ei
1718 3997 1880 4058 desit
1911 3997 2014 4058 ille
2043 3998 2182 4057 arti·

792 4085 977 4159 culus,
999 4085 1061 4145 in
1085 4104 1208 4165 quo
1231 4082 1525 4146 tradendo
1548 4092 1610 4146 et
1635 4081 1990 4145 inculcando
2013 4102 2186 4164 prae·

792 4173 971 4253 cipue
1013 4181 1333 4233 versantur
1374 4171 1784 4253 Evangelicae
1829 4178 1894 4232 et-
1927 4172 2183 4252 Aposto-

790 4259 948 4321 licae
992 4257 1215 4333 literae,
1259 4278 1477 4340 nempe
1521 4259 1628 4341 qui
1671 4270 1766 4319 est
1795 4256 1872 4320 de
1897 4258 2185 4339 mysterio

792 4346 1015 4410 Christi
1075 4346 1486 4426 redemptoris.
1571 4345 1771 4424 Igitur
1824 4344 1891 4404 bi
1951 4353 2185 4425 partem

792 4433 982 4496 illam:
1029 4442 1087 4495 et
1129 4432 1599 4513 inquirentibus
1643 4451 1705 4494 se
1733 4438 2186 4494 remunerator

790 4524 892 4597 sit,
938 4521 1027 4582 ita
1052 4523 1376 4602 accipiunt,
1422 4528 1492 4580 ut
1535 4520 1722 4582 etiam
1751 4518 1931 4579 fidem
1962 4516 2178 4579 media·

792 4608 938 4669 toris
981 4606 1461 4690 comprehendat,
1504 4606 1621 4669 boe
1662 4605 1937 4667 nimirum
1966 4624 2184 4667 sensu:

793 4695 879 4756 nt
909 4694 1076 4776 quod
1106 4692 1548 4775 inquirentibus
1580 4695 1774 4775 ipsum
1807 4710 2065 4774 eumque
2092 4713 2184 4753 ro·

793 4781 1072 4864 gantibus
1104 4802 1214 4862 pro
1242 4779 1452 4854 salute,
1499 4799 1608 4860 pro
1645 4780 1906 4859 justitia,
1954 4799 2063 4861 pro
2091 4799 2180 4841 re-

793 4868 1075 4930 missione
1120 4877 1521 4948 peeeatorum,
1567 4887 1638 4929 eo
1675 4865 1854 4927 modo
1885 4876 1946 4927 et
1974 4864 2188 4929 ordine

797 4955 1192 5035 praestandis,
1237 4974 1360 5037 quo
1389 4956 1505 5036 ipsi
1538 4955 1731 5015 visum
1768 4951 1968 5024 fuerit,
1995 4972 2190 5016 remu·

794 5048 1256 5105 aeratorestet
1300 5040 1632 5106 exauditor.
1675 5039 2188 5110 nemesim&

1850 604 2318 662 comm
2348 604 2415 660 m
2446 604 2581 661 ω.
2614 605 2698 660 xl.

2271 804 2309 844 a
2337 783 2474 846 Deo
2522 790 2817 864 petantur,
2864 801 2986 844 non
3033 782 3345 864 quan-itur
3369 781 3541 857 Deus,

2273 892 2309 931 o
2391 877 2531 931 rtet.

2311 890 2442 1018 Ρῗζι
2470 958 2749 1036 quamvis
2777 958 2911 1038 ipsa
2926 956 3168 1035 justitia
3194 965 3258 1017 et
3280 965 3571 1037 peceatum

2271 1045 2535 1105 remissio
2582 1064 2703 1105 non
2746 1044 2982 1124 possint
3022 1043 3266 1123 proprie
3313 1060 3526 1103 meroes
3548 1060 3571 1102 ι

2274 1132 2398 1191 cari
2425 1140 2704 1208 respectu
2734 1129 2896 1202 fidei,
2927 1131 3358 1210 poenitentiae,
3388 1129 3571 1190 oratio!

2274 1225 2336 1278 et
2365 1216 2622 1279 aliorum
2651 1217 2939 1278 bonorum
2983 1235 3250 1296 operum,
3298 1234 3455 1298 quae
3486 1216 3571 1294 jas

2273 1304 2567 1365 ficationis
2617 1305 2877 1384 gratiam
2920 1303 3319 1376 antecedunt,
3373 1319 3571 1382 quomo

2274 1392 2403 1453 vita
2445 1399 2690 1453 aeterna
2742 1410 2974 1451 merces
3019 1398 3111 1451 est
3156 1397 3442 1469 respectu
3485 1387 3571 1449 bu

2273 1496 2406 1537 rum
2452 1497 2715 1558 operum,
2761 1496 2920 1557 quae
2949 1477 3027 1538 ab
3057 1475 3304 1537 homine
3339 1474 3571 1555 justiis·

2276 1564 2451 1624 flante
2511 1571 2776 1625 attamen
2828 1572 3061 1626 veteres
3112 1562 3423 1641 Theologi
3472 1580 3571 1623 nei

2274 1671 2493 1712 nomen
2535 1651 2881 1713 memoratis
2920 1650 3203 1733 operibus
3255 1657 3528 1730 respectu
3558 1649 3571 1728 j

2276 1737 2650 1798 stificationis
2706 1756 2781 1798 ac
2847 1744 3230 1818 peccatorum
3305 1735 3571 1797 remissio!

2275 1826 2497 1907 passim
2530 1822 2906 1899 adscribunt3
2952 1832 3204 1888 extenso
3234 1822 3518 1885 videlicet
3538 1841 3571 1885 ι

2276 1913 2371 1973 riti
2423 1912 2665 1973 nomine
2715 1911 2795 1971 ad
2846 1909 2996 1971 illud
3015 1956 3031 1986 ,
3093 1908 3262 1989 quod
3313 1909 3571 1971 mention

2277 1995 3267 2156 zattarssffffism‘sss
3307 2002 3571 2164 'iffi

2276 2171 2690 2255 principaliter
2732 2170 3111 2233 considerare
3152 2171 3356 2231 Deum
3400 2188 3571 2231 remu

2276 2268 2535 2321 ratorem
2566 2261 2629 2320 in
2660 2277 2751 2332 eo,
2796 2256 2959 2338 quod
2988 2257 3115 2319 suis
3145 2255 3478 2319 cultoribus
3502 2261 3571 2317 ret

2276 2347 2411 2406 buit
2433 2344 2592 2405 bona
2613 2346 2909 2426 promissa
2926 2347 3089 2406 vitae
3112 2352 3435 2421 astemoe,
3466 2358 3571 2424 qus

2278 2430 2596 2493 admodum
2628 2434 2779 2493 satis
2812 2440 2978 2508 patet
3008 2451 3088 2493 ex
3117 2431 3210 2504 iis,
3262 2449 3422 2510 quae
3448 2429 3571 2491 habt

2278 2529 2376 2579 tur
2405 2518 2516 2579 sub
2547 2519 2646 2579 fin.
2672 2538 2801 2599 cap.
2828 2517 3126 2598 praeced..
3156 2536 3273 2578 nec
3303 2537 3424 2580 uon
3451 2512 3571 2578 ex}

2278 2624 2435 2686 quae
2466 2604 2747 2666 dicuntur
2775 2607 2836 2666 in
2875 2623 3195 2686 progressu
3225 2604 3411 2683 hujus
3438 2600 3571 2683 capit

2366 2693 2421 2751 7.
2467 2692 2628 2753 Fide
2658 2695 2810 2767 Νοὲ,
2844 2709 3146 2770 responso
3172 2699 3435 2769 accepto
3462 2686 3571 2750 dei

2280 2797 2444 2856 quoe
2475 2778 2687 2840 adhue
2731 2797 2865 2841 aon
2910 2778 3321 2852 videbantur,
3375 2784 3571 2838 metuet

2236 2910 2237 2919 η
2278 2868 2601 2943 Responsa
2632 2875 2909 2944 accepto,
2958 2865 3019 2928 id
3051 2872 3156 2939 est,
3202 2863 3415 2927 divina
3440 2856 3571 2925 revel

2277 2955 2441 3014 tione
2471 2951 2830 3015 admonitus.
2877 2952 2951 3015 Id
2974 2954 3133 3014 enim
3164 2953 3465 3031 signifieat
3483 2949 3571 3014 Gn

2281 3060 2413 3101 cum
2461 3042 2841 3123 participium
2888 3032 3362 3119 χρηματισῦείς.
3415 3036 3506 3099 De
3537 3052 3570 3116 q

2279 3145 2431 3187 voce
2460 3126 2683 3189 dudum
2715 3130 2948 3209 egimus
2975 3126 3053 3187 ad
3085 3125 3235 3187 illud
3271 3146 3404 3208 cap.
3435 3126 3520 3185 8.=
3551 3119 3571 3183 Ι

2282 3221 2389 3275 cut
2413 3232 2787 3291 responsum
2811 3222 2900 3275 est
2922 3215 3101 3277 Moti.
3148 3213 3393 3275 Partem
3424 3223 3571 3290 sequ

2282 3312 2434 3363 tem:
2484 3302 2581 3362 De
2609 3305 2707 3377 iis,
2757 3321 2920 3381 quae
2956 3302 3167 3362 adhue
3193 3317 3338 3362 non
3367 3296 3571 3361 videt·

2240 3464 2241 3467 Ἴ
2282 3396 2391 3449 tur
2408 3433 2425 3462 ,
2488 3388 2770 3450 Erasmus
2823 3386 3197 3469 jungendam
3258 3386 3493 3468 putavit
3529 3399 3571 3443 α

2281 3478 2555 3557 sequenti
2599 3475 2922 3538 vocabulo:
2969 3476 3282 3550 Metuens,
3332 3471 3470 3534 dum
3493 3485 3571 3531 vu

2240 3559 2241 3616 i
2281 3563 2398 3623 hoc
2419 3563 2629 3623 modo:
2661 3563 2823 3626 Fide
2847 3563 3217 3623 admonitus
3241 3555 3571 3623 amazon

2282 3668 2390 3725 ea,
2439 3668 2602 3727 quae
2644 3651 2936 3712 nondum
2975 3649 3402 3723 videbantur,
3440 3643 3571 3709 uer!

2283 3745 2395 3798 etc.
2442 3736 2527 3796 Et
2555 3736 2764 3799 favere
2807 3734 3224 3798 videtur-huic
3254 3729 3571 3797 consens&

2283 3825 2742 3885 commentarius
2763 3822 3199 3905 chrysostomi.
3231 3816 3571 3885 verumn-

2283 3910 2608 3993 phylactus
2637 3921 2689 3971 et
2726 3910 2829 3972 alii
2869 3916 3234 3972 connectunt
3266 3903 3571 3989 praeeed-

2281 3998 2414 4070 bus,
2443 3996 2558 4059 hoc
2579 4017 2790 4060 sensu:
2819 3999 2969 4072 Noe,
3000 4016 3185 4079 quum
3211 3996 3480 4058 divinum
3501 4005 3571 4054 a·

2282 4085 2473 4166 pisset
2502 4085 2807 4146 oraculum
2854 4084 2931 4145 de
2960 4086 3055 4158 iis,
3105 4103 3269 4164 qnae
3296 4079 3571 4144 nondun*

2283 4170 2594 4244 debantur,
2638 4170 2911 4253 adeoque
2943 4170 3325 4233 incredibilia
3354 4165 3571 4244 vidui}

2283 4265 2502 4332 terant,
2538 4257 2601 4319 id
2632 4267 2726 4319 est
2755 4257 2832 4320 de
2866 4257 3114 4332 diluvio,
3154 4276 3281 4339 quo
3313 4247 3571 4337 perdent

2285 4354 2414 4406 erat
2465 4365 2656 4425 genus
2699 4346 3023 4406 humanum
3043 4391 3058 4419 ,
3117 4361 3192 4405 ea
3227 4362 3315 4405 .re
3365 4338 3568 4404 auditu·

2285 4429 2546 4507 credita,
2621 4440 2906 4494 metuens
2963 4433 3219 4509 aptavit
3294 4445 3508 4491 areuna
3537 4427 3571 4486 ·s'

2287 4518 2482 4598 Quem
2544 4538 2789 4581 sensum
2835 4527 2898 4581 et
2950 4518 3456 4580 constructionem
3505 4505 3571 4576 vd

2286 4606 2575 4685 aptiorem
2620 4607 2755 4686 ipse
2801 4608 2978 4667 etiam
3023 4606 3314 4667 Erasmus
3354 4607 3571 4685 pos-ff

2285 4701 2460 4754 cutus
2492 4700 2585 4754 est
2615 4694 2679 4754 in
2712 4691 3081 4774 paraphrasi,
3130 4692 3323 4752 tacite
3353 4705 3516 4751 suan
3533 4697 3571 4746 1

2281 4781 2510 4842 sionem
2563 4788 2907 4842 retractans.
2973 4778 3110 4840 Nec
3162 4778 3498 4853 immerito}
3527 4785 3571 4836 1

2285 4866 2585 4929 Graecum
2637 4867 2888 4929 verbum
2940 4856 3319 4945 εὖλαβηῦιὶς
3334 4909 3356 4941 ,
3379 4944 3384 4947 .
3409 4871 3571 4944 pro!

2284 4960 2495 5015 noster
2551 4955 2847 5035 interpres
2907 4952 3116 5014 vertit:
3191 4957 3571 5026 meum-‚ss

2284 5041 2629 5123 Scripturas
2671 5059 2884 5107 sacrae
2921 5060 3045 5106 uon
3071 5046 3204 5105 tam
3237 5038 3324 5105 ad
3347 5055 3478 5114 r..-
3497 5049 3571 5120 φ
