<?xml version="1.0" encoding="UTF-8"?>
<!DOCTYPE html PUBLIC "-//W3C//DTD XHTML 1.0 Transitional//EN"
    "http://www.w3.org/TR/xhtml1/DTD/xhtml1-transitional.dtd">
<html xmlns="http://www.w3.org/1999/xhtml" xml:lang="en" lang="en">
 <head>
  <title>
</title>
<meta http-equiv="Content-Type" content="text/html;charset=utf-8" />
  <meta name='ocr-system' content='tesseract 3.04.00' />
  <meta name='ocr-capabilities' content='ocr_page ocr_carea ocr_par ocr_line ocrx_word'/>
</head>
<body>
  <div class='ocr_page' id='page_1' title='image "./guilielmiestiii01estigoog_0502.png"; bbox 0 0 4442 5825; ppageno 0'>
   <div class='ocr_carea' id='block_1_1' title="bbox 389 587 1315 671">
    <p class='ocr_par' dir='ltr' id='par_1_1' title="bbox 389 587 1315 671">
     <span class='ocr_line' id='line_1_1' title="bbox 389 587 1315 671; baseline -0.012 -20"><span class='ocrx_word' id='word_1_1' title='bbox 389 597 464 663; x_wconf 73' lang='lat' dir='ltr'><strong>son</strong></span> <span class='ocrx_word' id='word_1_2' title='bbox 906 588 1142 671; x_wconf 72' lang='lat' dir='ltr'><strong>mensuruus</strong></span> <span class='ocrx_word' id='word_1_3' title='bbox 1160 588 1192 643; x_wconf 85' lang='lat' dir='ltr'><strong>ns</strong></span> <span class='ocrx_word' id='word_1_4' title='bbox 1212 587 1278 643; x_wconf 79' lang='lat' dir='ltr'><strong>cns.</strong></span> <span class='ocrx_word' id='word_1_5' title='bbox 1297 589 1315 640; x_wconf 90' lang='lat'><strong>1.</strong></span> 
     </span>
    </p>
   </div>
   <div class='ocr_carea' id='block_1_2' title="bbox 306 761 1830 5019">
    <p class='ocr_par' dir='ltr' id='par_1_2' title="bbox 306 761 1830 5019">
     <span class='ocr_line' id='line_1_2' title="bbox 306 761 1798 844; baseline -0.005 -15"><span class='ocrx_word' id='word_1_6' title='bbox 306 806 315 829; x_wconf 65' lang='lat'><em>1</em></span> <span class='ocrx_word' id='word_1_7' title='bbox 388 764 569 839; x_wconf 76' lang='lat' dir='ltr'><strong><em>demolitur,</em></strong></span> <span class='ocrx_word' id='word_1_8' title='bbox 594 773 624 825; x_wconf 87' lang='lat' dir='ltr'><strong>ct</strong></span> <span class='ocrx_word' id='word_1_9' title='bbox 637 766 693 826; x_wconf 84' lang='lat' dir='ltr'><strong>ubi</strong></span> <span class='ocrx_word' id='word_1_10' title='bbox 715 766 805 843; x_wconf 72' lang='lat' dir='ltr'><strong>sures</strong></span> <span class='ocrx_word' id='word_1_11' title='bbox 825 784 892 827; x_wconf 82' lang='lat' dir='ltr'><strong>nou</strong></span> <span class='ocrx_word' id='word_1_12' title='bbox 916 767 1082 844; x_wconf 73' lang='lat' dir='ltr'><strong>effodiunt,</strong></span> <span class='ocrx_word' id='word_1_13' title='bbox 1181 763 1380 826; x_wconf 86' lang='lat' dir='ltr'><strong>Observanda</strong></span> <span class='ocrx_word' id='word_1_14' title='bbox 1393 782 1517 844; x_wconf 90' lang='lat' dir='ltr'><strong>quoque</strong></span> <span class='ocrx_word' id='word_1_15' title='bbox 1538 763 1647 823; x_wconf 86' lang='lat' dir='ltr'><strong>relatio</strong></span> <span class='ocrx_word' id='word_1_16' title='bbox 1661 761 1798 841; x_wconf 72' lang='lat' dir='ltr'><strong>hnjnpa</strong></span> 
     </span>
     <span class='ocr_line' id='line_1_3' title="bbox 389 846 1830 932; baseline -0.005 -20"><span class='ocrx_word' id='word_1_17' title='bbox 389 852 624 929; x_wconf 67' lang='lat' dir='ltr'><strong><em>necfurantur.</em></strong></span> <span class='ocrx_word' id='word_1_18' title='bbox 649 851 727 912; x_wconf 90' lang='lat' dir='ltr'><strong>Usus</strong></span> <span class='ocrx_word' id='word_1_19' title='bbox 743 862 790 913; x_wconf 91' lang='lat' dir='ltr'><strong>est</strong></span> <span class='ocrx_word' id='word_1_20' title='bbox 805 860 903 913; x_wconf 85' lang='lat' dir='ltr'><strong>sutem</strong></span> <span class='ocrx_word' id='word_1_21' title='bbox 917 853 1084 932; x_wconf 74' lang='lat' dir='ltr'><strong>Apostolus</strong></span> <span class='ocrx_word' id='word_1_22' title='bbox 1138 854 1174 913; x_wconf 88' lang='lat' dir='ltr'><strong>tis</strong></span> <span class='ocrx_word' id='word_1_23' title='bbox 1201 854 1241 912; x_wconf 86' lang='lat' dir='ltr'><strong>ad</strong></span> <span class='ocrx_word' id='word_1_24' title='bbox 1266 850 1505 930; x_wconf 77' lang='lat' dir='ltr'><strong>praecedentem.</strong></span> <span class='ocrx_word' id='word_1_25' title='bbox 1542 850 1620 909; x_wconf 83' lang='lat' dir='ltr'><strong>Nam</strong></span> <span class='ocrx_word' id='word_1_26' title='bbox 1650 846 1799 909; x_wconf 73' lang='lat' dir='ltr'><strong>nedicunt:</strong></span> <span class='ocrx_word' id='word_1_27' title='bbox 1828 894 1830 931; x_wconf 22' lang='grc' dir='ltr'>ἦ</span> 
     </span>
     <span class='ocr_line' id='line_1_4' title="bbox 388 931 1830 1023; baseline -0.003 -24"><span class='ocrx_word' id='word_1_28' title='bbox 388 940 549 1019; x_wconf 85' lang='lat' dir='ltr'><strong>participio</strong></span> <span class='ocrx_word' id='word_1_29' title='bbox 565 938 718 1018; x_wconf 86' lang='lat' dir='ltr'><strong>praeteriti</strong></span> <span class='ocrx_word' id='word_1_30' title='bbox 734 941 893 1018; x_wconf 86' lang='lat' dir='ltr'><strong>temporis:</strong></span> <span class='ocrx_word' id='word_1_31' title='bbox 914 931 1084 1018; x_wconf 82' lang='grc' dir='ltr'>τετηρημέ-</span> <span class='ocrx_word' id='word_1_32' title='bbox 1139 939 1223 1019; x_wconf 80' lang='lat' dir='ltr'><strong>Quid</strong></span> <span class='ocrx_word' id='word_1_33' title='bbox 1244 941 1350 1018; x_wconf 85' lang='lat' dir='ltr'><strong>juvat,</strong></span> <span class='ocrx_word' id='word_1_34' title='bbox 1373 937 1589 998; x_wconf 83' lang='lat' dir='ltr'><strong>haereditatem</strong></span> <span class='ocrx_word' id='word_1_35' title='bbox 1613 943 1737 1018; x_wconf 83' lang='lat' dir='ltr'><strong>nostran</strong></span> <span class='ocrx_word' id='word_1_36' title='bbox 1755 955 1802 995; x_wconf 81' lang='lat' dir='ltr'><strong>cer</strong></span> <span class='ocrx_word' id='word_1_37' title='bbox 1828 950 1830 1023; x_wconf 46' lang='grc' dir='ltr'><em>ξ</em></span> 
     </span>
     <span class='ocr_line' id='line_1_5' title="bbox 389 1021 1830 1104; baseline -0.001 -21"><span class='ocrx_word' id='word_1_38' title='bbox 389 1041 452 1102; x_wconf 75' lang='grc' dir='ltr'>νην,</span> <span class='ocrx_word' id='word_1_39' title='bbox 480 1025 511 1085; x_wconf 90' lang='lat' dir='ltr'><strong>id</strong></span> <span class='ocrx_word' id='word_1_40' title='bbox 536 1035 583 1085; x_wconf 88' lang='lat' dir='ltr'><strong>cst</strong></span> <span class='ocrx_word' id='word_1_41' title='bbox 612 1036 849 1101; x_wconf 81' lang='lat' dir='ltr'><strong>conservatam,</strong></span> <span class='ocrx_word' id='word_1_42' title='bbox 878 1035 1084 1102; x_wconf 69' lang='lat' dir='ltr'><strong>asservatam,</strong></span> <span class='ocrx_word' id='word_1_43' title='bbox 1138 1028 1253 1086; x_wconf 83' lang='lat' dir='ltr'><strong>servari</strong></span> <span class='ocrx_word' id='word_1_44' title='bbox 1268 1028 1300 1085; x_wconf 93' lang='lat' dir='ltr'><strong>in</strong></span> <span class='ocrx_word' id='word_1_45' title='bbox 1315 1024 1408 1096; x_wconf 91' lang='lat' dir='ltr'><strong>coelo,</strong></span> <span class='ocrx_word' id='word_1_46' title='bbox 1424 1026 1449 1084; x_wconf 91' lang='lat' dir='ltr'><strong>si</strong></span> <span class='ocrx_word' id='word_1_47' title='bbox 1464 1043 1520 1084; x_wconf 90' lang='lat' dir='ltr'><strong>nos</strong></span> <span class='ocrx_word' id='word_1_48' title='bbox 1536 1022 1674 1104; x_wconf 91' lang='lat' dir='ltr'><strong>quotidie</strong></span> <span class='ocrx_word' id='word_1_49' title='bbox 1689 1021 1804 1102; x_wconf 77' lang='lat' dir='ltr'><strong>paiclita</strong></span> <span class='ocrx_word' id='word_1_50' title='bbox 1828 1042 1830 1091; x_wconf 67' lang='lat' dir='ltr'><strong>f</strong></span> 
     </span>
     <span class='ocr_line' id='line_1_6' title="bbox 389 1109 1830 1193; baseline -0.003 -22"><span class='ocrx_word' id='word_1_51' title='bbox 389 1132 450 1172; x_wconf 92' lang='lat' dir='ltr'><strong>non</strong></span> <span class='ocrx_word' id='word_1_52' title='bbox 475 1122 574 1172; x_wconf 83' lang='lat' dir='ltr'><strong>sutem</strong></span> <span class='ocrx_word' id='word_1_53' title='bbox 597 1116 763 1192; x_wconf 86' lang='lat' dir='ltr'><strong>praesentis</strong></span> <span class='ocrx_word' id='word_1_54' title='bbox 790 1115 947 1193; x_wconf 88' lang='lat' dir='ltr'><strong>temporis:</strong></span> <span class='ocrx_word' id='word_1_55' title='bbox 974 1130 1085 1192; x_wconf 79' lang='lat' dir='ltr'><strong>sqpuo·</strong></span> <span class='ocrx_word' id='word_1_56' title='bbox 1138 1132 1204 1173; x_wconf 88' lang='lat' dir='ltr'><strong>mur</strong></span> <span class='ocrx_word' id='word_1_57' title='bbox 1220 1113 1250 1171; x_wconf 93' lang='lat' dir='ltr'><strong>in</strong></span> <span class='ocrx_word' id='word_1_58' title='bbox 1267 1110 1368 1173; x_wconf 82' lang='lat' dir='ltr'><strong>terra?</strong></span> <span class='ocrx_word' id='word_1_59' title='bbox 1392 1109 1490 1183; x_wconf 91' lang='lat' dir='ltr'><strong>docet,</strong></span> <span class='ocrx_word' id='word_1_60' title='bbox 1506 1109 1804 1189; x_wconf 87' lang='lat' dir='ltr'><strong>utrumqueDeossss</strong></span> <span class='ocrx_word' id='word_1_61' title='bbox 1828 1132 1830 1167; x_wconf 82' lang='lat' dir='ltr'><strong>l</strong></span> 
     </span>
     <span class='ocr_line' id='line_1_7' title="bbox 389 1189 1830 1305; baseline -0.001 -49"><span class='ocrx_word' id='word_1_62' title='bbox 389 1189 491 1276; x_wconf 78' lang='grc' dir='ltr'><strong>μένην,</strong></span> <span class='ocrx_word' id='word_1_63' title='bbox 507 1218 591 1276; x_wconf 86' lang='lat' dir='ltr'><strong>quac</strong></span> <span class='ocrx_word' id='word_1_64' title='bbox 606 1209 825 1275; x_wconf 79' lang='lat' dir='ltr'><strong>conservatur,</strong></span> <span class='ocrx_word' id='word_1_65' title='bbox 843 1209 877 1259; x_wconf 93' lang='lat' dir='ltr'><strong>ut</strong></span> <span class='ocrx_word' id='word_1_66' title='bbox 891 1201 1002 1272; x_wconf 84' lang='lat' dir='ltr'><strong>innuat,</strong></span> <span class='ocrx_word' id='word_1_67' title='bbox 1025 1221 1085 1261; x_wconf 91' lang='lat' dir='ltr'><strong>non</strong></span> <span class='ocrx_word' id='word_1_68' title='bbox 1139 1219 1236 1272; x_wconf 84' lang='lat' dir='ltr'><strong>curse,</strong></span> <span class='ocrx_word' id='word_1_69' title='bbox 1253 1200 1392 1277; x_wconf 80' lang='lat' dir='ltr'><strong>adeoque</strong></span> <span class='ocrx_word' id='word_1_70' title='bbox 1404 1197 1533 1258; x_wconf 86' lang='lat' dir='ltr'><strong>alterum</strong></span> <span class='ocrx_word' id='word_1_71' title='bbox 1545 1217 1584 1257; x_wconf 92' lang='lat' dir='ltr'><strong>ex</strong></span> <span class='ocrx_word' id='word_1_72' title='bbox 1600 1197 1694 1256; x_wconf 82' lang='lat' dir='ltr'><strong>altero</strong></span> <span class='ocrx_word' id='word_1_73' title='bbox 1707 1194 1806 1275; x_wconf 81' lang='lat' dir='ltr'><strong>impleri</strong></span> <span class='ocrx_word' id='word_1_74' title='bbox 1828 1238 1830 1305; x_wconf 53' lang='lat' dir='ltr'><strong>p</strong></span> 
     </span>
     <span class='ocr_line' id='line_1_8' title="bbox 388 1279 1830 1367; baseline -0.004 -21"><span class='ocrx_word' id='word_1_75' title='bbox 388 1306 499 1346; x_wconf 87' lang='lat' dir='ltr'><strong>novam</strong></span> <span class='ocrx_word' id='word_1_76' title='bbox 526 1307 594 1346; x_wconf 87' lang='lat' dir='ltr'><strong>csse</strong></span> <span class='ocrx_word' id='word_1_77' title='bbox 621 1285 699 1347; x_wconf 85' lang='lat' dir='ltr'><strong>hunc</strong></span> <span class='ocrx_word' id='word_1_78' title='bbox 720 1287 782 1347; x_wconf 91' lang='lat' dir='ltr'><strong>Dei</strong></span> <span class='ocrx_word' id='word_1_79' title='bbox 811 1308 914 1346; x_wconf 90' lang='lat' dir='ltr'><strong>curam</strong></span> <span class='ocrx_word' id='word_1_80' title='bbox 940 1307 993 1367; x_wconf 90' lang='lat' dir='ltr'><strong>pro</strong></span> <span class='ocrx_word' id='word_1_81' title='bbox 1020 1289 1084 1349; x_wconf 90' lang='lat' dir='ltr'><strong>suis</strong></span> <span class='ocrx_word' id='word_1_82' title='bbox 1138 1289 1196 1346; x_wconf 88' lang='lat' dir='ltr'><strong>Por</strong></span> <span class='ocrx_word' id='word_1_83' title='bbox 1215 1287 1272 1347; x_wconf 91' lang='lat' dir='ltr'><strong>hoc</strong></span> <span class='ocrx_word' id='word_1_84' title='bbox 1293 1287 1372 1346; x_wconf 87' lang='lat' dir='ltr'><strong>enim</strong></span> <span class='ocrx_word' id='word_1_85' title='bbox 1394 1283 1564 1344; x_wconf 84' lang='lat' dir='ltr'><strong>haereditas</strong></span> <span class='ocrx_word' id='word_1_86' title='bbox 1586 1286 1619 1343; x_wconf 94' lang='lat' dir='ltr'><strong>in</strong></span> <span class='ocrx_word' id='word_1_87' title='bbox 1642 1282 1724 1342; x_wconf 90' lang='lat' dir='ltr'><strong>coelo</strong></span> <span class='ocrx_word' id='word_1_88' title='bbox 1745 1279 1830 1361; x_wconf 64' lang='lat' dir='ltr'><strong>nob&#39;sq</strong></span> 
     </span>
     <span class='ocr_line' id='line_1_9' title="bbox 390 1368 1830 1452; baseline -0.001 -20"><span class='ocrx_word' id='word_1_89' title='bbox 390 1372 509 1448; x_wconf 87' lang='lat' dir='ltr'><strong>electis;</strong></span> <span class='ocrx_word' id='word_1_90' title='bbox 533 1375 587 1434; x_wconf 90' lang='lat' dir='ltr'><strong>sed</strong></span> <span class='ocrx_word' id='word_1_91' title='bbox 618 1393 686 1433; x_wconf 89' lang='lat' dir='ltr'><strong>eum</strong></span> <span class='ocrx_word' id='word_1_92' title='bbox 713 1374 778 1450; x_wconf 86' lang='lat' dir='ltr'><strong>jam</strong></span> <span class='ocrx_word' id='word_1_93' title='bbox 805 1374 875 1433; x_wconf 89' lang='lat' dir='ltr'><strong>olim</strong></span> <span class='ocrx_word' id='word_1_94' title='bbox 901 1374 940 1434; x_wconf 85' lang='lat' dir='ltr'><strong>sb</strong></span> <span class='ocrx_word' id='word_1_95' title='bbox 971 1376 1085 1452; x_wconf 85' lang='lat' dir='ltr'><strong>origine</strong></span> <span class='ocrx_word' id='word_1_96' title='bbox 1139 1381 1345 1446; x_wconf 88' lang='lat' dir='ltr'><strong>conservatur,</strong></span> <span class='ocrx_word' id='word_1_97' title='bbox 1373 1370 1455 1449; x_wconf 90' lang='lat' dir='ltr'><strong>quod</strong></span> <span class='ocrx_word' id='word_1_98' title='bbox 1477 1374 1510 1431; x_wconf 88' lang='lat' dir='ltr'><strong>in</strong></span> <span class='ocrx_word' id='word_1_99' title='bbox 1531 1382 1613 1431; x_wconf 87' lang='lat' dir='ltr'><strong>terra</strong></span> <span class='ocrx_word' id='word_1_100' title='bbox 1636 1370 1697 1429; x_wconf 91' lang='lat' dir='ltr'><strong>Dei</strong></span> <span class='ocrx_word' id='word_1_101' title='bbox 1721 1368 1830 1431; x_wconf 77' lang='lat' dir='ltr'><strong>virtuti</strong></span> 
     </span>
     <span class='ocr_line' id='line_1_10' title="bbox 388 1436 1830 1540; baseline 0 -21"><span class='ocrx_word' id='word_1_102' title='bbox 388 1459 501 1531; x_wconf 90' lang='lat' dir='ltr'><strong>mundi,</strong></span> <span class='ocrx_word' id='word_1_103' title='bbox 525 1480 563 1521; x_wconf 90' lang='lat' dir='ltr'><strong>ex</strong></span> <span class='ocrx_word' id='word_1_104' title='bbox 579 1479 639 1540; x_wconf 89' lang='lat' dir='ltr'><strong>quo</strong></span> <span class='ocrx_word' id='word_1_105' title='bbox 663 1460 761 1521; x_wconf 89' lang='lat' dir='ltr'><strong>coelos</strong></span> <span class='ocrx_word' id='word_1_106' title='bbox 783 1460 863 1532; x_wconf 86' lang='lat' dir='ltr'><strong>fecit,</strong></span> <span class='ocrx_word' id='word_1_107' title='bbox 884 1461 962 1520; x_wconf 83' lang='lat' dir='ltr'><strong>hanc</strong></span> <span class='ocrx_word' id='word_1_108' title='bbox 977 1461 1085 1521; x_wconf 81' lang='lat' dir='ltr'><strong>futuris</strong></span> <span class='ocrx_word' id='word_1_109' title='bbox 1138 1459 1330 1520; x_wconf 74' lang='lat' dir='ltr'><strong>custodimur.</strong></span> <span class='ocrx_word' id='word_1_110' title='bbox 1353 1459 1440 1518; x_wconf 86' lang='lat' dir='ltr'><strong>Haec</strong></span> <span class='ocrx_word' id='word_1_111' title='bbox 1462 1477 1552 1538; x_wconf 88' lang='lat' dir='ltr'><strong>porro</strong></span> <span class='ocrx_word' id='word_1_112' title='bbox 1576 1456 1616 1516; x_wconf 87' lang='lat' dir='ltr'><strong>ed</strong></span> <span class='ocrx_word' id='word_1_113' title='bbox 1641 1455 1745 1516; x_wconf 85' lang='lat' dir='ltr'><strong>eleetos</strong></span> <span class='ocrx_word' id='word_1_114' title='bbox 1762 1436 1830 1536; x_wconf 77' lang='lat' dir='ltr'><strong>pel</strong></span> 
     </span>
     <span class='ocr_line' id='line_1_11' title="bbox 388 1526 1830 1627; baseline -0.004 -20"><span class='ocrx_word' id='word_1_115' title='bbox 388 1548 451 1607; x_wconf 90' lang='lat' dir='ltr'><strong>suis</strong></span> <span class='ocrx_word' id='word_1_116' title='bbox 466 1546 537 1606; x_wconf 88' lang='lat' dir='ltr'><strong>filiis</strong></span> <span class='ocrx_word' id='word_1_117' title='bbox 548 1546 763 1607; x_wconf 83' lang='lat' dir='ltr'><strong>haereditatem</strong></span> <span class='ocrx_word' id='word_1_118' title='bbox 776 1549 806 1607; x_wconf 90' lang='lat' dir='ltr'><strong>in</strong></span> <span class='ocrx_word' id='word_1_119' title='bbox 818 1547 909 1607; x_wconf 82' lang='lat' dir='ltr'><strong>coelis</strong></span> <span class='ocrx_word' id='word_1_120' title='bbox 922 1548 1084 1627; x_wconf 84' lang='lat' dir='ltr'><strong>repositam</strong></span> <span class='ocrx_word' id='word_1_121' title='bbox 1139 1549 1248 1619; x_wconf 81' lang='lat' dir='ltr'><strong>tinent,</strong></span> <span class='ocrx_word' id='word_1_122' title='bbox 1275 1566 1335 1606; x_wconf 92' lang='lat' dir='ltr'><strong>nan</strong></span> <span class='ocrx_word' id='word_1_123' title='bbox 1362 1544 1401 1605; x_wconf 86' lang='lat' dir='ltr'><strong>ad</strong></span> <span class='ocrx_word' id='word_1_124' title='bbox 1427 1563 1675 1623; x_wconf 86' lang='lat' dir='ltr'><strong>unumquemque</strong></span> <span class='ocrx_word' id='word_1_125' title='bbox 1695 1542 1808 1603; x_wconf 61' lang='lat' dir='ltr'><strong>fideliss„</strong></span> <span class='ocrx_word' id='word_1_126' title='bbox 1827 1526 1830 1565; x_wconf 78' lang='lat'>¹</span> 
     </span>
     <span class='ocr_line' id='line_1_12' title="bbox 389 1626 1808 1713; baseline -0.004 -19"><span class='ocrx_word' id='word_1_127' title='bbox 389 1653 595 1694; x_wconf 83' lang='lat' dir='ltr'><strong>conservasse.</strong></span> <span class='ocrx_word' id='word_1_128' title='bbox 627 1633 696 1712; x_wconf 79' lang='lat' dir='ltr'><strong>Qus</strong></span> <span class='ocrx_word' id='word_1_129' title='bbox 723 1635 751 1693; x_wconf 91' lang='lat' dir='ltr'><strong>iu</strong></span> <span class='ocrx_word' id='word_1_130' title='bbox 775 1653 808 1693; x_wconf 91' lang='lat' dir='ltr'><strong>re</strong></span> <span class='ocrx_word' id='word_1_131' title='bbox 831 1632 1012 1713; x_wconf 82' lang='lat' dir='ltr'><strong>significatio</strong></span> <span class='ocrx_word' id='word_1_132' title='bbox 1040 1642 1085 1693; x_wconf 86' lang='lat' dir='ltr'><strong>est</strong></span> <span class='ocrx_word' id='word_1_133' title='bbox 1139 1633 1273 1711; x_wconf 84' lang='lat' dir='ltr'><strong>Singulis</strong></span> <span class='ocrx_word' id='word_1_134' title='bbox 1289 1634 1369 1694; x_wconf 91' lang='lat' dir='ltr'><strong>enim</strong></span> <span class='ocrx_word' id='word_1_135' title='bbox 1385 1631 1510 1692; x_wconf 86' lang='lat' dir='ltr'><strong>dicitur:</strong></span> <span class='ocrx_word' id='word_1_136' title='bbox 1530 1633 1582 1691; x_wconf 87' lang='lat' dir='ltr'><strong>Tu</strong></span> <span class='ocrx_word' id='word_1_137' title='bbox 1595 1631 1659 1706; x_wconf 73' lang='lat' dir='ltr'><strong>tide</strong></span> <span class='ocrx_word' id='word_1_138' title='bbox 1674 1626 1808 1705; x_wconf 56' lang='lat' dir='ltr'><strong>stainei</strong></span> 
     </span>
     <span class='ocr_line' id='line_1_13' title="bbox 388 1715 1808 1801; baseline -0.003 -21"><span class='ocrx_word' id='word_1_139' title='bbox 388 1719 552 1799; x_wconf 80' lang='lat' dir='ltr'><strong>singularis</strong></span> <span class='ocrx_word' id='word_1_140' title='bbox 564 1719 772 1801; x_wconf 82' lang='lat' dir='ltr'><strong>providentiae</strong></span> <span class='ocrx_word' id='word_1_141' title='bbox 782 1718 904 1781; x_wconf 85' lang='lat' dir='ltr'><strong>divinae</strong></span> <span class='ocrx_word' id='word_1_142' title='bbox 919 1721 1000 1780; x_wconf 85' lang='lat' dir='ltr'><strong>circs</strong></span> <span class='ocrx_word' id='word_1_143' title='bbox 1014 1739 1085 1781; x_wconf 91' lang='lat' dir='ltr'><strong>suos</strong></span> <span class='ocrx_word' id='word_1_144' title='bbox 1139 1722 1240 1780; x_wconf 89' lang='lat' dir='ltr'><strong>altum</strong></span> <span class='ocrx_word' id='word_1_145' title='bbox 1256 1738 1378 1796; x_wconf 85' lang='lat' dir='ltr'><strong>sapere,</strong></span> <span class='ocrx_word' id='word_1_146' title='bbox 1394 1719 1447 1778; x_wconf 86' lang='lat' dir='ltr'><strong>scd</strong></span> <span class='ocrx_word' id='word_1_147' title='bbox 1462 1721 1548 1793; x_wconf 88' lang='lat' dir='ltr'><strong>time,</strong></span> <span class='ocrx_word' id='word_1_148' title='bbox 1565 1718 1653 1778; x_wconf 79' lang='lat' dir='ltr'><strong>Rom.</strong></span> <span class='ocrx_word' id='word_1_149' title='bbox 1671 1722 1718 1777; x_wconf 92' lang='lat' dir='ltr'><strong>ll.</strong></span> <span class='ocrx_word' id='word_1_150' title='bbox 1732 1715 1808 1795; x_wconf 69' lang='lat' dir='ltr'><strong>Qum</strong></span> 
     </span>
     <span class='ocr_line' id='line_1_14' title="bbox 389 1802 1807 1882; baseline -0.005 -13"><span class='ocrx_word' id='word_1_151' title='bbox 389 1809 510 1870; x_wconf 89' lang='lat' dir='ltr'><strong>electos.</strong></span> <span class='ocrx_word' id='word_1_152' title='bbox 1139 1805 1224 1867; x_wconf 88' lang='lat' dir='ltr'><strong>locus</strong></span> <span class='ocrx_word' id='word_1_153' title='bbox 1246 1807 1298 1867; x_wconf 90' lang='lat' dir='ltr'><strong>hic</strong></span> <span class='ocrx_word' id='word_1_154' title='bbox 1313 1815 1344 1866; x_wconf 91' lang='lat' dir='ltr'><strong>et</strong></span> <span class='ocrx_word' id='word_1_155' title='bbox 1357 1805 1470 1867; x_wconf 88' lang='lat' dir='ltr'><strong>similes</strong></span> <span class='ocrx_word' id='word_1_156' title='bbox 1485 1805 1539 1864; x_wconf 86' lang='lat' dir='ltr'><strong>elii</strong></span> <span class='ocrx_word' id='word_1_157' title='bbox 1561 1803 1637 1863; x_wconf 88' lang='lat' dir='ltr'><strong>nihil</strong></span> <span class='ocrx_word' id='word_1_158' title='bbox 1657 1802 1807 1882; x_wconf 75' lang='lat' dir='ltr'><strong>iscimtpt</strong></span> 
     </span>
     <span class='ocr_line' id='line_1_15' title="bbox 433 1891 1807 1974; baseline -0.004 -18"><span class='ocrx_word' id='word_1_159' title='bbox 433 1892 588 1955; x_wconf 88' lang='lat' dir='ltr'><strong>Particuls</strong></span> <span class='ocrx_word' id='word_1_160' title='bbox 608 1912 758 1973; x_wconf 90' lang='lat' dir='ltr'><strong>sequeus:</strong></span> <span class='ocrx_word' id='word_1_161' title='bbox 781 1893 931 1969; x_wconf 84' lang='lat' dir='ltr'><strong>iuvabis,</strong></span> <span class='ocrx_word' id='word_1_162' title='bbox 955 1914 1086 1974; x_wconf 84' lang='lat' dir='ltr'><strong>proque</strong></span> <span class='ocrx_word' id='word_1_163' title='bbox 1139 1893 1196 1953; x_wconf 90' lang='lat' dir='ltr'><strong>fide</strong></span> <span class='ocrx_word' id='word_1_164' title='bbox 1211 1893 1345 1972; x_wconf 85' lang='lat' dir='ltr'><strong>speciali,</strong></span> <span class='ocrx_word' id='word_1_165' title='bbox 1367 1893 1468 1967; x_wconf 92' lang='lat' dir='ltr'><strong>idest,</strong></span> <span class='ocrx_word' id='word_1_166' title='bbox 1491 1891 1663 1971; x_wconf 88' lang='lat' dir='ltr'><strong>perniciosa</strong></span> <span class='ocrx_word' id='word_1_167' title='bbox 1677 1891 1807 1951; x_wconf 72' lang='lat' dir='ltr'><strong>sanias</strong></span> 
     </span>
     <span class='ocr_line' id='line_1_16' title="bbox 389 1976 1786 2059; baseline -0.004 -17"><span class='ocrx_word' id='word_1_168' title='bbox 389 1983 551 2042; x_wconf 79' lang='lat' dir='ltr'><strong>Erasmus:</strong></span> <span class='ocrx_word' id='word_1_169' title='bbox 574 1998 651 2056; x_wconf 76' lang='lat' dir='ltr'><strong>crau</strong></span> <span class='ocrx_word' id='word_1_170' title='bbox 674 1998 738 2054; x_wconf 85' lang='lat' dir='ltr'><strong>vos,</strong></span> <span class='ocrx_word' id='word_1_171' title='bbox 761 1980 948 2041; x_wconf 89' lang='lat' dir='ltr'><strong>Hentenius:</strong></span> <span class='ocrx_word' id='word_1_172' title='bbox 972 1982 1087 2042; x_wconf 85' lang='lat' dir='ltr'><strong>advos</strong></span> <span class='ocrx_word' id='word_1_173' title='bbox 1139 1981 1252 2052; x_wconf 86' lang='lat' dir='ltr'><strong>salutis,</strong></span> <span class='ocrx_word' id='word_1_174' title='bbox 1268 1999 1360 2059; x_wconf 85' lang='lat' dir='ltr'><strong>quam</strong></span> <span class='ocrx_word' id='word_1_175' title='bbox 1375 1980 1495 2039; x_wconf 87' lang='lat' dir='ltr'><strong>sectarii</strong></span> <span class='ocrx_word' id='word_1_176' title='bbox 1511 1979 1626 2059; x_wconf 89' lang='lat' dir='ltr'><strong>passim</strong></span> <span class='ocrx_word' id='word_1_177' title='bbox 1642 1976 1786 2038; x_wconf 86' lang='lat' dir='ltr'><strong>inculcant</strong></span> 
     </span>
     <span class='ocr_line' id='line_1_17' title="bbox 389 2058 1807 2145; baseline -0.004 -16"><span class='ocrx_word' id='word_1_178' title='bbox 389 2065 472 2145; x_wconf 88' lang='lat' dir='ltr'><strong>(nam</strong></span> <span class='ocrx_word' id='word_1_179' title='bbox 495 2066 613 2129; x_wconf 81' lang='lat' dir='ltr'><strong>Graece</strong></span> <span class='ocrx_word' id='word_1_180' title='bbox 633 2074 680 2128; x_wconf 87' lang='lat' dir='ltr'><strong>est</strong></span> <span class='ocrx_word' id='word_1_181' title='bbox 699 2058 747 2136; x_wconf 75' lang='grc' dir='ltr'><strong>εἷς</strong></span> <span class='ocrx_word' id='word_1_182' title='bbox 770 2060 874 2144; x_wconf 75' lang='grc' dir='ltr'>ὑμᾶς),</span> <span class='ocrx_word' id='word_1_183' title='bbox 900 2070 942 2128; x_wconf 90' lang='lat' dir='ltr'><strong>ita</strong></span> <span class='ocrx_word' id='word_1_184' title='bbox 968 2068 1088 2130; x_wconf 83' lang='lat' dir='ltr'><strong>videtur</strong></span> <span class='ocrx_word' id='word_1_185' title='bbox 1182 2069 1224 2129; x_wconf 85' lang='lat' dir='ltr'><strong>lu</strong></span> <span class='ocrx_word' id='word_1_186' title='bbox 1238 2069 1373 2128; x_wconf 84' lang='lat' dir='ltr'><strong>salutem</strong></span> <span class='ocrx_word' id='word_1_187' title='bbox 1388 2073 1539 2141; x_wconf 83' lang='lat' dir='ltr'><strong>paratam</strong></span> <span class='ocrx_word' id='word_1_188' title='bbox 1553 2065 1694 2126; x_wconf 81' lang='lat' dir='ltr'><strong>revelari</strong></span> <span class='ocrx_word' id='word_1_189' title='bbox 1707 2066 1807 2124; x_wconf 69' lang='lat' dir='ltr'><strong>inten-</strong></span> 
     </span>
     <span class='ocr_line' id='line_1_18' title="bbox 390 2148 1807 2235; baseline -0.004 -20"><span class='ocrx_word' id='word_1_190' title='bbox 390 2152 574 2234; x_wconf 88' lang='lat' dir='ltr'><strong>accipiends,</strong></span> <span class='ocrx_word' id='word_1_191' title='bbox 598 2173 634 2212; x_wconf 87' lang='lat' dir='ltr'><strong>sc</strong></span> <span class='ocrx_word' id='word_1_192' title='bbox 655 2154 681 2214; x_wconf 90' lang='lat' dir='ltr'><strong>si</strong></span> <span class='ocrx_word' id='word_1_193' title='bbox 705 2153 847 2215; x_wconf 88' lang='lat' dir='ltr'><strong>dixisset:</strong></span> <span class='ocrx_word' id='word_1_194' title='bbox 871 2157 907 2216; x_wconf 87' lang='lat' dir='ltr'><strong>s&#39;a</strong></span> <span class='ocrx_word' id='word_1_195' title='bbox 923 2174 988 2230; x_wconf 83' lang='lat' dir='ltr'><strong>uos,</strong></span> <span class='ocrx_word' id='word_1_196' title='bbox 1012 2176 1084 2235; x_wconf 90' lang='lat' dir='ltr'><strong>quo·</strong></span> <span class='ocrx_word' id='word_1_197' title='bbox 1138 2173 1217 2230; x_wconf 86' lang='lat' dir='ltr'><strong>porc</strong></span> <span class='ocrx_word' id='word_1_198' title='bbox 1238 2155 1419 2217; x_wconf 78' lang='lat' dir='ltr'><strong>novissimo.</strong></span> <span class='ocrx_word' id='word_1_199' title='bbox 1450 2153 1539 2212; x_wconf 83' lang='lat' dir='ltr'><strong>Hanc</strong></span> <span class='ocrx_word' id='word_1_200' title='bbox 1563 2160 1681 2230; x_wconf 88' lang='lat' dir='ltr'><strong>partem</strong></span> <span class='ocrx_word' id='word_1_201' title='bbox 1702 2151 1749 2211; x_wconf 85' lang='lat' dir='ltr'><strong>alii</strong></span> <span class='ocrx_word' id='word_1_202' title='bbox 1767 2148 1807 2209; x_wconf 79' lang='lat' dir='ltr'><strong>sir</strong></span> 
     </span>
     <span class='ocr_line' id='line_1_19' title="bbox 389 2238 1807 2321; baseline -0.003 -18"><span class='ocrx_word' id='word_1_203' title='bbox 389 2241 478 2303; x_wconf 88' lang='lat' dir='ltr'><strong>modo</strong></span> <span class='ocrx_word' id='word_1_204' title='bbox 493 2240 570 2320; x_wconf 79' lang='lat' dir='ltr'><strong>legit</strong></span> <span class='ocrx_word' id='word_1_205' title='bbox 583 2241 786 2321; x_wconf 85' lang='lat' dir='ltr'><strong>Hieronymus</strong></span> <span class='ocrx_word' id='word_1_206' title='bbox 803 2241 854 2301; x_wconf 92' lang='lat' dir='ltr'><strong>lib.</strong></span> <span class='ocrx_word' id='word_1_207' title='bbox 874 2247 899 2302; x_wconf 94' lang='lat'><strong>1.</strong></span> <span class='ocrx_word' id='word_1_208' title='bbox 917 2252 1019 2304; x_wconf 83' lang='lat' dir='ltr'><strong>contra</strong></span> <span class='ocrx_word' id='word_1_209' title='bbox 1032 2243 1085 2304; x_wconf 88' lang='lat' dir='ltr'><strong>Jo·</strong></span> <span class='ocrx_word' id='word_1_210' title='bbox 1138 2241 1278 2302; x_wconf 85' lang='lat' dir='ltr'><strong>referunt.</strong></span> <span class='ocrx_word' id='word_1_211' title='bbox 1302 2239 1441 2319; x_wconf 82' lang='lat' dir='ltr'><strong>Quidam</strong></span> <span class='ocrx_word' id='word_1_212' title='bbox 1465 2238 1504 2299; x_wconf 85' lang='lat' dir='ltr'><strong>sd</strong></span> <span class='ocrx_word' id='word_1_213' title='bbox 1526 2238 1655 2299; x_wconf 85' lang='lat' dir='ltr'><strong>verbum</strong></span> <span class='ocrx_word' id='word_1_214' title='bbox 1669 2254 1807 2313; x_wconf 70' lang='lat' dir='ltr'><strong>reymero·</strong></span> 
     </span>
     <span class='ocr_line' id='line_1_20' title="bbox 389 2326 1808 2408; baseline -0.004 -18"><span class='ocrx_word' id='word_1_215' title='bbox 389 2329 501 2390; x_wconf 82' lang='lat' dir='ltr'><strong>vinian.</strong></span> <span class='ocrx_word' id='word_1_216' title='bbox 529 2347 594 2408; x_wconf 85' lang='lat' dir='ltr'><strong>cap.</strong></span> <span class='ocrx_word' id='word_1_217' title='bbox 619 2331 686 2403; x_wconf 52' lang='lat'><strong>244</strong></span> <span class='ocrx_word' id='word_1_218' title='bbox 714 2330 820 2389; x_wconf 87' lang='lat' dir='ltr'><strong>antei</strong></span> <span class='ocrx_word' id='word_1_219' title='bbox 845 2327 973 2390; x_wconf 86' lang='lat' dir='ltr'><strong>dixisset</strong></span> <span class='ocrx_word' id='word_1_220' title='bbox 1000 2330 1086 2390; x_wconf 89' lang='lat' dir='ltr'><strong>tertio</strong></span> <span class='ocrx_word' id='word_1_221' title='bbox 1139 2330 1200 2403; x_wconf 87' lang='lat' dir='ltr'><strong>vit,</strong></span> <span class='ocrx_word' id='word_1_222' title='bbox 1223 2336 1258 2387; x_wconf 90' lang='lat' dir='ltr'><strong>ut</strong></span> <span class='ocrx_word' id='word_1_223' title='bbox 1285 2348 1338 2408; x_wconf 89' lang='lat' dir='ltr'><strong>per</strong></span> <span class='ocrx_word' id='word_1_224' title='bbox 1360 2326 1582 2405; x_wconf 84' lang='lat' dir='ltr'><strong>appositionem</strong></span> <span class='ocrx_word' id='word_1_225' title='bbox 1602 2326 1746 2404; x_wconf 73' lang='lat' dir='ltr'><strong>jungatur</strong></span> <span class='ocrx_word' id='word_1_226' title='bbox 1762 2340 1808 2384; x_wconf 75' lang='lat' dir='ltr'><strong>en</strong></span> 
     </span>
     <span class='ocr_line' id='line_1_21' title="bbox 389 2409 1807 2495; baseline -0.004 -18"><span class='ocrx_word' id='word_1_227' title='bbox 389 2435 461 2477; x_wconf 86' lang='lat' dir='ltr'><strong>casu</strong></span> <span class='ocrx_word' id='word_1_228' title='bbox 473 2416 588 2494; x_wconf 83' lang='lat' dir='ltr'><strong>absque</strong></span> <span class='ocrx_word' id='word_1_229' title='bbox 602 2416 825 2495; x_wconf 76' lang='lat' dir='ltr'><strong>praepositione</strong></span> <span class='ocrx_word' id='word_1_230' title='bbox 838 2410 1003 2494; x_wconf 88' lang='lat' dir='ltr'><strong>(quomodo</strong></span> <span class='ocrx_word' id='word_1_231' title='bbox 1015 2418 1087 2476; x_wconf 90' lang='lat' dir='ltr'><strong>citat</strong></span> <span class='ocrx_word' id='word_1_232' title='bbox 1140 2434 1186 2488; x_wconf 90' lang='lat' dir='ltr'><strong>eo,</strong></span> <span class='ocrx_word' id='word_1_233' title='bbox 1203 2414 1282 2493; x_wconf 92' lang='lat' dir='ltr'><strong>quod</strong></span> <span class='ocrx_word' id='word_1_234' title='bbox 1298 2415 1390 2474; x_wconf 85' lang='lat' dir='ltr'><strong>dixit:</strong></span> <span class='ocrx_word' id='word_1_235' title='bbox 1414 2416 1451 2475; x_wconf 85' lang='lat' dir='ltr'><strong>iu</strong></span> <span class='ocrx_word' id='word_1_236' title='bbox 1465 2412 1694 2474; x_wconf 76' lang='lat' dir='ltr'><strong>haereditatem</strong></span> <span class='ocrx_word' id='word_1_237' title='bbox 1710 2409 1807 2486; x_wconf 82' lang='lat' dir='ltr'><strong>etc,si</strong></span> 
     </span>
     <span class='ocr_line' id='line_1_22' title="bbox 389 2490 1807 2582; baseline -0.004 -20"><span class='ocrx_word' id='word_1_238' title='bbox 389 2498 608 2582; x_wconf 75' lang='lat' dir='ltr'><strong>Augustinus):</strong></span> <span class='ocrx_word' id='word_1_239' title='bbox 633 2509 792 2562; x_wconf 81' lang='lat' dir='ltr'><strong>screatum</strong></span> <span class='ocrx_word' id='word_1_240' title='bbox 817 2503 905 2564; x_wconf 84' lang='lat' dir='ltr'><strong>vobis</strong></span> <span class='ocrx_word' id='word_1_241' title='bbox 926 2506 962 2564; x_wconf 85' lang='lat' dir='ltr'><strong>iu</strong></span> <span class='ocrx_word' id='word_1_242' title='bbox 985 2504 1085 2564; x_wconf 85' lang='lat' dir='ltr'><strong>coelis.</strong></span> <span class='ocrx_word' id='word_1_243' title='bbox 1139 2502 1249 2563; x_wconf 86' lang='lat' dir='ltr'><strong>delicet</strong></span> <span class='ocrx_word' id='word_1_244' title='bbox 1274 2502 1330 2561; x_wconf 88' lang='lat' dir='ltr'><strong>boc</strong></span> <span class='ocrx_word' id='word_1_245' title='bbox 1350 2519 1458 2561; x_wconf 87' lang='lat' dir='ltr'><strong>sensu:</strong></span> <span class='ocrx_word' id='word_1_246' title='bbox 1484 2499 1694 2577; x_wconf 78' lang='lat' dir='ltr'><strong>Regenersvit</strong></span> <span class='ocrx_word' id='word_1_247' title='bbox 1716 2490 1807 2560; x_wconf 87' lang='lat' dir='ltr'><strong>uossi</strong></span> 
     </span>
     <span class='ocr_line' id='line_1_23' title="bbox 388 2577 1807 2669; baseline -0.004 -19"><span class='ocrx_word' id='word_1_248' title='bbox 388 2589 437 2650; x_wconf 79' lang='lat' dir='ltr'><strong>Ab</strong></span> <span class='ocrx_word' id='word_1_249' title='bbox 460 2590 517 2650; x_wconf 90' lang='lat' dir='ltr'><strong>hoc</strong></span> <span class='ocrx_word' id='word_1_250' title='bbox 539 2588 605 2649; x_wconf 89' lang='lat' dir='ltr'><strong>loeo</strong></span> <span class='ocrx_word' id='word_1_251' title='bbox 620 2589 655 2648; x_wconf 94' lang='lat' dir='ltr'><strong>B.</strong></span> <span class='ocrx_word' id='word_1_252' title='bbox 672 2589 780 2649; x_wconf 87' lang='lat' dir='ltr'><strong>Petrus</strong></span> <span class='ocrx_word' id='word_1_253' title='bbox 803 2609 960 2669; x_wconf 84' lang='lat' dir='ltr'><strong>personam</strong></span> <span class='ocrx_word' id='word_1_254' title='bbox 982 2599 1086 2663; x_wconf 87' lang='lat' dir='ltr'><strong>mutat,</strong></span> <span class='ocrx_word' id='word_1_255' title='bbox 1139 2589 1355 2650; x_wconf 75' lang='lat' dir='ltr'><strong>haereditatem</strong></span> <span class='ocrx_word' id='word_1_256' title='bbox 1372 2586 1642 2666; x_wconf 82' lang='lat' dir='ltr'><strong>incorruptibilem,</strong></span> <span class='ocrx_word' id='word_1_257' title='bbox 1657 2586 1714 2647; x_wconf 86' lang='lat' dir='ltr'><strong>hoc</strong></span> <span class='ocrx_word' id='word_1_258' title='bbox 1726 2577 1807 2657; x_wconf 78' lang='lat' dir='ltr'><strong>sstsi</strong></span> 
     </span>
     <span class='ocr_line' id='line_1_24' title="bbox 389 2670 1807 2757; baseline -0.004 -21"><span class='ocrx_word' id='word_1_259' title='bbox 389 2679 515 2757; x_wconf 86' lang='lat' dir='ltr'><strong>primam</strong></span> <span class='ocrx_word' id='word_1_260' title='bbox 531 2677 563 2735; x_wconf 90' lang='lat' dir='ltr'><strong>in</strong></span> <span class='ocrx_word' id='word_1_261' title='bbox 577 2675 751 2735; x_wconf 86' lang='lat' dir='ltr'><strong>secundam.</strong></span> <span class='ocrx_word' id='word_1_262' title='bbox 776 2676 905 2737; x_wconf 79' lang='lat' dir='ltr'><strong>Dixerat</strong></span> <span class='ocrx_word' id='word_1_263' title='bbox 920 2679 1012 2738; x_wconf 89' lang='lat' dir='ltr'><strong>enim:</strong></span> <span class='ocrx_word' id='word_1_264' title='bbox 1035 2696 1086 2738; x_wconf 81' lang='lat' dir='ltr'><strong>rc·</strong></span> <span class='ocrx_word' id='word_1_265' title='bbox 1140 2676 1266 2737; x_wconf 85' lang='lat' dir='ltr'><strong>salutem</strong></span> <span class='ocrx_word' id='word_1_266' title='bbox 1289 2677 1320 2736; x_wconf 94' lang='lat' dir='ltr'><strong>in</strong></span> <span class='ocrx_word' id='word_1_267' title='bbox 1342 2673 1448 2735; x_wconf 90' lang='lat' dir='ltr'><strong>ultimo</strong></span> <span class='ocrx_word' id='word_1_268' title='bbox 1472 2682 1612 2752; x_wconf 88' lang='lat' dir='ltr'><strong>tempore</strong></span> <span class='ocrx_word' id='word_1_269' title='bbox 1635 2670 1807 2734; x_wconf 69' lang='lat' dir='ltr'><strong>revelandis</strong></span> 
     </span>
     <span class='ocr_line' id='line_1_25' title="bbox 389 2757 1806 2840; baseline -0.002 -18"><span class='ocrx_word' id='word_1_270' title='bbox 389 2766 555 2840; x_wconf 72' lang='lat' dir='ltr'><strong>praecavit</strong></span> <span class='ocrx_word' id='word_1_271' title='bbox 568 2780 646 2838; x_wconf 59' lang='grc' dir='ltr'><strong>που</strong></span> <span class='ocrx_word' id='word_1_272' title='bbox 661 2780 742 2823; x_wconf 90' lang='lat' dir='ltr'><strong>nunc</strong></span> <span class='ocrx_word' id='word_1_273' title='bbox 756 2772 856 2823; x_wconf 86' lang='lat' dir='ltr'><strong>autem</strong></span> <span class='ocrx_word' id='word_1_274' title='bbox 871 2764 961 2825; x_wconf 86' lang='lat' dir='ltr'><strong>dicit:</strong></span> <span class='ocrx_word' id='word_1_275' title='bbox 976 2767 1012 2825; x_wconf 87' lang='lat' dir='ltr'><strong>iu</strong></span> <span class='ocrx_word' id='word_1_276' title='bbox 1023 2783 1086 2825; x_wconf 88' lang='lat' dir='ltr'><strong>vos.</strong></span> <span class='ocrx_word' id='word_1_277' title='bbox 1140 2763 1201 2823; x_wconf 80' lang='lat' dir='ltr'><strong>Alii</strong></span> <span class='ocrx_word' id='word_1_278' title='bbox 1217 2770 1396 2824; x_wconf 87' lang='lat' dir='ltr'><strong>construunt</strong></span> <span class='ocrx_word' id='word_1_279' title='bbox 1418 2781 1486 2822; x_wconf 88' lang='lat' dir='ltr'><strong>cum</strong></span> <span class='ocrx_word' id='word_1_280' title='bbox 1512 2760 1606 2821; x_wconf 85' lang='lat' dir='ltr'><strong>verbo</strong></span> <span class='ocrx_word' id='word_1_281' title='bbox 1622 2757 1806 2822; x_wconf 70' lang='lat' dir='ltr'><strong>csmodiuisi</strong></span> 
     </span>
     <span class='ocr_line' id='line_1_26' title="bbox 391 2836 1808 2932; baseline -0.006 -21"><span class='ocrx_word' id='word_1_282' title='bbox 391 2850 490 2930; x_wconf 79' lang='lat' dir='ltr'><strong>Quam</strong></span> <span class='ocrx_word' id='word_1_283' title='bbox 499 2847 808 2931; x_wconf 88' lang='lat' dir='ltr'><strong>personsmdeinceps</strong></span> <span class='ocrx_word' id='word_1_284' title='bbox 820 2849 912 2932; x_wconf 82' lang='lat' dir='ltr'><strong>longe</strong></span> <span class='ocrx_word' id='word_1_285' title='bbox 924 2853 1087 2925; x_wconf 85' lang='lat' dir='ltr'><strong>continuat,</strong></span> <span class='ocrx_word' id='word_1_286' title='bbox 1140 2849 1279 2911; x_wconf 77' lang='lat' dir='ltr'><strong>Custodit</strong></span> <span class='ocrx_word' id='word_1_287' title='bbox 1305 2851 1382 2909; x_wconf 89' lang='lat' dir='ltr'><strong>enim</strong></span> <span class='ocrx_word' id='word_1_288' title='bbox 1408 2869 1463 2909; x_wconf 90' lang='lat' dir='ltr'><strong>nos</strong></span> <span class='ocrx_word' id='word_1_289' title='bbox 1485 2848 1573 2909; x_wconf 89' lang='lat' dir='ltr'><strong>Deus</strong></span> <span class='ocrx_word' id='word_1_290' title='bbox 1600 2867 1658 2928; x_wconf 86' lang='lat' dir='ltr'><strong>per</strong></span> <span class='ocrx_word' id='word_1_291' title='bbox 1683 2836 1808 2908; x_wconf 83' lang='lat' dir='ltr'><strong>fidsnsi</strong></span> 
     </span>
     <span class='ocr_line' id='line_1_27' title="bbox 390 2935 1807 3019; baseline -0.005 -19"><span class='ocrx_word' id='word_1_292' title='bbox 390 2959 427 3000; x_wconf 88' lang='lat' dir='ltr'><strong>eo</strong></span> <span class='ocrx_word' id='word_1_293' title='bbox 443 2936 869 3019; x_wconf 77' lang='lat' dir='ltr'><strong>quodscrviatoxhortqtioni.</strong></span> <span class='ocrx_word' id='word_1_294' title='bbox 893 2939 1087 3019; x_wconf 74' lang='lat' dir='ltr'><strong>Quamquam</strong></span> <span class='ocrx_word' id='word_1_295' title='bbox 1140 2939 1269 2998; x_wconf 86' lang='lat' dir='ltr'><strong>salutem</strong></span> <span class='ocrx_word' id='word_1_296' title='bbox 1291 2946 1452 2998; x_wconf 86' lang='lat' dir='ltr'><strong>aeternam.</strong></span> <span class='ocrx_word' id='word_1_297' title='bbox 1476 2936 1554 2996; x_wconf 90' lang='lat' dir='ltr'><strong>Sunt</strong></span> <span class='ocrx_word' id='word_1_298' title='bbox 1576 2945 1694 3008; x_wconf 82' lang='lat' dir='ltr'><strong>autem,</strong></span> <span class='ocrx_word' id='word_1_299' title='bbox 1716 2935 1761 3015; x_wconf 89' lang='lat' dir='ltr'><strong>qui</strong></span> <span class='ocrx_word' id='word_1_300' title='bbox 1778 2949 1807 2993; x_wconf 78' lang='lat' dir='ltr'><strong>ss</strong></span> 
     </span>
     <span class='ocr_line' id='line_1_28' title="bbox 390 3019 1808 3104; baseline -0.004 -18"><span class='ocrx_word' id='word_1_301' title='bbox 390 3022 527 3086; x_wconf 88' lang='lat' dir='ltr'><strong>nonnulli</strong></span> <span class='ocrx_word' id='word_1_302' title='bbox 538 3022 649 3085; x_wconf 83' lang='lat' dir='ltr'><strong>Graeci</strong></span> <span class='ocrx_word' id='word_1_303' title='bbox 662 3022 782 3085; x_wconf 88' lang='lat' dir='ltr'><strong>codices</strong></span> <span class='ocrx_word' id='word_1_304' title='bbox 797 3026 887 3086; x_wconf 85' lang='lat' dir='ltr'><strong>etium</strong></span> <span class='ocrx_word' id='word_1_305' title='bbox 903 3026 954 3086; x_wconf 89' lang='lat' dir='ltr'><strong>hic</strong></span> <span class='ocrx_word' id='word_1_306' title='bbox 969 3025 1087 3104; x_wconf 77' lang='lat' dir='ltr'><strong>leguntt</strong></span> <span class='ocrx_word' id='word_1_307' title='bbox 1140 3025 1240 3086; x_wconf 85' lang='lat' dir='ltr'><strong>serant</strong></span> <span class='ocrx_word' id='word_1_308' title='bbox 1251 3023 1290 3085; x_wconf 85' lang='lat' dir='ltr'><strong>ad</strong></span> <span class='ocrx_word' id='word_1_309' title='bbox 1306 3024 1412 3099; x_wconf 74' lang='lat' dir='ltr'><strong>fidem,</strong></span> <span class='ocrx_word' id='word_1_310' title='bbox 1429 3033 1464 3083; x_wconf 92' lang='lat' dir='ltr'><strong>ut</strong></span> <span class='ocrx_word' id='word_1_311' title='bbox 1475 3041 1583 3083; x_wconf 87' lang='lat' dir='ltr'><strong>sensus</strong></span> <span class='ocrx_word' id='word_1_312' title='bbox 1595 3024 1651 3083; x_wconf 86' lang='lat' dir='ltr'><strong>sit:</strong></span> <span class='ocrx_word' id='word_1_313' title='bbox 1666 3024 1724 3083; x_wconf 84' lang='lat' dir='ltr'><strong>Per</strong></span> <span class='ocrx_word' id='word_1_314' title='bbox 1736 3019 1808 3094; x_wconf 66' lang='lat' dir='ltr'><strong>tiss</strong></span> 
     </span>
     <span class='ocr_line' id='line_1_29' title="bbox 390 3102 1807 3193; baseline -0.001 -21"><span class='ocrx_word' id='word_1_315' title='bbox 390 3104 436 3181; x_wconf 79' lang='grc' dir='ltr'><strong>εἷς</strong></span> <span class='ocrx_word' id='word_1_316' title='bbox 455 3102 558 3189; x_wconf 75' lang='grc' dir='ltr'><strong>ἡμᾶς,</strong></span> <span class='ocrx_word' id='word_1_317' title='bbox 575 3114 612 3173; x_wconf 85' lang='lat' dir='ltr'><strong>iss</strong></span> <span class='ocrx_word' id='word_1_318' title='bbox 633 3129 700 3172; x_wconf 83' lang='lat' dir='ltr'><strong>uos.</strong></span> <span class='ocrx_word' id='word_1_319' title='bbox 732 3111 794 3172; x_wconf 84' lang='lat' dir='ltr'><strong>Sed</strong></span> <span class='ocrx_word' id='word_1_320' title='bbox 817 3112 862 3174; x_wconf 91' lang='lat' dir='ltr'><strong>illi</strong></span> <span class='ocrx_word' id='word_1_321' title='bbox 884 3114 942 3192; x_wconf 90' lang='lat' dir='ltr'><strong>ipsi</strong></span> <span class='ocrx_word' id='word_1_322' title='bbox 964 3133 1087 3193; x_wconf 90' lang='lat' dir='ltr'><strong>quoque</strong></span> <span class='ocrx_word' id='word_1_323' title='bbox 1142 3132 1203 3191; x_wconf 86' lang='lat' dir='ltr'><strong>qua</strong></span> <span class='ocrx_word' id='word_1_324' title='bbox 1217 3110 1340 3173; x_wconf 88' lang='lat' dir='ltr'><strong>creditis</strong></span> <span class='ocrx_word' id='word_1_325' title='bbox 1355 3109 1483 3171; x_wconf 80' lang='lat' dir='ltr'><strong>salutem</strong></span> <span class='ocrx_word' id='word_1_326' title='bbox 1503 3129 1559 3170; x_wconf 88' lang='lat' dir='ltr'><strong>seu</strong></span> <span class='ocrx_word' id='word_1_327' title='bbox 1576 3111 1673 3171; x_wconf 82' lang='lat' dir='ltr'><strong>vitam</strong></span> <span class='ocrx_word' id='word_1_328' title='bbox 1688 3117 1807 3170; x_wconf 69' lang='lat' dir='ltr'><strong>seusun</strong></span> 
     </span>
     <span class='ocr_line' id='line_1_30' title="bbox 389 3191 1807 3278; baseline -0.005 -18"><span class='ocrx_word' id='word_1_329' title='bbox 389 3200 493 3260; x_wconf 82' lang='lat' dir='ltr'><strong>statim</strong></span> <span class='ocrx_word' id='word_1_330' title='bbox 514 3218 590 3259; x_wconf 80' lang='lat' dir='ltr'><strong>vers.</strong></span> <span class='ocrx_word' id='word_1_331' title='bbox 616 3201 644 3260; x_wconf 89' lang='grc'><strong>6.</strong></span> <span class='ocrx_word' id='word_1_332' title='bbox 665 3197 827 3259; x_wconf 85' lang='lat' dir='ltr'><strong>secundam</strong></span> <span class='ocrx_word' id='word_1_333' title='bbox 850 3199 966 3262; x_wconf 86' lang='lat' dir='ltr'><strong>habeut</strong></span> <span class='ocrx_word' id='word_1_334' title='bbox 989 3219 1087 3278; x_wconf 89' lang='lat' dir='ltr'><strong>pereo·</strong></span> <span class='ocrx_word' id='word_1_335' title='bbox 1141 3207 1306 3271; x_wconf 82' lang='lat' dir='ltr'><strong>venturam,</strong></span> <span class='ocrx_word' id='word_1_336' title='bbox 1328 3198 1415 3258; x_wconf 90' lang='lat' dir='ltr'><strong>Deus</strong></span> <span class='ocrx_word' id='word_1_337' title='bbox 1428 3217 1485 3257; x_wconf 83' lang='lat' dir='ltr'><strong>vos</strong></span> <span class='ocrx_word' id='word_1_338' title='bbox 1505 3195 1645 3257; x_wconf 85' lang='lat' dir='ltr'><strong>custodit.</strong></span> <span class='ocrx_word' id='word_1_339' title='bbox 1668 3191 1807 3258; x_wconf 74' lang='lat' dir='ltr'><strong>sicssltt</strong></span> 
     </span>
     <span class='ocr_line' id='line_1_31' title="bbox 389 3282 1819 3362; baseline -0.004 -13"><span class='ocrx_word' id='word_1_340' title='bbox 389 3307 468 3349; x_wconf 84' lang='lat' dir='ltr'><strong>uam.</strong></span> <span class='ocrx_word' id='word_1_341' title='bbox 1140 3294 1189 3345; x_wconf 91' lang='lat' dir='ltr'><strong>tur</strong></span> <span class='ocrx_word' id='word_1_342' title='bbox 1203 3287 1347 3346; x_wconf 83' lang='lat' dir='ltr'><strong>Actorum</strong></span> <span class='ocrx_word' id='word_1_343' title='bbox 1366 3286 1432 3345; x_wconf 70' lang='lat' dir='ltr'><strong>rt:</strong></span> <span class='ocrx_word' id='word_1_344' title='bbox 1466 3283 1595 3359; x_wconf 75' lang='lat' dir='ltr'><strong>Vilicus,</strong></span> <span class='ocrx_word' id='word_1_345' title='bbox 1619 3282 1819 3362; x_wconf 56' lang='lat' dir='ltr'><strong>motam·</strong></span> 
     </span>
     <span class='ocr_line' id='line_1_32' title="bbox 434 3371 1533 3454; baseline -0.003 -20"><span class='ocrx_word' id='word_1_346' title='bbox 434 3373 463 3434; x_wconf 80' lang='lat'><strong>5.</strong></span> <span class='ocrx_word' id='word_1_347' title='bbox 481 3375 543 3454; x_wconf 80' lang='lat' dir='ltr'><strong>(iui</strong></span> <span class='ocrx_word' id='word_1_348' title='bbox 557 3376 592 3433; x_wconf 83' lang='lat' dir='ltr'><strong>s&#39;u</strong></span> <span class='ocrx_word' id='word_1_349' title='bbox 605 3374 723 3432; x_wconf 76' lang='lat' dir='ltr'><strong>otuuu</strong></span> <span class='ocrx_word' id='word_1_350' title='bbox 735 3372 797 3432; x_wconf 83' lang='lat' dir='ltr'><strong>Dei</strong></span> <span class='ocrx_word' id='word_1_351' title='bbox 811 3373 1017 3434; x_wconf 84' lang='lat' dir='ltr'><strong>custodimini</strong></span> <span class='ocrx_word' id='word_1_352' title='bbox 1030 3391 1088 3449; x_wconf 78' lang='lat' dir='ltr'><strong>per</strong></span> <span class='ocrx_word' id='word_1_353' title='bbox 1139 3373 1245 3449; x_wconf 66' lang='lat' dir='ltr'><strong>fldem,</strong></span> <span class='ocrx_word' id='word_1_354' title='bbox 1260 3380 1297 3434; x_wconf 93' lang='lat' dir='ltr'><strong>ut</strong></span> <span class='ocrx_word' id='word_1_355' title='bbox 1312 3373 1421 3434; x_wconf 87' lang='lat' dir='ltr'><strong>saluus</strong></span> <span class='ocrx_word' id='word_1_356' title='bbox 1434 3371 1533 3447; x_wconf 75' lang='lat' dir='ltr'><strong>lieret.</strong></span> 
     </span>
     <span class='ocr_line' id='line_1_33' title="bbox 390 3452 1807 3539; baseline -0.002 -17"><span class='ocrx_word' id='word_1_357' title='bbox 390 3460 495 3539; x_wconf 65' lang='lat' dir='ltr'><strong>fldem.</strong></span> <span class='ocrx_word' id='word_1_358' title='bbox 532 3456 761 3519; x_wconf 82' lang='lat' dir='ltr'><strong>commendatio</strong></span> <span class='ocrx_word' id='word_1_359' title='bbox 795 3468 842 3519; x_wconf 89' lang='lat' dir='ltr'><strong>est</strong></span> <span class='ocrx_word' id='word_1_360' title='bbox 870 3462 990 3538; x_wconf 77' lang='lat' dir='ltr'><strong>gratiae</strong></span> <span class='ocrx_word' id='word_1_361' title='bbox 1018 3459 1087 3534; x_wconf 90' lang='lat' dir='ltr'><strong>Dei,</strong></span> <span class='ocrx_word' id='word_1_362' title='bbox 1183 3459 1293 3520; x_wconf 83' lang='lat' dir='ltr'><strong>Omnes</strong></span> <span class='ocrx_word' id='word_1_363' title='bbox 1326 3460 1385 3520; x_wconf 88' lang='lat' dir='ltr'><strong>hae</strong></span> <span class='ocrx_word' id='word_1_364' title='bbox 1422 3458 1627 3539; x_wconf 82' lang='lat' dir='ltr'><strong>expositiones</strong></span> <span class='ocrx_word' id='word_1_365' title='bbox 1665 3452 1807 3538; x_wconf 76' lang='lat' dir='ltr'><strong>probatis</strong></span> 
     </span>
     <span class='ocr_line' id='line_1_34' title="bbox 390 3540 1808 3629; baseline -0.004 -22"><span class='ocrx_word' id='word_1_366' title='bbox 390 3549 454 3629; x_wconf 90' lang='lat' dir='ltr'><strong>qui,</strong></span> <span class='ocrx_word' id='word_1_367' title='bbox 477 3565 553 3627; x_wconf 91' lang='lat' dir='ltr'><strong>quos</strong></span> <span class='ocrx_word' id='word_1_368' title='bbox 575 3546 776 3625; x_wconf 81' lang='lat' dir='ltr'><strong>regeneravit,</strong></span> <span class='ocrx_word' id='word_1_369' title='bbox 799 3544 919 3606; x_wconf 87' lang='lat' dir='ltr'><strong>easdem</strong></span> <span class='ocrx_word' id='word_1_370' title='bbox 942 3546 1086 3623; x_wconf 86' lang='lat' dir='ltr'><strong>custodit;</strong></span> <span class='ocrx_word' id='word_1_371' title='bbox 1139 3555 1225 3623; x_wconf 86' lang='lat' dir='ltr'><strong>sunt;</strong></span> <span class='ocrx_word' id='word_1_372' title='bbox 1248 3546 1303 3607; x_wconf 89' lang='lat' dir='ltr'><strong>sed</strong></span> <span class='ocrx_word' id='word_1_373' title='bbox 1330 3544 1466 3608; x_wconf 88' lang='lat' dir='ltr'><strong>secunda</strong></span> <span class='ocrx_word' id='word_1_374' title='bbox 1492 3548 1717 3625; x_wconf 81' lang='lat' dir='ltr'><strong>praecaeteris</strong></span> <span class='ocrx_word' id='word_1_375' title='bbox 1740 3540 1808 3603; x_wconf 65' lang='lat' dir='ltr'><strong>obri</strong></span> 
     </span>
     <span class='ocr_line' id='line_1_35' title="bbox 390 3624 1808 3714; baseline -0.002 -18"><span class='ocrx_word' id='word_1_376' title='bbox 390 3634 484 3714; x_wconf 91' lang='lat' dir='ltr'><strong>idque</strong></span> <span class='ocrx_word' id='word_1_377' title='bbox 507 3634 626 3712; x_wconf 87' lang='lat' dir='ltr'><strong>potenti</strong></span> <span class='ocrx_word' id='word_1_378' title='bbox 649 3634 760 3692; x_wconf 86' lang='lat' dir='ltr'><strong>virtute</strong></span> <span class='ocrx_word' id='word_1_379' title='bbox 781 3633 898 3711; x_wconf 83' lang='lat' dir='ltr'><strong>grstiae</strong></span> <span class='ocrx_word' id='word_1_380' title='bbox 916 3652 1003 3707; x_wconf 87' lang='lat' dir='ltr'><strong>suae,</strong></span> <span class='ocrx_word' id='word_1_381' title='bbox 1028 3654 1088 3714; x_wconf 86' lang='lat' dir='ltr'><strong>qua</strong></span> <span class='ocrx_word' id='word_1_382' title='bbox 1139 3632 1333 3713; x_wconf 87' lang='lat' dir='ltr'><strong>etexpedits.</strong></span> <span class='ocrx_word' id='word_1_383' title='bbox 1356 3632 1445 3714; x_wconf 81' lang='lat' dir='ltr'><strong>Quod</strong></span> <span class='ocrx_word' id='word_1_384' title='bbox 1457 3633 1515 3692; x_wconf 86' lang='lat' dir='ltr'><strong>sit:</strong></span> <span class='ocrx_word' id='word_1_385' title='bbox 1530 3624 1808 3708; x_wconf 72' lang='lat' dir='ltr'><strong>parasomnulul</strong></span> 
     </span>
     <span class='ocr_line' id='line_1_36' title="bbox 390 3715 1809 3800; baseline -0.004 -18"><span class='ocrx_word' id='word_1_386' title='bbox 390 3723 461 3783; x_wconf 83' lang='lat' dir='ltr'><strong>iacit</strong></span> <span class='ocrx_word' id='word_1_387' title='bbox 484 3739 534 3781; x_wconf 90' lang='lat' dir='ltr'><strong>ecs</strong></span> <span class='ocrx_word' id='word_1_388' title='bbox 557 3739 759 3800; x_wconf 80' lang='lat' dir='ltr'><strong>perseverare.</strong></span> <span class='ocrx_word' id='word_1_389' title='bbox 783 3719 864 3780; x_wconf 84' lang='lat' dir='ltr'><strong>Nam</strong></span> <span class='ocrx_word' id='word_1_390' title='bbox 887 3718 995 3781; x_wconf 91' lang='lat' dir='ltr'><strong>donum</strong></span> <span class='ocrx_word' id='word_1_391' title='bbox 1019 3740 1086 3799; x_wconf 91' lang='lat' dir='ltr'><strong>per·</strong></span> <span class='ocrx_word' id='word_1_392' title='bbox 1139 3724 1175 3783; x_wconf 84' lang='lat' dir='ltr'><strong>iu</strong></span> <span class='ocrx_word' id='word_1_393' title='bbox 1196 3729 1338 3797; x_wconf 81' lang='lat' dir='ltr'><strong>temporo</strong></span> <span class='ocrx_word' id='word_1_394' title='bbox 1359 3722 1552 3793; x_wconf 83' lang='lat' dir='ltr'><strong>novissimo,</strong></span> <span class='ocrx_word' id='word_1_395' title='bbox 1577 3720 1736 3799; x_wconf 73' lang='lat' dir='ltr'><strong>significat,</strong></span> <span class='ocrx_word' id='word_1_396' title='bbox 1753 3715 1809 3777; x_wconf 69' lang='lat' dir='ltr'><strong>hs!</strong></span> 
     </span>
     <span class='ocr_line' id='line_1_37' title="bbox 391 3806 1808 3885; baseline -0.004 -16"><span class='ocrx_word' id='word_1_397' title='bbox 391 3808 581 3869; x_wconf 78' lang='lat' dir='ltr'><strong>reverentiae</strong></span> <span class='ocrx_word' id='word_1_398' title='bbox 607 3806 805 3885; x_wconf 73' lang='lat' dir='ltr'><strong>significatur.</strong></span> <span class='ocrx_word' id='word_1_399' title='bbox 840 3806 988 3880; x_wconf 89' lang='lat' dir='ltr'><strong>Rursum,</strong></span> <span class='ocrx_word' id='word_1_400' title='bbox 1010 3808 1088 3868; x_wconf 89' lang='lat' dir='ltr'><strong>sicut</strong></span> <span class='ocrx_word' id='word_1_401' title='bbox 1139 3807 1264 3869; x_wconf 84' lang='lat' dir='ltr'><strong>salutem</strong></span> <span class='ocrx_word' id='word_1_402' title='bbox 1291 3816 1322 3868; x_wconf 88' lang='lat' dir='ltr'><strong>et</strong></span> <span class='ocrx_word' id='word_1_403' title='bbox 1347 3806 1568 3868; x_wconf 86' lang='lat' dir='ltr'><strong>hsereditatem</strong></span> <span class='ocrx_word' id='word_1_404' title='bbox 1593 3809 1637 3867; x_wconf 86' lang='lat' dir='ltr'><strong>ita</strong></span> <span class='ocrx_word' id='word_1_405' title='bbox 1662 3806 1746 3869; x_wconf 86' lang='lat' dir='ltr'><strong>nobis</strong></span> <span class='ocrx_word' id='word_1_406' title='bbox 1762 3815 1808 3864; x_wconf 59' lang='lat' dir='ltr'><em>a</em></span> 
     </span>
     <span class='ocr_line' id='line_1_38' title="bbox 391 3891 1809 3975; baseline -0.004 -21"><span class='ocrx_word' id='word_1_407' title='bbox 391 3896 581 3974; x_wconf 73' lang='lat' dir='ltr'><strong>regeneravit</strong></span> <span class='ocrx_word' id='word_1_408' title='bbox 592 3913 646 3972; x_wconf 90' lang='lat' dir='ltr'><strong>per</strong></span> <span class='ocrx_word' id='word_1_409' title='bbox 657 3891 757 3968; x_wconf 83' lang='lat' dir='ltr'><strong>fidem,</strong></span> <span class='ocrx_word' id='word_1_410' title='bbox 770 3900 846 3953; x_wconf 87' lang='lat' dir='ltr'><strong>teste</strong></span> <span class='ocrx_word' id='word_1_411' title='bbox 858 3893 975 3954; x_wconf 82' lang='lat' dir='ltr'><strong>Jacobo</strong></span> <span class='ocrx_word' id='word_1_412' title='bbox 989 3896 1088 3975; x_wconf 86' lang='lat' dir='ltr'><strong>capite</strong></span> <span class='ocrx_word' id='word_1_413' title='bbox 1138 3896 1298 3973; x_wconf 86' lang='lat' dir='ltr'><strong>repositam</strong></span> <span class='ocrx_word' id='word_1_414' title='bbox 1315 3896 1345 3955; x_wconf 91' lang='lat' dir='ltr'><strong>iu</strong></span> <span class='ocrx_word' id='word_1_415' title='bbox 1360 3894 1454 3966; x_wconf 84' lang='lat' dir='ltr'><strong>coelo,</strong></span> <span class='ocrx_word' id='word_1_416' title='bbox 1469 3900 1503 3954; x_wconf 91' lang='lat' dir='ltr'><strong>ut</strong></span> <span class='ocrx_word' id='word_1_417' title='bbox 1517 3892 1581 3970; x_wconf 87' lang='lat' dir='ltr'><strong>jam</strong></span> <span class='ocrx_word' id='word_1_418' title='bbox 1597 3905 1708 3973; x_wconf 85' lang='lat' dir='ltr'><strong>parata</strong></span> <span class='ocrx_word' id='word_1_419' title='bbox 1721 3893 1763 3965; x_wconf 89' lang='lat' dir='ltr'><strong>sit,</strong></span> <span class='ocrx_word' id='word_1_420' title='bbox 1774 3905 1809 3950; x_wconf 88' lang='lat' dir='ltr'><strong>sr</strong></span> 
     </span>
     <span class='ocr_line' id='line_1_39' title="bbox 391 3975 1811 4061; baseline -0.002 -20"><span class='ocrx_word' id='word_1_421' title='bbox 391 3982 502 4061; x_wconf 91' lang='lat' dir='ltr'><strong>primo:</strong></span> <span class='ocrx_word' id='word_1_422' title='bbox 543 3982 731 4042; x_wconf 76' lang='lat' dir='ltr'><strong>Voluntaria</strong></span> <span class='ocrx_word' id='word_1_423' title='bbox 765 3983 877 4057; x_wconf 73' lang='lat' dir='ltr'><strong>aeauit</strong></span> <span class='ocrx_word' id='word_1_424' title='bbox 904 4000 963 4042; x_wconf 83' lang='lat' dir='ltr'><strong>nos</strong></span> <span class='ocrx_word' id='word_1_425' title='bbox 994 3982 1087 4043; x_wconf 82' lang='lat' dir='ltr'><strong>verbo</strong></span> <span class='ocrx_word' id='word_1_426' title='bbox 1138 3981 1269 4042; x_wconf 85' lang='lat' dir='ltr'><strong>hibenda</strong></span> <span class='ocrx_word' id='word_1_427' title='bbox 1284 3990 1384 4042; x_wconf 82' lang='lat' dir='ltr'><strong>tamen</strong></span> <span class='ocrx_word' id='word_1_428' title='bbox 1408 4001 1462 4041; x_wconf 90' lang='lat' dir='ltr'><strong>suo</strong></span> <span class='ocrx_word' id='word_1_429' title='bbox 1477 3989 1624 4059; x_wconf 88' lang='lat' dir='ltr'><strong>tempore,</strong></span> <span class='ocrx_word' id='word_1_430' title='bbox 1647 3975 1811 4044; x_wconf 70' lang='lat' dir='ltr'><strong>videlicdh</strong></span> 
     </span>
     <span class='ocr_line' id='line_1_40' title="bbox 393 4059 1810 4150; baseline 0.001 -21"><span class='ocrx_word' id='word_1_431' title='bbox 393 4070 550 4129; x_wconf 81' lang='lat' dir='ltr'><strong>veritatis:</strong></span> <span class='ocrx_word' id='word_1_432' title='bbox 569 4070 611 4128; x_wconf 89' lang='lat' dir='ltr'><strong>ita</strong></span> <span class='ocrx_word' id='word_1_433' title='bbox 627 4077 656 4127; x_wconf 89' lang='lat' dir='ltr'><strong>et</strong></span> <span class='ocrx_word' id='word_1_434' title='bbox 670 4086 729 4144; x_wconf 82' lang='lat' dir='ltr'><strong>por</strong></span> <span class='ocrx_word' id='word_1_435' title='bbox 742 4068 836 4146; x_wconf 73' lang='lat' dir='ltr'><strong>tidem</strong></span> <span class='ocrx_word' id='word_1_436' title='bbox 852 4070 997 4144; x_wconf 85' lang='lat' dir='ltr'><strong>custodit,</strong></span> <span class='ocrx_word' id='word_1_437' title='bbox 1014 4069 1087 4150; x_wconf 88' lang='lat' dir='ltr'><strong>quis</strong></span> <span class='ocrx_word' id='word_1_438' title='bbox 1140 4076 1279 4145; x_wconf 79' lang='lat' dir='ltr'><strong>tempos-c</strong></span> <span class='ocrx_word' id='word_1_439' title='bbox 1293 4072 1477 4144; x_wconf 83' lang='lat' dir='ltr'><strong>novissimo,</strong></span> <span class='ocrx_word' id='word_1_440' title='bbox 1493 4067 1585 4127; x_wconf 90' lang='lat' dir='ltr'><strong>idest</strong></span> <span class='ocrx_word' id='word_1_441' title='bbox 1600 4069 1633 4128; x_wconf 91' lang='lat' dir='ltr'><strong>in</strong></span> <span class='ocrx_word' id='word_1_442' title='bbox 1645 4059 1810 4130; x_wconf 71' lang='lat' dir='ltr'><strong>finemai</strong></span> 
     </span>
     <span class='ocr_line' id='line_1_41' title="bbox 388 4147 1810 4235; baseline 0.005 -22"><span class='ocrx_word' id='word_1_443' title='bbox 388 4156 508 4233; x_wconf 90' lang='lat' dir='ltr'><strong>justus,</strong></span> <span class='ocrx_word' id='word_1_444' title='bbox 537 4153 682 4231; x_wconf 88' lang='lat' dir='ltr'><strong>quamdiu</strong></span> <span class='ocrx_word' id='word_1_445' title='bbox 707 4155 786 4215; x_wconf 81' lang='lat' dir='ltr'><strong>vivit</strong></span> <span class='ocrx_word' id='word_1_446' title='bbox 814 4155 845 4215; x_wconf 92' lang='lat' dir='ltr'><strong>iu</strong></span> <span class='ocrx_word' id='word_1_447' title='bbox 869 4154 928 4216; x_wconf 85' lang='lat' dir='ltr'><strong>hoc</strong></span> <span class='ocrx_word' id='word_1_448' title='bbox 957 4155 1087 4229; x_wconf 87' lang='lat' dir='ltr'><strong>saeculo,</strong></span> <span class='ocrx_word' id='word_1_449' title='bbox 1139 4158 1291 4235; x_wconf 89' lang='lat' dir='ltr'><strong>Loquitur</strong></span> <span class='ocrx_word' id='word_1_450' title='bbox 1317 4157 1395 4216; x_wconf 90' lang='lat' dir='ltr'><strong>enirn</strong></span> <span class='ocrx_word' id='word_1_451' title='bbox 1421 4155 1461 4216; x_wconf 89' lang='lat' dir='ltr'><strong>de</strong></span> <span class='ocrx_word' id='word_1_452' title='bbox 1483 4154 1678 4218; x_wconf 83' lang='lat' dir='ltr'><strong>haereditate</strong></span> <span class='ocrx_word' id='word_1_453' title='bbox 1703 4147 1810 4220; x_wconf 65' lang='lat' dir='ltr'><strong>meld.</strong></span> 
     </span>
     <span class='ocr_line' id='line_1_42' title="bbox 392 4238 1819 4324; baseline -0.001 -21"><span class='ocrx_word' id='word_1_454' title='bbox 392 4259 513 4320; x_wconf 89' lang='lat' dir='ltr'><strong>semper</strong></span> <span class='ocrx_word' id='word_1_455' title='bbox 533 4259 573 4301; x_wconf 90' lang='lat' dir='ltr'><strong>ex</strong></span> <span class='ocrx_word' id='word_1_456' title='bbox 594 4238 654 4300; x_wconf 86' lang='lat' dir='ltr'><strong>tide</strong></span> <span class='ocrx_word' id='word_1_457' title='bbox 676 4242 761 4302; x_wconf 83' lang='lat' dir='ltr'><strong>vivit.</strong></span> <span class='ocrx_word' id='word_1_458' title='bbox 792 4241 897 4302; x_wconf 88' lang='lat' dir='ltr'><strong>Utitur</strong></span> <span class='ocrx_word' id='word_1_459' title='bbox 918 4242 1087 4324; x_wconf 82' lang='lat' dir='ltr'><strong>Apostolus</strong></span> <span class='ocrx_word' id='word_1_460' title='bbox 1140 4251 1294 4323; x_wconf 62' lang='lat' dir='ltr'><strong>nmquam</strong></span> <span class='ocrx_word' id='word_1_461' title='bbox 1318 4241 1356 4304; x_wconf 92' lang='lat' dir='ltr'><strong>de</strong></span> <span class='ocrx_word' id='word_1_462' title='bbox 1370 4243 1514 4303; x_wconf 79' lang='lat' dir='ltr'><strong>thesauro</strong></span> <span class='ocrx_word' id='word_1_463' title='bbox 1536 4243 1684 4322; x_wconf 84' lang='lat' dir='ltr'><strong>reposito,</strong></span> <span class='ocrx_word' id='word_1_464' title='bbox 1705 4241 1752 4324; x_wconf 86' lang='lat' dir='ltr'><strong>qni</strong></span> <span class='ocrx_word' id='word_1_465' title='bbox 1769 4251 1819 4300; x_wconf 69' lang='grc' dir='ltr'><strong>Ι·</strong></span> 
     </span>
     <span class='ocr_line' id='line_1_43' title="bbox 392 4320 1812 4411; baseline 0.003 -24"><span class='ocrx_word' id='word_1_466' title='bbox 392 4326 537 4410; x_wconf 76' lang='lat' dir='ltr'><strong>peculiari</strong></span> <span class='ocrx_word' id='word_1_467' title='bbox 560 4327 669 4387; x_wconf 69' lang='lat' dir='ltr'><strong>verbor</strong></span> <span class='ocrx_word' id='word_1_468' title='bbox 692 4320 955 4407; x_wconf 75' lang='grc' dir='ltr'>φρουρουμένους,</span> <span class='ocrx_word' id='word_1_469' title='bbox 980 4330 1011 4390; x_wconf 93' lang='lat' dir='ltr'><strong>id</strong></span> <span class='ocrx_word' id='word_1_470' title='bbox 1034 4339 1088 4401; x_wconf 88' lang='lat' dir='ltr'><strong>cst,</strong></span> <span class='ocrx_word' id='word_1_471' title='bbox 1140 4330 1239 4391; x_wconf 88' lang='lat' dir='ltr'><strong>adhuc</strong></span> <span class='ocrx_word' id='word_1_472' title='bbox 1261 4328 1481 4407; x_wconf 82' lang='lat' dir='ltr'><strong>comparandus</strong></span> <span class='ocrx_word' id='word_1_473' title='bbox 1503 4329 1559 4400; x_wconf 91' lang='lat' dir='ltr'><strong>sit,</strong></span> <span class='ocrx_word' id='word_1_474' title='bbox 1586 4328 1641 4390; x_wconf 88' lang='lat' dir='ltr'><strong>sed</strong></span> <span class='ocrx_word' id='word_1_475' title='bbox 1664 4321 1812 4411; x_wconf 58' lang='lat' dir='ltr'><strong>jundai·</strong></span> 
     </span>
     <span class='ocr_line' id='line_1_44' title="bbox 393 4413 1817 4498; baseline 0.003 -22"><span class='ocrx_word' id='word_1_476' title='bbox 393 4417 448 4494; x_wconf 88' lang='lat' dir='ltr'><strong>qui</strong></span> <span class='ocrx_word' id='word_1_477' title='bbox 471 4413 691 4487; x_wconf 77' lang='lat' dir='ltr'><strong>custodimini,</strong></span> <span class='ocrx_word' id='word_1_478' title='bbox 715 4435 774 4475; x_wconf 91' lang='lat' dir='ltr'><strong>uon</strong></span> <span class='ocrx_word' id='word_1_479' title='bbox 801 4415 1088 4497; x_wconf 89' lang='lat' dir='ltr'><strong>quomodocumque,</strong></span> <span class='ocrx_word' id='word_1_480' title='bbox 1140 4425 1245 4498; x_wconf 86' lang='lat' dir='ltr'><strong>partus</strong></span> <span class='ocrx_word' id='word_1_481' title='bbox 1261 4425 1290 4477; x_wconf 87' lang='lat' dir='ltr'><strong>et</strong></span> <span class='ocrx_word' id='word_1_482' title='bbox 1309 4425 1441 4496; x_wconf 82' lang='lat' dir='ltr'><strong>paratus,</strong></span> <span class='ocrx_word' id='word_1_483' title='bbox 1464 4423 1498 4475; x_wconf 90' lang='lat' dir='ltr'><strong>ut</strong></span> <span class='ocrx_word' id='word_1_484' title='bbox 1520 4424 1662 4498; x_wconf 86' lang='lat' dir='ltr'><strong>tempore</strong></span> <span class='ocrx_word' id='word_1_485' title='bbox 1681 4413 1817 4480; x_wconf 58' lang='lat' dir='ltr'><strong>soum</strong></span> 
     </span>
     <span class='ocr_line' id='line_1_45' title="bbox 392 4502 1816 4584; baseline -0.001 -19"><span class='ocrx_word' id='word_1_486' title='bbox 392 4502 448 4565; x_wconf 83' lang='lat' dir='ltr'><strong>sed</strong></span> <span class='ocrx_word' id='word_1_487' title='bbox 470 4502 713 4577; x_wconf 74' lang='lat' dir='ltr'><strong>oiailasstissima</strong></span> <span class='ocrx_word' id='word_1_488' title='bbox 736 4520 834 4579; x_wconf 64' lang='grc' dir='ltr'>ουτος</span> <span class='ocrx_word' id='word_1_489' title='bbox 858 4503 957 4584; x_wconf 84' lang='lat' dir='ltr'><strong>qualis</strong></span> <span class='ocrx_word' id='word_1_490' title='bbox 973 4515 1018 4566; x_wconf 86' lang='lat' dir='ltr'><strong>est</strong></span> <span class='ocrx_word' id='word_1_491' title='bbox 1033 4505 1086 4564; x_wconf 91' lang='lat' dir='ltr'><strong>mi·</strong></span> <span class='ocrx_word' id='word_1_492' title='bbox 1141 4502 1276 4565; x_wconf 87' lang='lat' dir='ltr'><strong>tradatur</strong></span> <span class='ocrx_word' id='word_1_493' title='bbox 1291 4506 1329 4578; x_wconf 90' lang='lat' dir='ltr'><strong>ei,</strong></span> <span class='ocrx_word' id='word_1_494' title='bbox 1351 4506 1399 4564; x_wconf 93' lang='lat' dir='ltr'><strong>cui</strong></span> <span class='ocrx_word' id='word_1_495' title='bbox 1421 4503 1611 4564; x_wconf 86' lang='lat' dir='ltr'><strong>servabatur.</strong></span> <span class='ocrx_word' id='word_1_496' title='bbox 1634 4505 1718 4566; x_wconf 90' lang='lat' dir='ltr'><strong>Dicit</strong></span> <span class='ocrx_word' id='word_1_497' title='bbox 1813 4507 1816 4514; x_wconf 91' lang='lat'>&#39;</span> 
     </span>
     <span class='ocr_line' id='line_1_46' title="bbox 392 4589 1769 4671; baseline 0.001 -21"><span class='ocrx_word' id='word_1_498' title='bbox 392 4589 486 4661; x_wconf 87' lang='lat' dir='ltr'><strong>litum,</strong></span> <span class='ocrx_word' id='word_1_499' title='bbox 498 4590 551 4668; x_wconf 88' lang='lat' dir='ltr'><strong>qui</strong></span> <span class='ocrx_word' id='word_1_500' title='bbox 562 4590 594 4648; x_wconf 92' lang='lat' dir='ltr'><strong>iu</strong></span> <span class='ocrx_word' id='word_1_501' title='bbox 602 4589 739 4649; x_wconf 88' lang='lat' dir='ltr'><strong>excubiis</strong></span> <span class='ocrx_word' id='word_1_502' title='bbox 750 4589 936 4652; x_wconf 88' lang='lat' dir='ltr'><strong>collocentur</strong></span> <span class='ocrx_word' id='word_1_503' title='bbox 947 4611 983 4652; x_wconf 84' lang='lat' dir='ltr'><strong>es</strong></span> <span class='ocrx_word' id='word_1_504' title='bbox 994 4599 1088 4671; x_wconf 82' lang='lat' dir='ltr'><strong>parte,</strong></span> <span class='ocrx_word' id='word_1_505' title='bbox 1141 4591 1289 4666; x_wconf 83' lang='lat' dir='ltr'><strong>revelari,</strong></span> <span class='ocrx_word' id='word_1_506' title='bbox 1307 4592 1381 4670; x_wconf 84' lang='lat' dir='ltr'><strong>quis</strong></span> <span class='ocrx_word' id='word_1_507' title='bbox 1395 4611 1476 4652; x_wconf 91' lang='lat' dir='ltr'><strong>nuuc</strong></span> <span class='ocrx_word' id='word_1_508' title='bbox 1490 4590 1567 4651; x_wconf 88' lang='lat' dir='ltr'><strong>latet</strong></span> <span class='ocrx_word' id='word_1_509' title='bbox 1583 4590 1638 4651; x_wconf 85' lang='lat' dir='ltr'><strong>ills</strong></span> <span class='ocrx_word' id='word_1_510' title='bbox 1654 4592 1769 4667; x_wconf 67' lang='lat' dir='ltr'><strong>adme</strong></span> 
     </span>
     <span class='ocr_line' id='line_1_47' title="bbox 392 4669 1745 4758; baseline 0.004 -24"><span class='ocrx_word' id='word_1_511' title='bbox 392 4675 600 4756; x_wconf 87' lang='lat' dir='ltr'><strong>quametuitur</strong></span> <span class='ocrx_word' id='word_1_512' title='bbox 607 4674 725 4736; x_wconf 83' lang='lat' dir='ltr'><strong>hostilis</strong></span> <span class='ocrx_word' id='word_1_513' title='bbox 733 4677 865 4756; x_wconf 86' lang='lat' dir='ltr'><strong>irruptio.</strong></span> <span class='ocrx_word' id='word_1_514' title='bbox 881 4678 960 4738; x_wconf 83' lang='lat' dir='ltr'><strong>Nam</strong></span> <span class='ocrx_word' id='word_1_515' title='bbox 970 4669 1089 4755; x_wconf 82' lang='grc' dir='ltr'>φρουρὰ</span> <span class='ocrx_word' id='word_1_516' title='bbox 1142 4680 1173 4738; x_wconf 91' lang='lat' dir='ltr'><strong>in</strong></span> <span class='ocrx_word' id='word_1_517' title='bbox 1186 4678 1244 4738; x_wconf 84' lang='lat' dir='ltr'><strong>fine</strong></span> <span class='ocrx_word' id='word_1_518' title='bbox 1257 4677 1369 4738; x_wconf 87' lang='lat' dir='ltr'><strong>saeculi</strong></span> <span class='ocrx_word' id='word_1_519' title='bbox 1380 4678 1509 4758; x_wconf 80' lang='lat' dir='ltr'><strong>patefiet</strong></span> <span class='ocrx_word' id='word_1_520' title='bbox 1533 4678 1745 4739; x_wconf 66' lang='lat' dir='ltr'><strong>Nouissimam</strong></span> 
     </span>
     <span class='ocr_line' id='line_1_48' title="bbox 392 4760 1817 4843; baseline 0.004 -21"><span class='ocrx_word' id='word_1_521' title='bbox 392 4761 520 4822; x_wconf 88' lang='lat' dir='ltr'><strong>militare</strong></span> <span class='ocrx_word' id='word_1_522' title='bbox 542 4760 722 4840; x_wconf 88' lang='lat' dir='ltr'><strong>praesidium</strong></span> <span class='ocrx_word' id='word_1_523' title='bbox 744 4762 903 4840; x_wconf 81' lang='lat' dir='ltr'><strong>siguificat.</strong></span> <span class='ocrx_word' id='word_1_524' title='bbox 925 4766 1014 4826; x_wconf 78' lang='lat' dir='ltr'><strong>Hunc</strong></span> <span class='ocrx_word' id='word_1_525' title='bbox 1028 4765 1089 4826; x_wconf 86' lang='lat' dir='ltr'><strong>Dei</strong></span> <span class='ocrx_word' id='word_1_526' title='bbox 1138 4784 1200 4843; x_wconf 84' lang='lat' dir='ltr'><strong>pus</strong></span> <span class='ocrx_word' id='word_1_527' title='bbox 1226 4765 1299 4825; x_wconf 87' lang='lat' dir='ltr'><strong>alibi</strong></span> <span class='ocrx_word' id='word_1_528' title='bbox 1325 4774 1453 4826; x_wconf 81' lang='lat' dir='ltr'><strong>vocatur</strong></span> <span class='ocrx_word' id='word_1_529' title='bbox 1478 4763 1588 4826; x_wconf 84' lang='lat' dir='ltr'><strong>ultima</strong></span> <span class='ocrx_word' id='word_1_530' title='bbox 1615 4764 1718 4827; x_wconf 89' lang='lat' dir='ltr'><strong>mundi</strong></span> <span class='ocrx_word' id='word_1_531' title='bbox 1741 4765 1817 4828; x_wconf 53' lang='lat' dir='ltr'><strong>U.</strong></span> 
     </span>
     <span class='ocr_line' id='line_1_49' title="bbox 392 4847 1804 4934; baseline 0.005 -27"><span class='ocrx_word' id='word_1_532' title='bbox 392 4867 447 4927; x_wconf 84' lang='lat' dir='ltr'><strong>pro</strong></span> <span class='ocrx_word' id='word_1_533' title='bbox 470 4849 556 4910; x_wconf 92' lang='lat' dir='ltr'><strong>nobis</strong></span> <span class='ocrx_word' id='word_1_534' title='bbox 579 4847 767 4927; x_wconf 79' lang='lat' dir='ltr'><strong>vigilantiam</strong></span> <span class='ocrx_word' id='word_1_535' title='bbox 790 4856 821 4912; x_wconf 85' lang='lat' dir='ltr'><strong>et</strong></span> <span class='ocrx_word' id='word_1_536' title='bbox 843 4870 942 4912; x_wconf 88' lang='lat' dir='ltr'><strong>curem</strong></span> <span class='ocrx_word' id='word_1_537' title='bbox 959 4852 1090 4912; x_wconf 90' lang='lat' dir='ltr'><strong>ostendit</strong></span> <span class='ocrx_word' id='word_1_538' title='bbox 1141 4872 1218 4934; x_wconf 85' lang='lat' dir='ltr'><strong>quae</strong></span> <span class='ocrx_word' id='word_1_539' title='bbox 1240 4851 1432 4932; x_wconf 86' lang='lat' dir='ltr'><strong>protenditur</strong></span> <span class='ocrx_word' id='word_1_540' title='bbox 1445 4851 1486 4911; x_wconf 85' lang='lat' dir='ltr'><strong>ab</strong></span> <span class='ocrx_word' id='word_1_541' title='bbox 1509 4850 1648 4914; x_wconf 82' lang='lat' dir='ltr'><strong>adventu</strong></span> <span class='ocrx_word' id='word_1_542' title='bbox 1669 4847 1767 4914; x_wconf 60' lang='grc' dir='ltr'><strong>ΟΜ</strong></span> <span class='ocrx_word' id='word_1_543' title='bbox 1800 4915 1804 4924; x_wconf 80' lang='grc'>,</span> 
     </span>
     <span class='ocr_line' id='line_1_50' title="bbox 394 4931 1753 5019; baseline 0.004 -27"><span class='ocrx_word' id='word_1_544' title='bbox 394 4931 473 4992; x_wconf 89' lang='lat' dir='ltr'><strong>illud</strong></span> <span class='ocrx_word' id='word_1_545' title='bbox 487 4934 597 4996; x_wconf 85' lang='lat' dir='ltr'><strong>Psalm.</strong></span> <span class='ocrx_word' id='word_1_546' title='bbox 612 4938 699 4996; x_wconf 79' lang='lat'><strong>120.:</strong></span> <span class='ocrx_word' id='word_1_547' title='bbox 714 4938 795 4998; x_wconf 81' lang='lat' dir='ltr'><strong>Ecce</strong></span> <span class='ocrx_word' id='word_1_548' title='bbox 809 4955 877 4998; x_wconf 83' lang='lat' dir='ltr'><strong>uon</strong></span> <span class='ocrx_word' id='word_1_549' title='bbox 892 4938 1088 5015; x_wconf 73' lang='lat' dir='ltr'><strong>dormitabit,</strong></span> <span class='ocrx_word' id='word_1_550' title='bbox 1142 4959 1201 5019; x_wconf 91' lang='lat' dir='ltr'><strong>que</strong></span> <span class='ocrx_word' id='word_1_551' title='bbox 1216 4938 1254 4999; x_wconf 87' lang='lat' dir='ltr'><strong>ad</strong></span> <span class='ocrx_word' id='word_1_552' title='bbox 1278 4938 1357 4999; x_wconf 91' lang='lat' dir='ltr'><strong>diem</strong></span> <span class='ocrx_word' id='word_1_553' title='bbox 1373 4937 1492 5016; x_wconf 85' lang='lat' dir='ltr'><strong>judicii,</strong></span> <span class='ocrx_word' id='word_1_554' title='bbox 1516 4946 1551 4998; x_wconf 90' lang='lat' dir='ltr'><strong>ut</strong></span> <span class='ocrx_word' id='word_1_555' title='bbox 1568 4944 1585 5000; x_wconf 94' lang='lat'>1</span> <span class='ocrx_word' id='word_1_556' title='bbox 1602 4940 1696 5001; x_wconf 87' lang='lat' dir='ltr'><strong>Joan.</strong></span> <span class='ocrx_word' id='word_1_557' title='bbox 1711 4939 1753 5000; x_wconf 68' lang='lat' dir='ltr'><strong>as</strong></span> 
     </span>
    </p>
   </div>
   <div class='ocr_carea' id='block_1_3' title="bbox 393 5015 1814 5106">
    <p class='ocr_par' dir='ltr' id='par_1_3' title="bbox 393 5015 1814 5106">
     <span class='ocr_line' id='line_1_51' title="bbox 393 5015 1814 5106; baseline 0.004 -22"><span class='ocrx_word' id='word_1_558' title='bbox 393 5037 495 5100; x_wconf 80' lang='lat' dir='ltr'><strong>aeque</strong></span> <span class='ocrx_word' id='word_1_559' title='bbox 509 5021 655 5100; x_wconf 75' lang='lat' dir='ltr'><strong>domist,</strong></span> <span class='ocrx_word' id='word_1_560' title='bbox 670 5026 726 5102; x_wconf 80' lang='lat' dir='ltr'><strong>qui</strong></span> <span class='ocrx_word' id='word_1_561' title='bbox 741 5025 876 5089; x_wconf 80' lang='lat' dir='ltr'><strong>custodit</strong></span> <span class='ocrx_word' id='word_1_562' title='bbox 888 5027 1002 5092; x_wconf 75' lang='lat' dir='ltr'><strong>Israel.</strong></span> <span class='ocrx_word' id='word_1_563' title='bbox 1141 5026 1221 5105; x_wconf 85' lang='lat' dir='ltr'><strong>liolt,</strong></span> <span class='ocrx_word' id='word_1_564' title='bbox 1241 5028 1415 5089; x_wconf 83' lang='lat' dir='ltr'><strong>novissima</strong></span> <span class='ocrx_word' id='word_1_565' title='bbox 1436 5027 1519 5088; x_wconf 82' lang='lat' dir='ltr'><strong>lsora</strong></span> <span class='ocrx_word' id='word_1_566' title='bbox 1538 5034 1592 5090; x_wconf 79' lang='lat' dir='ltr'><strong>est.</strong></span> <span class='ocrx_word' id='word_1_567' title='bbox 1615 5026 1679 5090; x_wconf 84' lang='lat' dir='ltr'><strong>Hic</strong></span> <span class='ocrx_word' id='word_1_568' title='bbox 1691 5015 1814 5106; x_wconf 46' lang='lat' dir='ltr'><strong>m&amp;</strong></span> 
     </span>
    </p>
   </div>
   <div class='ocr_carea' id='block_1_4' title="bbox 0 0 2231 5825">
    <p class='ocr_par' dir='ltr' id='par_1_4' title="bbox 0 0 2231 5825">
     <span class='ocr_line' id='line_1_52' title="bbox 0 0 2231 5825; baseline 0 0"><span class='ocrx_word' id='word_1_569' title='bbox 0 0 2231 5825; x_wconf 95' lang='lat' dir='ltr'><strong> </strong></span> 
     </span>
    </p>
   </div>
  </div>
 </body>
</html>
