4442 5825
842 587 1065 644 meorum
1083 584 1248 661 umnns.
1281 585 1366 640 nm.
1384 587 1428 643 ⁸⁸·
1708 544 1820 677 oso.

373 763 535 825 utendam
556 762 630 824 iecit
650 764 680 824 ei
700 773 801 844 pater,
828 765 906 825 sicut
919 773 1076 839 voveret·
1103 763 1223 826 offerret
1235 765 1268 825 in
1282 764 1468 826 sacrificium.
1491 763 1624 825 Primum
1639 761 1800 842 prohibitio

372 850 433 931 quis
445 849 511 910 Deo
526 850 657 911 oblatam
676 860 706 911 et
717 861 918 913 consecratam
931 851 969 912 ad
985 871 1051 931 per·
1103 852 1189 930 legis.
1222 851 1344 913 Deinde
1366 851 1474 913 summi
1494 848 1660 912 sacerdotis
1675 851 1801 911 auctori·

371 945 474 1017 puttam
484 937 689 1017 virginitatem
700 938 831 1000 reclusit.
856 939 948 1018 Quod
958 939 1050 1019 signi·
1103 948 1167 1013 tas,
1183 938 1235 1019 qui
1250 939 1356 1018 utique
1367 936 1568 1000 consulendus
1583 945 1664 1009 erat,
1686 944 1716 998 et
1731 957 1800 998 con·

371 1024 464 1084 tumr
477 1022 536 1083 illis
559 1022 677 1085 vorbis:
704 1028 792 1105 Quos
815 1026 986 1101 ipnorobot
1000 1028 1050 1086 os·-
1103 1023 1163 1085 suli
1177 1025 1274 1106 potuit
1288 1026 1385 1104 spatio
1397 1024 1540 1099 bimestri,
1556 1043 1615 1105 quo
1631 1022 1727 1083 dilata
1742 1022 1801 1084 fuit

371 1128 448 1185 nm,
473 1110 589 1172 seilicet
611 1109 752 1194 deinceps
777 1112 934 1192 usquead
961 1113 1050 1173 finem
1103 1111 1224 1173 oblatio.
1259 1111 1340 1173 Tum
1362 1112 1486 1172 affectus
1505 1111 1599 1191 patris
1621 1129 1695 1190 erga
1710 1109 1800 1170 filium

371 1198 446 1257 ritae.
469 1195 626 1276 Quomodo
638 1198 749 1260 dictum
766 1207 811 1260 est
825 1220 844 1259 a
857 1198 893 1259 B.
909 1199 1050 1279 Virgine:
1103 1207 1133 1261 et
1157 1217 1253 1278 genus
1274 1218 1368 1258 suum.
1403 1198 1475 1279 Qua
1494 1199 1613 1258 ratione
1635 1196 1724 1257 facile
1747 1218 1799 1277 po·

371 1285 517 1365 beoniam
525 1287 632 1346 cirum
643 1305 711 1348 non
722 1305 881 1364 copnosao.
905 1286 948 1347 Ut
958 1287 1049 1366 sigui·
1102 1287 1208 1362 tuisset
1237 1285 1426 1364 persuaderi,
1460 1284 1595 1346 illicitum
1625 1303 1708 1360 esse,
1745 1303 1801 1345 uec

371 1370 459 1433 betur
472 1374 658 1452 perpetuitas
670 1393 706 1434 ae
716 1375 882 1434 necessitas
898 1374 1049 1452 quaedam
1103 1370 1332 1453 praestandum,
1348 1372 1427 1452 quod
1439 1381 1573 1431 voverat.
1597 1369 1657 1431 Sed
1673 1389 1730 1430 uec
1746 1391 1798 1450 po·

371 1476 414 1519 sou
438 1456 589 1529 nubendi,
614 1454 716 1540 'idque
747 1481 787 1522 ex
812 1467 882 1519 voto
909 1460 1050 1540 parentis,
1102 1457 1193 1538 pulus
1216 1478 1325 1538 passus
1350 1459 1469 1529 luisset,
1496 1478 1564 1518 eum
1591 1457 1717 1536 exsequi
1740 1456 1801 1516 tale

371 1545 432 1605 ient
446 1543 511 1604 illio
532 1564 572 1606 cx
592 1554 661 1607 voto
684 1547 824 1627 Virginis.
860 1546 959 1626 Atque
974 1546 1050 1606 hacc
1104 1548 1296 1625 promissum3
1322 1547 1400 1605 sicut
1424 1545 1502 1606 elias
1527 1564 1588 1605 nou
1613 1552 1660 1604 est
1685 1563 1800 1624 pessus,

371 1628 412 1692 tit
437 1650 531 1691 caum
554 1630 665 1695 doloris
696 1635 821 1714 paterni.
867 1631 1049 1694 cumcuim
1104 1632 1273 1702 Jouathau,
1299 1640 1379 1692 sorte
1405 1630 1639 1712 deprehensum,
1666 1640 1800 1711 epatre

371 1716 431 1781 ilios
456 1717 568 1778 liberos
592 1739 652 1781 uon
676 1719 816 1794 baberet,
843 1718 967 1780 dolebat
992 1719 1050 1778 hac
1103 1719 1245 1790 interfici,
1264 1721 1400 1798 quamvis
1415 1718 1467 1779 ille
1477 1720 1649 1798 juramento
1664 1736 1697 1778 sc
1713 1715 1751 1776 ad
1768 1715 1798 1777 id

371 1803 506 1867 flatione
520 1805 599 1867 filiae
619 1808 795 1869 exstinctam
820 1805 876 1867 sibi
893 1826 976 1885 spem
997 1825 1048 1885 po·
1103 1805 1323 1878 obstrinxisset,
1341 1807 1444 1885 lReg.
1463 1809 1512 1867 14.
1534 1806 1676 1885 Denique
1691 1803 1799 1864 saltem

371 1891 505 1955 uitatis
526 1892 604 1953 Inde
618 1895 706 1954 otiam
723 1905 785 1967 est,
802 1893 883 1974 quod
897 1893 959 1953 filia
973 1893 1051 1972 petit
1102 1893 1178 1953 illud
1203 1893 1343 1972 ignorare
1369 1914 1430 1954 nou
1456 1893 1556 1971 potuit
1581 1891 1714 1972 Jephte,
1739 1910 1802 1951 nou

371 1987 488 2058 tpstre
517 1977 657 2040 bimestre
686 1981 816 2059 spatium
851 1976 1050 2041 cucumeuudi
1103 1999 1193 2059 posse
1210 1979 1385 2042 sacrificium
1408 1980 1523 2052 offerri,
1549 1979 1609 2039 nisi
1624 1997 1800 2058 permanes

371 2073 468 2127 states
485 2084 553 2125 cum
569 2066 725 2128 sodalibus
736 2068 806 2141 suis,
820 2066 976 2129 utdefleat
990 2087 1051 2126 nou
1103 2065 1273 2127 sacerdotis
1302 2067 1379 2129 Nam
1395 2087 1451 2127 uec
1465 2065 1539 2126 Saul
1554 2068 1636 2146 ipse,
1660 2065 1799 2143 quamvis

371 2161 476 2213 ssrtem
493 2170 591 2224 suem,
607 2153 661 2214 sed
678 2155 897 2234 virginitatem
915 2154 1048 2232 eoquod
1103 2153 1250 2235 superbus
1279 2173 1316 2213 oe
1344 2152 1506 2232 reprobus,
1547 2172 1603 2213 uec
1639 2153 1800 2233 quisquam

371 2237 496 2313 sbolem,
511 2259 601 2320 quam
615 2242 693 2321 patri
705 2249 882 2322 surrogeret,
898 2261 958 2301 uon
970 2248 1051 2301 esset
1102 2260 1208 2320 regum
1223 2240 1312 2301 aliter
1327 2240 1443 2300 o'utulit.
1477 2239 1573 2320 Atqui
1594 2237 1729 2299 sciebant
1752 2257 1797 2297 sa·

371 2324 500 2387 sbitura.
1102 2327 1253 2401 cerdotes,
1280 2326 1337 2386 sibi
1362 2326 1429 2406 lege
1450 2347 1509 2386 nou
1524 2345 1592 2387 esse
1614 2344 1800 2395 concessum,

393 2410 559 2475 Sciendum
575 2432 714 2492 quoque,
741 2434 795 2493 pro
812 2435 865 2488 eo,
891 2412 969 2496 quod
986 2422 1048 2472 tum
1089 2413 1237 2475 *homiues
1259 2412 1327 2474 Deo
1350 2413 1528 2475 sacrificare
1567 2412 1718 2492 Quocirca
1740 2430 1800 2472 nou

371 2518 393 2561 u
411 2498 531 2573 Lxx„
558 2507 621 2559 tum
644 2519 684 2560 ex
706 2501 883 2582 Hieronymi
907 2502 1048 2564 versione
1102 2509 1150 2560 est
1175 2501 1354 2572 verisimile,
1387 2501 1535 2580 virginem
1561 2500 1639 2560 hauc
1666 2498 1798 2558 oblatam

371 2587 472 2666 nitur,
489 2588 670 2647 convenisse
681 2590 840 2667 quotannis
852 2587 930 2648 filias
942 2587 1049 2659 Israel,
1100 2589 1168 2648 Deo
1190 2587 1284 2648 iusisse
1307 2606 1360 2667 per
1379 2596 1519 2662 mortem,
1547 2587 1601 2647 sed
1622 2604 1676 2666 per
1697 2603 1798 2646 couse-

371 2673 595 2752 aptaremus
609 2673 710 2750 fllium
726 2675 853 2751 Jepbte,
881 2674 1048 2755 Paguiuum
1102 2677 1263 2735 orationem
1287 2675 1449 2746 eomodo,
1476 2693 1535 2753 quo
1551 2673 1627 2747 dixi,
1654 2669 1797 2755 quemad·

371 2769 540 2821 sescenos
561 2762 742 2820 recentiores
765 2780 804 2822 ex
819 2762 959 2824 Hebraeo
982 2780 1047 2821 ver·
1102 2759 1219 2823 modum
1235 2768 1265 2822 et
1280 2761 1367 2822 docet
1378 2761 1516 2834 Lirenas,
1532 2781 1568 2820 ao
1581 2760 1687 2821 iisdem
1702 2779 1798 2839 paeue

371 2862 429 2909 te:
460 2847 506 2906 cd
534 2848 765 2925 alloquendum
793 2849 893 2925 tiliam
921 2849 1048 2926 Jeplstc,
1101 2847 1268 2909 rationibus
1284 2849 1426 2908 declarat.
1461 2848 1545 2907 ldem
1561 2847 1691 2908 sentiunt
1707 2847 1798 2907 Vata-

371 2931 495 2995 dlslicet
507 2944 542 2994 ut
557 2936 747 3013 superstitem
763 2945 795 2999 et
807 2935 963 3010 reclusam,
979 2957 1047 2996 cou-
1101 2936 1186 3010 blus,
1201 2934 1337 2997 Galenus
1353 2936 1452 2996 etalii
1468 2937 1658 2998 recentiores

371 3018 506 3082 clationis
527 3023 643 3101 gratia3
669 3022 920 3102 quemadmodum
943 3032 976 3084 et
996 3023 1048 3083 bo·
1284 3077 1317 3093 ,,
1498 3078 1505 3093 ,
1663 3078 1669 3092 ,

371 3104 449 3171 dorsu
463 3110 554 3169 moris
569 3118 634 3185 eet,
655 3109 787 3170 invisere
809 3118 840 3170 et
861 3110 974 3189 alloqui
989 3112 1047 3171 rir-
1205 3075 1336 3137 ΛΜΨ
1352 3093 1390 3136 ⁶²
1400 3076 1519 3135 ’ΜΝ
1536 3079 1692 3136 ΜΘΝ·

371 3194 438 3270 ’μοι
461 3215 566 3257 ueras
596 3196 783 3257 monasteriis
811 3197 966 3258 inclusas.¹
988 3196 1049 3257 Pro
1145 3197 1204 3259 Sed
1220 3206 1515 3276 contrapostremam
1531 3199 1798 3279 istamrespousio·

371 3299 415 3363 ns
441 3284 583 3343 versione
611 3282 685 3343 tacis
710 3282 794 3345 locus
821 3282 956 3364 ejusdem
980 3283 1050 3345 libri
1101 3304 1169 3344 uem
1177 3283 1480 3345 vehementerlscere
1492 3285 1610 3346 videtur
1622 3287 1687 3365 ipae
1698 3293 1799 3353 textus

371 3387 419 3450 η.
445 3369 474 3429 6.
503 3370 534 3429 iu
560 3372 681 3430 cantico
707 3368 862 3445 Deborae,
891 3369 942 3430 ubi
969 3370 1049 3431 idem
1103 3392 1208 3433 sacrae
1231 3372 1422 3451 Scripturas,
1450 3391 1510 3449 quo
1536 3372 1661 3432 historie
1683 3372 1798 3453 Jepbte

371 3454 536 3518 mabnlmn
570 3475 631 3516 nou
664 3457 837 3534 praepare,
878 3456 932 3517 sed
962 3457 1050 3534 loqui
1103 3457 1255 3538 descripta
1280 3467 1325 3519 est
1351 3457 1454 3519 Judic.
1484 3462 1532 3519 11.
1579 3459 1689 3519 Votum
1716 3466 1799 3519 certe

371 3542 519 3622 ignificat,
543 3543 635 3603 etism
651 3553 773 3605 auctore
789 3545 983 3623 Hieronymo,
998 3546 1050 3625 qui
1102 3547 1168 3624 ejus
1183 3567 1243 3607 uon
1264 3547 1322 3626 nisi
1337 3543 1375 3605 de
1391 3546 1527 3616 bomine,
1554 3548 1607 3625 qui
1634 3546 1797 3607 revertenti

371 3628 524 3691 itvertit:
550 3630 603 3691 Ibi
625 3639 802 3693 narrentur
819 3635 963 3707 justitiae
980 3634 1049 3693 Do·
1103 3635 1214 3711 primus
1227 3654 1242 3693 e
1257 3632 1374 3693 familia
1396 3634 1589 3705 occurrisset,
1615 3630 1798 3694 immolando

371 3717 455 3792 stsu',
480 3736 537 3797 pro
563 3734 600 3776 eo
624 3718 778 3791 nimirum,
805 3717 885 3799 quod
910 3720 941 3778 iu
967 3718 1049 3780 fonte
1102 3720 1229 3800 intelligi
1259 3728 1365 3799 potest.
1415 3721 1484 3781 Non
1520 3721 1598 3780 enim
1629 3740 1683 3799 pro
1714 3727 1799 3779 tauta

371 3803 465 3883 egitur
479 3802 701 3865 eodemseusu:
722 3806 1049 3883 litterarumrore
1101 3808 1228 3868 victoria
1264 3808 1390 3867 bestium
1426 3806 1579 3867 immolare
1614 3805 1799 3877 intendebat,

371 3889 847 3965 moduntjusts‘tiosDums’ni.
885 3893 950 3953 Nee
969 3895 1048 3952 euim
1102 3912 1181 3972 quae
1210 3894 1307 3973 prima
1344 3896 1538 3966 occurrisset,
1575 3895 1693 3954 etiamsi
1730 3893 1799 3971 lege

371 3973 416 4038 lta
430 3978 548 4038 ratione
563 3978 778 4058 planctusillic
791 3980 919 4060 intelligi
931 3988 1048 4059 potcst;
1102 3980 1201 4041 offerri
1222 3981 1403 4058 permissam.
1437 3979 1565 4041 Videtur
1587 3989 1687 4040 autem
1703 3978 1798 4040 eredi-

371 4080 409 4126 ιω
422 4062 553 4125 arbitror
569 4066 600 4125 iu
622 4084 660 4125 ea
680 4067 896 4147 significatione
917 4065 1046 4127 vocabu·
1102 4066 1197 4141 disse,
1218 4066 1283 4127 fore
1305 4069 1372 4128 Deo
1396 4068 1597 4145 gratissimum
1618 4067 1798 4128 sacrificium

371 4165 412 4210 Ι
426 4149 484 4211 boo
498 4169 625 4231 usquam
640 4152 713 4213 alibi
724 4154 856 4234 reperiri.
879 4152 955 4214 Sunt
970 4154 1047 4214 euim
1101 4152 1223 4214 humani
1240 4156 1389 4233 corporis3
1404 4162 1466 4215 tum
1479 4154 1561 4233 quod
1573 4153 1726 4215 Abrabam
1738 4154 1799 4216 Dei

371 4234 474 4298 tvm
489 4237 530 4298 ab
544 4236 601 4299 boc
615 4239 778 4314 voeabula,
805 4259 884 4319 quae
900 4239 1048 4301 Hebraeis
1096 4240 1185 4319 jussu
1209 4241 1305 4301 filium
1331 4241 1486 4302 immolare
1512 4250 1676 4315 tentasset,
1710 4250 1741 4302 et
1766 4260 1799 4300 re

371 4319 506 4385 finctum
521 4331 552 4384 et
565 4323 669 4385 lictum
685 4327 867 4405 significent3
893 4326 1048 4387 ueluthoc
1100 4327 1166 4408 ipss
1192 4328 1391 4401 immolasset,
1421 4331 1448 4388 si
1474 4330 1648 4407 permissum
1673 4328 1798 4403 fuisset,

371 4426 420 4491 po
432 4410 500 4472 low
520 4409 612 4489 paulo
635 4416 786 4493 superius,
813 4413 865 4473 ubi
889 4412 952 4473 tilia
975 4411 1049 4473 dicit
1100 4423 1163 4473 tum
1180 4413 1260 4494 quod
1276 4415 1407 4493 gentiles
1427 4414 1573 4476 Israelitis
1589 4416 1680 4476 vicini
1695 4416 1725 4475 iu
1741 4433 1799 4473 usu

371 4497 445 4558 utri:
461 4498 596 4559 Dimitte
611 4517 661 4560 me
666 4543 678 4575 ,
693 4507 729 4561 ast
737 4500 894 4577 pionpant
911 4502 1047 4576 vircini-
1100 4502 1260 4573 heberent,
1290 4504 1354 4563 Deo
1381 4521 1436 4562 suo
1461 4502 1597 4564 homiues
1624 4501 1800 4573 sacrificare,

371 4590 447 4646 tim
461 4600 574 4645 meam.
1101 4590 1192 4649 etism
1207 4588 1287 4649 filios
1302 4597 1333 4648 et
1355 4588 1449 4665 lilias3
1478 4608 1603 4670 quorum
1625 4586 1797 4667 exemplum

393 4669 465 4734 «lam
480 4679 554 4731 suut
568 4680 601 4731 et
615 4672 678 4732 alia
693 4681 884 4753 arguments,
901 4694 980 4753 quae
995 4672 1046 4736 do·
1101 4674 1470 4755 etIsrsttlitaeeliquando
1482 4683 1553 4737 sunt
1565 4675 1681 4745 imitati,
1694 4693 1797 4753 quem·

371 4765 454 4831 nat,
482 4775 574 4838 quam
589 4778 649 4820 nou
664 4760 703 4820 sit
717 4760 898 4829 verisimile,
921 4760 1047 4839 Jephte,
1101 4761 1259 4822 admodum
1277 4762 1437 4823 Psalmista
1456 4764 1492 4823 iis
1508 4761 1671 4842 exprobrat
1686 4760 1797 4821 Psalm.

371 4844 637 4925 tentassemus,
663 4854 698 4904 ut
721 4863 760 4907 ex
781 4846 849 4907 aliis
871 4848 938 4926 ejus
961 4847 1049 4908 factis
1103 4847 1172 4909 105.
1196 4848 1285 4926 Quae
1300 4869 1347 4910 res
1362 4852 1462 4930 arguit
1484 4849 1559 4928 legis
1575 4846 1713 4920 divinae,
1736 4849 1796 4908 imo

371 4929 686 5015 flantprudeutem,
696 4928 727 4993 iu
738 4935 870 4994 animum
882 4933 1048 5008 induxisse,
1073 4923 1260 5059 pastoralis,
1286 4957 1425 5017 maguam
1441 4937 1650 5017 ignorantiam.
1690 4934 1798 5016 Qualis

371 5018 567 5103 utensilium
580 5038 677 5082 mores
693 5021 835 5095 imitatus,
851 5028 951 5084 mmm
965 5040 1048 5083 suam
1099 5023 1269 5103 ignorantia
1301 5044 1395 5108 quum
1432 5023 1616 5106 temporibus
1650 5021 1797 5094 Judicum
