4442 5825
790 603 1195 661 nuncnune-unos.
1229 603 1357 659 venen
1746 611 1793 680 pp

344 785 437 848 ilium
473 786 539 848 Dei
573 784 809 864 interpretantur
843 782 1045 861 splendorem
1098 781 1203 844 voeeri
1216 780 1343 843 verbum
1357 780 1445 854 Filii,
1470 781 1549 843 eicut
1562 779 1657 843 Filiue
1671 789 1797 843 uocetur

346 875 469 950 pluriue
484 873 612 948 Putris,
638 880 670 932 et
691 871 828 950 tipurom
850 871 1046 933 eubetoutiuc
1098 867 1225 932 verbnm
1247 868 1356 928 Petrie.
1394 865 1510 929 contre
1530 887 1607 949 quoe
1629 869 1745 948 egimue
1765 869 1797 931 in

347 966 428 1035 ejur,
445 961 522 1041 quie
536 959 636 1040 glorie
651 966 682 1020 et
695 958 864 1019 eubeteutie
878 958 976 1018 Petrie
990 976 1046 1036 per
1101 962 1129 1017 1.
1144 954 1229 1016 Sunt.
1244 954 1313 1015 diet
1330 956 1380 1014 27.
1412 953 1494 1016 Illud
1506 964 1606 1016 temen
1619 976 1682 1017 non
1694 955 1749 1016 ebe
1763 974 1798 1017 re

348 1049 482 1127 rdprum
496 1043 663 1108 invieibilie
682 1065 738 1126 per
749 1044 878 1120 Filium,
900 1043 984 1105 velut
999 1062 1044 1103 re·
1099 1050 1160 1116 eet,
1187 1041 1269 1122 quod
1292 1039 1414 1120 quidem
1428 1042 1591 1103 obeervent
1607 1042 1684 1104 verti
1699 1061 1796 1123 poete,

348 1133 426 1195 dium
455 1140 606 1213 peternee
635 1130 793 1205 clerintin
827 1141 858 1191 et
886 1131 1046 1209 imaginem
1098 1128 1194 1191 verbo
1217 1129 1344 1189 oiruotir
1366 1132 1449 1203 cium
1475 1137 1509 1190 ut
1529 1127 1678 1191 Greecum
1693 1121 1795 1204 auco,

348 1220 538 1281 eubetentiee
549 1221 626 1299 ejue,
638 1217 850 1299 ennepioiende
865 1217 953 1278 nobie
963 1236 1045 1297 pree·
1098 1223 1213 1276 memte
1232 1213 1379 1275 duntexet
1400 1217 1505 1297 epiritu
1526 1215 1633 1293 priorie
1649 1215 1796 1297 eyllebee

349 1307 449 1383 bewr3
473 1305 508 1367 id
521 1314 646 1388 praeter
662 1313 794 1367 mentem
816 1304 956 1384 Apoetoli
979 1321 1048 1363 eeee
1099 1302 1138 1363 ed
1152 1303 1273 1363 Putrem
1287 1301 1452 1377 referetur,
1471 1304 1551 1365 elcut
1564 1302 1595 1362 in
1609 1312 1795 1383 pertepree·

349 1393 482 1467 ridetur,
505 1395 561 1474 qui
583 1391 623 1454 de
638 1401 761 1454 aeterne
774 1391 848 1452 Filii
865 1401 971 1453 neturn
986 1389 1045 1449 die·
1099 1386 1234 1466 cedenti3
1249 1408 1285 1450 eo
1299 1406 1403 1450 eeneue
1418 1391 1470 1464 eit,
1489 1388 1615 1463 Filium,
1636 1409 1692 1470 per
1708 1408 1797 1469 quem

350 1482 426 1553 ocio,
440 1479 612 1541 recundum
626 1498 718 1559 quern
729 1477 827 1539 Filius
841 1496 941 1559 neque
955 1486 1048 1556 etque
1099 1476 1192 1536 Peter
1213 1475 1315 1537 omniu
1335 1474 1424 1550 lecit,
1452 1475 1559 1538 eedem
1584 1477 1685 1537 omniu
1704 1476 1796 1537 eonti-

349 1566 437 1627 l’eter
457 1566 610 1628 canobio
633 1565 805 1627 invicibilie.
843 1565 979 1626 'l'emetei
993 1581 1046 1623 ve·
1099 1580 1185 1636 nere,
1212 1581 1390 1624 coneervure
1416 1571 1448 1624 et
1473 1581 1580 1642 regere
1608 1563 1735 1642 imperio
1760 1583 1797 1625 eu

350 1673 408 1713 run
422 1660 488 1726 eet,
513 1651 545 1713 id
560 1651 654 1713 iuieee
675 1652 987 1733 congruentissimum,
1014 1656 1048 1708 ut
1099 1651 1210 1710 virtute
1223 1649 1323 1710 Petrie
1339 1651 1402 1724 eui,
1428 1650 1483 1711 red
1505 1650 1564 1725 ite,
1590 1658 1625 1711 ut
1645 1670 1683 1713 ee
1700 1651 1797 1712 virtue

350 1740 459 1812 Filiue,
487 1740 542 1818 qui
568 1737 730 1802 eecundum
755 1737 1047 1799 naturum-divinem
1100 1737 1287 1814 intelligetur
1302 1737 1396 1796 etiem
1415 1738 1579 1798 communie
1594 1736 1682 1801 Filio.
1704 1735 1797 1818 Quod

352 1825 490 1906 splendor
505 1833 599 1886 eetet
614 1828 712 1905 imego
727 1825 842 1899 Petrie,
869 1826 899 1885 in
914 1832 1047 1885 ueeumte
1099 1824 1175 1884 entie
1204 1820 1346 1883 edmonet
1374 1825 1472 1905 ipsum
1510 1825 1689 1886 uocabulum
1716 1840 1797 1902 por·
1879 1849 1884 1858 ·

352 1922 468 1986 utere,
484 1931 549 1991 qun
563 1913 651 1973 nobie
665 1911 792 1973 vieibilie
807 1913 965 1992 apperuit,
988 1910 1045 1970 Pa·
1099 1910 1204 1983 teudi,
1220 1926 1280 1969 uon
1295 1911 1376 1970 enim
1390 1919 1511 1992 potiere
1522 1920 1629 1991 putent,
1642 1913 1703 1973 niei
1717 1913 1797 1974 vireu

354 2009 422 2059 bem
435 2016 529 2059 enum
544 1997 767 2079 quedammodo
782 1998 944 2060 ridendum
959 1996 1047 2058 nobie
1100 1993 1242 2077 portendi
1264 1995 1392 2071 hubent,
1420 1997 1490 2057 licet
1511 1999 1549 2059 eb
1571 2000 1632 2058 elio
1646 2007 1797 2079 ecceptee.

352 2084 511 2146 exhiberet
1100 2085 1161 2144 Hic
1175 2101 1278 2143 eeneue
1293 2102 1483 2165 nequeqnem
1505 2092 1550 2146 eet
1567 2086 1697 2161 elienue3
1722 2095 1796 2148 tem·

388 2171 814 2249 Portumqueomnluucrbo
825 2170 1046 2232 oiruaeieruud.
1101 2172 1158 2231 etei
1172 2170 1251 2249 prior
1266 2172 1415 2251 expositio
1429 2173 1527 2251 megin
1542 2179 1671 2253 recepte

354 2257 517 2320 contextu·
532 2260 678 2320 eormenie
693 2257 849 2339 exigebet‚
868 2266 903 2318 ut
915 2265 1046 2318 uertere·
1144 2258 1374 2332 Purpulioucm
1385 2265 1591 2334 poeoniorum
1603 2260 1737 2337 facicm
1759 2260 1798 2320 Iu

354 2354 409 2406 tur:
428 2353 610 2422 portetque.
639 2344 788 2407 Graecum
805 2345 931 2406 verbum
946 2334 1046 2421 pipere
1101 2343 1219 2404 Graeco
1239 2342 1307 2422 plue
1335 2353 1387 2403 eet.
1425 2343 1476 2404 Sic
1499 2347 1577 2406 enim
1600 2345 1705 2405 hebet:
1733 2347 1798 2407 Per

357 2433 499 2512 significet
513 2431 611 2508 ferre,
626 2442 763 2513 portere,
785 2434 940 2493 euetinere.
978 2429 1047 2510 Quo
1099 2432 1298 2506 ecnictiprum
1322 2433 1516 2507 pur-potione
1539 2433 1631 2512 facto
1649 2439 1797 2508 peceato·

360 2528 499 2598 peetrernc
528 2517 618 2580 modo
647 2519 737 2579 vertit
762 2519 912 2599 interpree
941 2517 1046 2596 Syme.
1100 2536 1173 2577 rum
1182 2523 1373 2577 nostrorum.
1396 2517 1797 2598 Gcneoneteditioflyriecn,

358 2605 441 2666 flectit
463 2605 642 2687 Apoetolur,
664 2605 772 2665 Filium
788 2607 862 2678 Dei,
889 2623 1047 2685 perquem
1100 2604 1159 2664 niei
1174 2603 1256 2685 quod
1278 2624 1443 2682 pronomen
1463 2613 1647 2668 nostrorum
1669 2626 1729 2667 non
1745 2604 1797 2666 cd·

356 2689 464 2753 diruet
479 2713 500 2753 n
514 2693 608 2753 Patre
622 2693 702 2752 lecte
724 2710 791 2752 eeee
813 2692 947 2764 eeecule,
974 2709 1045 2751 eun·
1099 2690 1161 2751 dut.
1199 2689 1260 2749 Hic
1270 2691 1335 2769 jem
1351 2711 1369 2750 e
1384 2690 1488 2753 divine
1503 2692 1614 2754 Obrieti
1635 2701 1742 2753 nature
1757 2692 1797 2754 cd

354 2777 412 2838 den
426 2781 548 2853 omnin,
563 2797 644 2860 qnee
659 2777 742 2838 iectu
752 2786 837 2850 eunt,
852 2780 1000 2839 euetinere
1015 2787 1047 2837 et
1101 2777 1257 2838 humeuem
1268 2777 1433 2858 Apostolue
1444 2778 1535 2858 redit3
1547 2778 1635 2841 eimul
1646 2779 1798 2859 hucpertc

354 2882 530 2927 conuenere
550 2864 645 2929 verbo
664 2871 695 2926 et
718 2866 843 2946 imperio
865 2884 938 2927 enee
962 2872 1046 2945 pote·
1099 2862 1299 2944 complectens
1328 2885 1472 2929 eummem
1504 2869 1678 2949 argumenti
1702 2868 1798 2930 totino

353 2955 447 3030 stetin
474 2951 507 3015 id
523 2963 573 3014 eet
588 2953 786 3033 omnipotenti
801 2972 858 3014 ene
872 2953 1046 3026 volnutete;
1099 2950 1264 3031 Epietolue.
1288 2951 1426 3018 christu·
1441 2956 1534 3026 enim,
1556 2962 1591 3014 ut
1604 2954 1709 3029 homo,
1728 2975 1796 3035 pee-

353 3038 428 3118 quod
449 3041 483 3101 ni
507 3039 640 3113 luceret,
667 3041 765 3099 omniu
789 3041 995 3102 relaberentur
1016 3040 1047 3099 in
1099 3041 1185 3099 eione
1200 3056 1256 3098 ene
1271 3042 1476 3103 remissionem
1491 3040 1723 3103 etebolitionem
1735 3061 1796 3102 om·

353 3125 482 3188 nibssunu
503 3126 576 3210 Hoc
596 3144 718 3206 quoque
731 3126 805 3187 Filii
820 3125 962 3207 elogium,
982 3145 1045 3206 per·
1099 3128 1181 3186 nium
1208 3136 1398 3205 peccatorum
1424 3138 1589 3191 nostrorum
1615 3130 1796 3209 promeruitp

352 3211 416 3272 lnde
429 3222 465 3271 nt
478 3214 655 3293 reperiere,
677 3210 810 3274 divinem
827 3214 893 3293 ejue
908 3220 1046 3273 naturum
1099 3232 1136 3273 ec
1149 3231 1207 3293 pro
1222 3213 1259 3273 iie
1273 3216 1448 3294 plenieeime
1463 3216 1628 3293 eetieiecit3
1643 3214 1796 3277 offerendo

351 3301 538 3377 epertieeime
552 3298 691 3360 decumo
721 3300 864 3361 Eruemue
878 3301 927 3360 bic
941 3298 1048 3360 meluit
1098 3299 1293 3378 remetiprum
1316 3303 1382 3362 Deo
1404 3304 1488 3365 Petri
1512 3324 1567 3383 pro
1588 3303 1675 3364 nobie
1698 3304 1729 3363 in
1749 3322 1795 3363 eu·

351 3386 471 3446 verbum
485 3386 652 3447 moderari
659 3409 672 3464 ,·
690 3386 772 3467 quod
787 3388 846 3447 etei
862 3404 1046 3467 coneequene
1099 3384 1250 3446 orificium.
1288 3389 1379 3470 Quod
1399 3390 1547 3469 significet
1568 3388 1622 3451 ille
1640 3389 1797 3470 perticule,

352 3473 388 3531 eit
398 3491 439 3534 er
453 3491 507 3545 eu,
527 3471 609 3553 quod
623 3472 787 3553 Apoetolne
806 3471 886 3548 dicit,
910 3473 1046 3553 ejusdem
1098 3493 1117 3532 e
1132 3470 1259 3534 Greeeie
1281 3477 1492 3555 interpretibue
1507 3476 1668 3556 diligenter
1682 3495 1795 3555 expeti<

353 3559 423 3619 n'mr
437 3571 769 3632 mtremeoneemrn
785 3560 975 3622 etmcdereri
991 3578 1045 3621 eeu
1098 3578 1149 3632 eu,
1171 3577 1233 3636 per
1247 3565 1464 3639 eemctipnom,
1495 3564 1580 3646 queei
1594 3561 1691 3624 dicet:
1721 3564 1796 3624 Noe

351 3643 531 3724 rubuere:
546 3664 608 3707 non
622 3653 723 3708 temen
738 3646 769 3708 id
780 3650 900 3729 proprie
911 3648 950 3708 eb
965 3647 1045 3728 Apo·
1094 3665 1157 3723 per
1185 3652 1373 3725 euopuiucm
1403 3653 1563 3712 hircorum
1593 3658 1651 3711 uui
1677 3649 1797 3711 uitulo·

350 3731 423 3792 etolo
452 3731 657 3813 rigniflatum
693 3733 837 3808 urbium,
874 3733 929 3796 ced
960 3732 1044 3807 illud,
1097 3751 1189 3806 mm,
1227 3737 1278 3797 eod
1312 3756 1373 3814 per
1406 3742 1578 3816 proprium
1607 3740 1796 3815 ounpuincm

350 3816 427 3897 quod
444 3817 588 3880 dinimue
1095 3828 1227 3895 pecunie
1248 3830 1359 3885 neure
1378 3828 1549 3902 promovit,
1579 3832 1609 3884 ct
1632 3832 1797 3886 acumem

387 3905 483 3966 Porro
512 3904 633 3987 quidum
663 3924 703 3966 ex
732 3903 851 3967 Letinie
884 3906 1045 3985 eigniiioeri
1097 3906 1189 3967 nobie
1214 3911 1463 3988 redemptionem
1489 3915 1632 3974 irruenti:
1659 3919 1693 3972 ut
1717 3910 1796 3973 inire

349 3999 461 4069 penno,
487 3989 601 4052 Filium
627 4009 695 4070 eeee
719 3994 843 4055 verbum
858 3993 974 4064 Petrie,
1001 3995 1044 4053 eic
1098 3992 1209 4053 dicitnr
1223 4015 1289 4077 cep.
1306 3999 1334 4056 9.
1368 3999 1470 4079 Atque
1493 4001 1522 4060 in
1544 3999 1601 4059 hoc
1619 4005 1796 4079 argumento

348 4079 422 4138 enim
441 4087 615 4158 exponunt:
635 4080 777 4141 Portum
798 4082 911 4141 omniu
931 4083 1043 4157 ccipeo,
1097 4087 1191 4139 totum
1207 4083 1371 4161 Epistolem
1393 4088 1508 4146 vereeri
1531 4089 1695 4166 praecipue
1717 4084 1795 4146 dixi·

348 4166 397 4243 qui
411 4173 460 4225 eet
473 4165 601 4226 verbum
621 4165 744 4227 rirtntie
764 4185 819 4228 eeu
844 4166 968 4227 verbum
982 4169 1042 4227 vir·
1096 4185 1170 4225 mue.
1207 4169 1358 4230 Dicuntur
1379 4166 1480 4232 eutem
1501 4175 1639 4249 perpuri
1653 4179 1794 4248 peccatu,

347 4259 462 4311 tuom
477 4251 589 4311 Petris.
624 4249 683 4312 Sed
707 4251 853 4313 refellitur
875 4253 924 4313 hic
939 4272 1044 4314 eeneue
1098 4254 1200 4333 phruei
1215 4256 1396 4337 scripturae,
1412 4259 1535 4338 quendo
1547 4260 1714 4320 hominene
1727 4279 1794 4339 peo-

348 4354 383 4398 ex
395 4335 515 4400 Graeco
530 4346 633 4409 textu,
654 4337 708 4397 ubi
728 4359 784 4419 pro
806 4339 899 4400 verbo
923 4360 982 4399 nou
998 4349 1044 4401 eet
1097 4341 1172 4399 cutio
1187 4353 1369 4423 purgentur:
1385 4345 1536 4426 quomodo
1550 4345 1671 4407 utillud
1685 4346 1753 4407 Jee.
1767 4348 1795 4405 1.

349 4415 456 4499 λόγος,
484 4442 547 4504 que
569 4443 645 4487 uoce
662 4441 733 4486 neue
756 4435 801 4486 eet
814 4426 907 4488 Joeu.
927 4445 997 4506 uep.
1015 4434 1042 4492 1.
1096 4426 1322 4508 intelligendum
1344 4441 1406 4492 eet:
1427 4439 1557 4508 peceato
1578 4440 1683 4494 vestm
1702 4432 1796 4509 quari

349 4511 391 4569 rui
404 4509 585 4590 livengelil,
607 4529 670 4590 que
688 4521 718 4572 et
731 4512 805 4573 alibi
818 4532 937 4592 eemper
952 4516 1044 4576 utitur
1095 4516 1154 4575 nte
1162 4515 1406 4580 dealbabuntur.
1418 4520 1465 4579 Ite
1475 4519 1712 4601 lepremunderi,
1719 4537 1795 4578 mor·

349 4594 515 4700 Snipture,
539 4616 606 4658 cum
620 4596 717 4660 filium
731 4600 790 4660 Dei
809 4600 963 4679 denigret:
988 4602 1042 4663 eed
1094 4601 1153 4662 bue
1165 4605 1265 4664 euneri
1280 4597 1398 4666 dicitur.
1421 4605 1474 4667 Sic
1489 4616 1521 4667 et
1535 4604 1639 4667 David
1654 4613 1795 4684 precetur

348 4691 503 4765 eetpppu,
530 4682 615 4766 quod
637 4703 705 4745 eum
724 4686 755 4745 in
777 4686 940 4766 Scripturie
955 4705 1042 4749 ueurn
1095 4687 1268 4751 Peelm.1‘l.
1292 4692 1793 4767 Deuuillumioeuteeebruemcue,

348 4787 399 4830 eor
413 4771 524 4844 hebd,
544 4770 598 4833 eed
611 4778 725 4831 tentum
739 4773 770 4833 in
785 4791 897 4853 genere
911 4774 1041 4837 verbum
1094 4774 1126 4836 id
1138 4784 1191 4849 eet
1205 4785 1338 4839 mentem
1349 4799 1446 4840 meum
1462 4778 1594 4859 depuleie
1607 4779 1795 4858 ignoreutm

348 4856 499 4938 rignificnt
537 4857 657 4919 Eodem
677 4860 795 4921 ratione
809 4862 902 4921 etiem
917 4862 938 4922 ii
953 4861 1040 4923 reiel·
1093 4862 1226 4926 teuebrie
1241 4862 1387 4927 illuminn
1421 4866 1532 4926 Latine
1546 4884 1670 4945 quoque
1685 4865 1795 4927 dieitur

348 4938 454 5021 lunen,
480 4945 536 5027 qui
563 4962 604 5005 ex
629 4943 780 5028 hocloco
805 4945 906 5007 doceri
934 4956 1042 5029 putent
1094 4951 1164 5028 quie
1194 4952 1306 5014 urimen
1336 4950 1488 5032 objectum
1512 4971 1659 5036 purpure,
1689 4952 1721 5015 id
1746 4960 1795 5017 eet

347 5026 481 5111 invitm
507 5030 542 5096 Β.
572 5032 608 5093 ln
635 5033 730 5096 uerit
751 5032 848 5096 liene
876 5033 1041 5118 eliquendo
1093 5035 1219 5102 diluere.
1628 5075 1632 5088 .
1678 5065 1703 5094 n.
1788 5039 1792 5048 '
