4442 5825
708 1506 775 1608 IN
810 1502 1174 1609 EPISTOLAM
1209 1500 1461 1604 PRIMAM

361 1708 700 1882 ltili
801 1696 1132 1882 litt!
1241 1702 1813 1881 trusisti

598 2030 1576 2166 tenuissimus.

881 2298 1294 2343 *moeream—

904 2500 1275 2595 ruuununu'n
1362 2544 1367 2551 ·

361 2670 464 2778 Duas
488 2716 644 2797 Epistulas
665 2738 684 2777 9
703 2717 795 2778 Putro
817 2718 965 2797 Apostolu
987 2719 1060 2779 seri·
1114 2718 1274 2798 Epistulas
1289 2716 1327 2777 99
1342 2716 1517 2779 Hebraeos:
1541 2716 1713 2792 Perpetuo
1733 2714 1812 2776 sorl-

359 2816 431 2889 ptas
445 2806 594 2907 agnoscit,
618 2805 679 2864 et
670 2825 702 2864 rn
716 2801 870 2866 (lunonem
885 2804 1060 2884 Scriptum
1110 2808 1163 2882 psi
1188 2805 1294 2880 vobis,
1322 2806 1429 2885 utiquo
1453 2803 1491 2864 99
1517 2801 1602 2863 ills
1594 2821 1658 2883 rpus
1684 2800 1812 2883 loquore

360 2911 477 2962 999999,
488 2892 554 2971 jum
570 2889 641 2953 inde
655 2891 717 2952 ab
709 2893 805 2966 initio,
820 2893 938 2972 recepit
952 2891 1060 2953 Euole-
1114 2891 1263 2973 Epistola.

360 2982 416 3042 sia.
440 2979 479 3039 Et
501 2981 624 3059 quidem
646 2980 685 3039 de
707 2979 763 3039 hae
778 2980 877 3060 priore
900 2976 995 3059 (quod
1016 2990 1059 3041 te·
1156 2979 1205 3040 At
1229 2998 1304 3060 quus
1327 2988 1426 3039 autem
1449 2977 1525 3039 haee
1547 2978 1722 3057 scriptasit,
1743 2975 1813 3055 ipsa

359 3076 460 3128 statur
483 3067 630 3127 Eusebius
654 3066 704 3125 lib.
721 3071 750 3129 3.
774 3066 882 3126 oeulos.
905 3067 976 3128 hist
992 3087 1058 3146 esp.
1112 3068 1214 3128 statim
1248 3068 1336 3127 initio
1369 3064 1502 3126 deolarat
1536 3063 1718 3146 epigraphe,
1751 3080 1812 3141 qua

360 3157 390 3216 3.
406 3162 439 3214 ot
453 3149 496 3232 4.)
519 3153 603 3214 nulla
617 3153 673 3213 fnit
687 3172 831 3233 umquam
847 3156 1058 3226 controversia,
1113 3153 1238 3215 dieitur.
1280 3153 1421 3215 Advenis
1459 3153 1665 3229 dispersionis
1701 3151 1810 3223 Ponti,

359 3242 435 3323 quin
456 3249 490 3302 st
512 3243 606 3322 ipsios
621 3241 704 3302 Petri
719 3251 807 3314 osset,
831 3242 885 3319 qni
907 3240 938 3299 in
961 3240 1059 3301 fronte
1115 3240 1263 3303 Galatiae
1279 3248 1333 3301 ete.
1356 3239 1417 3300 Ubi
1442 3242 1516 3320 quia
1537 3241 1635 3319 primo
1650 3236 1717 3299 looo
1731 3236 1811 3297 Pou-

358 3329 546 3402 uuminatnr,
579 3330 639 3389 imo
666 3328 823 3407 seipsum
848 3328 998 3401 nominat,
1028 3334 1060 3388 ot
1112 3338 1161 3388 tus
1186 3329 1266 3389 inter
1291 3328 1448 3406 regiones,
1473 3325 1513 3387 99
1539 3339 1622 3407 quaa
1640 3327 1731 3386 missa
1756 3331 1811 3398 est,

358 3414 489 3497 proinde
500 3414 587 3476 libris
599 3416 752 3475 eanoniois
761 3415 913 3475 accenseri
924 3413 1057 3475 deberet
1111 3416 1290 3488 nominatur,
1308 3414 1489 3476 9999999999
1501 3414 1650 3491 Epistola
1664 3411 1708 3472 99
1720 3411 1809 3472 Post·

360 3500 422 3564 899
445 3501 484 3562 99
505 3503 704 3581 posteriores
720 3503 838 3579 quibus,
860 3508 891 3560 st
913 3519 1002 3580 quarn
1019 3500 1057 3562 ob
1111 3505 1188 3563 tiens
1213 3502 1347 3582 apellata
1368 3499 1441 3575 tuit,
1468 3509 1501 3561 nt
1522 3521 1541 3561 9
1563 3499 1749 3561 Tertulliano
1774 3498 1807 3560 iu

359 3606 483 3651 ausam
505 3589 671 3669 aliquando
690 3587 862 3648 dubitatum
876 3587 977 3660 luerit,
1000 3608 1057 3648 suo
1110 3590 1169 3650 tino
1191 3588 1348 3669 Suorpisoi
1370 3585 1515 3649 99999999
1539 3586 1646 3648 (inest
1662 3595 1695 3647 ut
1709 3605 1728 3646 9
1742 3582 1805 3664 07²

359 3675 428 3737 loeo
449 3674 593 3736 disemus.
616 3676 780 3737 Existimat
798 3675 974 3735 Erasmus
965 3695 997 3734 sn
1012 3693 1054 3735 ar
1112 3678 1217 3755 priano
1233 3675 1284 3738 lib.
1301 3676 1331 3735 3.
1347 3682 1414 3735 test
1431 3694 1497 3755 sap.
1515 3676 1565 3736 36
1582 3682 1612 3734 st
1629 3677 1689 3737 ut.

360 3770 513 3840 gumento,
526 3761 1056 3865 quodpraemisitparaphrasihujus
1154 3763 1319 3844 Quaeritur
1341 3771 1449 3836 autem,
1470 3775 1569 3824 utrum
1595 3762 1636 3822 orl
1657 3756 1805 3832 Judsoot,

359 3849 530 3953 Epistulae,
557 3869 594 3910 ao
614 3868 718 3909 rursus
739 3850 770 3909 in
792 3850 859 3927 ipsa
878 3849 1057 3928 paraphrasi
1110 3869 1149 3912 an
1172 3848 1210 3909 ad
1233 3849 1361 3929 gentiles
1386 3850 1572 3930 scriptasit
1606 3846 1656 3907 Ad
1676 3843 1808 3927 gentilos

359 3937 471 4015 eoprtrs
482 3936 587 4010 ultrmr,
600 3936 723 3996 Petrum
735 3943 805 3995 outo
816 3935 871 3994 has
883 3933 957 3995 duos
966 3936 1056 3996 alsam
1111 3937 1254 4017 scriptam
1276 3935 1387 4009 inisse,
1414 3956 1454 3996 su
1476 3947 1515 3997 99
1535 3934 1657 3996 videtur
1679 3929 1805 4003 ostendi,

359 4021 461 4084 adhue
476 4032 507 4084 st
521 4023 560 4084 99
575 4023 695 4083 eosdem
708 4021 879 4103 Epistulam
892 4023 1055 4102 scripsisse,
1110 4023 1192 4104 quud
1208 4043 1272 4103 usp.
1289 4026 1319 4082 9
1336 4021 1422 4084 dicit:
1444 4026 1506 4103 Qui
1520 4020 1699 4100 9999999999)
1714 4022 1806 4082 Nost·

359 4119 521 4190 propteroe
544 4111 649 4192 quud
640 4131 670 4170 rn
692 4110 754 4170 tius
769 4109 859 4187 hujus
875 4108 970 4168 diost:
993 4112 1057 4171 Per
1106 4112 1249 4188 popalus
1264 4112 1335 4185 Dei,
1350 4128 1440 4172 9999
1453 4115 1558 4172 uuum
1570 4111 1712 4188 popalus
1723 4111 1806 4185 Dei,-

359 4198 530 4259 8999999999
548 4197 670 4274 fidelem
686 4196 824 4274 fratrem
836 4195 934 4272 99999,
949 4204 987 4256 ut
1000 4215 1056 4256 ur·
1110 4200 1165 4275 qut
1179 4215 1248 4258 999
1263 4200 1420 4258 consecuti
1435 4199 1696 4273 misericordiam,
1717 4213 1806 4259 9999

361 4284 481 4360 bitror,
505 4286 642 4345 99999999
662 4286 781 4360 scripsi.
812 4281 873 4343 Sed
895 4282 1057 4344 manifeste
1110 4291 1217 4346 uatem
1247 4284 1498 4345 misericordium
1526 4288 1691 4346 99999999.
1736 4284 1805 4342 Huo

360 4390 427 4432 eam
442 4373 612 4453 opinionem
628 4369 814 4450 redarguunt
830 4368 989 4430 illavorbs
1004 4390 1055 4450 po·
1111 4373 1189 4432 enirn
1219 4372 1436 4443 testinnonium,
1473 4363 1520 4433 ex‘
1546 4369 1626 4432 Osos
1653 4368 1807 4450 Propheta

360 4461 496 4520 sturionis
522 4458 678 4539 Epistulas
704 4477 769 4536 esp.
793 4456 839 4515 3.:
871 4457 966 4518 Hono
991 4475 1057 4518 auos
1110 4464 1269 4537 sumptum,
1284 4457 1447 4519 Puulusad
1460 4460 1545 4520 Rom.
1557 4463 1585 4522 9.
1598 4459 1637 4519 99
1647 4459 1807 4519 voeatione

359 4547 459 4624 uobis,
483 4548 649 4621 9999999999,
672 4544 845 4606 seeundum
859 4544 959 4605 999999
974 4548 1057 4621 Epi·
1110 4547 1243 4625 gentium
1259 4546 1480 4625 interpretatur.
1503 4546 1574 4606 Huo
1590 4555 1622 4608 at
1635 4546 1697 4606 alia
1712 4547 1805 4626 quisse²

359 4635 482 4695 stolum.
505 4633 577 4694 Non
591 4635 671 4693 enim
682 4629 855 4701 seeundum,
870 4630 924 4691 ssd
937 4634 1056 4691 tertiam
1110 4631 1179 4692 dam
1201 4631 1331 4707 faciunt,
1362 4641 1395 4691 ut
1420 4633 1498 4695 illud
1524 4632 1660 4711 ejusdem
1684 4630 1806 4713 capita

360 4720 462 4784 999999
479 4721 589 4793 debuit,
612 4722 638 4780 si
654 4718 732 4780 9999
744 4719 807 4795 jam
824 4726 914 4777 antea
929 4719 1054 4799 seripse·
1110 4720 1155 4780 Et
1168 4722 1231 4795 ipsi
1243 4726 1408 4795 tamquam
1430 4719 1554 4795 lapides
1572 4722 1806 4796 uioisuptroa·

359 4817 414 4870 rat
437 4809 533 4869 Porro
556 4806 667 4879 disens,
688 4824 722 4865 se
745 4823 800 4883 por
816 4804 973 4864 Silvanum
988 4805 1058 4865 sori·
1111 4805 1298 4881 dificumiui.
1339 4805 1435 4885 Quasi
1466 4807 1563 4867 dieat:
1594 4806 1663 4866 Nun
1689 4813 1809 4867 tanturn

359 4895 467 4975 puisse,
487 4913 548 4955 uon
570 4893 610 4954 99
630 4892 699 4961 alia,
718 4888 773 4951 999
796 4888 834 4949 99
855 4890 913 4950 boo
934 4892 1000 4971 ipsa
1015 4890 1057 4950 lo·
1112 4897 1163 4971 qui
1187 4912 1228 4952 ex
1249 4890 1387 4965 Judaois,
1410 4891 1465 4953 sed
1488 4893 1580 4953 etism
1599 4911 1664 4967 vos,
1691 4894 1744 4973 qui
1766 4899 1809 4962 99

362 4984 468 5064 quitur
495 4979 643 5062 Epistula
681 4977 767 5039 Siout
795 4976 911 5037 Paulus
939 4978 972 5038 in
1000 4977 1059 5040 999
1110 4977 1272 5058 gontibns3
1295 4977 1445 5058 quomodo
1467 4976 1691 5042 termePaulus
1708 4979 1806 5063 loqui*

1528 5078 1600 5149 91*
