4442 5825
806 591 969 647 aristote!
987 592 1004 646 l.
1026 593 1111 647 estu
1129 589 1261 645 sottum.
1295 587 1379 642 vens.
1397 584 1422 641 8.

380 772 489 851 primo,
505 788 527 829 o
540 771 678 847 propria
693 768 949 844 coucupiscentia
974 777 1079 829 tenta·

381 867 450 932 toa,
472 859 647 918 abmoctoe
669 863 699 917 et
720 858 850 930 illectae,
875 859 929 934 qui
944 855 1079 934 proinde,

376 946 470 1023 juxta
494 962 612 1005 sensum
639 943 762 1018 datum,
792 943 851 1003 dici
878 962 937 1004 non
964 944 1082 1022 possint

382 1051 452 1093 esse
474 1049 514 1091 ex
535 1029 674 1090 diabolo:
696 1029 878 1110 respondeo,
902 1039 985 1090 recte
1012 1029 1081 1101 dici,

380 1116 541 1179 diabolum
552 1120 647 1178 omnis
660 1119 778 1196 peccati
789 1118 820 1176 in
832 1116 962 1177 humano
971 1134 1082 1196 genere

380 1212 537 1265 auctorem
567 1222 634 1264 esse
666 1202 858 1282 suggerendo
889 1211 982 1283 atque
1014 1221 1080 1261 eua-

380 1291 503 1367 deudo3
525 1310 586 1351 uon
608 1288 729 1371 quidem
752 1308 869 1370 semper
893 1289 1081 1363 immediate;

382 1376 440 1439 sed
457 1380 538 1456 quia,
554 1379 736 1456 quicumque
748 1384 860 1455 peccet,
876 1395 915 1435 ex
927 1395 964 1435 ea
975 1375 1082 1436 saltem

381 1465 631 1543 concupiscentia
653 1462 693 1523 ed
716 1461 899 1542 peccandum
922 1463 1081 1534 inducitur,

382 1568 475 1632 quae,
498 1549 619 1611 diabolo
635 1568 690 1628 per
706 1549 878 1610 suasionem
893 1556 1024 1621 auctore,
1040 1550 1081 1607 in·

382 1646 475 1698 recu
499 1645 546 1697 est
568 1643 599 1697 st
618 1635 728 1696 diffusa
752 1638 782 1696 in
806 1645 901 1695 totum
924 1655 1018 1714 genus
1033 1635 1083 1693 hu·

380 1742 515 1785 manum.

429 1812 591 1891 Quoniam
614 1809 654 1868 ab
677 1812 772 1870 tuitio
795 1808 942 1868 diadolus
964 1815 1082 1884 peccat.

382 1897 457 1959 Non
472 1899 564 1958 scutit
574 1895 751 1975 Apostolus,
768 1896 806 1955 ab
819 1897 903 1956 initio
915 1913 989 1954 suae
1000 1913 1083 1954 crea·

382 1986 479 2046 tionis
490 1981 643 2044 diabolum
656 2001 811 2063 peccasse,
827 1980 975 2063 quomodo
986 1980 1084 2041 locum

383 2072 469 2132 huuc
494 2069 617 2152 quidam
643 2070 722 2130 male
748 2069 978 2143 intellexerunt3
1006 2087 1084 2146 quae

383 2159 537 2220 sententia
558 2159 662 2218 merito
686 2165 733 2217 est
753 2156 791 2216 ab
815 2156 953 2216 Ecclesia
970 2155 1085 2233 rejecta

383 2254 482 2325 atque
503 2243 661 2316 damnata,
685 2252 834 2323 umquem
854 2243 1016 2322 Scripturie
1032 2241 1083 2301 ad·

383 2351 486 2404 amsa,
503 2350 582 2411 quae
597 2328 716 2403 docent,
739 2328 893 2390 diabolum
908 2348 963 2410 per
978 2347 1083 2407 super·

383 2418 469 2480 biam
496 2415 645 2479 cecidisse
675 2437 694 2478 e
724 2425 805 2477 statu
834 2414 1020 2477 rectitudinis
1049 2434 1085 2474 ac

383 2505 552 2577 felicitatis,
574 2505 606 2565 in
628 2525 688 2585 quo
711 2514 830 2564 creatus
846 2503 962 2576 fueret;
982 2521 1084 2581 quem·

383 2591 549 2653 admodum
575 2591 760 2652 ostendimus
786 2592 818 2651 in
840 2588 1004 2652 secundum
1019 2607 1084 2647 sen·

384 2686 462 2739 tent
477 2678 609 2739 distinct
625 2680 654 2738 3.
676 2676 738 2738 Sed
754 2696 858 2737 sensus
873 2675 1011 2756 Apostoli
1023 2684 1084 2735 est:

385 2766 435 2828 Ab
451 2768 559 2839 tuitio,
581 2765 613 2825 id
629 2773 683 2836 est,
708 2763 762 2824 sub
780 2766 875 2843 ipsius
889 2763 1004 2823 muudi
1019 2764 1085 2821 iui-

384 2855 480 2928 tium,
496 2853 597 2911 statim
609 2849 741 2911 emundi
757 2853 915 2924 creatione,
932 2848 1084 2910 diabolum

384 2957 539 3021 poeeesoe,
552 2958 619 3000 cum
628 2937 834 3019 priusnullnm
848 2946 929 2998 esset
938 2939 967 2996 in
976 2935 1086 2996 mundo

384 3035 554 3106 peecatum.
589 3026 657 3106 Quo
674 3028 764 3085 etiam
779 3043 866 3084 sensu
882 3024 1032 3084 Dominus
1048 3021 1086 3082 de

384 3132 422 3175 eo
438 3111 515 3173 dicit
529 3113 620 3173 Joen.
638 3116 682 3174 8.:
711 3113 771 3172 lile
788 3119 856 3171 erat
870 3111 1029 3171 homicida
1045 3109 1085 3169 ab

384 3203 492 3264 initio.
516 3198 595 3259 Nam
610 3207 641 3260 et
655 3199 728 3259 alibi
745 3197 835 3258 illud:
859 3197 898 3257 ab
914 3200 1020 3272 tuitio,
1043 3198 1086 3256 aio

384 3287 556 3365 accipitur3
579 3295 614 3346 ut
635 3285 743 3345 Matth.
769 3288 817 3345 19.
841 3292 871 3343 et
896 3284 989 3343 Marc.
1020 3285 1085 3343 10.:

312 3425 319 3436 „
386 3374 437 3436 Ab
453 3374 549 3432 iuitio
561 3380 729 3433 creaturae
741 3371 917 3432 marculum
930 3378 959 3429 et
968 3372 1086 3447 foemi-

383 3478 467 3524 nam
481 3460 559 3537 fecit
574 3478 624 3521 eor
638 3462 735 3520 Deua.

433 3545 524 3619 Jam,
546 3555 581 3607 ut
603 3548 705 3606 valeat
728 3546 881 3626 probatio,
904 3563 991 3624 quam
1015 3542 1088 3602 facit

385 3632 565 3715 Apostolus,
581 3632 807 3712 intelligendum
823 3640 877 3706 est,
893 3632 936 3691 ita
951 3629 989 3690 ab
1002 3630 1086 3690 initio

385 3719 545 3782 diabolum
560 3738 713 3799 peccasse,
736 3728 770 3778 ιι
784 3718 821 3779 eb
838 3738 882 3791 eo,
905 3715 989 3778 velut
1007 3717 1085 3795 prin·

385 3808 470 3887 cipio
482 3806 623 3887 quodam,
635 3814 787 3886 peccatum
800 3805 839 3865 ad
851 3804 925 3864 alios
938 3804 1086 3863 transiret

384 3894 478 3965 Nem,
492 3903 527 3953 ut
542 3893 594 3954 ille
609 3894 722 3973 primus
737 3893 883 3972 peccavit,
898 3893 942 3950 ita
961 3892 1086 3950 caeteris

385 3980 548 4052 omuibus,
574 3982 751 4061 quicumque
778 3985 998 4058 peccaverunt,
1025 3984 1085 4035 tam

384 4067 514 4147 angelis,
530 4086 621 4145 quam
633 4065 810 4138 hominibus,
827 4073 929 4125 auctor
940 4062 1085 4144 peccandi

384 4153 455 4215 tete
480 4154 561 4213 Hinc
576 4172 647 4233 argo
662 4155 808 4230 sequitur,
831 4171 939 4213 omues
955 4169 1014 4224 eos,
1032 4153 1086 4226 qui

383 4243 518 4322 [aciuui
529 4248 704 4316 peccatum,
723 4257 761 4301 ea
773 4239 899 4299 diabolo
911 4257 982 4312 erae,
997 4255 1086 4297 sensu

384 4329 529 4390 nimirum
547 4328 627 4405 prius
643 4324 802 4406 explicato.

429 4412 607 4474 Notandum
622 4432 743 4492 qnoque
758 4421 812 4484 est,
833 4410 1010 4491 Apostolum
1027 4430 1086 4470 non

387 4500 508 4562 dicere:
528 4504 674 4576 peccavit
695 4499 734 4559 ad
749 4501 855 4573 tuitio,
876 4497 945 4557 sed:
965 4504 1084 4575 peccat,

386 4588 471 4669 quic,
493 4596 528 4646 ut
542 4588 586 4646 eit
600 4585 693 4660 Beda,
717 4604 755 4648 ee
775 4604 837 4663 quo
853 4585 998 4645 diabolus
1010 4604 1085 4661 pec·

387 4693 463 4735 care
477 4675 598 4750 coepit,
622 4691 799 4749 numquam
811 4689 945 4748 peccare
960 4672 1085 4732 desiuit.

388 4761 428 4822 lu
452 4759 574 4840 quidem
598 4779 716 4840 semper
740 4761 881 4819 contiuuo
902 4766 1008 4838 peccat
1023 4757 1084 4817 dia·

389 4845 486 4920 bolus,
499 4856 563 4906 tum
575 4865 635 4906 uno
648 4855 719 4906 actu
731 4848 854 4925 peccati,
866 4865 973 4924 nempe
985 4864 1085 4924 super-

390 4931 468 5007 liae,
484 4951 546 5016 qua
561 4935 686 5012 primum
702 4934 857 5010 peccavit3
873 4940 934 4992 tum
951 4930 1087 5010 plurimis

390 5032 479 5104 atque
502 5021 667 5081 innumeris
690 5018 759 5080 eliis
772 5020 915 5100 peccatis,
935 5017 1087 5092 tentando,

434 5136 505 5180 nil.
523 5135 591 5176 latit
609 5138 684 5177 een.
697 5136 754 5175 teu.
767 5134 803 5175 ΙΙΙ.

1756 595 1825 661 ⁷21

1135 767 1329 846 nocendoque
1351 763 1530 825 hominibus.
1567 761 1647 823 Nam
1669 762 1707 823 ab
1729 762 1829 843 hujus·

1135 856 1215 914 modi
1229 872 1392 932 numquam
1407 853 1531 911 feriatur
1545 860 1598 910 aut
1613 858 1727 925 cessat,
1749 851 1831 930 quia,

1135 944 1213 1002 sicut
1238 959 1305 1001 aaa
1332 938 1529 1012 dormitabit,
1556 955 1657 1016 aeque
1684 938 1830 1012 dormiet,

1136 1033 1190 1105 qui
1216 1027 1350 1088 custodit
1377 1027 1499 1098 Israel,
1528 1023 1641 1085 Psalm.
1671 1026 1761 1097 120„
1788 1026 1832 1084 ite

1135 1133 1297 1194 numquam
1324 1112 1477 1185 dormitat,
1502 1130 1606 1190 neque
1634 1110 1752 1185 dormit,
1779 1113 1833 1190 qui

1137 1204 1295 1280 impugnet
1324 1199 1427 1260 Israel.
1471 1198 1549 1259 Sunt
1578 1207 1677 1258 antem
1708 1206 1834 1276 peccate

1138 1290 1204 1366 ejus
1219 1289 1319 1347 omnia
1339 1287 1477 1347 mortalia
1499 1296 1621 1366 propter
1641 1286 1831 1345 circumstan-

1138 1379 1209 1434 tiam
1224 1375 1307 1448 finis3
1324 1371 1579 1451 quemadmodum
1596 1371 1684 1432 docet
1698 1371 1729 1431 S.
1747 1370 1830 1431 Tho·

1137 1481 1201 1521 maa
1220 1467 1245 1520 l.
1261 1463 1290 1520 2.
1307 1480 1335 1540 q.
1349 1460 1400 1522 89.
1414 1468 1467 1519 art.
1480 1463 1508 1519 4.
1526 1461 1557 1518 iu
1569 1477 1692 1539 corpore
1708 1466 1738 1517 et
1753 1457 1793 1517 ad
1805 1461 1834 1520 3.

1181 1550 1222 1607 Iu
1244 1548 1302 1607 hoo
1325 1549 1481 1622 apparuit
1496 1546 1599 1607 Filius
1613 1548 1694 1619 Dei,
1717 1552 1754 1604 ut
1769 1545 1835 1605 die·

1137 1637 1240 1695 soluat
1255 1651 1353 1710 opera
1376 1633 1504 1693 dioboli.
1537 1634 1579 1695 Iu
1600 1635 1676 1708 hoc,
1700 1631 1835 1692 Graece:

1138 1713 1184 1788 εἰς
1199 1720 1300 1794 τοῦτο,
1324 1721 1368 1779 ad
1385 1722 1461 1796 hoc,
1485 1722 1521 1780 ira
1536 1739 1606 1780 eum
1621 1718 1727 1796 duem.
1757 1720 1834 1778 Die·

1137 1810 1250 1882 solvat,
1267 1801 1355 1885 λύσῃ,
1379 1809 1491 1882 rotoor,
1508 1826 1562 1867 seu
1576 1810 1675 1887 potius
1690 1806 1833 1866 solveret.

1138 1895 1260 1973 Repetit
1282 1897 1362 1954 enim
1385 1893 1552 1973 Apostolus
1576 1894 1646 1954 aliis
1669 1892 1768 1954 vorbis
1793 1890 1835 1966 id,

1139 1981 1220 2061 quod
1236 2000 1328 2060 supra
1350 2001 1429 2041 vers.
1447 1984 1494 2042 5.:
1518 1981 1579 2040 lile
1602 1982 1775 2057 apparuit,
1798 1987 1836 2039 ut

1137 2075 1266 2146 peccata
1290 2075 1400 2130 uestra
1423 2069 1554 2129 tolleret.
1579 2068 1669 2128 Unde
1691 2074 1723 2126 et
1741 2066 1833 2127 mani·

1138 2155 1246 2216 festum
1269 2166 1322 2228 est,
1347 2175 1401 2235 per
1421 2174 1519 2231 opero
1536 2155 1656 2215 diaboli
1670 2154 1836 2232 significari

1139 2250 1270 2322 peccata.
1295 2242 1382 2322 Quae
1398 2241 1518 2322 quidem
1534 2260 1632 2318 opera
1647 2241 1768 2301 diaboli
1783 2260 1835 2301 vo·

1140 2339 1265 2403 cantur,
1301 2332 1374 2407 quia
1404 2329 1541 2388 diabolus
1572 2348 1673 2388 eorum
1704 2329 1835 2388 omnium

1139 2427 1243 2477 auctor
1268 2423 1313 2477 est
1340 2435 1376 2475 ea
1402 2417 1539 2487 ratione,
1570 2436 1662 2496 qnam
1691 2417 1835 2495 superius

1140 2504 1301 2563 attulimus.
1319 2501 1410 2562 Patet
1425 2504 1524 2576 etiam,
1539 2500 1615 2562 haec
1629 2502 1706 2563 duo:
1725 2504 1835 2564 tollere

1137 2598 1268 2666 peccata
1279 2635 1289 2666 ,
1320 2598 1350 2648 et
1381 2591 1548 2650 dissolvere
1574 2608 1673 2665 opera
1702 2589 1835 2666 diaboli,

1140 2677 1246 2737 eedem
1271 2695 1347 2748 esse,
1370 2679 1478 2737 saltem
1498 2678 1742 2737 concomitanter.
1772 2677 1834 2738 Ita-

1141 2784 1199 2845 que
1225 2781 1331 2824 sensus
1351 2772 1411 2823 est:
1439 2766 1500 2826 Dei
1521 2764 1641 2824 Filium
1662 2770 1835 2841 propterca

1141 2852 1171 2910 in
1195 2861 1314 2911 nostrae
1336 2853 1434 2918 camis
1450 2850 1620 2911 substantia
1634 2854 1834 2928 apparuisse,

1141 2937 1171 2997 id
1187 2948 1239 3008 est,
1256 2940 1440 2999 incarnatum
1457 2957 1532 3011 esse,
1548 2945 1584 2996 ut
1598 2957 1652 3018 per
1667 2958 1750 2999 auam
1766 2958 1834 3020 pas·

1141 3025 1255 3085 sionem
1287 3026 1419 3086 solveret
1445 3045 1481 3085 ao
1507 3023 1674 3085 destrueret
1699 3034 1833 3104 peccate,

1142 3131 1221 3191 quae
1237 3112 1375 3172 diabolus
1387 3116 1419 3173 iu
1430 3131 1525 3192 genus
1538 3111 1697 3172 humanum
1710 3114 1835 3175 invexit

1185 3198 1291 3279 Itaque
1317 3200 1443 3259 solvisse
1465 3218 1502 3259 ea
1522 3197 1640 3272 dicitur,
1667 3202 1741 3279 quia
1767 3219 1835 3279 pre·

1141 3287 1215 3343 tium
1231 3284 1316 3345 dedit
1330 3286 1551 3365 redemptionis,
1568 3305 1629 3364 quo
1646 3286 1835 3348 solverentur

1141 3382 1172 3430 ot
1201 3372 1390 3432 abolerentur
1421 3381 1566 3452 peccata,
1605 3380 1725 3453 propter
1754 3392 1834 3452 quae

1142 3476 1257 3519 eramus
1288 3458 1342 3519 sub
1373 3459 1486 3520 diaboli
1525 3466 1675 3537 potestate
1712 3462 1834 3540 captivi.

1142 3544 1204 3624 Qui
1230 3545 1347 3625 legunt:
1376 3548 1479 3607 solvat
1504 3555 1557 3605 aot
1584 3547 1757 3621 dissolvat,
1787 3567 1834 3609 re-

1141 3630 1241 3692 ferunt
1263 3633 1318 3692 hoc
1339 3633 1466 3694 verbum
1483 3632 1522 3693 ad
1538 3632 1661 3692 effectus
1677 3635 1835 3715 passionis,

1141 3737 1217 3797 quos
1232 3721 1312 3779 omni
1328 3730 1463 3800 tempore
1477 3720 1575 3780 Filius
1591 3720 1648 3780 Dei
1664 3720 1694 3782 in
1709 3722 1833 3784 homini·

1142 3804 1197 3866 bus
1214 3813 1369 3886 oporatur3
1393 3806 1535 3868 videlicet
1549 3807 1750 3869 convertendo
1766 3828 1832 3888 pec·

1141 3900 1258 3952 catores
1280 3901 1311 3952 et
1333 3892 1493 3953 salutarem
1510 3895 1722 3974 poenitentiam
1739 3897 1776 3955 iis
1790 3897 1833 3957 iu-

1141 3977 1300 4058 spirando;
1316 3979 1426 4040 deinde
1441 3990 1565 4060 peccata
1575 3999 1630 4039 eeu
1643 3992 1835 4060 peccatorum

1141 4066 1273 4126 maculas
1299 4085 1336 4125 ex
1364 4067 1471 4127 animis
1498 4066 1634 4139 delendo,
1659 4088 1835 4150 poenasque

1141 4152 1230 4211 simul
1246 4173 1299 4232 pro
1315 4154 1352 4213 iis
1364 4153 1482 4214 debitas
1495 4153 1689 4231 remittendo;
1704 4155 1835 4238 denique

1141 4249 1329 4316 peccatorum
1353 4241 1494 4319 reliquias
1517 4259 1622 4301 omnes
1646 4244 1767 4321 penitus
1782 4262 1834 4304 eu·

1140 4324 1272 4384 ferendo.
1321 4328 1422 4387 Solvit
1455 4336 1556 4386 autem
1587 4345 1685 4404 opera
1715 4329 1836 4391 diaboli

1141 4413 1245 4472 Filius
1268 4413 1328 4473 Dei
1350 4434 1410 4492 non
1438 4415 1469 4474 in
1496 4413 1632 4475 omnibus
1654 4415 1835 4490 hominibus,

1141 4499 1194 4559 sed
1218 4502 1249 4558 in
1273 4499 1385 4559 electio.
1416 4501 1495 4560 Nam
1514 4502 1545 4561 in
1560 4503 1696 4579 reprobis
1713 4521 1750 4563 ea
1764 4523 1833 4584 pec·

1141 4595 1216 4658 cata,
1240 4607 1306 4646 com
1330 4588 1442 4665 quibus
1465 4588 1535 4648 hinc
1558 4587 1727 4663 discedunt,
1750 4609 1833 4651 num·

1141 4691 1231 4751 quam
1247 4672 1412 4734 solvuntur.
1447 4674 1536 4734 Hanc
1551 4671 1688 4736 solvendi
1704 4684 1834 4756 potesta·

1139 4766 1197 4818 tem
1221 4758 1359 4820 Christus
1382 4781 1422 4821 ex
1449 4768 1534 4839 parte
1555 4760 1686 4841 quadam
1706 4782 1834 4824 commu·

1139 4847 1251 4905 nioavit
1265 4846 1423 4909 Ecclesiae
1439 4847 1589 4927 praelatis,
1614 4850 1723 4928 quibus
1739 4849 1835 4912 dixit:

1141 4935 1362 5011 Quaecumque
1395 4935 1551 4995 solveritis
1578 4954 1674 5012 cuper
1703 4945 1834 5015 terram,

1144 5027 1238 5081 emat
1252 5021 1356 5082 soluta
1372 5029 1402 5082 et
1415 5025 1452 5083 iu
1467 5021 1562 5099 coelo,
1584 5023 1690 5085 March.
1708 5026 1767 5099 18,
1788 5032 1833 5086 et:

1587 5130 1629 5189 46
