4442 5825
755 604 917 660 BPleOLAB
934 605 952 659 l.
970 605 1057 658 sutri
1073 602 1209 659 tumbis.
1244 602 1328 658 Vm
1350 604 1390 658 ll·
1410 603 1450 657 ta.
1749 609 1821 680 725

374 783 522 843 invicem.
552 774 633 843 Hinc
656 802 726 862 ergo
748 782 901 860 seqnitur,
922 801 999 854 eum,
1021 781 1073 860 qni
1123 780 1224 859 quid?
1247 799 1283 841 ae
1306 783 1332 840 si
1354 786 1512 859 quaereret
1526 778 1708 859 Apostolus:
1735 777 1821 860 Quid

374 865 497 929 fratrem
511 889 572 930 non
588 867 694 948 diligit,
711 888 750 928 ex
765 868 834 928 Deo
849 888 909 929 non
926 887 1001 929 esse.
1123 869 1230 942 movit,
1257 864 1333 945 quid
1361 865 1480 946 impulit
1507 885 1588 937 eum,
1615 872 1649 926 ut
1674 864 1823 928 occideret

420 956 470 1015 12.
500 956 574 1017 Nou
589 958 669 1017 simu
684 957 781 1029 Ouia,
805 956 861 1031 qui
877 973 914 1017 su
929 955 1071 1029 melipuo
1123 952 1269 1014 tratrem?
1291 954 1478 1032 Responsio:

374 1050 453 1102 crat.
478 1038 589 1102 Gracci
601 1042 705 1121 legunt
716 1041 831 1121 absque
842 1041 985 1102 relativo:
998 1042 1071 1101 Nou
1167 1043 1326 1121 Quoniam
1351 1056 1449 1116 opero
1472 1042 1539 1114 ejus
1554 1039 1698 1114 maligue
1715 1045 1820 1115 erem,

372 1129 456 1188 sieut
472 1127 554 1189 Oeta
570 1147 606 1190 es
622 1129 708 1188 melo
724 1135 801 1188 eret.
840 1127 964 1187 Utrovis
982 1124 1071 1186 modo
1122 1128 1237 1205 fratris
1260 1133 1366 1186 eutem
1390 1129 1456 1200 ejus
1473 1129 1570 1201 justu.
1602 1123 1719 1186 Occidlt
1743 1144 1821 1199 eum,

372 1214 506 1294 legatur,
532 1215 738 1294 supplemento
766 1233 841 1293 opus
867 1221 913 1274 est
938 1213 976 1273 ed
1003 1232 1069 1273 cou-
1123 1215 1238 1293 inquit,
1261 1209 1378 1273 invidia
1399 1221 1514 1286 motus,
1537 1231 1598 1291 qus
1619 1210 1775 1272 inridebat
1790 1211 1821 1273 ei

371 1301 576 1362 structionem.
612 1301 711 1362 Juxta
739 1300 884 1361 Graecam
910 1299 1070 1371 lectionem
1122 1299 1254 1377 glorium,
1270 1318 1362 1379 qnam
1378 1316 1416 1358 ex
1431 1297 1519 1359 bouis
1530 1297 1670 1378 operibus
1680 1296 1821 1371 babebat,

372 1388 416 1447 its
441 1387 574 1467 suppleri
601 1395 631 1447 et
657 1389 790 1448 construi
816 1394 916 1447 textus
941 1387 1069 1465 poterit:
1122 1405 1307 1466 persequens
1321 1385 1353 1446 in
1368 1404 1412 1459 eo,
1428 1383 1510 1465 quod
1525 1384 1622 1445 bonus
1638 1393 1710 1446 eret.
1743 1383 1820 1446 (lum

378 1475 420 1535 Ut
434 1473 576 1549 diligatis
590 1475 793 1549 alterutrum,
817 1481 847 1532 et
868 1493 928 1532 non
948 1471 1069 1532 oderitis
1123 1473 1202 1532 enlm
1233 1470 1321 1532 ambo
1355 1471 1531 1533 sacrificium
1562 1470 1629 1531 Deo
1667 1471 1819 1546 offerrent,

370 1558 493 1632 fratres,
516 1580 556 1622 ne
578 1562 644 1621 sitis
666 1580 704 1621 ex
720 1558 858 1631 diabolo,
881 1563 959 1620 sicut
975 1560 1068 1632 casu,
1123 1561 1259 1635 respexit
1278 1560 1439 1620 Dominus
1460 1558 1504 1618 ed
1519 1557 1608 1632 Abel,
1632 1565 1662 1618 et
1682 1557 1726 1617 ud
1747 1576 1820 1619 mu·

371 1645 443 1707 odio
457 1647 580 1708 fratrem
596 1665 798 1728 prosequens,
821 1663 860 1706 ee
882 1646 968 1706 melo
990 1652 1068 1706 eret.
1121 1663 1202 1707 uere
1213 1649 1291 1721 eius,
1308 1645 1531 1724 sitScriptura3
1548 1644 1592 1704 cd
1604 1645 1687 1706 Ouia
1698 1652 1817 1720 eutem,

368 1733 469 1797 Juxta
505 1735 643 1795 Letinam
679 1734 800 1794 brevius
830 1740 860 1792 et
889 1732 1070 1793 commodius
1122 1741 1151 1793 et
1173 1731 1217 1791 ed
1238 1751 1374 1794 munere
1396 1731 1485 1793 illius
1506 1749 1574 1794 mors
1589 1733 1734 1808 respexit.
1770 1730 1819 1791 lin

370 1820 431 1881 boc
451 1819 554 1881 modo:
585 1821 629 1882 Ut
644 1820 778 1900 diligatis
794 1817 982 1890 alterutrum,
1007 1838 1069 1879 non
1121 1819 1234 1899 gloria,
1260 1839 1352 1898 quam
1375 1838 1415 1880 ex
1433 1817 1520 1880 bonis
1543 1818 1686 1898 operibus
1711 1817 1819 1879 babuit

370 1915 516 1986 agentem
543 1908 620 1968 sicut
641 1905 732 1980 (lain,
761 1906 813 1985 qui
837 1923 875 1966 ex
897 1904 977 1965 malo
994 1915 1068 1967 erat
1121 1904 1216 1979 Abel,
1239 1907 1306 1966 Deo
1327 1903 1472 1966 videlicet
1493 1905 1667 1966 sacrificium
1683 1904 1764 1983 ejus,
1788 1912 1820 1965 et

369 1994 452 2055 Num
467 1995 511 2054 sic
525 2012 632 2074 agere,
655 1992 686 2054 id
702 2000 762 2064 est,
785 1991 910 2053 fratrem
926 1992 1024 2052 odisse
1038 1999 1069 2052 et
1117 1993 1280 2072 justitiam,
1304 2000 1335 2053 et
1348 2011 1442 2072 opera
1457 1990 1647 2073 approbante
1663 1992 1749 2072 signo
1764 1990 1817 2052 sli-

370 2081 520 2151 occidere,
540 2080 622 2159 quod
637 2080 689 2141 ille
703 2078 784 2150 fecit,
806 2097 865 2138 non
881 2087 925 2138 est
942 2077 1069 2157 diligere
1122 2099 1183 2159 quo
1199 2079 1366 2139 manifesto.
1384 2078 1474 2160 Quod
1487 2078 1576 2158 quale
1587 2077 1686 2150 luerit,
1702 2077 1818 2139 indicet

368 2165 511 2240 husus,
542 2166 597 2228 sed
620 2166 771 2228 dilectioni
793 2163 943 2225 fraternae
966 2184 983 2226 e
1005 2163 1066 2224 dis·
1120 2166 1220 2225 aerulo
1235 2163 1454 2226 Theodotionis
1469 2165 1508 2225 ab
1523 2165 1710 2244 Hieronymo
1722 2163 1818 2226 relata

368 2261 468 2315 metro
489 2254 678 2316 contrarium.
709 2250 816 2312 Adfert
839 2251 1002 2331 Apostolus
1018 2270 1066 2310 ex·
1121 2253 1153 2311 in
1174 2249 1389 2313 traditionibus
1412 2271 1502 2331 super
1524 2249 1673 2312 Genesim.
1702 2252 1750 2312 Es
1773 2253 1817 2312 sic

364 2339 501 2421 emplum
517 2338 611 2414 Cain,
634 2341 685 2421 qui
699 2347 731 2400 et
745 2339 872 2418 primus,
897 2345 927 2398 et
942 2337 1067 2416 insignis
1119 2337 1227 2399 babet:
1253 2340 1297 2400 Er
1316 2339 1534 2416 inflammavit
1549 2339 1709 2400 Dominus
1722 2355 1818 2414 super

364 2425 428 2487 tute
452 2445 522 2487 osor
546 2447 582 2486 ac
609 2433 781 2506 persecutor
806 2424 917 2498 fratris,
944 2432 975 2485 st
988 2426 1067 2483 inter
1120 2424 1197 2485 Abel
1220 2431 1250 2484 et
1271 2443 1368 2501 super
1392 2424 1582 2501 sucrificium
1608 2428 1675 2499 ejus
1681 2447 1694 2502 ,·
1721 2442 1817 2501 stspcr

363 2513 504 2574 homines
519 2511 741 2593 quodammodo
753 2520 846 2591 ceput
858 2519 950 2591 atque
962 2509 1066 2572 arche·
1121 2511 1203 2572 Cain
1227 2519 1345 2587 eutem,
1370 2517 1399 2572 et
1418 2529 1515 2587 super
1535 2511 1726 2589 sacrificium
1749 2515 1815 2587 ejus

363 2606 461 2681 typus
486 2600 651 2673 melorum,
685 2620 704 2659 a
729 2618 789 2677 que
817 2599 924 2659 civitas
951 2595 1066 2656 diaboli
1118 2616 1187 2659 mou
1201 2599 1425 2676 inflammavit.
1443 2597 1531 2677 Quae
1545 2599 1685 2658 nimirum
1700 2597 1813 2660 influm-

363 2689 483 2766 ceperit
508 2689 633 2748 initium.
679 2686 843 2761 Melipnus
869 2703 924 2744 seu
949 2684 1063 2757 mulus,
1119 2686 1211 2745 matio
1229 2685 1347 2746 videtur
1370 2706 1405 2746 es
1420 2683 1530 2758 fuisse,
1553 2704 1613 2763 qua
1635 2684 1815 2745 sacrificium

364 2773 500 2836 Graece:
524 2767 541 2832 ὁ
564 2765 720 2850 πονηρὸς,
751 2791 804 2850 per
826 2773 1065 2832 antonomasiam
1118 2770 1196 2832 Abel
1219 2774 1375 2834 incensum
1395 2779 1425 2832 et
1441 2769 1653 2832 inflammatum
1670 2769 1728 2832 init
1743 2772 1815 2852 igne

364 2858 506 2923 diabolus
530 2860 719 2940 intelligitur,
747 2858 831 2920 velut
856 2860 956 2936 capite
979 2877 1064 2937 prae·
1118 2857 1246 2921 coelitus
1261 2860 1410 2935 immisso;
1427 2857 1676 2943 quemadmodum
1693 2858 1813 2922 etulias

364 2947 487 3010 cedenti
503 2968 580 3009 vers.
598 2953 646 3010 13.
664 2957 694 3007 et
711 2950 770 3018 14,
791 2956 823 3005 et
837 2945 910 3006 alibi
925 2944 1064 3023 frequen·
1117 2943 1229 3006 factum
1251 2946 1363 3026 legitur
1384 2947 1415 3006 in
1435 2944 1588 3007 sacrificiis
1602 2947 1669 3007 Deo
1684 2945 1816 3026 placitis,

363 3044 421 3097 ter.
458 3036 541 3097 Hinc
563 3035 624 3107 ulii,
647 3034 707 3094 vim
727 3032 846 3093 articuli
860 3032 997 3091 volentes
1013 3050 1062 3092 ex·
1117 3041 1152 3092 ut
1168 3032 1241 3094 Les.
1258 3038 1297 3106 9,
1314 3036 1333 3094 2
1349 3032 1419 3093 Par.
1435 3035 1464 3093 8.
1488 3040 1518 3091 et
1533 3032 1552 3090 3
1568 3034 1643 3112 Reg.
1664 3032 1713 3093 18.
1740 3032 1815 3095 Cain

363 3124 514 3204 primore,
540 3129 678 3182 vertunt:
706 3139 745 3181 ec
760 3119 815 3179 ilio
830 3119 936 3191 melo,
963 3116 1063 3192 idest,
1117 3120 1217 3199 igitur,
1241 3121 1326 3198 cujus
1348 3118 1529 3180 sacrificinm
1545 3139 1605 3180 non
1621 3118 1815 3181 inflammavit

363 3229 405 3271 sx
420 3209 553 3281 diabolo,
575 3210 627 3285 qui
643 3209 673 3267 in
689 3205 803 3267 melitis
817 3212 901 3265 tenet
915 3204 1062 3285 principa·
1117 3206 1195 3286 ignis
1207 3207 1355 3280 coelestis,
1368 3207 1439 3285 igne
1451 3224 1610 3267 succensus
1622 3216 1668 3267 est
1680 3205 1816 3268 invidiae

362 3303 438 3358 tum
477 3297 556 3358 suu
579 3304 679 3355 sutem
703 3294 785 3356 Oeiu
800 3309 838 3353 sc
855 3291 982 3352 diabolo
994 3335 1003 3366 ,
1032 3300 1064 3352 ut
1118 3302 1148 3352 et
1162 3291 1223 3353 odii
1237 3292 1382 3354 adversus
1402 3291 1540 3369 intrem,
1565 3293 1674 3374 quibus
1697 3292 1815 3354 dusbus

362 3393 461 3466 patre,
477 3384 552 3443 sicut
567 3381 750 3442 declsrcturn
766 3386 931 3458 estsupra3
947 3397 984 3439 ac
997 3398 1061 3458 pro·
1117 3377 1234 3439 lacibus
1258 3381 1406 3460 agitatas,
1430 3398 1499 3439 eum
1524 3379 1683 3441 interiecit.
1723 3377 1813 3461 Quod

363 3469 439 3532 inde
453 3468 568 3532 diaboli
584 3469 680 3539 filius,
704 3476 734 3527 et
750 3464 827 3526 filius
843 3465 980 3544 quidem,
1004 3484 1063 3526 non
1118 3467 1287 3545 exemplum
1314 3468 1425 3548 optime
1447 3468 1589 3528 convenit
1617 3468 1752 3527 instituto
1775 3466 1811 3527 Β.

362 3556 606 3638 qualiscumque,
622 3552 677 3617 sed
691 3552 915 3634 primogenitus.
1118 3552 1253 3627 Joannis,
1281 3564 1315 3615 ut
1341 3554 1395 3633 qni
1422 3561 1494 3633 egat
1523 3551 1561 3614 de
1589 3574 1625 3615 ea
1649 3552 1752 3615 lratris
1767 3551 1812 3614 di·

407 3645 454 3705 Et
475 3642 587 3704 occidit
599 3643 737 3718 fratrem
752 3658 853 3701 suum.
884 3638 927 3698 Et
945 3636 1061 3710 eodem,
1117 3640 1266 3713 lectione,
1290 3660 1350 3719 qua
1364 3638 1516 3719 diligitur,
1538 3648 1574 3701 ut
1588 3640 1665 3701 bene
1680 3641 1765 3702 vivat
1784 3646 1815 3701 et

362 3731 473 3812 inquit,
487 3729 629 3809 maligno,
646 3725 675 3787 id
689 3736 735 3788 est
747 3724 877 3798 diabolo,
891 3724 1061 3805 instigante,
1116 3726 1185 3787 Deo
1201 3727 1373 3803 inhaerest3
1389 3726 1524 3806 itemque
1540 3726 1578 3788 de
1590 3747 1624 3788 so
1637 3725 1714 3802 odio,
1730 3726 1811 3808 quod

361 3817 469 3897 utqui
485 3824 555 3877 erat
569 3816 727 3876 homicida
741 3814 782 3873 eb
796 3815 901 3887 initio,
918 3812 942 3873 J
943 3832 1009 3873 osn.
1024 3816 1062 3886 8.,
1116 3815 1238 3894 patitur,
1254 3814 1326 3895 qnia
1340 3814 1418 3875 bene
1433 3815 1510 3874 vivit
1524 3822 1554 3874 et
1567 3814 1636 3875 Deo
1652 3834 1739 3876 carus
1754 3822 1809 3876 est.

363 3904 481 3967 oceidit
495 3905 632 3982 fratrem
644 3919 735 3962 suum
748 3900 834 3962 Abel.
851 3899 911 3959 Hic
925 3899 1062 3959 nimirum
1118 3901 1208 3981 Quod
1231 3901 1331 3961 odium
1356 3901 1475 3981 proprie
1497 3898 1676 3961 diabolicum
1701 3910 1753 3974 cst,
1776 3921 1814 3962 ac

362 3993 483 4073 primus
498 3990 556 4052 tuit
570 3990 681 4051 fructus
696 3985 755 4048 odii
770 3985 903 4048 fraterni.
926 3986 1063 4045 Historia
1117 3987 1237 4068 proprie
1252 3985 1365 4049 diaboli
1379 3986 1456 4048 lilios
1467 3985 1550 4048 fecit.
1565 3987 1646 4048 Nam
1658 4006 1697 4049 ex
1708 3987 1814 4068 hujus·

363 4086 441 4140 nota
455 4086 503 4139 est
517 4096 557 4138 ex
572 4075 647 4137 Gen.
664 4076 693 4133 4.
1117 4072 1199 4133 modi
1226 4072 1294 4134 odio
1320 4072 1463 4135 diabolus
1487 4074 1638 4136 bominem
1666 4076 1706 4137 ab
1731 4073 1814 4136 initio

409 4166 455 4227 Et
469 4170 602 4240 propter
614 4162 692 4239 quid
702 4159 815 4220 occidit
827 4160 921 4220 eum?
945 4157 1063 4220 Graeca
1118 4169 1293 4239 persecutns
1308 4161 1427 4240 dejecit,
1442 4182 1479 4222 ac
1493 4159 1605 4240 duplici
1619 4172 1723 4235 morte,
1746 4181 1813 4224 cum

363 4259 495 4314 sonant:
525 4252 568 4312 Et
590 4252 680 4324 cuius
701 4250 807 4323 pretio
829 4246 943 4307 occidit
966 4247 1063 4307 eum?
1117 4255 1180 4307 toto
1204 4267 1335 4328 genere,
1361 4246 1480 4308 occidit.
1521 4247 1601 4310 Tale
1625 4247 1685 4309 tuis
1711 4247 1813 4310 odium

364 4359 421 4400 sau
444 4337 578 4418 plenius:
610 4337 652 4397 Et
674 4338 763 4408 cujus
784 4335 831 4392 rei
852 4334 982 4408 pretio?
1013 4332 1064 4394 Sic
1118 4332 1304 4395 Judseornm
1328 4332 1474 4396 adversus
1497 4332 1666 4411 Christum,
1689 4354 1815 4414 quorum

364 4427 450 4488 enim
475 4432 630 4486 verterunt
655 4421 799 4481 Erasmus
827 4430 856 4479 et
881 4414 949 4492 alii}
976 4421 1063 4500 quasi
1119 4440 1177 4481 vox
1190 4427 1236 4481 est
1248 4421 1330 4501 apud
1342 4421 1518 4501 Sapientem
1530 4442 1595 4502 cap.
1608 4423 1654 4482 λε
1671 4424 1815 4485 Circum-

364 4519 534 4594 quaeratur
545 4507 754 4570 causafinulis.
774 4506 889 4567 Verum
901 4508 1063 4586 responsio,
1119 4510 1284 4569 veniemus
1302 4511 1436 4583 iustum,
1460 4511 1613 4586 quoniam
1634 4511 1816 4573 contrarius

365 4618 459 4681 qnam
486 4598 623 4659 Joannes
648 4614 722 4655 suae
747 4592 880 4654 reddidit
901 4594 1062 4672 interroga·
1119 4602 1162 4655 cst
1177 4596 1324 4671 operibus
1337 4598 1465 4671 uostris,
1494 4603 1523 4657 et
1538 4599 1740 4673 improperet
1754 4615 1815 4660 uo-

364 4686 451 4757 tioni,
475 4684 615 4755 declarat,
638 4701 698 4741 non
717 4680 834 4741 finalem
850 4700 970 4740 causam
987 4683 1062 4742 occi·
1119 4682 1164 4742 bis
1176 4689 1307 4758 peecata
1323 4684 1407 4759 lepis.
1437 4683 1503 4743 Imo
1518 4683 1669 4763 generalis
1686 4692 1734 4745 est
1748 4704 1813 4748 seu·

364 4774 463 4838 sionis
477 4770 654 4850 requisitam
675 4766 784 4839 fuisse,
806 4765 860 4827 sed
884 4786 1004 4828 causam
1021 4770 1063 4829 in·
1118 4770 1212 4828 tentia
1239 4770 1273 4829 B.
1298 4769 1457 4849 Augustini
1484 4771 1515 4831 in
1542 4778 1671 4831 enarrat.
1701 4770 1813 4833 Psalm.

364 4859 472 4922 vidiae
487 4866 517 4919 et
532 4856 600 4928 odii,
616 4873 675 4934 quo
691 4861 789 4913 motus
804 4851 1061 4916 luitadocciden·
1121 4860 1207 4917 128:
1246 4858 1356 4918 Omnis
1385 4856 1491 4918 molus
1516 4856 1587 4917 ideo
1610 4862 1816 4937 persequitur

364 4950 457 5023 dnm3
473 4953 507 5004 ut
521 4942 648 5021 proinde
661 4941 769 5001 rectius
780 4941 903 5002 verterit
917 4943 1064 5021 interpres
1119 4943 1254 5018 bouum,
1277 4946 1356 5020 quic
1378 4962 1446 5005 soors
1469 4945 1518 5004 ilii
1541 4947 1696 5006 consentit
1715 4947 1815 5008 dorsus

362 5027 1065 5108 nosemcseunsecutrsflensmiurzpropser
1118 5031 1161 5091 od
1176 5030 1308 5094 melum.
