4442 5825
403 596 453 665 80
872 610 875 616 ·
940 590 1175 648 demersurus
1191 592 1224 648 nt
1241 593 1308 649 cer.
1325 593 1364 648 ru.

401 765 509 826 stione.
546 764 636 825 Hane
658 774 772 847 partem
787 766 925 829 Adamas
944 776 974 828 et
988 769 1013 831 J
1014 789 1099 831 ause·
1151 773 1279 851 ponitur,
1295 770 1369 832 odeo
1385 780 1419 830 nt
1431 769 1564 832 Graeeus
1576 770 1764 832 eeholiastes
1776 766 1847 829 affir-

401 853 470 911 nius
486 854 528 911 ita
549 862 728 914 connectunt
749 856 917 934 superiori:
945 856 1096 916 'l'entave-
1150 867 1213 918 met
1228 867 1366 938 oportere
1378 860 1421 918 sio
1431 857 1550 937 legere:
1563 858 1850 934 protoparentis·

400 946 550 1011 runtms,
572 940 708 1020 quamvis
723 940 916 1021 probassent,
939 941 971 1002 id
986 950 1031 1003 est
1047 963 1097 1003 ex·
1151 951 1182 1004 et
1210 946 1362 1006 videncet
1392 962 1490 1023 opero
1526 961 1598 1005 meu
1629 942 1851 1023 quadruplata

400 1025 476 1106 perti
496 1020 545 1085 me
568 1026 693 1087 luissent
718 1038 813 1108 atque
839 1028 986 1089 vidissent
1007 1048 1098 1109 opera
1151 1035 1267 1110 σηπίη
1283 1031 1391 1091 deiude
1406 1031 1521 1106 interro,
1537 1033 1624 1110 qussi
1639 1032 1680 1093 ab
1695 1030 1760 1093 alio
1774 1030 1850 1111 priu-

400 1110 664 1187 meaadmirands,
688 1115 859 1195 exquibus
881 1118 989 1177 merito
1009 1114 1098 1177 debs·
1151 1119 1246 1198 cipio:
1272 1120 1410 1195 Propter
1435 1119 1520 1194 quod
1546 1118 1697 1195 infertores
1721 1118 1779 1197 stri
1800 1124 1850 1179 ete

400 1199 473 1259 bant
500 1198 678 1279 intelligere,
703 1219 751 1261 me
777 1203 877 1263 omnia
902 1221 991 1283 posse
1015 1213 1045 1263 et
1066 1204 1099 1262 in
1151 1205 1220 1266 Non
1236 1205 1350 1278 obstat,
1372 1207 1512 1284 inquam,
1535 1207 1609 1283 quia
1632 1207 1717 1267 siout
1733 1204 1851 1266 Latine·

400 1287 556 1366 promissis
571 1306 639 1348 esse
653 1306 804 1349 veracem.
1150 1311 1214 1352 rum
1229 1294 1346 1352 ideireo
1353 1337 1364 1367 ,
1381 1292 1463 1367 ideo,
1481 1301 1528 1351 est
1543 1294 1716 1353 eommunis
1732 1288 1851 1367 urdin'q

442 1371 504 1433 Alii
519 1393 593 1435 vero
609 1372 745 1455 plerique
760 1383 889 1449 censent,
904 1376 983 1436 idem
998 1374 1096 1434 diver·
1149 1379 1192 1437 ita
1207 1387 1387 1457 potestesse
1409 1386 1437 1438 et
1460 1377 1535 1439 illud
1551 1366 1619 1439 dt'd.
1658 1378 1851 1461 Quamque&

353 1491 357 1497 ·
400 1460 441 1519 aie
463 1460 620 1521 vocabulis
643 1463 803 1540 repetitum
826 1469 949 1524 tantors
968 1471 997 1522 et
1015 1479 1096 1539 pro·
1149 1466 1175 1524 ei
1190 1466 1356 1525 accuratius
1378 1466 1561 1545 perpendas,
1585 1476 1632 1527 eet
1655 1463 1852 1545 poetpusitirl

401 1545 492 1622 bura,
520 1549 578 1607 nisi
606 1547 688 1627 quod
715 1548 855 1627 probatio
882 1550 950 1630 plus
980 1547 1095 1627 aliquid
1149 1549 1299 1612 duntaxat
1318 1550 1429 1611 ordinis
1451 1559 1559 1632 suapte
1573 1553 1620 1625 vi,
1643 1561 1775 1633 propter
1796 1552 1852 1613 rin

399 1634 556 1715 importet,
571 1633 712 1694 videlieet
727 1644 863 1696 exactum
879 1645 909 1698 et
923 1638 1032 1696 serium
1048 1655 1095 1695 ex·
1149 1637 1267 1698 relativi
1284 1640 1314 1698 in
1330 1658 1366 1699 eo
1382 1636 1537 1699 inslusam.
1559 1637 1640 1698 Illud
1657 1635 1850 1700 eonsiderau·

398 1720 537 1802 plorandi
559 1720 707 1794 studium,
742 1722 826 1784 velut
852 1723 883 1782 in
913 1741 946 1784 re
974 1722 1096 1782 maximi
1149 1723 1219 1783 dum
1235 1734 1287 1794 est,
1303 1722 1393 1805 quod,
1410 1724 1531 1804 qnando
1548 1725 1663 1804 populo
1679 1724 1851 1786 Insultare

398 1808 560 1881 momenti,
587 1814 708 1887 sumpta
722 1809 897 1889 metaphora
912 1809 950 1869 ab
967 1811 1018 1882 iis,
1045 1808 1095 1887 qni
1149 1810 1234 1870 Deus
1256 1809 1328 1871 iecit
1349 1810 1432 1870 illam
1455 1829 1523 1870 eum
1538 1812 1714 1890 juramento
1730 1812 1850 1873 rummi-

398 1914 504 1956 aurum
520 1901 573 1955 aut
587 1904 762 1974 argentum,
789 1899 866 1958 sitne
879 1894 1015 1977 probum,
1030 1894 1096 1954 dili·
1148 1898 1315 1971 notionem,
1345 1917 1405 1957 non
1438 1899 1617 1958 intraturum
1647 1900 1680 1960 in
1712 1899 1849 1980 requies

398 1990 504 2061 genter
519 1981 699 2042 examinant.
733 1982 804 2062 Quo
820 1982 907 2043 modo
923 1982 1095 2063 frequenter
1147 1985 1256 2063 ipsius,
1285 1983 1418 2044 nondum
1447 1983 1568 2044 viderat
1597 2003 1693 2064 opera
1728 1984 1851 2065 Doug'ud

311 2136 317 2145 ¹
398 2068 543 2148 accipitur
555 2068 695 2144 probare
709 2070 740 2129 in
756 2070 885 2130 Psalmis
908 2078 936 2130 et
951 2068 1038 2141 alibi,
1063 2074 1097 2126 ut
1148 2070 1349 2151 quadraginta
1379 2089 1490 2143 annos,
1516 2070 1571 2131 sed
1599 2090 1694 2133 unum
1723 2080 1850 2147 tentum,

401 2159 417 2214 1
436 2154 542 2217 'Pleas
559 2157 602 2218 ba
630 2156 747 2216 Omnia
760 2156 912 2233 probate,
939 2155 1024 2232 quod
1039 2154 1094 2214 bo-
1147 2165 1216 2238 poet
1239 2176 1327 2236 quem
1350 2175 1465 2237 poenus
1491 2158 1766 2219 murmurationum
1788 2174 1852 2239 psa·

396 2260 476 2304 num
492 2250 552 2318 ert,
581 2249 691 2304 terrete.
728 2244 844 2304 Horum
862 2241 1012 2324 expositio
1034 2248 1094 2302 est:
1148 2243 1220 2304 tulit
1243 2262 1338 2302 annos
1360 2243 1575 2324 quadraginta,
1604 2251 1641 2302 ut
1667 2245 1780 2305 merito
1805 2242 1852 2305 bb

397 2329 468 2390 Non
480 2328 760 2410 quomodooumque
772 2351 819 2391 me
827 2337 1028 2403 tentaverunt,
1040 2324 1096 2388 sed
1147 2329 1281 2391 dicatur:
1314 2329 1540 2409 Quadruqiruo
1572 2334 1672 2393 annm
1704 2333 1851 2411 intem

396 2415 495 2477 modis
510 2415 647 2477 omuibus
669 2416 832 2497 probarunt
846 2425 876 2476 et
892 2415 1094 2496 explorarunt,
1145 2417 1198 2494 sui
1212 2419 1411 2492 perorationi
1429 2417 1511 2478 buia.

397 2513 439 2578 ut,
454 2502 583 2581 exempli
598 2507 706 2583 gratia,
722 2502 873 2564 dicentes:
894 2505 992 2564 Estne
1008 2503 1095 2561 Deos
1194 2505 1242 2564 10.
1258 2502 1603 2582 Quodroqirrtooarris5
1616 2500 1849 2582 propterquod

396 2595 433 2651 tre
463 2588 575 2650 nobis?
616 2591 692 2668 Quis
725 2590 814 2649 dabit
849 2589 940 2650 nobie
968 2587 1094 2664 oquae?
1146 2590 1293 2666 infensus
1309 2590 1364 2666 sot
1381 2593 1583 2664 pancratiarii
1597 2592 1682 2652 bute.
1720 2590 1850 2653 Graem

396 2675 561 2751 Numquid
582 2684 612 2736 et
636 2694 746 2753 paoem
772 2677 892 2751 poterit
916 2674 1017 2734 dors?
1054 2673 1095 2733 Et
1144 2677 1345 2752 perorationi
1368 2675 1435 2750 illi,
1460 2675 1491 2735 id
1513 2685 1561 2737 eet
1579 2696 1660 2758 quse
1683 2686 1760 2738 tuno
1779 2684 1848 2741 ene

396 2772 498 2823 umen
513 2760 652 2823 viderunt
672 2781 765 2842 opera
786 2780 855 2821 mea
872 2778 982 2839 magna
997 2769 1025 2818 et
1039 2758 1093 2818 nri·
1145 2761 1306 2840 Apostolus
1318 2762 1460 2841 apposuit
1470 2761 1509 2822 de
1522 2781 1591 2823 suo:
1605 2762 1849 2842 propterquod

396 2848 521 2924 rabilia,
536 2856 572 2907 ut
587 2858 655 2927 post
670 2866 786 2910 omnem
799 2847 1004 2928 probationem
1020 2843 1094 2905 nibil
1145 2846 1182 2908 Id
1192 2850 1269 2908 euim
1278 2847 1557 2927 apndPsalmietam
1565 2868 1627 2910 uon
1639 2849 1767 2932 legitur,
1779 2850 1850 2916 eni

395 2935 543 2998 habereut
557 2954 682 3010 caueae,
709 2954 762 2995 eur
786 2935 824 2995 de
845 2936 918 2994 meis
939 2934 1094 3013 promissis
1146 2937 1204 2996 etei
1226 2943 1304 2995 reste
1323 2933 1571 3015 subintelligitur.
1606 2936 1670 2998 Pro
1686 2957 1744 3013 eo,
1771 2927 1853 3019 quod·

340 3047 343 3055 ·
396 3022 575 3085 dubitarent
606 3023 644 3082 Iu
658 3021 799 3083 Hebraeo
823 3020 946 3100 quidem
969 3017 1094 3099 legitur:
1146 3023 1292 3101 interpres
1313 3019 1368 3081 hoe
1390 3021 1455 3082 loco
1477 3023 1587 3083 vertit:
1613 3026 1771 3103 iussum
1790 3027 1851 3108 m

396 3127 476 3188 optet
492 3125 596 3169 meum
611 3130 671 3169 non
688 3126 787 3183 opera
801 3125 880 3167 mea.
915 3104 977 3166 Sed
992 3106 1093 3183 singu·
1148 3115 1178 3168 et
1202 3107 1232 3166 in
1257 3107 1418 3167 Psalterio:
1448 3107 1605 3185 offensus,
1636 3109 1767 3174 Graece
1792 3119 1850 3174 fit

394 3195 458 3258 lare
474 3202 521 3257 est
536 3196 669 3275 positum
691 3213 745 3275 pro
769 3193 892 3274 plurali,
916 3190 997 3272 qnod
1012 3192 1043 3249 in
1059 3209 1095 3249 sa
1146 3185 1352 3269 προςώχθιοιι
1390 3191 1478 3271 Quae
1499 3215 1560 3256 vox
1581 3195 1739 3277 duplicem
1762 3193 1854 3260 mest

395 3282 499 3364 lingue
513 3281 654 3363 frequens
671 3290 724 3342 est.
1147 3277 1410 3356 significationem
1437 3279 1580 3358 alteram,
1595 3283 1627 3342 in
1642 3285 1743 3345 saeris
1758 3275 1852 3348 turdi

438 3370 514 3430 Pars
529 3368 598 3429 illa:
626 3368 851 3450 Quudroqt'rrto
866 3368 978 3438 anab,
995 3371 1094 3422 utrum
1146 3366 1299 3437 usitatam,
1316 3363 1441 3439 offendi,
1456 3365 1615 3440 fastidire,
1641 3369 1751 3432 taedio
1767 3369 1850 3434 affl

395 3454 545 3538 Apostolo
561 3455 681 3516 sitfinis
697 3454 866 3516 sententiae
880 3449 1093 3532 praecedentis,
1147 3450 1200 3510 sio
1225 3448 1304 3529 apud
1327 3449 1427 3510 Lxx
1450 3449 1527 3512 Gen.
1550 3455 1621 3514 aa:
1655 3457 1786 3519 Taedet
1807 3467 1852 3520 Μ

398 3563 437 3604 an
451 3541 603 3603 inrhoatio
620 3543 789 3621 sequentis,
804 3537 883 3598 hand
900 3539 974 3596 satis
989 3534 1093 3616 liquet,
1148 3539 1232 3596 vitus
1247 3553 1342 3596 meos.
1374 3535 1485 3617 Inque
1498 3539 1728 3619 signideatione
1745 3541 1852 3626 legitur

398 3628 480 3690 Illud
497 3638 623 3700 constat,
638 3625 720 3706 apud
733 3625 924 3686 Psalmistam
940 3642 1008 3683 esee
1022 3623 1094 3680 novi
1146 3624 1216 3682 item
1231 3621 1306 3681 Lev.
1323 3624 1381 3694 18,
1396 3623 1488 3684 Dent.
1506 3629 1544 3700 7,
1562 3627 1674 3688 Ezeolr.
1694 3631 1757 3702 26,
1773 3629 1852 3692 nest

395 3733 504 3776 versus
520 3716 655 3786 initium,
678 3733 738 3774 non
759 3710 848 3771 modo
871 3707 1033 3769 seeundum
1050 3707 1093 3766 di·
1147 3709 1197 3768 25.
1214 3714 1244 3766 et
1259 3707 1309 3766 38.
1347 3707 1502 3770 Interdum
1518 3732 1592 3772 vero
1612 3714 1773 3793 signifieat
1788 3735 1852 3798 pro·

395 3803 584 3863 etiuutiouem
599 3798 816 3870 Hebraeorum,
836 3815 941 3858 rerum
957 3796 1048 3855 etiam
1062 3794 1093 3853 in
1146 3796 1307 3875 pinquare,
1323 3795 1486 3873 appellere.
1517 3797 1599 3858 Hine
1614 3808 1679 3873 est,
1704 3801 1795 3881 quod
1809 3821 1852 3864 se·

394 3887 548 3950 eodieibus
564 3887 688 3948 Graecis
711 3885 901 3945 diuersarum
920 3880 1092 3942 editionum.
1147 3878 1276 3940 eundum
1291 3879 1382 3938 aliam
1396 3884 1568 3943 versionem
1584 3884 1703 3964 legitur
1719 3889 1754 3949 in
1770 3889 1853 3951 Psel-

393 3974 537 4037 Eeoleeiu
563 3991 687 4053 quoque
713 3973 744 4032 in
770 3971 871 4032 officiis
897 3967 1007 4028 divinis
1033 3986 1092 4027 non
1147 3966 1240 4026 tario:
1271 3966 1442 4026 Proximus
1462 3970 1516 4045 fui
1537 3975 1749 4044 procreationi
1773 3977 1854 4038 trra

394 4062 485 4123 aliter
498 4061 665 4140 distinguit.
697 4059 756 4119 His
771 4056 902 4128 aceedit,
930 4053 1011 4134 quod
1027 4055 1093 4131 ipse
1146 4051 1207 4112 Ubi
1223 4058 1326 4110 tamen
1341 4051 1480 4131 intellige
1494 4058 1766 4134 proximationem,
1781 4081 1854 4144 qua

394 4150 484 4210 etiam
515 4148 680 4227 Apostolus
711 4164 748 4205 ea
780 4142 972 4203 distinctiorie
1002 4139 1092 4220 paulo
1145 4137 1184 4196 lis
1199 4144 1260 4209 est,
1287 4135 1357 4196 dum
1376 4157 1425 4196 ree
1448 4145 1679 4222 appropinquat
1703 4146 1856 4222 alterl‚a

391 4243 461 4316 poet
481 4243 599 4308 utatur,
626 4232 746 4293 dicens:
773 4230 891 4310 Quibus
911 4233 1018 4287 nutem
1039 4228 1092 4285 irr-
1146 4241 1207 4303 qua
1223 4220 1366 4297 laeditur,
1381 4223 1555 4300 offenditur,
1571 4227 1853 4296 detrimentumae·

391 4321 502 4400 sanare
531 4328 575 4383 eet
605 4320 825 4397 quadruplata
855 4314 975 4374 onais?
1004 4310 1092 4371 Unde
1146 4309 1234 4386 cipit,
1250 4308 1332 4368 velut
1346 4311 1433 4369 nasis
1446 4312 1617 4392 impingens
1633 4316 1666 4374 in
1682 4320 1862 4399 scopulum

392 4409 536 4469 Erasmus
550 4409 581 4468 iu
597 4412 730 4467 annotat.
747 4411 777 4462 et
788 4399 952 4463 Sasboldns
967 4399 997 4457 in
1013 4416 1090 4457 eom·
1145 4403 1175 4455 et
1201 4403 1291 4474 eaput
1313 4394 1431 4454 allisum
1457 4397 1497 4457 ad
1522 4399 1650 4460 trabem.
1691 4401 1747 4466 Sia
1771 4407 1855 4470 Dm

393 4504 481 4555 ment
499 4495 646 4568 sentiunt,
671 4511 708 4552 eo
731 4490 800 4549 louo
814 4487 915 4568 palam
935 4482 1034 4544 refelli
1049 4482 1091 4542 di·
1144 4482 1231 4561 qnasi
1250 4480 1375 4560 impegit
1396 4481 1428 4539 in
1450 4480 1558 4544 durum
1581 4486 1668 4546 illum
1692 4493 1854 4572 populun,

394 4582 585 4642 stinstionem
609 4579 797 4642 Graecorum
823 4575 1016 4649 interpretum
1043 4588 1090 4627 so·
1144 4567 1272 4626 offensus
1295 4573 1327 4625 et
1349 4567 1479 4629 irritatus
1502 4571 1570 4648 ejus
1593 4581 1703 4635 eontra
1722 4597 1760 4640 ee
1775 4599 1853 4641 mur·

391 4684 473 4741 rum,
499 4668 549 4749 qui
565 4677 683 4749 partem
697 4664 775 4723 hano
789 4658 829 4718 ad
844 4658 999 4736 superiora
1013 4653 1089 4714 refe·
1143 4650 1357 4713 morationibus
1371 4650 1501 4735 aliisque
1515 4661 1662 4736 parentio.

391 4760 469 4812 runt
491 4753 605 4816 Eadem
622 4762 670 4817 ert
689 4746 839 4810 sententia
855 4742 1002 4822 cajetani.
1024 4740 1091 4800 Nee
1187 4736 1256 4817 Quo
1272 4755 1344 4797 sene
1358 4736 1447 4799 modo
1470 4740 1564 4803 facile
1579 4745 1796 4811 oooeittrotur
1811 4749 1853 4812 di·

391 4835 493 4912 obest,
519 4842 600 4922 quod
623 4847 694 4923 poet
718 4851 786 4895 mm
800 4833 924 4909 'partem
946 4829 977 4886 in
1003 4834 1090 4887 textu
1142 4843 1251 4884 versas
1270 4824 1480 4887 translationes
1504 4826 1638 4891 Latinae
1661 4851 1704 4893 ex
1720 4834 1854 4912 Graeco,

390 4917 981 5002 loqueturillatiracunjunctiopropter
991 4913 1087 4989 quod,
1142 4929 1267 4990 quarum
1289 4929 1352 4969 una
1373 4919 1420 4970 est
1434 4911 1545 4974 Gallioi
1561 4914 1727 4994 Psalterii,
1756 4941 1854 4986 eone·

388 5005 505 5070 Graece
520 5003 595 5091 dt’d,
618 5031 700 5098 qnae
722 5009 755 5067 iu
777 5001 914 5063 untione
933 5019 994 5058 nou
1008 5007 1088 5078 post·
1141 5007 1220 5058 utere
1243 4997 1444 5076 Hieronymo,
1468 5000 1553 5078 quod
1579 5001 1673 5065 habet
1698 5007 1853 5087 offeram,
