4442 5825
431 590 480 660 ti
944 580 1181 636 ceuemrssms
1199 580 1230 634 rr
1248 578 1351 636 crat

428 759 597 824 Salomonis
619 769 719 820 autem
734 779 860 840 regnum
876 759 907 818 in
923 760 989 838 ejus
1003 759 1127 838 posteri·
1222 758 1307 819 Dicit
1322 767 1424 833 entem
1439 776 1494 821 ero
1509 768 1541 821 et
1554 764 1631 836 crit,
1659 780 1719 821 non
1740 758 1825 840 quod
1841 760 1880 821 ab

427 856 492 910 tite
507 848 560 909 diu
574 849 752 928 permansit3
774 854 837 906 tum
853 864 940 918 vero,
968 847 1039 926 quia
1060 863 1125 924 rog·
1180 855 1300 906 aeterno
1316 864 1375 906 nen
1390 848 1429 906 sit
1443 846 1496 907 ille
1511 856 1613 928 pater,
1639 848 1687 907 hic
1703 847 1802 923 filius,
1826 847 1880 908 sed

426 954 500 996 num
529 933 698 995 Salomonis
726 936 756 994 in
783 934 850 1013 ejus
885 934 1015 1007 semine,
1045 930 1126 1010 qnod
1179 935 1253 1012 qnia
1267 934 1441 1012 mysterium
1456 933 1514 994 hoc
1535 943 1625 1003 antea
1646 935 1745 995 latens
1759 947 1792 994 et
1807 954 1880 1015 pau·

428 1032 475 1084 est
489 1021 644 1096 Christus,
658 1029 812 1082 aeternum
828 1028 996 1100 permanet
1179 1021 1222 1079 cis
1244 1021 1410 1099 cognitum,
1437 1028 1509 1082 tuuc
1533 1020 1776 1099 patefaciendum
1806 1030 1880 1094 erat,

471 1109 547 1169 Cum
573 1128 644 1188 ergo
670 1106 795 1187 planum
818 1117 913 1187 atque
935 1107 1124 1186 perspicuum
1178 1107 1301 1186 qnando
1324 1107 1471 1189 inciperet
1496 1107 1658 1169 aedificare
1681 1107 1821 1182 domum,
1848 1108 1879 1167 id

427 1196 476 1270 sit,
486 1205 679 1256 memoratam
687 1194 871 1275 Scripturam
880 1192 1021 1253 historico
1033 1212 1126 1252 sensu
1179 1202 1232 1265 est,
1242 1193 1413 1254 Ecclesiam
1425 1214 1608 1274 congregare
1619 1196 1697 1275 petri
1708 1214 1774 1267 suo,
1787 1213 1879 1276 quan·

427 1281 467 1342 de
480 1283 638 1343 Salomone
652 1281 753 1361 loqui,
776 1299 968 1360 consequens
990 1287 1036 1340 est
1058 1298 1124 1340 eam
1178 1278 1216 1338 do
1232 1288 1263 1339 et
1274 1288 1411 1342 caeterae
1424 1290 1524 1361 partes
1536 1283 1748 1361 promissionis
1760 1282 1878 1363 impleri

428 1368 468 1431 ad
483 1367 636 1431 Christum
650 1388 711 1430 nou
725 1369 784 1429 uisi
806 1367 935 1447 mystico
951 1384 1042 1426 sensu
1057 1386 1124 1446 per·
1178 1377 1351 1447 coeperunt.

425 1460 529 1518 tinere
560 1455 617 1518 Cui
633 1465 734 1516 tamen
748 1476 810 1517 non
825 1473 928 1515 omnes
944 1455 1010 1532 ejus
1024 1463 1125 1533 partes
1220 1453 1344 1514 Poterat
1373 1453 1424 1513 hic
1453 1453 1557 1528 objici:
1587 1455 1620 1514 Si
1650 1454 1762 1515 literali
1788 1474 1876 1516 sensu

426 1543 577 1624 aptandae
592 1551 678 1616 aunt,
694 1540 747 1603 sed
762 1562 800 1604 ea
814 1548 941 1612 tantum,
960 1560 1041 1620 qnae
1056 1548 1126 1599 sunt
1178 1540 1271 1599 verba
1285 1540 1337 1600 ille
1349 1549 1519 1620 competunt
1531 1542 1563 1599 in
1574 1541 1774 1614 Salomonem,
1789 1543 1878 1622 quale

424 1629 582 1692 sublimius
598 1628 688 1689 dicta.
722 1628 801 1691 Nam
823 1650 842 1689 a
861 1625 973 1689 Christi
995 1646 1125 1706 persona
1178 1636 1224 1686 eet
1239 1635 1449 1707 argumentum
1467 1629 1617 1707 Apostoli,
1633 1627 1671 1688 de
1686 1628 1771 1688 nullo
1787 1648 1875 1708 enge

424 1717 558 1778 alienum
572 1735 640 1778 esse
655 1715 747 1778 illud:
763 1718 825 1796 Qui
838 1718 865 1774 si
878 1717 986 1791 inique
1002 1714 1125 1790 aliquid
1177 1713 1274 1773 lorum
1290 1713 1348 1774 hoc
1370 1713 1483 1774 dictum
1503 1723 1563 1788 est,
1587 1734 1657 1795 ergo
1677 1715 1821 1776 Christus
1836 1723 1877 1776 est

423 1808 569 1881 posuerit,
581 1803 646 1883 jum
662 1804 802 1882 superius
814 1799 969 1861 admonui:
983 1801 1041 1861 nisi
1056 1803 1125 1881 quie
1178 1801 1274 1879 major
1289 1799 1428 1880 angelis?
1449 1799 1509 1861 Sed
1525 1802 1604 1863 hunc
1626 1804 1802 1882 scrupulum
1814 1804 1876 1881 jcm

425 1890 594 1953 secuudum
605 1891 738 1970 regulam
750 1891 875 1968 primam
884 1887 1124 1969 Tychenianam,
1178 1898 1250 1947 ante
1259 1890 1441 1948 removimus
1455 1889 1485 1947 in
1498 1888 1699 1968 explicatione
1710 1890 1875 1950 testimonii

422 1976 466 2039 de
488 1997 551 2058 qna
573 1976 701 2056 August
728 1974 767 2036 de
791 1975 883 2036 doctr.
900 1974 1010 2035 Christ.
1025 1973 1078 2034 lib.
1095 1975 1124 2032 3.
1177 1973 1392 2054 praecedentis.
1431 1974 1591 2054 Nunquam
1615 1979 1694 2036 enim
1717 1976 1795 2037 baec
1817 1986 1876 2036 tam

424 2083 493 2144 cap.
509 2068 573 2138 31..
601 2065 693 2125 etiam
715 2061 798 2122 illam
814 2072 929 2142 partem
944 2061 1062 2121 Christe
1077 2081 1123 2120 ac·
1177 2060 1352 2139 grandinat
1374 2061 1536 2140 magnifica
1557 2062 1595 2122 de
1616 2063 1778 2124 Salomone
1800 2063 1876 2124 dice

426 2148 607 2224 commodet,
632 2158 667 2210 ut
693 2150 723 2209 in
745 2150 846 2228 eapite
865 2148 999 2209 membra
1014 2147 1124 2209 intelli·
1178 2157 1297 2221 rentur,
1322 2149 1379 2208 nisi
1395 2150 1425 2209 in
1441 2166 1477 2208 eo
1498 2149 1581 2209 velut
1604 2157 1677 2231 typo
1692 2149 1826 2230 quodam
1848 2157 1877 2208 et

424 2247 545 2318 gantur.
1179 2235 1311 2314 imagine
1325 2233 1464 2295 Christus
1478 2235 1585 2295 tuiseet
1599 2233 1826 2316 praesignatus.

469 2322 561 2405 Quod
584 2341 655 2383 vero
670 2322 798 2382 Lirenus
821 2331 853 2381 et
874 2319 1038 2383 Abulensis
1059 2320 1124 2381 alii·
1221 2323 1277 2381 Est
1292 2323 1371 2382 enim
1386 2321 1465 2382 bene
1479 2322 1658 2396 notandum,
1673 2324 1738 2385 iere
1753 2325 1874 2385 ubicun-

425 2430 483 2494 que
496 2409 633 2472 nonnulli
645 2409 844 2490 scripturam,
867 2407 906 2469 de
922 2428 984 2488 qua
999 2408 1124 2488 agimus,
1178 2426 1237 2487 que
1260 2411 1290 2468 in
1313 2402 1474 2489 Scripturis
1500 2407 1615 2491 aliquid
1642 2411 1752 2472 dicitur
1773 2431 1874 2472 secuu-

424 2507 489 2563 tam
511 2495 550 2558 do
573 2495 693 2558 cbristo
719 2515 808 2575 quem
835 2495 874 2557 de
899 2495 1059 2557 Salomone
1084 2494 1125 2554 ad
1178 2493 1249 2554 dum
1269 2494 1438 2568 historiam,
1462 2496 1543 2576 quod
1566 2498 1671 2559 literae
1692 2498 1816 2558 modum
1831 2518 1875 2559 ex·

423 2584 542 2645 literam
571 2583 821 2663 interpretantur,
859 2582 976 2663 absque
1008 2581 1125 2642 ratione
1179 2580 1257 2641 cedit
1271 2602 1307 2641 ac
1319 2581 1408 2643 tidem
1422 2582 1580 2644 humanam
1592 2604 1738 2664 superare
1749 2585 1875 2658 videtur,

412 2669 557 2744 iaciunt,
582 2668 829 2748 quandoquidem
850 2687 955 2728 seusus
977 2671 1125 2748 mysticus
1173 2666 1349 2747 hujusmodi
1364 2686 1501 2729 sermone
1521 2689 1575 2729 nos
1596 2671 1718 2732 invitari
1741 2672 1782 2732 ad
1798 2675 1874 2734 inve

424 2777 484 2818 nou
512 2757 611 2817 miuus
638 2764 686 2816 est
710 2757 848 2836 proprius
867 2774 903 2815 ac
930 2774 1017 2817 verus
1040 2775 1124 2818 vere·
1178 2752 1349 2833 stigandum
1375 2773 1496 2815 sensum
1525 2755 1657 2836 aliquem
1683 2759 1875 2830 reconditum,

327 2842 330 2859 ⁶
425 2862 486 2925 que
509 2845 643 2904 intentus
665 2863 684 2903 a
705 2841 820 2924 Spiritu
843 2851 962 2915 sancto,
988 2843 1047 2902 imo
1061 2862 1125 2902 ma·
1177 2841 1261 2901 velut
1276 2840 1313 2900 de
1328 2840 1449 2902 Christo
1471 2863 1507 2902 ac
1522 2862 1615 2924 regno
1638 2845 1705 2925 ejus
1723 2855 1779 2906 aut
1794 2846 1876 2926 regui

423 2933 472 3012 gis
492 2933 583 2992 stiam
609 2949 645 2989 sc
658 2930 855 3011 principalius
880 2928 1011 2989 intentus
1034 2949 1125 3009 quam
1178 2929 1244 3008 ejus
1266 2927 1456 2990 adversariis.
1492 2931 1541 2990 De
1564 2931 1682 2993 Christo
1709 2932 1878 3012 quidemst

424 3016 559 3080 literalis
582 3013 671 3077 Unde
686 3016 774 3077 nohis
793 3014 953 3075 admodum
969 3015 1126 3096 probabile
1178 3032 1271 3094 regno
1287 3016 1351 3095 ejus
1367 3017 1519 3098 complura
1531 3018 1605 3078 talia
1616 3028 1688 3079 sunt
1703 3020 1732 3079 in
1745 3020 1876 3101 Scriptu-

425 3111 485 3179 est,
515 3099 631 3164 nullam
656 3122 722 3164 esse
747 3102 946 3182 Scripturam,
977 3103 1009 3163 in
1035 3122 1123 3183 quem
1177 3103 1234 3174 ris,
1261 3103 1436 3181 pracsertim
1459 3105 1490 3164 in
1514 3105 1651 3166 Psalmis.
1686 3105 1738 3166 De
1758 3106 1876 3168 diabole

424 3189 529 3272 plures
544 3188 633 3249 simul
647 3188 780 3250 historici
802 3208 856 3263 seu
870 3188 1004 3250 literales
1019 3208 1124 3250 sensus
1178 3186 1292 3248 Christi
1308 3190 1453 3267 regnique
1475 3191 1543 3268 ejus
1564 3190 1739 3253 adversario
1758 3194 1877 3273 insigne

421 3273 617 3337 ¹concurrant:
633 3295 701 3335 cum
716 3282 853 3356 oporteat
864 3275 1124 3356 semper'alternm
1178 3274 1348 3354 exemplum
1365 3284 1414 3335 est
1428 3276 1509 3354 apud
1525 3276 1596 3337 Job.
1613 3280 1680 3350 40„
1707 3276 1759 3339 ubi
1776 3281 1876 3341 Belac-

425 3381 543 3432 seusum
558 3363 590 3422 in
604 3362 699 3423 altero
714 3360 843 3437 fundari,
859 3363 941 3423 eolus
956 3373 1057 3422 eutem
1073 3361 1125 3422 ille
1177 3363 1263 3421 moth
1279 3368 1310 3422 et
1325 3362 1515 3437 Lebinthos,
1532 3363 1563 3424 id
1579 3374 1624 3424 est
1642 3365 1765 3445 elephas
1780 3375 1814 3426 et
1827 3366 1877 3426 be·

423 3445 549 3512 literalis
565 3450 611 3524 sit,
625 3451 657 3510 in
672 3467 734 3529 quo
749 3448 828 3510 elius
844 3449 935 3511 aliive
950 3447 1123 3509 tundentur.
1178 3445 1267 3507 leena
1282 3446 1393 3509 literali
1408 3466 1499 3508 senen
1515 3450 1640 3529 pulchre
1655 3451 1877 3525 deseribuntur,

466 3535 567 3615 Igitur
581 3536 667 3597 citati
682 3535 721 3596 ab
735 3533 880 3615 Apostolo
897 3535 1061 3596 testimonii
1076 3534 1125 3594 hic
1177 3532 1233 3593 sed
1248 3553 1284 3593 ea
1298 3535 1458 3613 figurarum
1480 3535 1663 3616 hyperbole,
1688 3556 1768 3617 quae
1790 3547 1878 3619 cogat

424 3620 547 3704 quidem
558 3620 597 3684 de
613 3621 774 3682 Salomone
794 3640 901 3683 seusus
922 3630 966 3682 eet
979 3620 1124 3681 literalis:
1177 3618 1320 3680 lectorem
1345 3619 1459 3701 aliquid
1480 3623 1578 3699 majus
1604 3643 1768 3705 quaerere,
1797 3624 1878 3706 quod

424 3707 493 3790 lige
508 3708 593 3768 illum
608 3707 948 3788 petemacurafovebo,
962 3705 1125 3787 multisque
1178 3706 1233 3767 sub
1256 3706 1308 3768 illo
1336 3706 1495 3768 verborum
1522 3711 1634 3770 cortice
1660 3710 1768 3784 lateat,
1801 3714 1878 3773 sieut
1911 3768 1918 3777 ,

424 3789 579 3855 beneficiis
596 3793 762 3868 cumulabo,
778 3813 920 3875 magnum
936 3803 968 3855 et
978 3794 1124 3854 illustrem
1178 3791 1313 3854 fecerunt
1328 3793 1494 3874 Gregorius
1509 3802 1539 3854 et
1554 3796 1616 3856 ulii.

425 3879 508 3961 apud
522 3881 659 3943 homines
674 3878 814 3955 reddam,
834 3890 867 3941 ut
881 3881 907 3942 si
922 3890 1008 3961 pater
1022 3879 1124 3955 filium,
1220 3878 1280 3939 Sed
1293 3880 1357 3957 jem
1372 3890 1524 3960 superest,
1539 3889 1574 3941 ut
1588 3882 1739 3962 Oajetsuo
1754 3904 1876 3964 respou-

425 3985 517 4047 quem
547 3986 736 4049 summopere
767 3966 881 4048 dlligit,
914 3970 996 4030 omni
1024 3964 1125 4028 studio
1177 3963 1301 4039 deutur,
1323 3969 1375 4047 qui
1391 3968 1545 4028 interulis
1566 3969 1791 4032 adducithunc
1808 3971 1878 4052 epi·

425 4052 537 4114 evehat
562 4052 602 4114 ad
628 4074 719 4135 opes,
745 4052 873 4117 honores
899 4063 931 4115 et
956 4054 1124 4135 dignitates,
1177 4051 1400 4126 stoleelocum,
1423 4074 1484 4133 quo
1507 4054 1614 4133 probet
1633 4077 1699 4118 eam
1715 4077 1774 4118 nec
1788 4057 1878 4119 Pauli

425 4139 567 4220 omnique
593 4141 793 4216 scientiarum,
809 4161 922 4221 genere
948 4144 1125 4202 instructum
1177 4155 1263 4209 esse,
1278 4158 1334 4198 nec
1349 4138 1472 4200 divinae
1486 4144 1691 4216 auctoritatis3
1712 4152 1879 4225 propterea

425 4231 517 4317 supet.
541 4223 610 4304 Qua
622 4229 737 4288 ratione
749 4226 892 4288 Salomon
908 4229 999 4287 etiam
1016 4227 1123 4301 idida,
1177 4223 1258 4305 qnod
1272 4224 1364 4303 hujus
1378 4226 1521 4306 allegatio
1536 4230 1699 4290 testimonii
1712 4232 1753 4291 ait
1772 4250 1878 4309 perum

424 4310 455 4374 id
466 4319 517 4388 est
528 4310 657 4373 dilectus
668 4313 736 4375 Deo
748 4316 874 4375 iocatus
886 4314 1060 4390 eetheg.
1075 4315 1124 4373 12.
1178 4313 1281 4373 efficax
1311 4311 1349 4371 ad
1376 4313 1573 4393 probandum.
1611 4316 1739 4393 Minus,
1770 4320 1877 4398 iuquit,

423 4398 573 4480 Mysticus
603 4420 677 4461 vcro
707 4398 745 4461 de
774 4395 894 4461 Christo
926 4420 1032 4462 sensus
1063 4408 1124 4460 est:
1177 4399 1264 4459 decet
1277 4402 1313 4460 ira
1328 4417 1364 4459 rr
1379 4407 1470 4462 tonte
1483 4409 1608 4462 tentam
1623 4407 1815 4479 Apostolum
1829 4408 1879 4466 rer·

424 4486 492 4567 Ego
507 4507 557 4547 ero
574 4489 604 4546 ei
618 4506 691 4548 vere
707 4495 738 4547 et
752 4489 875 4568 proprie
897 4496 1000 4566 pater,
1027 4494 1057 4547 et
1072 4484 1125 4545 ille
1176 4486 1236 4545 teli
1250 4494 1451 4562 argumento,
1468 4506 1539 4548 cum
1548 4495 1727 4565 potuissent
1737 4492 1879 4553 Hebraei

424 4575 485 4634 erit
504 4573 579 4634 mihi
602 4591 675 4634 rere
697 4592 733 4633 ac
755 4577 877 4654 proprie
897 4573 991 4646 tilius,
1017 4581 1125 4652 utpote
1174 4572 1272 4650 focile
1299 4575 1507 4650 respondere,
1538 4576 1625 4653 quod
1649 4595 1718 4640 noa
1743 4578 1785 4638 dc
1811 4579 1878 4656 pllio

424 4659 573 4722 naturalis
596 4679 632 4721 ee
654 4658 693 4720 de
712 4679 780 4720 mea
801 4660 971 4721 substantia
994 4660 1123 4740 genitus,
1176 4660 1254 4732 Det,
1271 4660 1326 4718 scd
1340 4660 1380 4719 dc
1393 4680 1478 4736 pero
1493 4664 1638 4739 dominc,
1654 4670 1685 4724 ct
1700 4666 1756 4742 qui
1769 4668 1878 4741 peras

414 4762 555 4828 eumque
568 4756 604 4807 nt
618 4746 710 4807 talem
724 4747 876 4808 immensis
892 4746 1056 4808 honoribus
1071 4764 1123 4805 au·
1173 4763 1322 4821 peccare,
1349 4754 1379 4807 ct
1404 4748 1444 4807 dc
1467 4751 1557 4826 fecto
1579 4758 1692 4826 postes
1720 4753 1875 4830 pccceor‘t,

423 4831 519 4913 gebo,
545 4835 687 4914 omnique
709 4833 920 4894 charismatum
941 4843 973 4894 et
987 4834 1123 4893 scientia·
1176 4832 1262 4891 dicte
1276 4835 1340 4893 sint
1354 4835 1431 4895 hece
1445 4837 1543 4895 verbe
1557 4837 1658 4898 eDco
1669 4855 1729 4914 per
1744 4840 1876 4900 Nathan

417 4937 491 4980 rum
520 4938 630 4998 genere
655 4918 824 4981 ahsolutum
853 4919 993 4994 reddum,
1024 4920 1125 4980 omnia
1176 4918 1220 4978 ed
1242 4919 1411 4981 Davidem.
1454 4922 1545 4984 Unde
1571 4941 1609 4984 cr
1633 4925 1695 4985 sectr·
1719 4924 1877 5002 filiatione

424 5003 560 5086 deniqne
574 5003 699 5067 daturne
714 5009 745 5069 in
760 5026 866 5069 manue
881 5007 958 5086 ejus.
1176 5021 1244 5066 sora
1261 5006 1420 5082 probetur
1440 5013 1650 5087 reperientes
1669 5011 1714 5072 ad
1735 5012 1876 5090 meles.
