4442 5825
394 586 469 663 ηρ
912 576 1147 635 commeares
1163 575 1273 634 utera
1293 578 1333 633 n.

393 755 492 817 culum
512 754 704 816 aestimemus
723 753 843 834 vulgari
865 772 948 815 more
969 762 1089 834 tempus
1141 755 1224 817 tione
1237 751 1365 828 saeculi,
1380 753 1559 833 qaiatotnm
1573 757 1694 831 tempus
1709 746 1821 809 daretis·

393 853 510 905 centum
526 862 677 903 annorum.
693 841 801 920 Neque
813 843 892 902 enim
906 840 966 900 dici
980 848 1088 921 potest,
1143 843 1189 903 nis
1203 841 1335 914 saeculi,
1352 848 1556 920 comparatum
1570 837 1756 909 aeternitati,
1769 834 1821 897 bre·

392 929 483 1010 hujus
505 929 659 1010 Epistolae
680 930 870 1007 scriptorem,
897 928 1035 1010 quiaquia
1062 929 1089 987 is
1142 931 1295 990 :baimam
1311 935 1367 988 est.

391 1015 496 1089 tuerit,
523 1019 676 1096 opinatum
698 1013 809 1088 inisse,
836 1033 902 1075 cum
926 1014 1002 1075 baec
1017 1014 1087 1075 sari·
1186 1016 1247 1075 Alii
1269 1021 1393 1095 putant,
1422 1008 1574 1074 Christum
1596 1014 1629 1072 in
1656 1028 1822 1072 causamme

392 1103 490 1176 beret,
513 1102 604 1163 finem
619 1101 732 1163 saeculi
746 1104 874 1179 instarc;
898 1103 1020 1162 tametsi
1035 1100 1088 1161 illo
1142 1103 1223 1163 tione
1238 1101 1424 1162 saeculoram
1446 1117 1565 1178 pessum
1580 1097 1656 1171 diei,
1679 1097 1754 1178 qnia
1773 1103 1822 1177 poe

391 1200 524 1270 tempore
539 1210 604 1251 sam
620 1189 714 1249 fnisse
731 1188 893 1249 multorum
907 1189 1089 1268 opinionem,
1142 1210 1208 1251 eam
1234 1188 1348 1269 legem,
1374 1206 1462 1268 qnam
1483 1184 1620 1246 Christus
1642 1184 1753 1254 attulit,
1777 1201 1822 1243 nar

391 1275 494 1356 colligi
509 1286 610 1358 potest
626 1295 664 1337 ex
680 1276 734 1348 iis,
761 1295 842 1355 qnae
857 1275 971 1335 Paulus
987 1274 1089 1336 scribit
1143 1276 1203 1336 aiia
1217 1276 1258 1336 sit
1273 1271 1488 1355 exspectanda.
1510 1272 1627 1333 Verum
1648 1291 1707 1333 nec
1723 1270 1778 1332 hoc
1790 1288 1822 1329 aa·

392 1362 532 1425 bTbess.
558 1369 586 1425 2.
610 1371 643 1424 et
663 1362 774 1423 Petrus
797 1362 933 1441 2Epist.
956 1367 1001 1438 b:
1028 1382 1088 1422 non
1141 1364 1272 1436 tisiacit,
1298 1381 1364 1422 oum
1379 1359 1463 1421 aliud
1477 1358 1565 1438 longe
1587 1362 1642 1433 sit,
1668 1359 1822 1439 legemnou

390 1452 469 1511 enim
492 1448 589 1510 falsae
610 1449 763 1531 opinionis
785 1448 879 1510 verba
900 1448 1014 1510 dictare
1036 1469 1087 1529 po·
1142 1450 1251 1511 mutari
1274 1450 1424 1529 usquein
1447 1446 1551 1519 tinem,
1577 1455 1607 1508 et
1627 1448 1727 1525 ipsum
1751 1442 1822 1505 tinen

390 1538 449 1599 tuit
462 1557 515 1617 per·
529 1536 610 1597 huno
626 1545 776 1599 auctorem
797 1537 933 1599 veritatis
947 1536 1089 1615 magister
1142 1536 1246 1598 mnndi
1262 1535 1375 1597 adesse.
1398 1535 1508 1595 Posset
1524 1536 1605 1594 enim
1619 1534 1671 1593 lex
1687 1534 1822 1593 immutata

390 1624 520 1705 Spiritus
535 1632 672 1696 sanetus,
700 1632 734 1683 ut
755 1642 811 1685 nee
832 1641 887 1703 per
908 1641 1088 1704 quemqnam
1142 1642 1318 1703 permanere
1334 1622 1438 1684 decem
1453 1620 1588 1680 millibus
1605 1639 1759 1681 annorum.
1781 1616 1822 1691 oe

390 1712 490 1773 alium.
523 1711 688 1791 Potestque
705 1710 810 1772 eadem
826 1729 949 1789 prorsus
964 1708 1087 1770 difficul·
1143 1710 1310 1783 eumenius,
1338 1727 1491 1791 exponens
1506 1707 1581 1769 illud
1595 1708 1743 1768 Joannis:
1772 1706 1822 1767 Nu·

390 1804 438 1859 tes
454 1799 568 1859 moveri
583 1817 620 1859 ex
635 1797 737 1859 verbis
752 1797 882 1859 Joannis
901 1801 915 1858 1
929 1797 1026 1877 Epist.
1043 1797 1088 1857 2:
1143 1800 1270 1859 victima
1293 1799 1374 1858 hora
1396 1804 1458 1871 eat,
1486 1794 1572 1868 dicit,
1598 1797 1822 1855 novissimume

391 1885 522 1960 mesola,
538 1887 712 1947 novissimo
726 1884 806 1945 bero
822 1891 885 1961 cst;
903 1902 960 1945 nec
974 1903 1035 1944 non
1049 1901 1089 1943 ex
1143 1893 1308 1947 extremum
1335 1886 1484 1965 cujusque
1516 1883 1559 1944 rei
1585 1897 1667 1943 recte
1692 1877 1822 1961 appeilrn'

392 1971 647 2053 aliisquibusdem
657 1971 833 2052 Scripturas
844 1969 919 2031 loeis
931 1970 1087 2031 similibus.
1141 1973 1187 2044 id,
1206 1972 1287 2052 quod
1304 1979 1351 2031 est
1366 1980 1435 2052 post
1449 1970 1589 2030 medium.
1613 1969 1655 2029 et
1670 1960 1822 2048 quomodoi

392 2058 525 2140 Quidem
541 2058 620 2119 solvi
643 2077 732 2139 posse
754 2066 861 2138 putent
882 2059 961 2119 hunc
976 2056 1087 2119 nodam
1143 2059 1222 2120 Nam
1249 2057 1406 2118 duodecim
1429 2066 1498 2119 sunt
1521 2058 1612 2117 horae
1635 2055 1705 2116 diei
1744 2054 1822 2115 Nasu

391 2165 430 2207 ex
445 2144 624 2207 Drasmiane
637 2148 793 2207 versione:
810 2146 874 2206 Sao
885 2162 1088 2207 consumma·
1142 2156 1243 2206 entem
1264 2149 1423 2226 septimam
1446 2153 1497 2203 ant
1518 2155 1658 2205 octavam
1678 2142 1779 2203 horam
1791 2138 1822 2201 ai·

391 2236 509 2294 sionem
525 2233 724 2295 :atomorum
733 2277 743 2308 ,
764 2232 796 2293 id
811 2240 859 2293 est
873 2235 1004 2293 instante
1020 2251 1087 2291 con·
1141 2234 1221 2294 xerit
1235 2252 1302 2293 esso
1325 2232 1385 2293 dici
1410 2233 1610 2292 novissimam.
1647 2230 1767 2290 Deinde
1784 2244 1822 2287 nu

390 2321 593 2382 summationa.
609 2319 671 2381 Sed
681 2320 1030 2399 caresponaiosuperius
1038 2337 1087 2379 ex·
1141 2319 1217 2380 iliud
1232 2330 1317 2380 extre
1336 2322 1539 2400 quaestionem
1562 2328 1622 2393 est,
1645 2316 1728 2398 quod
1744 2314 1822 2378 Oeeu·

390 2408 473 2469 clusa
485 2416 540 2483 eet,
553 2408 623 2468 dnm
635 2407 829 2481 ostendimus,
840 2426 901 2468 non
911 2407 990 2467 bene
1000 2407 1088 2466 Erae·
1142 2408 1258 2468 menius
1279 2409 1437 2487 supponit,
1462 2405 1614 2467 Christum
1633 2406 1757 2467 venisse
1771 2408 1822 2484 pest

390 2514 472 2556 mum
488 2497 531 2557 ita
545 2496 679 2557 vertisse
703 2493 897 2574 Quamquam
917 2513 975 2554 nec
989 2513 1026 2553 ea
1040 2511 1086 2552 sa·
1140 2493 1272 2555 medium
1296 2496 1389 2555 totius
1411 2496 1561 2575 temporis.
1599 2491 1703 2553 Valde
1729 2492 1822 2572 qnippe

391 2581 556 2643 tistaaeroa
580 2582 659 2642 Nam
674 2581 794 2661 proprie
805 2601 861 2642 nec
873 2579 1003 2642 instabat
1017 2598 1087 2639 con·
1142 2585 1291 2643 incertum
1306 2590 1366 2654 est,
1383 2590 1517 2663 tempus,
1539 2579 1622 2660 quod
1637 2579 1771 2659 sequitur
1783 2575 1821 2639 ad

391 2669 565 2743 summatio,
600 2666 722 2748 quaudo
759 2667 835 2728 haec
871 2667 1088 2740 scribebantur,
1140 2684 1262 2731 ventum
1278 2668 1421 2743 Domini,
1443 2668 1566 2729 brevius
1589 2668 1642 2741 sit,
1667 2685 1707 2731 en
1721 2666 1822 2746 longia

391 2755 538 2834 cumipse
550 2756 641 2816 etiam
652 2753 818 2833 Apostolus
829 2753 859 2815 id
871 2762 976 2834 aperte
987 2758 1086 2834 neget,
1141 2775 1193 2829 eo,
1209 2754 1290 2835 quod
1305 2757 1476 2834 praecessit.

391 2840 443 2902 ubi
465 2860 536 2902 euos
559 2841 849 2902 Thessalonicenses
869 2840 1023 2915 admonet,
1049 2857 1088 2899 ne
1184 2841 1261 2903 Sunt
1286 2841 1354 2915 eiii,
1388 2844 1441 2923 qui
1467 2847 1750 2907 consummationem
1773 2860 1821 2905 see

391 2936 571 3003 terreantur,
587 2930 675 3009 quasi
689 2929 782 2989 instet
796 2928 864 2989 dies
878 2928 1012 2989 Domini.
1141 2930 1202 2990 culi
1220 2930 1451 3008 interpretentur
1462 2931 1595 2991 ultimam
1608 2942 1741 2994 aetatem
1753 2950 1820 2994 mna·

434 3014 531 3095 igitur
550 3015 588 3076 ab
610 3015 678 3075 aliis
701 3014 782 3077 eliae
802 3017 1013 3093 responsiones
1036 3013 1087 3075 ed·
1141 3015 1182 3078 di.
1204 3016 1254 3076 Ita
1269 3016 1305 3077 Β.
1321 3016 1471 3091 Thomas,
1495 3020 1622 3097 quirem
1639 3019 1821 3101 explicetbt·

390 3100 539 3163 teruntur.
572 3100 793 3163 Eamultorum
817 3110 878 3175 est,
903 3120 964 3182 que
986 3101 1090 3161 dieunt
1137 3100 1273 3184 Jusmodi
1289 3103 1366 3163 inter
1388 3105 1449 3165 elia
1468 3104 1583 3165 verbis:
1616 3108 1821 3180 Ultimum

391 3196 509 3269 tempas
532 3187 683 3251 adventus
697 3188 808 3250 Christi
831 3191 935 3250 vocari
958 3187 1086 3249 novissi·
1142 3197 1186 3252 cst
1199 3195 1301 3249 statua
1315 3207 1483 3266 preessae,
1504 3199 1576 3268 poet
1597 3181 1689 3269 quem
1713 3213 1776 3256 aaa
1789 3195 1821 3258 d,

391 3294 471 3336 mum
486 3283 604 3356 tempus
619 3283 651 3336 et
673 3275 758 3337 finem
783 3275 987 3349 saeculorum,
1014 3292 1087 3355 quo·
1141 3277 1225 3337 alius
1239 3282 1354 3351 statas,
1379 3280 1458 3339 aiem
1468 3289 1530 3338 ‘nee
1542 3287 1616 3354 poet
1631 3284 1755 3343 senium
1768 3279 1820 3361 aii!¹

390 3363 486 3436 mam,
516 3363 589 3438 etsi,
619 3362 719 3442 quoad
745 3382 815 3433 nos,
846 3362 935 3442 longe
959 3361 1051 3422 distet
1069 3380 1089 3419 a
1142 3370 1237 3423 actua
1260 3364 1349 3425 Siout
1365 3372 1469 3424 autem
1486 3368 1522 3427 ia
1537 3366 1611 3428 aliia
1626 3368 1821 3430 aetatibus&

390 3447 495 3510 mundi
509 3450 778 3524 consummatione,
802 3456 903 3509 tamen
919 3456 1014 3509 totum
1031 3448 1088 3508 boc
1142 3468 1294 3512 :camenas
1315 3468 1477 3512 annorum
1500 3452 1821 3532 determinantem!

392 3542 510 3615 tempus
525 3533 593 3596 Deo
609 3538 737 3618 ejusque
758 3538 930 3597 aeternitati
948 3534 1087 3595 brevissi·
1142 3544 1247 3598 eutem
1265 3538 1301 3596 ia
1315 3540 1418 3599 aenio:
1440 3543 1487 3597 ito
1502 3556 1570 3599 aon
1585 3549 1629 3601 cst
1644 3542 1820 3603 aetermam·

391 3640 472 3683 mum
487 3629 546 3695 est,
572 3632 643 3682 ente
665 3624 750 3701 cajus
771 3623 874 3683 ocnios
896 3623 983 3681 mille
1007 3621 1089 3681 uani
1142 3633 1225 3698 tam,
1242 3630 1399 3700 wentam
1414 3627 1471 3684 iate
1484 3633 1584 3687 stata:
1599 3629 1716 3690 mundi
1730 3627 1821 3690 debe&

392 3712 557 3784 tamquam
569 3709 635 3769 dias
645 3710 801 3784 besterna,
817 3727 899 3785 qaae
908 3711 1087 3784 proeteriit,
1143 3711 1280 3787 durum
1307 3718 1415 3772 tamea
1431 3718 1475 3772 est
1490 3719 1722 3778 consummatio
1729 3761 1740 3793 ,
1760 3713 1820 3792 qaia

392 3792 503 3855 Psalm,
519 3794 570 3856 89.
600 3794 687 3875 Quae
709 3796 864 3874 responsio
879 3793 975 3855 videri
990 3802 1089 3876 potest
1142 3805 1323 3860 nearestot
1338 3799 1544 3860 aliaestutua.
1582 3800 1634 3862 Sic
1649 3801 1717 3875 illa,
1743 3802 1821 3862 citut

394 3897 463 3940 esse
477 3880 572 3958 ipsius
587 3882 622 3942 Β.
638 3880 723 3944 Petri
738 3883 804 3942 ioco
815 3882 881 3960 jam
896 3883 1004 3955 citato,
1027 3880 1088 3952 nbi,
1144 3886 1235 3944 etiem
1252 3883 1329 3943 illud
1344 3886 1484 3964 Apostoli
1503 3890 1519 3945 1
1534 3885 1600 3946 Cor.
1619 3890 1685 3948 10.:
1708 3890 1770 3951 lt'os
1780 3901 1819 3948 se·

392 3965 572 4046 quibusdam
588 3967 774 4029 dicentibus:
807 3969 866 4029 Ubi
889 3975 932 4028 eat
949 3971 1089 4045 proma'a·
1142 3990 1229 4044 maa,
1253 3974 1289 4031 ir:
1304 3989 1382 4046 quoe
1397 3970 1476 4047 fiaes
1489 3972 1691 4036 saeculorum
1706 3975 1819 4037 aseae

392 4054 440 4112 aio
462 4060 520 4113 aut
541 4054 699 4116 adventus
722 4056 880 4116 Domini?
909 4054 1087 4135 respondet:
1143 4066 1228 4118 aaut
1260 4056 1379 4119 Eadem
1395 4067 1443 4121 est
1457 4062 1607 4121 sententia
1622 4059 1749 4122 Glossae
1763 4054 1819 4122 ord}

392 4140 477 4218 Quia
497 4157 582 4201 unus
605 4141 671 4202 dies
695 4142 785 4218 apud
808 4144 983 4204 Dominum
1010 4145 1090 4203 metet
1143 4145 1260 4218 neriae,
1288 4152 1317 4203 et
1339 4145 1458 4217 Lireni,
1486 4154 1518 4207 et
1540 4146 1668 4209 aliorum
1684 4148 1819 4210 tarsen

392 4225 479 4286 mille
505 4230 605 4303 onai,
644 4236 674 4287 ct
699 4229 786 4288 mille
811 4231 894 4290 onai
918 4232 999 4289 siem
1024 4228 1089 4288 dies
1143 4232 1249 4290 munis.

390 4329 485 4374 aaut.
507 4311 566 4373 Sed
582 4333 618 4373 eo
633 4314 699 4374 loco
711 4315 820 4376 Petrus
836 4323 951 4376 tentum
967 4334 1087 4394 respon·
1186 4317 1282 4376 Porro
1298 4315 1463 4396 cajetanus
1477 4320 1522 4380 aie
1544 4321 1680 4400 exponit:
1707 4324 1747 4383 Ia
1759 4333 1818 4382 eet·

392 4396 506 4471 dstiis,
532 4400 583 4479 qui
599 4400 827 4475 existimabant,
854 4404 1014 4462 Dominum
1029 4410 1087 4460 tar
1142 4406 1353 4464 mmmatioae
1375 4407 1591 4483 saeculorum,
1615 4409 1648 4470 id
1673 4419 1722 4470 est
1735 4401 1819 4470 non'!

393 4484 466 4546 dare
489 4505 525 4546 ae
542 4488 625 4565 justo
645 4487 764 4567 langius
784 4486 904 4549 differre
928 4507 997 4547 suas
1021 4508 1087 4566 pro·
1143 4491 1291 4569 principio
1307 4491 1423 4566 mnndi,
1445 4492 1498 4553 sed
1518 4495 1548 4553 in
1571 4493 1818 4573 perfectionem

391 4572 565 4650 missiones,
591 4594 651 4634 non
667 4582 768 4634 autem
783 4574 915 4635 intendit
930 4574 1088 4653 explicare,
1142 4577 1276 4638 culorum
1300 4578 1493 4640 definitorum
1515 4599 1534 4640 a
1557 4579 1661 4641 divina
1680 4581 1818 4663 providet

392 4677 557 4739 quosensu
573 4671 730 4722 veretune
745 4659 805 4720 dici
820 4662 967 4740 potuerit,
987 4662 1087 4721 novis·
1144 4665 1194 4723 tis.
1243 4662 1341 4742 Quam
1371 4667 1586 4745 expositionem
1616 4669 1742 4744 Bibere,
1770 4667 1821 4749 p&

392 4746 499 4806 simam
522 4745 626 4806 boram
650 4754 703 4808 aut
725 4747 838 4806 saeculi
861 4748 1088 4808 consummatio·
1141 4751 1282 4809 recitatas
1306 4751 1434 4812 eliorum
1456 4754 1630 4832 opiniones,
1653 4774 1707 4816 suo
1723 4749 1821 4817 celauit

390 4850 458 4893 uem
475 4842 754 4912 eeaepraesantem.
786 4833 882 4907 Euat
898 4835 1087 4914 istaexposi·
1142 4837 1332 4915 comprobat,
1352 4838 1502 4918 dicitque,
1525 4838 1741 4905 buncsensum
1756 4855 1822 4905 estet

391 4918 435 4978 tio
450 4920 626 4997 recipietur,
649 4921 760 4995 omnia,
784 4939 994 5001 quaecumque
1008 4920 1090 4981 facta
1142 4921 1216 4982 Cum
1247 4923 1371 4985 saecula
1399 4946 1434 4986 ac
1471 4935 1605 5006 tempora
1635 4933 1822 4992 eonsummeit

392 5011 479 5080 sunt,
506 5005 568 5066 dici
588 5015 733 5085 poterunt
752 5003 834 5067 iacta
856 5009 886 5067 in
902 5026 1087 5070 consumma·
1141 5017 1225 5084 sunt,
1252 5030 1331 5090 qnae
1352 5012 1437 5074 Deua
1460 5013 1658 5093 praefinierat
1683 5017 1750 5098 ejus
1769 5033 1822 5100 pet

443 5144 455 5180 J
