4442 5825
437 588 509 658 ibt
955 574 1237 632 committentium
1255 575 1322 630 css.
1340 575 1368 629 n.

432 753 581 836 Epistols,
595 752 750 834 potissime
764 771 829 832 cep.
845 757 875 814 4.
892 761 922 813 et
937 751 978 826 5,
1002 752 1129 832 diligen·
1185 760 1216 813 et
1241 751 1384 813 bectenus
1411 753 1537 829 tenetis,
1569 752 1706 815 firmiter
1737 754 1879 815 minuis

433 851 482 906 ter
496 840 628 903 inculcet
642 839 722 901 hene
737 838 912 913 doctrinam,
938 844 1052 903 Jesum
1068 857 1131 900 esse
1184 840 1327 921 usquein
1340 837 1446 916 finem3
1467 859 1523 901 nec
1539 840 1605 900 istis
1630 841 1728 902 nevis
1743 842 1879 920 msgisuis

435 930 606 1003 Obristssm,
623 926 744 989 Filium
756 927 826 989 Dei.
849 927 892 988 Et
902 925 1034 1008 deniqne
1049 925 1130 987 cleu·
1185 947 1330 989 novorum
1339 923 1511 1004 dogmatum
1520 925 1682 988 sutoribus
1691 947 1797 989 susem
1808 946 1880 1008 pree

433 1035 523 1079 surus
538 1013 707 1094 Epistulam
723 1012 812 1074 dicit:
828 1014 960 1089 Scimus,
976 1016 1132 1091 pecaniam
1184 1014 1290 1075 bostis.
1319 1012 1371 1074 Sic
1394 1021 1425 1072 et
1446 1013 1478 1072 in
1501 1014 1530 1072 2.
1553 1013 1701 1094 Epistole
1729 1013 1770 1075 de
1791 1013 1881 1077 eodm

432 1104 539 1168 Filius
555 1102 617 1162 Dei
642 1102 741 1175 venit,
766 1099 882 1161 scilicet
899 1099 951 1160 ille
967 1102 1032 1181 ipse
1047 1100 1129 1160 Mes·
1184 1119 1279 1180 egens
1300 1106 1492 1178 argumento:
1518 1101 1589 1162 Hoc
1614 1108 1664 1162 est
1686 1101 1882 1180 mandatnm,

436 1191 497 1252 sies
512 1194 714 1267 exspectetns.
739 1186 830 1268 Quod
842 1208 895 1268 pro
909 1186 1055 1268 prioribus
1067 1189 1130 1269 opi·
1184 1187 1296 1268 inquit,
1317 1193 1371 1262 ut,
1396 1186 1671 1265 quemadmodum
1695 1189 1832 1251 esame
1849 1190 1882 1250 ab

436 1273 578 1339 uionibus
601 1272 797 1337 edierebstur
811 1272 849 1334 de
864 1274 990 1336 articulo
1006 1272 1132 1350 (irreco,
1184 1277 1289 1350 initio,
1306 1278 1342 1336 in
1358 1293 1393 1335 eo
1411 1274 1596 1346 ambuletis,·
1620 1279 1785 1353 quoniam
1800 1279 1880 1339 multi

433 1363 510 1426 nibil
524 1360 622 1424 efficit.
646 1359 776 1424 Constet
790 1363 879 1436 enim,
901 1359 1059 1423 ertienlum
1075 1360 1132 1422 fre·
1184 1362 1361 1423 seductores
1388 1364 1535 1424 exierunt
1560 1365 1595 1423 in
1625 1364 1813 1439 mundum,
1835 1369 1882 1443 qui

435 1457 561 1532 quenter
591 1467 610 1508 u
636 1446 760 1510 Gssecis
788 1448 962 1510 auctoribus
992 1449 1133 1528 usurpari
1185 1468 1253 1511 non
1273 1449 1483 1527 confitentur,
1506 1453 1624 1514 desum
1651 1451 1818 1512 Obristum
1839 1471 1882 1513 oe·

436 1539 504 1599 sine
526 1534 677 1616 empbesi,
701 1534 825 1616 perinde
847 1545 940 1617 etque
962 1537 988 1596 si
1011 1533 1133 1597 edditus
1185 1539 1267 1599 nisse
1293 1539 1330 1598 in
1355 1555 1495 1597 carnem.
1533 1539 1595 1598 Hic
1620 1543 1667 1599 est
1692 1539 1842 1600 seductor
1859 1548 1884 1600 et

437 1644 498 1686 non
514 1631 600 1684 esset.
1186 1625 1405 1686 Antichristus.
1441 1623 1564 1686 Decent
1584 1622 1772 1703 hujusmodi
1794 1625 1882 1688 dne

478 1711 528 1771 23.
553 1711 681 1786 Omnis,
708 1712 764 1788 qui
790 1717 887 1786 nepot
910 1711 1047 1785 Filium,
1075 1728 1132 1770 nec
1186 1711 1335 1784 uitiones,
1362 1729 1398 1771 nx
1422 1711 1603 1793 antiquitate
1622 1710 1831 1790 judicandum
1850 1712 1882 1775 de

435 1799 566 1861 Patrem
589 1797 691 1859 babet.
724 1795 878 1869 Ostendit,
903 1798 1010 1858 merito
1033 1816 1065 1856 se
1088 1796 1131 1857 di·
1186 1799 1318 1860 veritate
1340 1796 1512 1873 doctrines,
1536 1799 1563 1858 si
1585 1798 1740 1861 videlicet
1754 1801 1794 1863 sb
1808 1802 1882 1862 initio

436 1885 536 1946 xisse:
558 1892 655 1962 nepot
671 1885 800 1946 Patrem
816 1891 846 1944 et
860 1884 980 1945 etitem
989 1907 1002 1962 ,-
1026 1903 1131 1964 qnsm-
1187 1883 1379 1966 praedicatae
1400 1892 1431 1944 et
1449 1883 1593 1946 iundutee
1616 1883 1692 1948 ndei
1718 1885 1833 1950 trsdits
1843 1890 1882 1961 sis,

437 1971 484 2034 ris
499 1970 554 2046 illi,
570 1979 674 2033 contre
688 1989 766 2052 ques
780 1971 853 2050 egit,
876 1991 937 2031 non
951 1970 1073 2033 Putrem
1089 1971 1132 2032 di·
1186 1981 1216 2033 et
1231 1981 1384 2050 temqnem
1398 1970 1489 2033 fidele
1504 1972 1683 2052 depositum
1699 1993 1759 2054 per
1770 1975 1880 2057 liphne

438 2064 517 2120 serie
540 2066 694 2138 negemnt,
717 2055 773 2118 sed
787 2056 908 2118 Filium.
932 2056 1041 2141 Neque
1055 2059 1134 2119 enim
1186 2079 1294 2141 porum
1320 2059 1524 2121 successiones
1552 2057 1591 2119 ed
1619 2080 1678 2122 nos
1706 2063 1879 2123 tssnmisst

438 2143 533 2205 Peter
547 2165 566 2205 s
580 2144 659 2205 Filio
683 2145 818 2225 seperari
841 2151 950 2224 potest,
973 2144 1133 2207 etlilium
1187 2145 1280 2226 Quod
1302 2144 1339 2205 de
1362 2146 1426 2208 suis
1447 2143 1653 2226 dogmatibus,
1677 2148 1713 2209 in
1728 2148 1880 2229 quibussb

439 2231 510 2313 quis
525 2238 627 2311 neget,
644 2233 765 2294 Putrem
780 2249 949 2312 agnoscens
964 2252 1001 2293 ec
1015 2231 1076 2294 fide
1089 2250 1132 2291 re·
1187 2232 1325 2295 Ecclesia
1352 2230 1513 2295 (lutholics
1537 2230 1747 2308 dissentiunt,
1775 2236 1880 2298 mussi

437 2320 547 2381 tineus
571 2317 621 2378 Ite
641 2319 791 2381 Dominus
813 2319 845 2379 in
860 2318 1046 2400 Evangelio:
1070 2320 1134 2381 Ne·
1187 2320 1294 2382 decere
1309 2338 1372 2381 non
1386 2326 1521 2401 possunt.
1546 2318 1638 2393 Vide,
1663 2341 1751 2403 quse
1765 2322 1880 2384 diximus

438 2423 499 2486 pue
512 2424 562 2466 me
575 2407 670 2481 scitis,
697 2423 799 2483 neque
814 2406 945 2468 Patrem
960 2426 1073 2469 meum.
1099 2406 1134 2468 Si
1187 2407 1226 2469 ed
1241 2404 1317 2468 illud
1334 2404 1401 2468 (lei.
1420 2412 1463 2468 1.:
1487 2408 1521 2468 ss·
1533 2409 1605 2484 quie
1621 2408 1715 2470 uobis
1731 2411 1880 2487 eoasspsli·

437 2512 487 2554 me
501 2494 630 2569 sciretis,
646 2496 758 2572 utique
769 2499 799 2554 et
810 2494 942 2554 Patrem
954 2513 1056 2556 meum
1072 2497 1134 2554 sct·
1186 2496 1309 2556 nouerit
1318 2501 1447 2570 praeter
1455 2494 1501 2569 id,
1514 2494 1601 2573 quod
1615 2499 1799 2575 accepistis,
1809 2516 1878 2560 cna·

438 2582 522 2655 retis,
539 2578 630 2641 Joen.
644 2583 690 2656 8.;
706 2588 736 2641 et
746 2579 804 2640 boc
817 2588 871 2652 est,
887 2579 968 2661 qnod
980 2582 1134 2662 sequitur:
1187 2584 1293 2644 tbema
1308 2583 1358 2642 sit.

482 2668 544 2748 Qui
558 2666 727 2743 cantitetur
738 2666 872 2742 Filium,
889 2675 919 2729 et
929 2668 1057 2729 Patrem
1074 2669 1133 2726 ba·
1230 2670 1265 2732 ss·
1280 2670 1316 2731 in
1331 2668 1419 2731 vobis
1438 2672 1670 2745 permanserit,
1693 2673 1786 2749 quod
1799 2671 1876 2732 audi·

438 2754 497 2815 bet.
529 2753 566 2813 Id
589 2761 650 2814 est:
673 2752 737 2834 Qui
760 2753 931 2825 confitetur,
955 2775 989 2816 se
1011 2753 1135 2816 credere
1185 2759 1241 2818 stis
1263 2755 1303 2815 ab
1325 2757 1430 2829 initio,
1454 2762 1484 2816 et
1499 2772 1554 2816 vos
1576 2758 1614 2817 in
1637 2757 1731 2819 stlte
1754 2767 1784 2820 et
1798 2760 1876 2820 Patre

437 2839 562 2914 Filium,
583 2840 609 2900 is
625 2840 742 2901 demum
759 2847 813 2915 est,
834 2841 885 2922 qni
901 2841 992 2902 etiem
1008 2841 1133 2902 Putrem
1186 2842 1361 2904 manebitis.
1399 2841 1467 2903 Hoc
1494 2851 1556 2902 est:
1587 2843 1622 2904 si
1655 2843 1872 2907 doctrinemsb
1918 2846 1920 2859 '

436 2926 498 2989 tide
513 2935 603 3003 tenet,
624 2928 740 3008 elioqni
755 2928 877 2989 Putrem
893 2949 953 2990 non
967 2928 1132 2990 hebiturne.
1187 2932 1271 2992 initio
1287 2931 1375 2992 robis
1391 2928 1530 2991 treditem
1546 2933 1753 3007 retinueritis,
1777 2951 1872 3015 peruu-

437 3012 526 3075 Hsec
548 3033 617 3094 pers
639 3016 728 3076 ebeet
743 3015 773 3074 in
790 3013 924 3089 Graecis,
947 3036 983 3076 ec
1005 3034 1043 3075 ne
1068 3017 1132 3095 qui·
1186 3018 1295 3078 nebitis
1313 3018 1343 3078 in
1365 3018 1512 3077 societute
1534 3026 1565 3077 et
1586 3019 1731 3081 amicitis
1746 3022 1803 3082 Dei
1815 3019 1872 3081 liii

438 3098 507 3162 dem
523 3099 561 3162 sb
574 3098 758 3163 oecumenio
774 3100 853 3162 lecte
868 3110 931 3178 est3
947 3105 1064 3163 temetsi
1075 3104 1131 3163 Lu·
1186 3113 1217 3166 et
1230 3105 1340 3165 Petris.
1363 3104 1485 3165 titium
1499 3110 1570 3165 snte
1585 3105 1727 3167 Patrem
1749 3110 1872 3177 nominet,

438 3187 501 3250 sins
524 3197 698 3249 constanter
717 3189 865 3250 exhibent.
888 3189 992 3269 Aliqui
1016 3196 1132 3268 putent,
1186 3190 1872 3275 quincontreeosegit,quiFiliumnegsbsstt

437 3282 610 3335 snnotstsm
634 3277 811 3357 sqnopism
835 3275 957 3349 lectore,
977 3277 1133 3355 irrepsisse
1186 3275 1276 3339 simul
1292 3286 1326 3338 ut
1339 3278 1476 3350 insinuet,
1499 3277 1612 3338 Filium
1634 3299 1698 3340 non
1721 3300 1790 3342 esse
1803 3281 1874 3342 Putre

438 3361 472 3423 in
486 3370 668 3424 contextum.
693 3361 733 3421 At
747 3382 822 3424 vero
838 3362 966 3424 similius
981 3369 1033 3435 est,
1050 3363 1131 3423 exei-
1185 3365 1346 3440 minorem,
1375 3371 1408 3423 ut
1435 3364 1489 3442 qui
1514 3362 1670 3426 interdum
1701 3369 1796 3429 etiem
1818 3374 1873 3427 ente

439 3446 520 3510 disse
535 3468 553 3510 e
568 3446 695 3511 Graecis
711 3448 865 3510 codicibus
888 3450 1045 3511 oscitsntis
1059 3450 1130 3509 scri·
1184 3452 1305 3512 Putrem
1333 3451 1510 3511 nominetur.
1545 3450 1648 3513 Tecet
1670 3462 1779 3515 eutem
1798 3452 1873 3536 spiri·

437 3536 542 3615 ptoris,
556 3542 679 3615 propter
690 3534 949 3598 homoeoteleuton
960 3535 1052 3615 hujus
1064 3556 1131 3616 per·
1185 3547 1249 3599 tum
1265 3545 1412 3609 sunctum,
1428 3538 1500 3617 quis
1516 3535 1554 3597 de
1569 3556 1608 3597 ec
1625 3558 1690 3600 non
1707 3553 1775 3602 eret
1789 3541 1873 3603 obesis

437 3621 479 3682 tis
493 3640 562 3683 cnm
577 3622 779 3703 praecedenti.
812 3621 902 3703 Quod
917 3631 948 3685 et
963 3624 994 3683 in
1010 3621 1079 3683 eliis
1094 3624 1131 3683 si·
1185 3626 1337 3704 quaestio.
1359 3622 1531 3685 Notandum
1548 3632 1604 3699 est,
1626 3626 1823 3706 interpretem
1837 3626 1873 3686 tis

437 3706 556 3771 milibus
571 3707 717 3771 eccidisse
729 3730 788 3771 non
799 3729 876 3782 sero,
892 3712 1044 3771 novimus.
1059 3708 1130 3769 Est·
1185 3718 1215 3772 et
1229 3709 1303 3773 olibi
1314 3709 1516 3772 indifferenter
1527 3713 1570 3770 nti
1579 3711 1750 3778 vocubulis
1763 3730 1873 3777 mossur

437 3814 497 3876 que
520 3795 611 3875 hujus
633 3798 678 3857 rei
701 3795 835 3858 nombils
858 3796 1031 3875 exemplum
1053 3796 1131 3857 inire
1185 3807 1216 3860 et
1227 3816 1430 3875 per-suanere,
1453 3817 1520 3858 cum
1542 3800 1576 3858 iu
1591 3796 1719 3862 Graeco
1743 3804 1786 3863 sit
1799 3819 1872 3862 unus

437 3902 503 3962 csp.
519 3883 557 3956 5..
581 3883 634 3945 nbi
650 3884 752 3965 egitur
766 3882 804 3945 de
818 3883 915 3945 tribus
929 3884 1130 3945 testimoninm
1185 3894 1217 3946 et
1230 3885 1373 3967 simplex:
1389 3875 1499 3962 μένειν,
1512 3902 1657 3946 manere.

436 3966 586 4032 dentibus.
610 3971 698 4032 Certe
719 3969 832 4051 legitur
854 3970 931 4032 heec
954 3990 1024 4051 pers
1047 3972 1131 4031 etin
1228 3972 1278 4032 25.
1301 3974 1345 4035 Et
1369 3974 1446 4032 baec
1470 3978 1514 4033 est
1534 3977 1768 4051 repromissio,
1794 3992 1873 4054 quan

435 4054 570 4134 Syrisce,
586 4065 616 4117 et
630 4060 661 4117 in
676 4058 827 4119 nonnullis
841 4059 930 4119 etiem
947 4055 1082 4131 Graecis,
1100 4065 1131 4116 et
1183 4061 1255 4136 Ipse
1275 4060 1440 4137 pollicitus
1460 4066 1504 4121 est
1525 4058 1629 4134 nobis,
1654 4065 1765 4124 uitem
1787 4070 1873 4123 ader·

435 4142 515 4223 spnd
528 4139 677 4223 cyrillum
691 4144 740 4205 lib.
752 4149 780 4208 9.
793 4147 823 4206 in
832 4144 990 4218 Josnnem,
1003 4164 1069 4223 cup.
1078 4145 1130 4204 40.
1183 4165 1270 4209 nam.
1294 4149 1338 4209 Et
1353 4165 1407 4225 pro
1422 4149 1499 4223 quia
1514 4147 1649 4225 positum
1661 4149 1734 4211 vuit
1746 4149 1871 4213 onum

477 4230 528 4290 24.
559 4230 620 4292 Vos
641 4221 727 4307 quod
749 4232 883 4293 oudiuis
901 4232 941 4292 ab
964 4234 1069 4306 initio,
1094 4233 1131 4291 in
1183 4235 1259 4294 nine.
1284 4231 1362 4295 Onm
1385 4234 1462 4294 enim
1484 4231 1614 4293 dixisset
1638 4234 1823 4316 Apostolus:
1841 4235 1873 4296 bs

432 4315 521 4378 uobis
544 4325 743 4395 permoneat.
775 4317 904 4381 Graece:
942 4321 1004 4381 Vos
1029 4320 1131 4395 icitur
1183 4321 1270 4382 Filio
1286 4329 1315 4381 et
1331 4320 1429 4380 Patre
1451 4318 1636 4395 manebitis,
1660 4332 1871 4406 consequente

432 4404 519 4481 quod
534 4405 679 4480 audistis,
703 4412 757 4465 etc
787 4406 921 4487 Respicit
937 4408 1017 4466 enim
1035 4404 1074 4466 ed
1088 4403 1128 4477 id,
1183 4406 1322 4483 ostendit,
1347 4415 1490 4486 quantum
1513 4405 1571 4467 boc
1595 4406 1715 4471 bonum
1738 4413 1788 4473 sit.
1810 4408 1872 4472 tin

432 4490 514 4570 quod
532 4490 622 4553 dixit:
650 4494 723 4554 Non
739 4494 850 4568 scripsi
871 4493 958 4553 uobis
973 4495 1064 4570 quasi
1079 4496 1128 4569 ip·
1183 4494 1313 4556 societas
1328 4492 1381 4553 ills
1405 4513 1470 4554 eum
1486 4494 1579 4555 Petne
1599 4503 1633 4555 et
1653 4495 1749 4572 Filio,
1771 4494 1872 4580 queuis

430 4579 625 4640 necantibus
644 4581 821 4653 omitmesn,
843 4580 896 4639 sed
919 4583 1012 4657 quasi
1025 4582 1128 4657 scien·
1182 4580 1316 4661 perfecte
1327 4582 1392 4651 erit,
1409 4581 1474 4641 vite
1485 4584 1688 4645 eetesnserit
1700 4584 1871 4648 credenttbu

431 4664 515 4728 tibus
529 4685 618 4744 eam,·
641 4686 678 4728 sc
700 4666 724 4727 si
749 4665 839 4727 dicet:
863 4664 947 4728 Nihil
970 4686 1079 4727 novum
1097 4676 1129 4728 et
1182 4669 1336 4749 promisee.
1372 4667 1465 4746 Cujus
1489 4668 1633 4747 promissi
1657 4673 1790 4752 preemii
1809 4689 1869 4733 ωε

430 4750 599 4816 inseditnm
613 4762 668 4814 eut
690 4754 874 4834 incognitum
896 4753 984 4814 vobis
1007 4751 1129 4829 adfero,
1182 4755 1396 4815 memoratione
1418 4773 1468 4814 eos
1493 4757 1609 4817 excitet
1633 4758 1674 4820 sd
1691 4777 1871 4840 persensus

428 4837 523 4919 probe
545 4842 655 4901 tenetis
678 4841 792 4917 omnim
819 4847 934 4901 tentum
957 4859 1071 4912 moneo,
1095 4848 1128 4900 nt
1181 4842 1264 4902 tium.
1286 4842 1344 4902 Est
1367 4848 1469 4902 sutem
1492 4843 1524 4903 in
1547 4844 1656 4906 serbis
1671 4846 1814 4929 Apostoli
1828 4841 1868 4906 ts-

431 4922 607 5003 doctrinsm,
622 4946 713 5010 quem
728 4926 766 4989 eb
783 4928 879 5003 initio,
897 4925 982 4987 nobis
998 4925 1127 5007 Aposto·
1180 4927 1252 5009 plex
1264 4928 1480 5004 Hebreismus;
1494 4931 1578 5010 prior
1590 4932 1625 4993 in
1633 4952 1680 5008 eo,
1695 4934 1868 5017 quotiens

427 5009 468 5075 lis
482 5012 736 5095 praedicentibus,
758 5012 887 5077 eudietis
907 5020 940 5073 et
955 5014 1126 5094 accepistis,
1180 5017 1282 5095 poenit
1296 5034 1350 5096 pro
1366 5014 1496 5095 objecto,
1516 5022 1772 5095 promissionem
1783 5041 1832 5105 prs
1843 5034 1866 5077 ss
