4442 5825
390 582 463 649 694
903 571 1139 627 COMMENTARIUS
1155 571 1186 625 IN
1205 572 1272 627 Cdl’·
1290 571 1319 625 11.

389 769 587 811 serenorum
605 758 650 809 eet
667 747 858 821 mandatum,
882 747 963 829 qnod
985 748 1085 808 scribo
1140 750 1172 809 in
1195 745 1262 809 dies
1284 768 1350 809 sese
1374 747 1570 809 diffundente
1602 746 1671 809 Hoc
1689 749 1809 820 enimet,

388 837 483 915 vobis,
499 835 551 898 sed
569 837 688 898 diversa
703 836 828 896 ratione.
852 834 970 917 Nempe
985 832 1035 895 v'el
1050 854 1086 895 eo
1140 833 1221 915 quod
1234 835 1336 896 addit:
1353 836 1397 897 Et
1411 853 1525 897 venem
1541 835 1654 898 lumen
1664 837 1729 910 jorn
1740 836 1810 912 laed,

389 945 496 998 sensu,
523 943 583 1005 quo
610 922 748 983 Christus
776 921 943 1003 appellavit
967 942 1086 996 novum,
1139 915 1260 1002 nempe¹
1273 923 1304 982 in
1328 921 1392 982 dise
1414 924 1512 1002 magis
1539 941 1577 982 ac
1600 922 1704 1004 magis.
1738 923 1814 983 Acri

390 1013 443 1093 qui
468 1012 581 1090 primus
606 1009 681 1070 illud
703 1011 815 1071 mundo
838 1008 1019 1091 propalavit3
1053 1017 1087 1068 ut
1141 1010 1238 1069 dicat:
1255 1009 1344 1070 Nunc
1359 1016 1429 1090 post
1443 1008 1613 1070 adventum
1630 1008 1816 1072 Salvatorieet

389 1101 446 1161 hoc
462 1097 546 1158 dicat
560 1098 702 1171 Joannes‚
726 1105 879 1178 tamquam
894 1115 1005 1156 memor
1022 1116 1086 1157 ver·
1140 1095 1284 1176 Spiritum
1310 1105 1448 1157 sanctum
1475 1096 1607 1157 effusum
1628 1096 1683 1157 lux
1702 1097 1816 1177 Evauge

390 1187 493 1246 borum
508 1184 644 1264 magistri
659 1171 724 1261 eui3
741 1184 792 1244 vel
809 1184 846 1243 ob
862 1180 939 1244 aliae
955 1185 1086 1244 rationes
1140 1182 1217 1244 licae
1239 1183 1374 1244 veritatis
1390 1203 1409 1244 a
1425 1181 1513 1244 nobis
1529 1181 1727 1263 praedicatae
1743 1184 1817 1265 quoti

390 1274 527 1353 superius
543 1271 659 1331 allatae.
1141 1269 1239 1331 diania
1262 1269 1448 1348 profectibus
1462 1278 1607 1350 augetur.
1637 1269 1726 1331 Unde
1740 1290 1826 1335 recreet¹

438 1359 529 1441 Quod
544 1377 653 1418 verum
671 1363 758 1417 estet
774 1358 809 1417 in
826 1356 910 1432 Ipso,
934 1365 963 1416 et
978 1360 1013 1417 tn
1029 1375 1086 1418 vo·
1141 1357 1220 1417 cario
1236 1356 1372 1431 efficitur,
1387 1355 1530 1417 tenebras
1545 1359 1680 1418 transire
1695 1366 1726 1419 et
1738 1358 1819 1430 minu,

394 1447 447 1507 bis.
485 1444 631 1505 Voculam
661 1451 689 1504 et
713 1443 803 1523 priori
827 1442 893 1503 loco
916 1441 1034 1504 Graeca
1057 1451 1088 1504 et
1141 1454 1173 1504 ut
1188 1444 1359 1524 conjunctio
1376 1442 1522 1523 copulans
1536 1462 1597 1524 pro
1614 1443 1729 1506 causali
1743 1445 1821 1525 posita

391 1533 521 1613 Syriaca
535 1551 595 1592 non
611 1531 740 1603 habent,
764 1539 798 1590 ut
814 1540 845 1590 et
860 1539 982 1592 vetusta
997 1549 1086 1611 quae·
1141 1530 1296 1592 videatur:
1316 1531 1476 1593 Tenebrae
1492 1538 1678 1607 transeunt,
1695 1534 1767 1610 quio
1781 1550 1820 1592 oe·

392 1618 459 1680 dam
472 1619 591 1678 Latina.
606 1617 684 1677 Item
699 1636 752 1694 pro
766 1618 851 1677 vobio
862 1618 895 1678 in
907 1616 1087 1696 quibusdam
1141 1637 1214 1679 rum
1230 1619 1339 1679 tumen
1354 1619 1444 1679 lucet.

393 1706 519 1767 Graecis
535 1705 662 1784 legitur:
694 1696 780 1784 ἡμῖν,
808 1705 914 1780 nobis,
943 1702 1086 1784 quemad·
1185 1705 1246 1766 Alii
1271 1705 1375 1766 lumen
1397 1705 1638 1785 interpretantur
1664 1704 1773 1778 Deum,
1792 1704 1820 1765 da

392 1790 514 1854 modum
537 1801 567 1852 et
588 1791 667 1873 legit
681 1792 887 1872 Hieronymus
902 1791 955 1851 lib.
973 1793 1001 1851 2.
1019 1810 1086 1851 con·
1142 1813 1202 1872 quo
1219 1793 1319 1872 capite
1340 1789 1550 1874 praecedenti:
1580 1792 1820 1871 QuonietnDut

394 1889 440 1940 tra
454 1878 558 1940 Jovin.
582 1878 643 1938 Sed
657 1878 716 1938 hae
731 1880 897 1938 varietates
913 1898 972 1938 non
988 1878 1089 1957 magni
1143 1879 1200 1941 lun
1226 1886 1278 1940 ert.
1308 1876 1423 1940 Rursus
1449 1877 1504 1938 alii
1528 1876 1696 1955 Christum,
1721 1877 1757 1941 ds
1777 1897 1821 1960 que

393 1972 464 2028 sunt
501 1965 652 2026 momenti.
689 1963 864 2025 Notandum
903 1974 950 2025 est
979 1972 1088 2039 autem,
1143 1965 1295 2027 Joan.1.:
1321 1967 1406 2027 Erat
1427 1966 1484 2027 lua
1503 1984 1604 2045 vera,·
1630 1975 1661 2027 et
1676 1963 1818 2048 ipaetllr‘r

395 2046 571 2113 dictionem:
592 2070 714 2127 oerum,
732 2043 863 2130 ἀληθὲς,
886 2053 1021 2113 neutrius
1037 2070 1087 2132 ge·
1143 2062 1207 2113 stus
1219 2051 1257 2115 de
1269 2072 1351 2113 esse:
1367 2053 1437 2130 Epo
1452 2071 1522 2114 eum
1537 2052 1599 2116 lacu
1614 2053 1739 2127 mundi,
1752 2051 1824 2137 tru-

393 2140 484 2212 neris,
510 2139 550 2200 ad
576 2139 766 2201 mandatum
787 2161 847 2200 non
867 2159 955 2219 posse
976 2138 1087 2211 referri,
1144 2141 1172 2201 8.
1188 2138 1247 2201 Sed
1264 2139 1338 2201 nihil
1354 2149 1445 2212 vetat,
1465 2141 1569 2201 lucem
1586 2132 1832 2221 metaphorioctlt,

395 2226 476 2308 quod
492 2224 608 2288 Graece
623 2235 671 2287 eat
685 2215 805 2304 ἐντολὴ,
827 2227 981 2288 foeminini
997 2245 1086 2305 gene·
1143 2225 1280 2308 pluribus
1296 2226 1365 2298 dici,
1381 2227 1466 2297 varia
1481 2226 1741 2300 consideratione,
1760 2244 1834 2308 quac,

395 2316 445 2388 ris,
470 2314 529 2373 nisi
555 2312 605 2372 vel
631 2312 837 2374 soloecismum
860 2313 909 2374 lric
933 2332 1089 2393 agnosces,
1144 2323 1244 2375 tamen
1258 2312 1297 2373 ad
1313 2311 1440 2375 medem
1455 2313 1565 2386 lucem,
1581 2335 1692 2395 nempe
1703 2311 1827 2393 divum,

395 2400 446 2461 vel
468 2398 650 2480 adjectivum
671 2399 753 2461 dicas
774 2399 1005 2461 substantivari:
1037 2419 1089 2460 ve·
1144 2401 1244 2462 omnia
1258 2399 1435 2462 referantur.
1457 2399 1538 2462 llam
1554 2409 1588 2462 et
1603 2400 1745 2475 homines,
1758 2402 1828 2477 aaa„

395 2506 479 2562 rum,
503 2487 606 2560 idest,
630 2506 678 2548 ree
694 2506 782 2560 vera,
805 2484 953 2568 quomodo
969 2485 1089 2577 videtur
1143 2494 1287 2550 vocantur
1313 2486 1457 2549 tenebrae
1481 2494 1608 2570 propter
1633 2497 1763 2571 peccata,
1781 2486 1828 2563 aie,

396 2573 596 2635 Oecumeniue
624 2572 785 2654 accepisse.
824 2573 954 2655 Quidam
983 2574 1088 2635 vertit:
1144 2575 1233 2636 etiam
1256 2574 1309 2636 lux
1330 2572 1524 2654 appellantur
1545 2584 1674 2657 propter
1695 2572 1771 2636 tidem
1788 2578 1826 2651 a,

397 2662 488 2740 Quod
506 2666 620 2721 ceritas
635 2668 687 2721 ert.
715 2661 858 2721 Erasmus
874 2671 905 2722 et
919 2660 1091 2722 Hentenius
1144 2663 1300 2722 caritatem
1322 2661 1359 2722 ab
1382 2662 1515 2723 increata
1536 2663 1605 2724 luce
1627 2661 1686 2725 sibi
1702 2659 1825 2731 miren-

396 2746 538 2807 reddunt:
571 2746 660 2828 Quod
676 2766 778 2807 vorum
794 2757 839 2809 est
855 2749 885 2808 in
900 2749 984 2827 Ipso,
1012 2748 1090 2808 idom
1145 2750 1265 2831 Eratis,
1289 2748 1390 2828 inquit
1404 2748 1535 2824 Paulus,
1558 2748 1804 2829 aliquorsum

397 2852 501 2893 verum
517 2842 563 2894 est
578 2844 607 2893 et
621 2836 651 2895 in
668 2833 761 2894 vobis.
792 2836 896 2916 Atque
915 2836 956 2894 ita
971 2833 1092 2916 supplet
1145 2836 1240 2911 brae,
1281 2852 1367 2896 nnnc
1397 2843 1503 2897 auum
1533 2836 1593 2900 luc
1620 2839 1658 2899 in
1689 2836 1817 2905 multe.

398 2923 563 2981 orationem
601 2920 773 3001 cajetanus.
827 2922 985 2985 Caeterum
1025 2922 1091 2982 aliie
1145 2923 1223 3003 llph.
1247 2924 1276 2984 5.
1308 2923 1388 2983 Huic
1410 2930 1492 2984 certe
1512 2922 1580 2986 loco
1604 2926 1681 2987 bene
1700 2917 1813 2996 conti,

398 3010 493 3089 magis
508 3007 617 3089 placet,
643 3016 677 3067 ut
692 3006 837 3070 referatur
850 3010 888 3070 ed
903 3017 998 3070 totum
1015 3007 1092 3070 illud
1144 3011 1278 3089 acceptio
1294 3011 1383 3085 lucia,
1399 3030 1487 3090 quam
1505 3009 1653 3073 dedimus.

399 3095 596 3177 complexum,
618 3096 807 3156 mandatum
823 3116 883 3158 esre
899 3115 1037 3172 nouum,
1064 3105 1092 3156 ct
1189 3098 1217 3155 9.
1233 3099 1295 3176 Qui
1307 3095 1393 3171 dicit,
1406 3098 1485 3160 sein
1497 3099 1567 3159 tuce
1579 3117 1651 3173 ease,
1663 3098 1792 3177 etstan

399 3201 505 3243 sensus
520 3184 572 3242 sit:
602 3183 714 3245 Verum
730 3182 786 3242 hoc
803 3193 858 3258 est,
886 3193 948 3244 tum
964 3184 995 3243 in
1010 3184 1091 3263 Ipso,
1144 3202 1236 3244 mum
1253 3185 1330 3260 odit,
1353 3185 1541 3247 intenebris
1557 3180 1792 3263 maeoseu&-
1824 3233 1826 3242 .

400 3290 505 3350 nempe
523 3269 656 3342 Christo,
680 3271 732 3348 qui
751 3290 859 3331 novam
875 3270 971 3351 legem
993 3270 1093 3331 attulit
1145 3271 1260 3332 Sensus
1275 3271 1374 3354 clarus
1390 3289 1430 3331 ex
1445 3270 1668 3353 superioribus:
1684 3262 1789 3352 Qui&
1829 3254 1856 3332 ¹?

400 3365 432 3415 et
446 3356 662 3437 promulgavit;
684 3365 747 3416 tum
764 3358 795 3418 in
810 3357 897 3419 vobis
912 3360 978 3417 sive
994 3359 1025 3418 in
1040 3377 1090 3417 no·
1146 3379 1180 3418 se
1201 3361 1315 3419 versari
1339 3358 1369 3418 in
1383 3356 1452 3419 luce
1466 3358 1644 3439 Evangelii,
1666 3366 1695 3419 et
1707 3352 1791 3432 dane

399 3442 461 3517 bis,
483 3444 536 3524 qui
552 3463 653 3504 sumus
668 3462 765 3504 novae
780 3443 857 3526 legis
871 3444 1038 3525 primitiae,
1062 3447 1092 3505 in
1145 3444 1206 3505 lum
1228 3465 1296 3507 ease
1319 3442 1450 3519 Christi,
1476 3446 1502 3507 si
1525 3444 1647 3509 fratrem
1668 3425 1791 3516 munst
1834 3428 1855 3549 Ξ

399 3529 509 3608 quibus
524 3530 696 3591 mandatum
719 3529 794 3591 illud
811 3530 1023 3593 observatione
1037 3552 1090 3612 pu·
1145 3532 1339 3594 vehementer
1352 3531 1486 3607 fallitur,
1511 3555 1607 3613 quum
1623 3535 1654 3596 in
1667 3517 1786 3595 ᾶοιιιίιῦ
1823 3579 1828 3588 .

397 3615 478 3677 blica
506 3618 606 3699 coepit
631 3618 756 3699 impleri.
803 3616 861 3679 Oui
887 3620 988 3679 sensui
1014 3618 1092 3680 bene
1145 3620 1204 3680 huc
1219 3620 1350 3680 tenebris
1364 3629 1513 3682 versetur.
1530 3621 1610 3682 Nam
1621 3614 1789 3683 adiumenta
1851 3661 1856 3674 -

397 3705 542 3783 congruit,
559 3704 640 3784 quod
656 3706 809 3785 sequitur:
1144 3726 1215 3766 num
1241 3726 1371 3788 magnae
1400 3715 1470 3769 eunt
1496 3709 1649 3771 tenebrae
1687 3707 1787 3774 Μ

440 3792 522 3869 Quia
537 3792 684 3851 tenebrae
699 3794 907 3868 transierunt,
934 3800 963 3852 et
980 3810 1089 3853 verrem
1145 3801 1233 3854 vocat
1247 3792 1396 3854 hominem
1413 3814 1641 3878 quemeumque,
1661 3793 1691 3856 id
1704 3798 1785 3868 arip*²
1837 3840 1848 3851 .

396 3878 503 3939 lumen
515 3883 583 3953 jam
601 3879 689 3948 lueet.
709 3882 932 3955 Transierunt,
954 3878 1089 3940 Graece:
1145 3881 1272 3940 rimam:
1300 3882 1415 3943 Omnes
1430 3884 1515 3943 enim
1529 3901 1597 3958 voe,
1619 3882 1710 3963 iuquit
1725 3867 1787 3938 1)ιᾶ

394 3956 591 4042 παράγεται,
630 3973 823 4041 transeunt,
858 3974 1090 4044 praecereanr5
1144 3968 1476 4045 nus,1⁴rotreaeatie,
1504 3968 1684 4032 Marthae.
1772 4043 1779 4056 ι

395 4049 494 4124 idern,
520 4053 600 4133 qnod
627 4052 704 4113 infra
730 4073 806 4114 vers.
834 4057 903 4113 17.:
948 4053 1090 4115 Mundus
1144 4063 1244 4115 autem
1265 4056 1382 4115 ratione
1404 4056 1569 4117 communis
1591 4057 1714 4118 omniun

395 4141 520 4199 transit.
552 4139 612 4200 Sed
627 4140 727 4218 ajunt,
751 4160 894 4221 praesens
909 4148 1027 4221 tempus
1040 4141 1090 4218 hic
1145 4147 1175 4199 et
1187 4142 1337 4202 creatoris.
1352 4141 1444 4205 Unde
1455 4142 1721 4222 sequitnribidem=
1737 4134 1789 4197 ll!

393 4225 523 4305 positum
549 4224 617 4286 loco
642 4229 808 4306 praeteriti.
839 4227 950 4287 Verum
978 4226 1008 4287 id
1029 4248 1089 4287 non
1144 4236 1187 4288 ert
1202 4230 1287 4289 enim
1302 4229 1400 4289 Pater
1415 4236 1534 4305 cester,
1559 4233 1615 4309 qui
1629 4224 1752 4291 taeodt

393 4320 440 4373 est
460 4331 593 4373 necesse.
625 4311 780 4393 Quamdiu
806 4333 935 4393 namque
961 4307 1088 4375 mundns
1144 4313 1233 4394 Quod
1260 4324 1290 4375 et
1316 4314 1485 4377 Malachiae
1513 4336 1579 4398 cap.
1605 4322 1650 4380 2:
1675 4317 1705 4376 N
1823 4288 1856 4348 l*

393 4420 453 4460 uon
479 4400 614 4474 transiit,
640 4419 696 4461 nec
725 4402 865 4462 tenebrae
892 4404 1088 4484 traneiernnt3
1142 4421 1220 4477 non,
1237 4403 1290 4476 ait,
1306 4403 1403 4464 Pater
1416 4408 1659 4465 unusomnium

393 4486 447 4548 ssd
472 4484 583 4548 mundo
605 4495 787 4561 transeunte,
815 4488 905 4548 simul
932 4496 1088 4550 transeunt
1187 4491 1235 4550 10.
1261 4491 1323 4570 Qui
1337 4490 1443 4566 ditique
1456 4491 1596 4568 fratrem
1611 4488 1753 4564 assumis

393 4584 422 4634 et
436 4575 589 4646 tenebrae,
608 4575 680 4655 quia
696 4573 824 4635 mundus
838 4574 968 4636 tenebris
984 4584 1030 4636 est
1045 4578 1088 4636 in·
1143 4580 1228 4639 ruine
1250 4585 1366 4639 monet.
1393 4577 1452 4640 Hie
1468 4576 1534 4657 ιἱιιιι
1551 4577 1652 4659 aperit
1666 4565 1793 4657 Apo&

393 4660 522 4736 volutus,
550 4670 582 4721 et
607 4660 751 4721 tenebrae
767 4660 887 4721 mundo.
929 4662 1088 4723 Tenebras
1142 4663 1180 4725 de
1196 4685 1256 4744 quo
1272 4666 1331 4725 Dei
1348 4664 1488 4726 mandato
1504 4664 1619 4727 dudum
1638 4651 1792 4725 locarat*

393 4745 535 4828 intelligit
561 4749 750 4828 ignorantiae
774 4757 804 4808 et
829 4756 1027 4829 peccatorum,
1055 4758 1087 4810 ut
1141 4751 1196 4821 rit,
1224 4770 1329 4831 nernpe
1355 4749 1394 4810 de
1415 4750 1509 4813 fratre
1535 4748 1697 4833 diligendo.
1728 4743 1750 4808 U

391 4836 422 4894 in
444 4836 542 4917 capite
558 4836 718 4916 superiore.
750 4837 816 4896 Eas
840 4834 913 4894 dicit
934 4838 1084 4911 transire,
1140 4845 1236 4896 autem
1268 4835 1306 4896 ad
1333 4835 1541 4900 inculcandam
1569 4839 1729 4901 doctrinan

391 4922 464 5000 quia
478 4922 620 5002 paulatim
636 4924 817 4997 minuuntur,
844 4922 1003 5002 Evangelii
1019 4923 1085 4982 luce
1141 4924 1228 4996 thesi,
1251 4942 1332 4983 more
1355 4943 1418 4984 auo.
1453 4926 1515 5004 Qui
1537 4926 1606 4987 odit
1629 4926 1761 5004 frutra.

390 5025 445 5088 per
471 5009 683 5091 Apostolorum
709 5006 961 5096 praedicationem
993 5006 1084 5072 latius
1140 5008 1276 5088 tenebris
1290 5015 1353 5091 αις
1378 5012 1434 5090 qui
1449 5011 1556 5092 diliptt
1568 5010 1756 5096 fratem&
