4442 5825
572 1472 915 1613 ΕΕΕΕΕΕΕΕ
801 1460 1042 1610 ΕΕΕΕΕΙ
918 1470 1334 1614 ΕΕΕΕΕΕΕΕ
1300 1473 1441 1616 ΕΕΕΕ
1415 1476 1590 1616 snio

460 1962 588 2050 Judas,
625 1963 709 2031 Jesu
737 1960 862 2030 Christi
889 1978 1015 2047 servus,
1043 1959 1148 2027 frater
1175 1965 1285 2028 autem
1313 1961 1455 2050 Jacobi,
1483 1963 1551 2050 his,
1581 1964 1740 2052 quisunt
1766 1965 1801 2030 in

349 2068 432 2136 Deo
459 2069 578 2155 Patre,
606 2067 755 2153 dilectis,
785 2071 820 2133 et
847 2064 980 2134 Christo
1006 2064 1091 2132 Jesu
1118 2067 1324 2132 conservatis
1352 2073 1386 2135 et
1412 2071 1552 2138 vocatis.
1608 2071 1641 2134 A.
1668 2067 1801 2135 Miseri·

354 2170 475 2242 cordia
501 2171 608 2258 vobis,
637 2181 672 2240 et
698 2192 774 2258 pax,
803 2176 838 2238 et
864 2171 986 2236 caritas
1013 2169 1247 2257 adimpleatur.
1302 2170 1337 2236 3.
1367 2170 1547 2258 carissimi,
1575 2188 1704 2238 omnem
1731 2173 1801 2238 sol·

354 2274 564 2347 licitudinem
600 2277 724 2345 faciens
760 2273 928 2342 scribendi
963 2272 1060 2341 vobis
1087 2274 1129 2341 de
1157 2277 1320 2340 communi
1356 2282 1469 2343 vestra
1501 2277 1628 2363 salute,
1664 2291 1802 2342 necesse

356 2379 464 2455 habui
506 2379 653 2450 scrihere
692 2377 805 2464 vobis,
847 2377 1050 2465 deprecans,
1090 2380 1313 2464 supercertari
1349 2381 1452 2447 semel
1492 2379 1637 2447 traditae
1677 2381 1802 2446 sanctis

355 2485 438 2554 fidei
449 2477 484 2566 ¹).
524 2487 574 2551 ’4.
615 2483 884 2552 Subinuoierunt
918 2482 1002 2549 enim
1040 2483 1173 2572 quidam
1208 2483 1358 2551 homines
1393 2483 1464 2572 (qui
1500 2485 1577 2551 olim
1603 2483 1803 2572 praescripti

357 2595 438 2658 sunt
464 2590 498 2656 in
524 2591 587 2657 hoc
610 2584 788 2676 judicium)
814 2588 928 2675 impii,
963 2587 1029 2654 Dei
1055 2589 1160 2654 nostri
1196 2587 1337 2671 gratiam
1376 2588 1615 2656 transferentes
1641 2590 1676 2654 in
1701 2588 1802 2655 luxar-

356 2696 443 2763 riam
453 2683 500 2779 ²),
536 2700 570 2761 et
606 2694 710 2760 solum
737 2692 988 2759 Dominatorem
1024 2697 1059 2759 et
1094 2691 1271 2758 Dominum
1306 2699 1453 2760 nostrum
1489 2693 1606 2761 Jesum
1634 2692 1803 2760 Christum

356 2804 532 2884 negantes.
588 2799 622 2864 5.
658 2796 874 2864 commonere
902 2803 1012 2863 autem
1040 2815 1100 2862 vos
1127 2796 1223 2880 volo,
1251 2799 1396 2864 scientes
1423 2799 1524 2865 semel
1552 2798 1680 2883 omnia,
1717 2816 1802 2885 quo-

356 2904 447 2974 niam
474 2902 575 2971 Jesus
600 2902 759 2991 populum
796 2900 838 2967 de
874 2906 964 2967 terra
991 2901 1139 2988 Aegypti
1174 2900 1325 2987 salvans,
1362 2895 1509 2969 secund'o
1542 2921 1619 2989 eos,
1656 2903 1804 2992 quinon

358 3008 586 3094 crediderunt,
613 3006 761 3095 perdidit
774 2994 819 3092 3);
850 3008 882 3072 6.
911 3006 1048 3092 angelos
1071 3023 1160 3091 vero,
1190 3006 1330 3092 quinon
1354 3012 1571 3074 servaverunt
1594 3026 1686 3074 suum
1708 3007 1802 3095 prin-

357 3115 526 3201 cipatum,
561 3112 621 3178 sed
657 3111 904 3198 dereliquerunt
939 3129 1032 3177 suum
1060 3109 1280 3196 domicilium,
1317 3112 1352 3178 in
1381 3111 1544 3198 judicium
1579 3113 1689 3199 magni
1725 3111 1802 3197 diei,

357 3217 503 3285 vinculis
525 3217 670 3283 aeternis
692 3214 754 3282 sub
778 3216 920 3301 caligine
940 3215 1137 3281 reservavit.
1168 3216 1200 3279 Ε.
1228 3212 1324 3281 Sicut
1345 3214 1489 3283 Sodoma
1513 3222 1547 3284 ct
1570 3204 1802 3302 Gomorrhsh,

359 3329 395 3391 et
423 3322 580 3388 finitimae
608 3323 772 3406 civitates,
800 3321 897 3386 simili
924 3318 1022 3386 modo
1050 3318 1288 3406 exfornicatae,
1317 3326 1351 3386 et
1377 3319 1541 3388 abeuntes
1566 3327 1644 3409 post
1670 3339 1802 3386 carnem

360 3428 519 3512 alteram,
557 3425 665 3491 factae
702 3431 778 3491 sunt
807 3425 1010 3511 exemplum,
1045 3423 1132 3509 ignis
1168 3424 1296 3490 aeterni
1331 3445 1472 3512 poenam
1500 3428 1711 3492 sustinentes.
1768 3426 1801 3491 8.

358 3530 522 3599 Similiter
549 3536 583 3596 ct
608 3530 644 3596 hi
671 3549 802 3595 carnem
830 3528 962 3617 quidem
988 3528 1175 3614 maculant,
1210 3528 1466 3596 dominationem
1493 3536 1604 3597 autem
1632 3533 1803 3618 spernunt,

358 3639 572 3724 majestatem
601 3639 712 3701 autem
742 3632 975 3720 blasphemant
987 3621 1024 3726 ⁵).
1082 3633 1115 3699 9.
1153 3630 1233 3700 (lum
1270 3634 1415 3701 Michael
1441 3633 1691 3721 Archangelus,
1729 3653 1803 3701 cum

359 3739 498 3809 diabolo
527 3739 711 3825 disputans,
740 3740 960 3805 altercaretur
988 3736 1029 3803 de
1057 3739 1143 3804 Mosi
1170 3757 1319 3824 corpore,
1348 3759 1413 3805 non
1441 3746 1493 3806 est
1519 3758 1619 3806 ausus
1640 3738 1804 3825 judicium

357 3844 483 3913 inferre
510 3842 755 3930 blasphemiae,
790 3842 850 3909 sed
878 3842 981 3908 dixit:
1014 3841 1162 3928 Imperet
1195 3839 1259 3909 tihi
1285 3842 1458 3909 Dominus.
1515 3846 1573 3910 10.
1609 3843 1652 3909 Hi
1679 3846 1803 3927 autem,

358 3967 590 4039 quaecumque
619 3947 749 4036 quidem
778 3948 951 4034 ignorant,
978 3942 1232 4032 blasphemant3
1270 3965 1497 4035 quaecumque
1526 3952 1635 4014 autem
1663 3951 1803 4013 natura·

357 4055 457 4140 liter,
486 4058 653 4141 tamquam
680 4057 771 4117 muta
798 4051 971 4136 animalia,
1006 4055 1147 4137 norunt,
1174 4050 1286 4117 inhia
1314 4057 1578 4139 corrumpuntur.
1637 4054 1694 4119 11.
1728 4049 1803 4118 Vae

357 4158 444 4245 illis,
481 4158 559 4245 quia
585 4157 618 4221 in
646 4157 702 4222 via
729 4144 847 4238 Gain⁶)
883 4153 1055 4242 abierunt,
1096 4159 1132 4220 et
1167 4175 1278 4222 errore
1312 4155 1450 4222 Balaam
1460 4144 1487 4239 ⁷)
1520 4155 1673 4224 mercede
1711 4154 1804 4224 effusi

358 4266 454 4346 sunt,
495 4262 589 4327 etin
617 4259 880 4348 contradictione
909 4250 1032 4341 Core⁸)
1057 4261 1249 4346 perierunt,
1290 4262 1347 4327 la.
1375 4260 1410 4327 hi
1437 4268 1513 4328 sunt
1540 4263 1575 4328 in
1602 4262 1709 4349 epulis
1736 4260 1803 4326 suis
1860 4332 1864 4342 ,

357 4365 532 4451 maculae,
569 4364 786 4431 convivantes
819 4365 890 4430 sine
917 4365 1056 4449 timore,
1096 4372 1203 4430 semet
1237 4364 1328 4450 ipsos
1362 4372 1559 4452 pascentes,
1594 4363 1700 4432 nubes
1732 4365 1803 4430 sine

358 4489 448 4559 aqua
461 4460 503 4553 ⁹),
532 4487 617 4556 quae
645 4487 665 4534 a
691 4468 801 4534 ventis
829 4467 1123 4554 circumferuntur,
1151 4466 1288 4535 arbores
1315 4470 1540 4556 autumnales,
1565 4468 1803 4554 infructuosae,

356 4574 413 4641 bis
439 4579 610 4659 mortuae,
639 4570 850 4657 eradicatae,
882 4574 940 4639 13.
967 4573 1087 4640 fluctus
1115 4572 1177 4640 feri
1204 4574 1323 4660 maris,
1353 4571 1588 4661 despumantes
1616 4591 1693 4640 suas
1721 4591 1802 4639 con·

356 4679 524 4764 fusiones,
565 4675 675 4744 sidera
711 4677 874 4764 errantia,
915 4675 1035 4766 quihus
1069 4676 1221 4765 procella
1258 4675 1469 4746 tenebrarum
1510 4682 1644 4745 servata
1684 4683 1735 4745 est
1769 4676 1804 4743 in

465 4868 1801 4941 ¹)rm.‚127.1nm.‚.11s²)nt.‚1re.³]cs0srsas.lcorros⁴)1

357 4944 541 5081 porumque.
548 4913 901 5080 ppffpprapeltpa'ro
922 4945 962 4997 11
996 4912 1136 5011 uru’os
1155 4945 1223 5009 na
1258 4913 1488 5011 napoc'am
1507 4955 1561 5009 seq.
1597 4911 1744 5009 ⁸)Auos
1764 4943 1804 5008 rs,
