4442 5825
397 593 472 674 m
910 592 1325 651 communicentur

395 770 524 847 diverte,
539 790 595 833 nec
610 771 650 833 ad
660 789 753 833 unum
763 771 888 854 aliquod
903 771 1090 849 sucrificium,
1143 783 1221 834 outa
1243 771 1323 833 llum
1338 774 1403 833 eive
1418 778 1559 852 peocaret
1569 772 1712 846 iterumn

395 878 434 919 ex
449 877 509 940 quo
534 856 752 940 dependerent,
779 868 810 921 ot
828 860 909 921 unde
929 859 990 920 vim
1005 878 1089 919 suum
1142 868 1297 940 peccaret,
1313 860 1421 920 offerre
1434 859 1574 920 dobebet
1610 858 1701 938 Quae

395 946 583 1026 acciperent,
605 945 752 1007 ordinata.
786 945 973 1008 Sacrificium
986 954 1089 1007 nutem
1142 956 1333 1026 argumento,
1355 967 1416 1008 non
1437 945 1533 1008 luieeo
1548 953 1712 1027 praecept·

394 1031 508 1094 Mitem
521 1052 583 1093 non
605 1033 728 1094 offertur
748 1042 782 1094 nt
797 1033 949 1094 diversum
965 1052 985 1092 a
999 1033 1088 1093 acori·
1142 1035 1233 1093 tionie
1262 1036 1451 1095 iterationem
1478 1041 1604 1114 propter
1636 1034 1711 1093 remi

394 1118 460 1179 boio
475 1121 577 1192 monle,
592 1119 647 1181 eed
661 1128 695 1181 ut
709 1139 883 1181 nnnmoum
896 1138 941 1180 eo.
964 1119 1090 1198 Semper
1143 1130 1349 1200 peccatorum,
1375 1120 1430 1183 red
1455 1129 1580 1201 propter
1606 1117 1707 1194 aliod,

395 1207 474 1266 enim
489 1207 611 1267 offertur
624 1209 657 1268 in
674 1207 756 1269 illiue
772 1207 1089 1279 commemorationem,
1142 1216 1265 1288 propter
1294 1226 1396 1269 eorum
1432 1209 1712 1268 commemorntlom

393 1300 428 1352 nt
442 1294 563 1354 noverit
575 1292 732 1368 eeoerdoe,
755 1314 814 1355 non
838 1293 977 1367 aliunde,
1001 1312 1091 1373 qnam
1143 1295 1237 1356 verba
1250 1296 1411 1375 sequentia
1427 1293 1597 1355 declarant:

394 1396 434 1440 ex
449 1380 502 1440 illo
517 1399 578 1442 nno
593 1381 750 1456 eaorifioio,
767 1379 850 1461 qnod
861 1382 893 1441 in
907 1399 995 1441 orum
1007 1378 1089 1440 obla·
1186 1382 1216 1442 3.
1238 1383 1300 1444 ded
1314 1385 1351 1443 in
1365 1383 1441 1456 iptio
1455 1383 1712 1442 commemoratio

393 1474 458 1526 tum
473 1475 536 1541 eet,
560 1468 731 1548 quotidiani
744 1469 792 1530 aui
806 1467 946 1530 aeoribcii
961 1466 1090 1528 lruotum
1142 1475 1249 1528 torum
1262 1488 1322 1546 per
1343 1468 1486 1543 rinpulm
1507 1486 1612 1529 aanor
1626 1469 1671 1544 tlt.
1708 1466 1712 1477 '

394 1570 463 1614 eece
478 1554 723 1634 exopectandum.
1143 1554 1180 1631 fit
1201 1555 1348 1636 interpres
1370 1554 1490 1615 eddidit
1509 1554 1549 1614 de
1571 1573 1645 1628 eno,
1671 1572 1711 1614 ex

436 1638 487 1700 Ad
501 1641 630 1722 priorem
644 1662 724 1709 ,vero
748 1640 946 1720 objectionem
967 1658 1088 1718 reepon-
1142 1644 1309 1703 sententiae
1320 1645 1426 1722 gratia.
1450 1640 1603 1721 Quoniam
1618 1650 1712 1701 ortem

394 1724 466 1788 dent
485 1726 520 1788 B.
544 1726 679 1790 Tbomee
702 1737 733 1789 et
755 1729 896 1800 Liranne,
923 1736 1089 1806 peecatum,
1142 1727 1263 1803 boetico,
1279 1747 1358 1809 quae
1369 1731 1576 1790 anniversario
1591 1727 1642 1788 die
1656 1746 1712 1807 exp

393 1831 460 1874 oum
483 1816 524 1874 eit
546 1814 699 1895 quoddam
721 1813 880 1895 spirituale
909 1813 1089 1874 coeleetibue
1143 1814 1712 1894 eaedemeemperofferebantnr,non1

393 1901 583 1981 opponitum,
605 1901 744 1962 mundari
759 1922 820 1962 non
834 1919 940 1983 poeee,
958 1901 1020 1961 niei
1035 1916 1090 1980 per
1142 1900 1261 1963 anferre
1276 1910 1417 1982 percute,
1432 1921 1526 1976 nuno,
1540 1922 1581 1962 ue
1594 1902 1708 1962 iruetra

393 1986 506 2068 aliquid
522 1988 681 2068 epiritnale
699 1999 729 2049 et
751 1988 897 2059 coeleete‚
924 1984 1006 2067 quod
1022 2004 1087 2066 pro·
1143 1997 1191 2048 tur
1217 1990 1389 2060 iuetitutee,
1419 1987 1522 2062 docet,
1553 2008 1644 2069 qnem
1671 2007 1712 2049 nr

393 2072 465 2134 inde
478 2075 620 2137 virtutem
645 2076 756 2137 babeat
779 2085 967 2156 perpetuam.
998 2071 1088 2152 Quod
1141 2074 1271 2150 buerint,
1303 2077 1440 2136 nimirum
1470 2077 1712 2137 commemoratio

393 2168 494 2221 antem
508 2162 569 2223 tole
584 2170 637 2237 eet,
652 2163 785 2224 eufficere
800 2162 951 2224 adomnia
964 2168 1090 2241 peecata
1142 2162 1357 2223 recordationie
1380 2172 1588 2243 peecatomm,
1613 2180 1696 2243 qnae

392 2248 578 2323 remittendo,
600 2258 660 2310 tarn
674 2248 787 2323 fotura,
810 2269 899 2330 quam
912 2248 1089 2328 praeterita3
1142 2250 1188 2309 nie
1202 2249 1294 2309 liebct
1307 2251 1338 2309 in
1352 2251 1483 2329 ipsarum
1503 2250 1664 2310 oblatione.
1706 2249 1712 2310 ἶ

393 2334 521 2416 ideoque
532 2355 592 2398 non
603 2344 749 2418 oportere,
763 2336 941 2416 ntempline
955 2336 1089 2395 iteretur.
1142 2337 1222 2397 enim
1237 2337 1277 2397 ad
1296 2334 1511 2398 confessionem
1534 2345 1712 2416 peccatorur

391 2421 481 2484 Hanc
508 2425 732 2505 reeponeiouem
760 2423 874 2485 Bibere
900 2420 1030 2482 divertio
1055 2440 1090 2480 eo
1142 2422 1261 2503 populi,
1284 2441 1376 2503 quem
1393 2424 1491 2484 indie
1506 2423 1712 2502 expiationie!

391 2508 527 2590 pluribur
543 2510 643 2572 verbis
658 2510 797 2592 explicat
826 2509 951 2571 Summa
965 2515 1025 2582 eat,
1050 2505 1089 2567 od
1141 2508 1296 2583 Pontifex,
1334 2518 1464 2590 utraque
1499 2530 1590 2570 mono
1621 2511 1712 2588 pouit

391 2595 1089 2679 novapeecatoexpiondenonopueeeeenovie
1140 2596 1253 2657 hircum
1275 2595 1478 2671 emieerrium3
1504 2595 1543 2657 de
1566 2615 1628 2675 qua
1649 2598 1712 2657 Len

392 2685 565 2758 aaorifioiie,
595 2686 739 2765 quonium
768 2704 825 2746 nec
854 2685 954 2764 priora
977 2681 1090 2742 remitti
1142 2684 1357 2759 Confitentur,
1385 2683 1500 2764 inquit,
1527 2697 1638 2744 omma
1656 2686 1712 2744 iai«

391 2779 547 2851 poterant,
569 2772 626 2832 niel
643 2791 698 2852 per
712 2771 888 2831 eaonfioiom
904 2769 1028 2848 eliquod
1044 2769 1087 2828 iu·
1141 2771 1280 2846 filiorem
1292 2771 1412 2844 Itroi'l,
1444 2773 1643 2831 monnicam
1657 2770 1711 2833 oet

392 2857 496 2919 tinitce
509 2858 646 2934 virtutis,
673 2856 755 2939 quod
778 2876 893 2938 aequae
915 2854 1031 2918 voleret
1049 2852 1088 2916 ed
1142 2876 1202 2936 pue
1215 2865 1345 2933 peceato
1360 2874 1479 2919 eorum.
1506 2857 1597 2918 Hono
1621 2857 1711 2919 oonfe

392 2947 525 3006 omnium
538 2946 760 3018 remissionem,
775 2943 1087 3025 tempreeteritorum,
1141 2953 1231 3006 vooat
1258 2947 1587 3006 commemorationem
1623 2963 1712 3021 peeor

393 3050 485 3113 quam
500 3034 704 3113 requentium3
731 3030 793 3093 tale
818 3039 918 3092 antem
939 3031 972 3091 in
993 3029 1088 3091 veteri
1142 3033 1228 3112 quia,
1244 3033 1298 3111 qni
1312 3040 1435 3111 peccata
1449 3031 1712 3106 ronoonfitetuur

392 3118 461 3199 lege
475 3119 589 3180 nullum
604 3119 707 3180 iniere.
1141 3126 1192 3179 cat
1206 3121 1237 3180 in
1253 3120 1434 3178 memoriam.
1472 3117 1550 3179 (lum
1573 3127 1673 3179 antem
1689 3138 1712 3180 o

434 3205 528 3265 Porro
555 3204 719 3286 cajetanue
745 3205 833 3267 cliter
858 3203 1033 3284 respondet,
1060 3210 1089 3264 et
1142 3206 1258 3285 poooeti
1283 3205 1322 3264 eit
1345 3206 1498 3266 emunctio
1525 3208 1586 3279 eui,
1613 3204 1682 3266 vult
1710 3229 1711 3234 ¹

391 3290 510 3374 quidem
536 3293 725 3355 conformiter
748 3292 857 3354 textui.
893 3290 979 3351 Dioit
1000 3291 1088 3361 enim,
1140 3290 1320 3371 Aportolne,
1342 3292 1373 3352 in
1388 3291 1448 3352 illie
1463 3292 1646 3354 boetiienou
1659 3291 1712 3353 luit

390 3380 530 3459 Apostoli
554 3380 778 3461 probationem,
805 3395 884 3460 qnae
910 3388 957 3439 eet
981 3378 1014 3437 in
1040 3376 1089 3437 bie
1141 3387 1275 3440 oatorom
1289 3378 1511 3452 remieeionem,
1530 3378 1584 3439 eed
1598 3398 1712 3441 aoouaa

391 3465 506 3527 verbio:
520 3466 825 3545 Ideoqnodnullom
837 3463 989 3525 baberent
999 3465 1090 3524 ultre
1141 3474 1175 3526 ut
1196 3485 1248 3545 per
1270 3464 1328 3525 boo
1349 3465 1584 3546 eignifioaretor,
1609 3485 1712 3528 eorum

393 3556 620 3614 emolerrtiom
631 3555 756 3630 percuti
769 3563 841 3626 eta,
862 3550 1030 3613 formaliter
1044 3552 1087 3611 in·
1142 3554 1254 3613 eionem
1270 3550 1392 3614 aliunde
1407 3572 1476 3614 eaeo
1491 3552 1662 3633 petendam.

392 3637 588 3718 telligeudam
604 3659 688 3716 eree3
716 3640 830 3700 etnim
852 3639 975 3699 ratiouie
997 3639 1028 3697 in
1051 3655 1089 3697 eo
1184 3638 1295 3711 Dioee,
1324 3639 1510 3719 Scriptorum
1541 3640 1646 3701 eodem
1676 3639 1712 3699 lo

393 3727 575 3800 coneietere,
601 3724 696 3807 quod,
723 3744 800 3805 quoe
826 3723 878 3786 lex
904 3725 1034 3785 instituit
1055 3732 1090 3783 ut
1142 3724 1359 3787 conlectionem
1374 3727 1545 3786 meminiaee
1567 3728 1712 3787 remieaior

393 3812 538 3887 cultorer,
562 3814 654 3874 etiam
669 3812 760 3873 iidem
776 3811 902 3891 eiugnlie
917 3812 1003 3873 annia
1018 3811 1087 3871 olle
1141 3821 1284 3873 catorum.
1318 3811 1399 3872 llam
1419 3823 1449 3873 et
1464 3814 1564 3873 hirone
1580 3812 1711 3893 portabo

391 3898 500 3960 rebant
513 3898 591 3962 idem
615 3898 798 3960 sacrificinm.
836 3896 928 3977 Quod
949 3918 1022 3959 enne
1038 3898 1089 3958 lex
1141 3901 1312 3978 iniquitaten
1326 3898 1453 3959 filiorum
1475 3899 1574 3960 lerotl
1594 3900 1625 3961 in
1645 3909 1712 3961 tern

391 3982 1089 4154 lttttttit,tttllltltlllt
1140 3986 1712 4151 dimmittat,-

391 4159 483 4220 eemel
497 4158 631 4221 mundati
653 4178 714 4219 non
728 4159 858 4240 egebant
871 4160 981 4219 iterato
998 4160 1088 4219 raoni·
1142 4160 1288 4221 omnibco
1296 4163 1568 4236 preterlabente-tu
1580 4159 1712 4222 commi

392 4245 470 4306 ficio.
494 4246 560 4307 Neo
574 4247 733 4320 minuitur,
757 4246 870 4326 inquit,
893 4245 1027 4306 efficacia
1042 4265 1087 4305 re·
1141 4246 1387 4308 rnundobiminl.
1417 4246 1611 4326 Rerpoudoo,
1636 4248 1712 4308 remi

391 4333 482 4394 tionie
496 4353 537 4394 ex
554 4352 607 4406 eo,
633 4330 714 4413 quod
735 4333 828 4394 eemel
849 4332 984 4392 mundati
1005 4342 1088 4412 pote·
1141 4333 1224 4394 illum
1238 4354 1298 4393 non
1321 4347 1422 4394 veram
1445 4335 1553 4406 tulere,
1580 4333 1637 4395 red
1661 4333 1712 4416 leg

390 4428 458 4481 rent
473 4422 579 4481 iterum
593 4438 735 4501 peccare,
750 4438 805 4501 per
821 4418 903 4497 quod
918 4418 1090 4497 indigerent
1140 4421 1346 4501 figurativam,
1362 4420 1440 4479 eiont
1454 4427 1486 4480 et
1496 4428 1631 4482 caeterae
1646 4437 1712 4501 peu

391 4508 500 4569 iterata
520 4506 693 4580 oblatione,
720 4508 862 4587 quoniam
887 4505 935 4564 vio
962 4505 1089 4566 rationis
1141 4508 1347 4578 remieeionee,
1362 4505 1401 4566 de
1416 4508 1525 4587 qnibue
1540 4508 1571 4567 in
1587 4508 1712 4569 Levitiu

391 4595 526 4656 oontietit
548 4593 713 4669 informcli
732 4596 851 4655 ratione
872 4590 1018 4652 cultorum
1041 4611 1088 4653 ee·
1141 4594 1200 4655 lem
1229 4593 1365 4673 quidem,
1406 4595 1477 4673 quin
1506 4602 1622 4653 tantum
1649 4594 1712 4656 vale

390 4682 450 4743 mel
471 4680 686 4753 mundetorum,
713 4698 790 4761 quoe
812 4678 862 4739 lex
887 4698 948 4738 non
970 4678 1090 4757 juberet
1141 4679 1537 4759 avertendaelegieminae3
1553 4680 1712 4761 figurativo

391 4765 519 4847 ringulia
541 4770 628 4829 annis
653 4766 774 4840 offerre,
804 4767 830 4825 ei
857 4764 985 4826 luieaent
1005 4784 1089 4826 mnu·
1141 4768 1212 4846 qnia
1227 4766 1417 4846 significabat
1430 4786 1533 4828 veram
1547 4768 1712 4829 remiaaiour

392 4853 464 4914 dati.
488 4854 612 4929 Sicilie,
628 4856 715 4935 quael
731 4852 856 4925 diceret,
872 4871 910 4912 ex
926 4860 1088 4933 praecepto
1141 4853 1207 4914 dam
1223 4871 1277 4933 por
1292 4852 1451 4915 Cbrirtnm.

393 4938 471 5020 legio
486 4940 655 5002 iterandum
672 4938 766 5002 tulare
788 4938 970 5000 enoritieinnr
987 4940 1088 5000 Ponti·
1184 4943 1214 5000 4.
1230 4942 1426 5018 Impotribile
1438 4942 1522 5003 mim
1535 4948 1580 5002 eat
1589 4945 1711 5020 mayel

390 5026 456 5101 ssei,
477 5045 537 5089 nou
558 5027 664 5089 habita
681 5029 800 5088 retione
819 5024 957 5108 relepaue
972 5029 1004 5090 in
1019 5044 1088 5107 pet·
1141 5045 1253 5089 roman
1268 5034 1298 5088 et
1311 5029 1473 5089 biroom
1492 5030 1621 5108 octeni
1632 5025 1711 5108 peno
