4442 5825
830 585 993 642 nrrsroutu
1010 586 1050 641 su
1068 584 1233 640 mutuos.
1259 583 1344 639 usus
1366 585 1388 639 r.
1405 586 1430 637 2.
1543 550 1545 555 ’
1778 585 1824 663 *13

372 770 448 833 *hm
468 776 496 829 et
522 767 700 829 Pontificem
726 775 844 828 nostrae
869 763 1079 839 confessionis,
1131 762 1329 841 fidelissimus
1344 769 1397 838 eat,
1414 758 1567 822 Hebraico
1582 758 1692 837 fidelis.
1714 756 1774 819 Hic
1789 755 1827 818 de

397 856 485 931 idest,
498 855 571 917 fidei
585 874 638 917 seu
654 851 819 925 doctrinae,
834 873 927 933 quam
941 871 996 912 nos
1011 872 1075 932 pro·
1134 850 1354 912 constructione
1383 847 1530 909 nonnulla
1559 846 1741 926 disceptatio
1771 857 1826 905 est.

395 943 508 1004 ttemux.
533 941 623 1022 Quae
639 948 687 1001 est
701 939 882 1002 Graecorum
898 943 1075 1019 interpreta-
1133 937 1325 998 Recentiores
1348 936 1428 996 enim
1450 933 1573 1015 quidam
1597 943 1713 1015 partem
1734 932 1827 993 hanc:

394 1033 435 1102 tio,
457 1029 626 1108 eademque
649 1029 828 1108 germanior.
851 1027 931 1086 Nam
952 1035 981 1088 et
1004 1024 1082 1087 infra
1133 1026 1170 1091 io
1196 1025 1285 1085 omni
1307 1023 1400 1084 domo
1423 1026 1506 1098 ejvs,
1532 1021 1664 1082 raserunt
1688 1019 1728 1079 sd
1754 1016 1829 1079 illud

392 1138 448 1196 sap.
464 1120 494 1178 t.
510 1124 544 1177 et
561 1118 610 1177 10.
625 1114 855 1192 consessionem
874 1115 986 1193 accipit
999 1112 1079 1193 Apo·
1135 1110 1334 1191 praecedens:
1359 1111 1419 1189 Qui
1444 1110 1545 1187 tidelis
1570 1117 1631 1183 sat,
1658 1114 1691 1167 ut
1715 1106 1765 1168 hic
1789 1106 1830 1166 sit

390 1203 477 1265 stolus
499 1202 637 1263 adhunc
659 1200 789 1275 modum,
809 1201 924 1261 scilicet
946 1220 999 1280 pro
1021 1200 1082 1261 fide
1135 1196 1207 1257 ordo
1230 1205 1412 1278 syntaxeos:
1436 1199 1498 1276 Qui
1518 1195 1617 1273 tidelia
1638 1202 1681 1256 ost
1704 1196 1751 1269 oi,
1774 1193 1830 1269 qui

390 1291 530 1353 wniassa
560 1288 706 1350 Similiter
724 1287 804 1362 alibi,
827 1296 860 1346 ut
882 1284 984 1348 icor.
1002 1287 1029 1346 9.
1053 1296 1082 1347 et
1133 1285 1211 1363 fecit
1234 1303 1324 1362 cum3
1346 1283 1459 1361 tidelia,
1482 1285 1613 1363 inquam,
1636 1285 1672 1343 in
1686 1288 1755 1343 toto
1770 1280 1828 1341 do·

390 1384 404 1439 1
426 1379 506 1438 Tim.
528 1380 557 1438 6.
588 1374 766 1437 Vocabatur
787 1383 886 1434 sutem
907 1371 982 1433 fides
1004 1392 1081 1435 coo·
1135 1371 1534 1446 neocaesareenses.
1559 1370 1670 1430 Contra
1681 1368 1829 1448 plerique,

387 1466 493 1543 satio,
523 1461 607 1543 quod
633 1482 698 1522 eam
724 1460 845 1542 publice
869 1460 1082 1541 profiterentur
1135 1466 1197 1519 tam
1224 1457 1350 1532 Graeci,
1376 1479 1466 1539 qnam
1489 1457 1606 1532 Latini,
1631 1455 1765 1517 referunt
1790 1453 1829 1515 ad

388 1551 497 1624 fideles,
521 1548 645 1629 quando
658 1548 801 1629 baptismi
814 1549 967 1626 mysteriis
983 1549 1080 1609 initia·
1135 1544 1268 1606 Mosem:
1298 1547 1378 1606 siout
1404 1553 1432 1605 ct
1459 1546 1559 1606 Moses
1583 1548 1619 1606 in
1645 1549 1712 1604 toto
1735 1541 1829 1602 domo

388 1638 503 1700 bantur.
530 1637 607 1697 Erat
629 1655 702 1716 ergo
723 1633 861 1697 Christus
884 1632 1083 1696 confessionis
1137 1635 1202 1706 ejus
1216 1632 1318 1709 fidelis
1330 1633 1406 1711 fuit.
1429 1631 1589 1693 Ethisine
1605 1630 1696 1693 dubio
1711 1630 1830 1701 rectius,

388 1744 485 1787 sorum
509 1724 694 1803 Apostolus,
719 1724 792 1802 qnia
814 1721 979 1782 doctrinam
1002 1720 1082 1795 fidei,
1136 1739 1196 1779 non
1210 1719 1308 1779 solnm
1323 1722 1395 1799 qnia
1411 1726 1555 1781 consonat
1568 1718 1626 1780 hoc
1645 1737 1712 1778 cunr
1727 1715 1828 1777 verbis

389 1832 477 1893 quam
499 1811 645 1871 tenebant
659 1818 688 1870 ct
702 1806 926 1890 profitebantur,
948 1808 1014 1886 ipse
1029 1828 1083 1889 per
1136 1803 1223 1865 modo
1240 1807 1337 1867 citetis
1353 1826 1392 1867 ex
1407 1805 1483 1867 libro
1498 1806 1598 1880 Num,
1621 1823 1750 1866 necnon
1764 1821 1830 1864 cum

390 1918 421 1959 ss
439 1901 484 1960 eis
510 1898 756 1958 annuntiaverat.
789 1895 865 1955 Erat
888 1904 916 1954 et
937 1893 1083 1957 Pontifex
1137 1894 1184 1964 iis,
1199 1912 1277 1973 quae
1292 1894 1341 1954 hic
1356 1893 1448 1973 paulo
1465 1892 1590 1955 inferius
1607 1892 1764 1964 habentur,
1779 1888 1831 1951 ubi

393 1985 583 2047 minationis
590 1985 732 2064 ipsorum,
744 1983 883 2064 quoniam
896 1990 925 2041 ct
935 1981 992 2041 hoc
1004 1982 1082 2042 Pon·
1137 1978 1175 2041 de
1187 1980 1272 2041 Mose
1285 1980 1425 2060 idipsum
1439 1982 1594 2062 repetitur,
1609 1998 1713 2041 verum
1730 1979 1830 2051 etiam,

395 2072 472 2133 tidcis
486 2080 545 2145 cst,
567 2090 661 2131 sarae
675 2069 831 2150 religionis
847 2067 1015 2129 doctrinam
1030 2089 1083 2149 po·
1137 2067 1293 2147 multoque
1319 2069 1429 2128 certius
1450 2089 1489 2129 ex
1512 2087 1555 2141 co,
1580 2067 1653 2149 quia
1675 2061 1832 2127 manifesto

396 2160 458 2239 pulo
471 2157 676 2218 confitendam
690 2156 818 2217 madere.
1138 2153 1297 2233 distinguit
1326 2155 1490 2235 Apostolus
1518 2156 1550 2213 in
1576 2151 1831 2233 consequentibus

432 2246 457 2305 i.
480 2246 544 2324 Qui
565 2243 669 2320 tidelis
691 2251 735 2305 cat
749 2247 788 2318 ei,
810 2243 867 2319 qui
887 2243 963 2318 facit
981 2242 1083 2305 illum.
1138 2243 1215 2301 inter
1226 2241 1344 2300 Mosam
1356 2250 1388 2300 et
1398 2240 1559 2312 Christum,
1574 2248 1715 2319 respectu
1726 2236 1832 2299 domus

401 2330 511 2392 idest:
542 2333 600 2408 qui
626 2335 787 2391 constituit
812 2349 902 2404 oum,
935 2328 1083 2409 quomodo
1137 2329 1212 2404 Dei3
1239 2328 1319 2406 quod
1342 2329 1479 2388 nimirum
1502 2327 1604 2388 Moses
1626 2327 1716 2387 luerit
1734 2322 1832 2386 fidelis

403 2419 474 2479 sets
488 2418 645 2477 Erasmus
668 2418 766 2493 Facit,
789 2419 921 2494 inquam,
943 2434 997 2478 seu
1014 2435 1081 2476 con·
1137 2419 1173 2476 in
1197 2422 1264 2475 tota
1286 2414 1380 2475 domo
1403 2419 1487 2490 ejus,
1513 2424 1664 2494 tamquam
1686 2409 1832 2487 taurulus3

407 2504 479 2565 stituit
501 2502 686 2585 Apostolum
714 2512 745 2563 et
768 2503 954 2564 Pontificem.
990 2503 1038 2562 Ita
1066 2507 1081 2562 1
1138 2500 1275 2562 Christus
1298 2521 1368 2562 vero
1392 2512 1542 2583 tamquam
1563 2500 1641 2560 lilius
1663 2517 1759 2577 super
1773 2497 1832 2558 do·

406 2588 461 2670 dap
476 2593 546 2651 12:
571 2592 741 2666 Dominus,
761 2592 816 2668 qui
830 2590 907 2667 fecit
921 2590 1039 2652 Mosam
1055 2597 1085 2649 et
1138 2608 1225 2650 mum
1247 2592 1313 2663 ejus
1335 2589 1428 2650 fuerit
1449 2590 1640 2650 constitutus.
1665 2585 1734 2647 Hoc
1750 2585 1831 2645 enim

405 2680 509 2753 Amore,
532 2676 567 2737 id
590 2684 646 2749 est,
669 2678 819 2738 constitnit
840 2677 1010 2757 praefectos
1032 2696 1081 2755 po·
1137 2675 1296 2737 discrimen
1326 2676 1491 2756 efflagitant
1516 2674 1653 2737 Grsecse
1678 2671 1831 2755 praeposi·

402 2762 460 2842 puli
488 2763 563 2825 Non
590 2782 664 2844 orgo
691 2765 876 2844 significatur
901 2762 947 2823 tris
973 2762 1083 2837 verbis,
1137 2765 1241 2837 tiones,
1254 2763 1363 2842 quibus
1374 2762 1610 2843 illicApostolus
1619 2763 1720 2833 utitur,
1732 2779 1833 2840 quem·

401 2848 538 2913 (limatum
554 2869 626 2910 asse
641 2849 790 2911 iacturam
805 2848 871 2923 Dei,
886 2849 967 2931 quod
982 2858 1084 2910 tamen
1137 2849 1296 2911 admodum
1326 2870 1362 2911 eo
1391 2852 1459 2911 loco
1490 2848 1682 2913 ostendimus
1712 2849 1834 2908 Domus

400 2934 543 3001 toloneo
566 2956 657 2999 sensu
679 2937 805 3000 concedi
819 2945 928 3018 potest,
951 2938 977 2998 si
992 2937 1082 3016 rospi·
1138 2940 1199 2999 Dei
1213 2937 1329 2998 familia
1344 2938 1404 3000 Dei
1418 2939 1605 3018 intelligitur,
1621 2936 1654 2998 id
1668 2944 1722 3010 est,
1737 2954 1832 3015 popu·
1875 3004 1880 3011 ,

399 3026 480 3088 datar
506 3024 547 3087 sd
573 3023 737 3086 humanam
763 3025 829 3104 ejus
850 3033 1004 3101 naturam3
1030 3021 1084 3085 ssd
1136 3025 1184 3086 lus
1205 3024 1390 3086 Israelitious
1406 3027 1504 3088 Deum
1526 3024 1641 3086 habens
1661 3024 1833 3096 Dominum,

398 3109 499 3174 hum
529 3131 601 3174 asso
628 3112 807 3194 Apostolum
838 3119 869 3171 ct
897 3112 1085 3182 Pontificem,
1137 3113 1215 3174 sicut
1237 3132 1315 3180 nunc
1335 3114 1465 3194 populns
1480 3113 1678 3186 Christ-ianus,
1698 3118 1732 3172 nt
1755 3107 1834 3171 inira

398 3200 469 3280 qnod
489 3208 567 3261 anta
581 3219 642 3260 non
665 3209 746 3276 erst;
768 3200 847 3259 sicut
861 3207 892 3261 et
907 3218 972 3279 cap.
995 3202 1022 3258 1.
1039 3196 1083 3257 di·
1138 3200 1326 3279 significatur
1341 3202 1397 3262 ibi:
1415 3205 1502 3282 Quos
1518 3201 1630 3261 domus
1644 3217 1752 3260 sumus
1767 3216 1833 3258 asos.

398 3286 461 3348 titur
472 3287 589 3348 melior
598 3287 722 3362 dapalis
734 3286 867 3365 effecisse.
891 3285 961 3366 Qua
971 3285 1086 3346 ratione
1139 3288 1331 3367 Quamquam
1346 3288 1495 3349 interdum
1509 3288 1589 3349 idem
1607 3286 1659 3348 ille
1673 3284 1800 3366 populus
1816 3306 1835 3343 a

399 3375 476 3435 dan
501 3373 617 3435 Petrus
639 3372 707 3434 Act
730 3376 759 3434 2.
782 3371 820 3433 de
843 3391 878 3433 eo
904 3372 1086 3453 pronuntiat,
1138 3393 1191 3434 suo
1215 3375 1407 3453 progenitore
1429 3375 1533 3436 domus
1554 3373 1654 3436 Jacob
1678 3379 1708 3433 et
1728 3371 1834 3431 domus

399 3459 469 3537 qnod
484 3462 666 3522 Dominum
689 3479 761 3521 oum
783 3466 813 3520 et
829 3459 987 3522 Christum
1009 3460 1086 3537 fecit
1138 3461 1235 3523 Israel
1251 3470 1375 3521 vocatur
1389 3463 1420 3523 in
1435 3462 1566 3522 Psalmis
1582 3467 1611 3520 ct
1626 3458 1708 3520 alibi.

401 3546 481 3608 Deus
506 3546 630 3610 ll'idalis
650 3554 815 3608 astantem
840 3548 885 3622 si,
910 3550 966 3626 qui
987 3565 1084 3622 prac-
1183 3549 1239 3608 Est
1275 3550 1365 3628 igitur
1394 3549 1471 3610 haec
1500 3548 1639 3627 Apostoli
1670 3546 1834 3608 sententia:

399 3633 595 3712 iooitipstsm,
610 3632 782 3706 idestDeo‚
795 3636 889 3714 utqui
904 3634 978 3696 nihil
993 3633 1086 3694 iaciat
1140 3634 1300 3710 Christum,
1322 3636 1423 3698 aDao
1446 3638 1641 3700 constitutum
1656 3633 1835 3715 Apostolum

401 3730 477 3781 oxus
488 3720 680 3783 voluntatem
695 3722 770 3799 ejus,
792 3740 849 3780 nec
871 3720 954 3782 aliud
968 3728 1086 3801 spectet
1140 3732 1170 3784 ct
1184 3723 1365 3796 Pontificem,
1381 3724 1509 3786 fideliter
1525 3725 1556 3785 in
1570 3731 1697 3803 utroque
1712 3741 1835 3782 munere

400 3825 479 3885 quarn
493 3809 658 3870 utilitatem
680 3810 747 3885 eJus
761 3815 792 3868 et
806 3807 943 3885 gloriam.
973 3809 1086 3869 Notan-
1140 3820 1291 3872 versatum
1315 3830 1397 3888 esse;
1422 3809 1670 3891 quemadmodum
1686 3809 1789 3870 Moses
1804 3809 1833 3868 in

401 3890 468 3969 dum,
482 3914 502 3956 e
516 3893 639 3956 Graeco
656 3897 731 3957 verti
746 3913 851 3975 posse:
879 3894 970 3974 Quod
985 3895 1086 3971 tidelis
1139 3896 1398 3959 administratione
1438 3898 1541 3977 populi
1577 3897 1737 3958 israelitici
1776 3894 1836 3958 sibi

402 3981 433 4038 tit
453 3985 499 4057 ei,
527 3982 678 4063 quomodo
704 3990 861 4044 verterunt
886 3983 1028 4043 Erasmus
1056 3989 1086 4041 ot
1140 3983 1254 4045 credita
1284 3983 1405 4045 fidelem
1436 4004 1470 4045 se
1500 3985 1656 4063 praestitit.
1708 3980 1835 4044 Confert

402 4064 569 4142 lisntsnins,
580 4076 613 4130 ut
623 4070 816 4149 significetur,
831 4068 902 4149 quid
914 4069 953 4129 dc
965 4068 1085 4130 Christo
1140 4070 1290 4133 Christum
1313 4090 1378 4131 curn
1394 4071 1489 4145 Mose,
1513 4080 1543 4132 et
1566 4073 1654 4150 qussi
1675 4072 1705 4131 in
1728 4069 1835 4132 eodem

404 4151 534 4233 Apostolo
550 4164 584 4216 et
597 4155 742 4217 Pontifice
757 4174 813 4218 suo
828 4155 1020 4217 considerare
1036 4156 1091 4217 do,
1139 4156 1234 4236 gradu
1249 4157 1385 4230 collocat,
1407 4178 1466 4238 quo
1481 4157 1600 4220 facilius
1614 4157 1653 4219 ad
1670 4158 1701 4218 id
1715 4176 1834 4238 progre-

403 4236 480 4302 bunt
493 4242 638 4314 Hebraei,
652 4262 761 4323 nempe
776 4240 858 4322 quod
873 4243 912 4304 sit
927 4241 1033 4303 fideles
1048 4241 1084 4314 ei,
1139 4243 1247 4317 dictur,
1270 4244 1351 4324 quod
1374 4246 1510 4317 institnit,
1534 4253 1567 4305 ut
1587 4244 1729 4307 videlicet
1751 4244 1836 4308 Olori-

405 4327 447 4403 qui
466 4326 537 4390 iecit
560 4331 670 4409 ipsum,
692 4330 771 4390 sicut
792 4336 846 4389 etc
876 4328 938 4391 Sed
961 4328 1086 4408 uulgata
1140 4340 1218 4394 stom
1233 4350 1326 4411 supra
1339 4331 1446 4394 Mosen
1461 4330 1596 4393 extollat.

405 4415 488 4474 versio
501 4416 599 4496 magis
613 4416 848 4497 praebetlocnm
864 4417 1003 4496 sequenti
1017 4435 1083 4495 pro·
1182 4416 1242 4479 Sed
1258 4418 1355 4480 dices:
1376 4418 1500 4480 Dudum
1517 4418 1734 4481 demonstravit
1750 4415 1835 4480 Chri·

405 4493 519 4563 houm:
541 4503 719 4580 Amplioris
741 4504 826 4565 enim
850 4514 916 4575 otc,
941 4501 1083 4581 quemad·
1140 4512 1218 4564 stum
1239 4504 1356 4585 angelis
1380 4525 1448 4567 esse
1470 4506 1630 4586 majorem
1654 4504 1729 4587 quid
1743 4505 1836 4583 igitur

406 4585 603 4650 nodumbsne
618 4589 791 4650 observavit
805 4589 949 4652 Adamus.
1139 4610 1219 4654 nuno
1243 4590 1373 4666 laborat,
1404 4601 1439 4653 ut
1468 4614 1536 4653 eum
1562 4599 1724 4672 anteponat
1748 4589 1837 4665 Mori,

437 4673 520 4736 dicut
542 4683 573 4737 ct
593 4677 698 4739 diosas
722 4679 757 4738 io
781 4680 870 4738 omni
891 4676 986 4737 domo
1009 4678 1084 4750 ejtss.
1139 4698 1228 4760 quom
1258 4680 1367 4759 utiquc
1397 4680 1512 4758 angelis
1542 4699 1609 4742 osse
1636 4679 1779 4738 minorem
1805 4678 1836 4738 in

408 4753 522 4822 Gnaeo:
550 4764 594 4825 Iss
615 4770 686 4824 tota
708 4762 802 4824 domo
825 4766 907 4839 ejice,
936 4759 1085 4843 qtuomodo
1139 4762 1276 4826 coniesso
1299 4764 1369 4826 est?
1398 4766 1587 4846 Respondeo,
1609 4765 1685 4825 tanti
1708 4765 1836 4826 nominis

409 4849 483 4908 vast
500 4847 577 4912 inira
599 4872 630 4911 v.
647 4849 678 4910 5.
700 4850 837 4931 Respicit
859 4848 1023 4930 Apostolus
1046 4848 1084 4912 ad
1139 4850 1221 4930 apud
1232 4851 1369 4913 Judaeos
1378 4854 1484 4914 Mosen
1499 4852 1601 4925 fuisse,
1617 4851 1668 4933 qui
1681 4850 1833 4931 exAcgy·

375 4993 382 5009 ,
409 4924 488 4995 itum
500 4936 584 4999 liuns.
605 4939 668 5008 12..
689 4934 743 4997 ubi
757 4936 844 4998 Deus
864 4938 929 5017 ipse
948 4936 986 4996 de
999 4936 1085 4996 Mose
1139 4939 1239 5019 ptiacs
1262 4940 1407 5001 servituto
1426 4957 1475 5000 eos
1491 4938 1645 5013 eduxerat,
1668 4940 1721 5018 qui
1737 4937 1835 5018 legem

409 5016 441 5078 tit
459 5019 601 5105 loquitur:
632 5025 701 5104 Quoi,
719 5025 868 5087 inomni
892 5024 988 5087 domo
1012 5041 1085 5085 mea
1139 5023 1272 5102 dadoat,
1295 5027 1346 5109 qui
1362 5030 1407 5088 tot
1423 5024 1572 5086 mirabilia
1585 5032 1728 5106 patrarat,
1750 5023 1833 5088 deui-
