<?xml version="1.0" encoding="UTF-8"?>
<!DOCTYPE html PUBLIC "-//W3C//DTD XHTML 1.0 Transitional//EN"
    "http://www.w3.org/TR/xhtml1/DTD/xhtml1-transitional.dtd">
<html xmlns="http://www.w3.org/1999/xhtml" xml:lang="en" lang="en">
 <head>
  <title>
</title>
<meta http-equiv="Content-Type" content="text/html;charset=utf-8" />
  <meta name='ocr-system' content='tesseract 3.04.00' />
  <meta name='ocr-capabilities' content='ocr_page ocr_carea ocr_par ocr_line ocrx_word'/>
</head>
<body>
  <div class='ocr_page' id='page_1' title='image "./guilielmiestiii01estigoog_0224.png"; bbox 0 0 4442 5825; ppageno 0'>
   <div class='ocr_carea' id='block_1_1' title="bbox 432 604 1359 679">
    <p class='ocr_par' dir='ltr' id='par_1_1' title="bbox 432 604 1359 679">
     <span class='ocr_line' id='line_1_1' title="bbox 432 604 1359 679; baseline 0.001 -20"><span class='ocrx_word' id='word_1_1' title='bbox 432 610 508 679; x_wconf 74' lang='lat' dir='ltr'>tls</span> <span class='ocrx_word' id='word_1_2' title='bbox 932 604 1359 661; x_wconf 71' lang='lat' dir='ltr'>comministrorum</span> 
     </span>
    </p>
   </div>
   <div class='ocr_carea' id='block_1_2' title="bbox 424 779 1872 4881">
    <p class='ocr_par' dir='ltr' id='par_1_2' title="bbox 424 779 1872 4881">
     <span class='ocr_line' id='line_1_2' title="bbox 432 779 1872 862; baseline 0.003 -21"><span class='ocrx_word' id='word_1_3' title='bbox 432 781 460 843; x_wconf 81' lang='lat'>5.</span> <span class='ocrx_word' id='word_1_4' title='bbox 482 779 554 841; x_wconf 82' lang='lat' dir='ltr'>Non</span> <span class='ocrx_word' id='word_1_5' title='bbox 569 783 659 842; x_wconf 88' lang='lat' dir='ltr'>sentit</span> <span class='ocrx_word' id='word_1_6' title='bbox 673 780 854 861; x_wconf 84' lang='lat' dir='ltr'>Apostolus,</span> <span class='ocrx_word' id='word_1_7' title='bbox 874 785 1127 862; x_wconf 69' lang='lat' dir='ltr'>transgressiones</span> <span class='ocrx_word' id='word_1_8' title='bbox 1180 791 1242 856; x_wconf 90' lang='lat' dir='ltr'>tur,</span> <span class='ocrx_word' id='word_1_9' title='bbox 1258 800 1381 844; x_wconf 86' lang='lat' dir='ltr'>neeesse</span> <span class='ocrx_word' id='word_1_10' title='bbox 1396 789 1458 855; x_wconf 85' lang='lat' dir='ltr'>est,</span> <span class='ocrx_word' id='word_1_11' title='bbox 1477 788 1510 843; x_wconf 92' lang='lat' dir='ltr'>ut</span> <span class='ocrx_word' id='word_1_12' title='bbox 1522 802 1604 844; x_wconf 88' lang='lat' dir='ltr'>mors</span> <span class='ocrx_word' id='word_1_13' title='bbox 1618 784 1779 845; x_wconf 84' lang='lat' dir='ltr'>teststoris</span> <span class='ocrx_word' id='word_1_14' title='bbox 1792 784 1872 846; x_wconf 68' lang='lat' dir='ltr'>inre</span> 
     </span>
     <span class='ocr_line' id='line_1_3' title="bbox 430 867 1870 950; baseline 0.003 -22"><span class='ocrx_word' id='word_1_15' title='bbox 430 867 499 929; x_wconf 86' lang='lat' dir='ltr'>illus</span> <span class='ocrx_word' id='word_1_16' title='bbox 522 869 639 949; x_wconf 81' lang='lat' dir='ltr'>untiqui</span> <span class='ocrx_word' id='word_1_17' title='bbox 663 871 806 948; x_wconf 88' lang='lat' dir='ltr'>temporis</span> <span class='ocrx_word' id='word_1_18' title='bbox 830 891 890 932; x_wconf 93' lang='lat' dir='ltr'>non</span> <span class='ocrx_word' id='word_1_19' title='bbox 908 878 977 931; x_wconf 83' lang='lat' dir='ltr'>ante</span> <span class='ocrx_word' id='word_1_20' title='bbox 993 871 1128 949; x_wconf 83' lang='lat' dir='ltr'>potuisse</span> <span class='ocrx_word' id='word_1_21' title='bbox 1179 871 1297 931; x_wconf 75' lang='lat' dir='ltr'>veniet:</span> <span class='ocrx_word' id='word_1_22' title='bbox 1326 870 1419 950; x_wconf 86' lang='lat' dir='ltr'>igitur</span> <span class='ocrx_word' id='word_1_23' title='bbox 1439 870 1516 930; x_wconf 88' lang='lat' dir='ltr'>mori</span> <span class='ocrx_word' id='word_1_24' title='bbox 1536 868 1642 931; x_wconf 78' lang='lat' dir='ltr'>debuit</span> <span class='ocrx_word' id='word_1_25' title='bbox 1656 869 1813 944; x_wconf 83' lang='lat' dir='ltr'>Christus,</span> <span class='ocrx_word' id='word_1_26' title='bbox 1836 880 1870 945; x_wconf 85' lang='lat' dir='ltr'>ut,</span> 
     </span>
     <span class='ocr_line' id='line_1_4' title="bbox 429 953 1869 1037; baseline 0.004 -22"><span class='ocrx_word' id='word_1_27' title='bbox 429 953 551 1031; x_wconf 78' lang='lat' dir='ltr'>redimi,</span> <span class='ocrx_word' id='word_1_28' title='bbox 582 976 673 1035; x_wconf 81' lang='lat' dir='ltr'>qoem</span> <span class='ocrx_word' id='word_1_29' title='bbox 700 955 837 1017; x_wconf 82' lang='lat' dir='ltr'>Christus</span> <span class='ocrx_word' id='word_1_30' title='bbox 863 964 1043 1035; x_wconf 86' lang='lat' dir='ltr'>moreretnr;</span> <span class='ocrx_word' id='word_1_31' title='bbox 1072 956 1127 1018; x_wconf 88' lang='lat' dir='ltr'>sed</span> <span class='ocrx_word' id='word_1_32' title='bbox 1180 958 1235 1037; x_wconf 89' lang='lat' dir='ltr'>qui</span> <span class='ocrx_word' id='word_1_33' title='bbox 1249 958 1348 1017; x_wconf 63' lang='lat' dir='ltr'>noemi</span> <span class='ocrx_word' id='word_1_34' title='bbox 1364 964 1449 1029; x_wconf 87' lang='lat' dir='ltr'>sunt,</span> <span class='ocrx_word' id='word_1_35' title='bbox 1468 955 1688 1019; x_wconf 73' lang='lat' dir='ltr'>heereditstm</span> <span class='ocrx_word' id='word_1_36' title='bbox 1703 967 1869 1021; x_wconf 70' lang='lat' dir='ltr'>testamento</span> 
     </span>
     <span class='ocr_line' id='line_1_5' title="bbox 431 1043 1869 1127; baseline 0.001 -22"><span class='ocrx_word' id='word_1_37' title='bbox 431 1063 483 1105; x_wconf 83' lang='lat' dir='ltr'>ees</span> <span class='ocrx_word' id='word_1_38' title='bbox 495 1063 554 1104; x_wconf 82' lang='lat' dir='ltr'>non</span> <span class='ocrx_word' id='word_1_39' title='bbox 565 1043 624 1103; x_wconf 82' lang='lat' dir='ltr'>nisi</span> <span class='ocrx_word' id='word_1_40' title='bbox 635 1052 731 1103; x_wconf 89' lang='lat' dir='ltr'>morte</span> <span class='ocrx_word' id='word_1_41' title='bbox 743 1043 853 1105; x_wconf 78' lang='lat' dir='ltr'>Christi</span> <span class='ocrx_word' id='word_1_42' title='bbox 864 1044 971 1105; x_wconf 85' lang='lat' dir='ltr'>redimi</span> <span class='ocrx_word' id='word_1_43' title='bbox 983 1045 1126 1125; x_wconf 88' lang='lat' dir='ltr'>potuisse.</span> <span class='ocrx_word' id='word_1_44' title='bbox 1179 1045 1356 1125; x_wconf 75' lang='lat' dir='ltr'>promissum</span> <span class='ocrx_word' id='word_1_45' title='bbox 1389 1046 1568 1125; x_wconf 83' lang='lat' dir='ltr'>soniperent.</span> <span class='ocrx_word' id='word_1_46' title='bbox 1613 1044 1770 1127; x_wconf 73' lang='lat' dir='ltr'>supponit</span> <span class='ocrx_word' id='word_1_47' title='bbox 1803 1045 1869 1107; x_wconf 79' lang='lat' dir='ltr'>lues</span> 
     </span>
     <span class='ocr_line' id='line_1_6' title="bbox 431 1127 1867 1210; baseline 0.003 -19"><span class='ocrx_word' id='word_1_48' title='bbox 431 1127 528 1209; x_wconf 79' lang='lat' dir='ltr'>Cujus</span> <span class='ocrx_word' id='word_1_49' title='bbox 544 1129 664 1209; x_wconf 87' lang='lat' dir='ltr'>quidem</span> <span class='ocrx_word' id='word_1_50' title='bbox 683 1132 786 1191; x_wconf 72' lang='lat' dir='ltr'>monis</span> <span class='ocrx_word' id='word_1_51' title='bbox 798 1131 940 1205; x_wconf 80' lang='lat' dir='ltr'>effioecis,</span> <span class='ocrx_word' id='word_1_52' title='bbox 954 1131 1045 1192; x_wconf 86' lang='lat' dir='ltr'>simul</span> <span class='ocrx_word' id='word_1_53' title='bbox 1059 1150 1126 1192; x_wconf 90' lang='lat' dir='ltr'>oum</span> <span class='ocrx_word' id='word_1_54' title='bbox 1179 1130 1318 1210; x_wconf 76' lang='lat' dir='ltr'>Apostoli</span> <span class='ocrx_word' id='word_1_55' title='bbox 1332 1132 1566 1210; x_wconf 68' lang='lat' dir='ltr'>argumentatio,</span> <span class='ocrx_word' id='word_1_56' title='bbox 1589 1129 1747 1194; x_wconf 83' lang='lat' dir='ltr'>Christum</span> <span class='ocrx_word' id='word_1_57' title='bbox 1763 1134 1806 1193; x_wconf 79' lang='lat' dir='ltr'>itu</span> <span class='ocrx_word' id='word_1_58' title='bbox 1818 1153 1867 1195; x_wconf 83' lang='lat' dir='ltr'>me-</span> 
     </span>
     <span class='ocr_line' id='line_1_7' title="bbox 429 1217 1868 1298; baseline 0.001 -19"><span class='ocrx_word' id='word_1_59' title='bbox 429 1237 508 1279; x_wconf 86' lang='lat' dir='ltr'>novo</span> <span class='ocrx_word' id='word_1_60' title='bbox 530 1224 726 1290; x_wconf 74' lang='lat' dir='ltr'>testamento,</span> <span class='ocrx_word' id='word_1_61' title='bbox 752 1221 842 1280; x_wconf 88' lang='lat' dir='ltr'>etiem</span> <span class='ocrx_word' id='word_1_62' title='bbox 865 1218 905 1280; x_wconf 84' lang='lat' dir='ltr'>ed</span> <span class='ocrx_word' id='word_1_63' title='bbox 928 1220 1029 1298; x_wconf 82' lang='lat' dir='ltr'>priore</span> <span class='ocrx_word' id='word_1_64' title='bbox 1052 1228 1125 1280; x_wconf 89' lang='lat' dir='ltr'>tem·</span> <span class='ocrx_word' id='word_1_65' title='bbox 1180 1219 1326 1279; x_wconf 85' lang='lat' dir='ltr'>distorem</span> <span class='ocrx_word' id='word_1_66' title='bbox 1350 1237 1416 1278; x_wconf 88' lang='lat' dir='ltr'>esse</span> <span class='ocrx_word' id='word_1_67' title='bbox 1437 1217 1508 1279; x_wconf 79' lang='lat' dir='ltr'>novi</span> <span class='ocrx_word' id='word_1_68' title='bbox 1529 1222 1720 1294; x_wconf 74' lang='lat' dir='ltr'>testamenti,</span> <span class='ocrx_word' id='word_1_69' title='bbox 1747 1228 1783 1281; x_wconf 92' lang='lat' dir='ltr'>ut</span> <span class='ocrx_word' id='word_1_70' title='bbox 1802 1219 1868 1280; x_wconf 85' lang='lat' dir='ltr'>iden</span> 
     </span>
     <span class='ocr_line' id='line_1_8' title="bbox 429 1304 1867 1387; baseline 0.001 -20"><span class='ocrx_word' id='word_1_71' title='bbox 429 1325 504 1386; x_wconf 90' lang='lat' dir='ltr'>pors</span> <span class='ocrx_word' id='word_1_72' title='bbox 518 1326 550 1366; x_wconf 89' lang='lat' dir='ltr'>se</span> <span class='ocrx_word' id='word_1_73' title='bbox 573 1304 715 1366; x_wconf 85' lang='lat' dir='ltr'>extendit.</span> <span class='ocrx_word' id='word_1_74' title='bbox 751 1305 845 1366; x_wconf 87' lang='lat' dir='ltr'>Porro</span> <span class='ocrx_word' id='word_1_75' title='bbox 868 1305 905 1366; x_wconf 90' lang='lat' dir='ltr'>de</span> <span class='ocrx_word' id='word_1_76' title='bbox 925 1307 1061 1387; x_wconf 85' lang='lat' dir='ltr'>peooetis</span> <span class='ocrx_word' id='word_1_77' title='bbox 1075 1325 1125 1367; x_wconf 92' lang='lat' dir='ltr'>eo·</span> <span class='ocrx_word' id='word_1_78' title='bbox 1179 1307 1245 1385; x_wconf 86' lang='lat' dir='ltr'>ipse</span> <span class='ocrx_word' id='word_1_79' title='bbox 1260 1307 1352 1367; x_wconf 83' lang='lat' dir='ltr'>etism</span> <span class='ocrx_word' id='word_1_80' title='bbox 1374 1314 1498 1366; x_wconf 81' lang='lat' dir='ltr'>teststor</span> <span class='ocrx_word' id='word_1_81' title='bbox 1511 1306 1564 1379; x_wconf 88' lang='lat' dir='ltr'>sit,</span> <span class='ocrx_word' id='word_1_82' title='bbox 1589 1304 1621 1366; x_wconf 88' lang='lat' dir='ltr'>id</span> <span class='ocrx_word' id='word_1_83' title='bbox 1644 1315 1692 1366; x_wconf 90' lang='lat' dir='ltr'>est</span> <span class='ocrx_word' id='word_1_84' title='bbox 1707 1309 1867 1368; x_wconf 83' lang='lat' dir='ltr'>testsmeuti</span> 
     </span>
     <span class='ocr_line' id='line_1_9' title="bbox 429 1391 1867 1474; baseline 0 -20"><span class='ocrx_word' id='word_1_85' title='bbox 429 1413 510 1466; x_wconf 89' lang='lat' dir='ltr'>rum,</span> <span class='ocrx_word' id='word_1_86' title='bbox 526 1394 579 1473; x_wconf 90' lang='lat' dir='ltr'>qui</span> <span class='ocrx_word' id='word_1_87' title='bbox 595 1392 694 1473; x_wconf 90' lang='lat' dir='ltr'>legem</span> <span class='ocrx_word' id='word_1_88' title='bbox 710 1412 770 1452; x_wconf 92' lang='lat' dir='ltr'>non</span> <span class='ocrx_word' id='word_1_89' title='bbox 785 1403 975 1474; x_wconf 76' lang='lat' dir='ltr'>aeceperunt,</span> <span class='ocrx_word' id='word_1_90' title='bbox 990 1392 1064 1454; x_wconf 93' lang='lat' dir='ltr'>nihil</span> <span class='ocrx_word' id='word_1_91' title='bbox 1078 1393 1126 1453; x_wconf 87' lang='lat' dir='ltr'>hio</span> <span class='ocrx_word' id='word_1_92' title='bbox 1180 1402 1298 1467; x_wconf 81' lang='lat' dir='ltr'>unctor,</span> <span class='ocrx_word' id='word_1_93' title='bbox 1328 1400 1357 1451; x_wconf 89' lang='lat' dir='ltr'>ot</span> <span class='ocrx_word' id='word_1_94' title='bbox 1372 1391 1565 1454; x_wconf 73' lang='lat' dir='ltr'>haereditetis</span> <span class='ocrx_word' id='word_1_95' title='bbox 1585 1394 1766 1474; x_wconf 87' lang='lat' dir='ltr'>promissor,</span> <span class='ocrx_word' id='word_1_96' title='bbox 1791 1395 1867 1474; x_wconf 78' lang='lat' dir='ltr'>juste</span> 
     </span>
     <span class='ocr_line' id='line_1_10' title="bbox 430 1478 1866 1560; baseline -0.001 -18"><span class='ocrx_word' id='word_1_97' title='bbox 430 1481 517 1556; x_wconf 72' lang='lat' dir='ltr'>dieii,</span> <span class='ocrx_word' id='word_1_98' title='bbox 545 1501 604 1542; x_wconf 88' lang='lat' dir='ltr'>non</span> <span class='ocrx_word' id='word_1_99' title='bbox 621 1481 693 1558; x_wconf 89' lang='lat' dir='ltr'>quin</span> <span class='ocrx_word' id='word_1_100' title='bbox 708 1501 761 1559; x_wconf 91' lang='lat' dir='ltr'>pro</span> <span class='ocrx_word' id='word_1_101' title='bbox 783 1479 886 1540; x_wconf 87' lang='lat' dir='ltr'>horum</span> <span class='ocrx_word' id='word_1_102' title='bbox 903 1482 994 1541; x_wconf 85' lang='lat' dir='ltr'>etism</span> <span class='ocrx_word' id='word_1_103' title='bbox 1011 1478 1125 1540; x_wconf 77' lang='lat' dir='ltr'>sedem·</span> <span class='ocrx_word' id='word_1_104' title='bbox 1181 1479 1264 1558; x_wconf 86' lang='lat' dir='ltr'>quod</span> <span class='ocrx_word' id='word_1_105' title='bbox 1285 1478 1419 1559; x_wconf 86' lang='lat' dir='ltr'>loquitur</span> <span class='ocrx_word' id='word_1_106' title='bbox 1441 1478 1482 1540; x_wconf 83' lang='lat' dir='ltr'>ed</span> <span class='ocrx_word' id='word_1_107' title='bbox 1507 1478 1687 1560; x_wconf 87' lang='lat' dir='ltr'>disoipulos,</span> <span class='ocrx_word' id='word_1_108' title='bbox 1714 1483 1791 1543; x_wconf 65' lang='lat' dir='ltr'>Luc.</span> <span class='ocrx_word' id='word_1_109' title='bbox 1812 1482 1866 1541; x_wconf 71' lang='lat'>22:</span> 
     </span>
     <span class='ocr_line' id='line_1_11' title="bbox 429 1565 1867 1646; baseline -0.002 -16"><span class='ocrx_word' id='word_1_110' title='bbox 429 1567 510 1630; x_wconf 87' lang='lat' dir='ltr'>tione</span> <span class='ocrx_word' id='word_1_111' title='bbox 524 1576 658 1630; x_wconf 87' lang='lat' dir='ltr'>mortuus</span> <span class='ocrx_word' id='word_1_112' title='bbox 674 1568 714 1628; x_wconf 89' lang='lat' dir='ltr'>sit</span> <span class='ocrx_word' id='word_1_113' title='bbox 729 1565 881 1641; x_wconf 80' lang='lat' dir='ltr'>Christus,</span> <span class='ocrx_word' id='word_1_114' title='bbox 905 1570 959 1646; x_wconf 93' lang='lat' dir='ltr'>qui</span> <span class='ocrx_word' id='word_1_115' title='bbox 975 1568 1061 1628; x_wconf 83' lang='lat' dir='ltr'>dedit</span> <span class='ocrx_word' id='word_1_116' title='bbox 1075 1586 1126 1627; x_wconf 81' lang='lat' dir='ltr'>re·</span> <span class='ocrx_word' id='word_1_117' title='bbox 1180 1568 1249 1643; x_wconf 73' lang='lat'>1390</span> <span class='ocrx_word' id='word_1_118' title='bbox 1265 1567 1400 1642; x_wconf 83' lang='lat' dir='ltr'>dispono</span> <span class='ocrx_word' id='word_1_119' title='bbox 1416 1567 1518 1641; x_wconf 79' lang='lat' dir='ltr'>vobis,</span> <span class='ocrx_word' id='word_1_120' title='bbox 1533 1569 1614 1628; x_wconf 66' lang='lat' dir='ltr'>neret</span> <span class='ocrx_word' id='word_1_121' title='bbox 1628 1567 1789 1646; x_wconf 78' lang='lat' dir='ltr'>disposuit</span> <span class='ocrx_word' id='word_1_122' title='bbox 1802 1569 1867 1628; x_wconf 79' lang='lat' dir='ltr'>ms‘ti</span> 
     </span>
     <span class='ocr_line' id='line_1_12' title="bbox 430 1653 1865 1735; baseline 0 -19"><span class='ocrx_word' id='word_1_123' title='bbox 430 1653 618 1717; x_wconf 77' lang='lat' dir='ltr'>demtionem</span> <span class='ocrx_word' id='word_1_124' title='bbox 644 1657 864 1730; x_wconf 85' lang='lat' dir='ltr'>semetipsum</span> <span class='ocrx_word' id='word_1_125' title='bbox 883 1673 947 1732; x_wconf 88' lang='lat' dir='ltr'>pro</span> <span class='ocrx_word' id='word_1_126' title='bbox 970 1655 1125 1730; x_wconf 83' lang='lat' dir='ltr'>omnibus,</span> <span class='ocrx_word' id='word_1_127' title='bbox 1180 1655 1279 1714; x_wconf 85' lang='lat' dir='ltr'>Pater</span> <span class='ocrx_word' id='word_1_128' title='bbox 1293 1671 1399 1729; x_wconf 89' lang='lat' dir='ltr'>meus,</span> <span class='ocrx_word' id='word_1_129' title='bbox 1420 1673 1564 1731; x_wconf 67' lang='lat' dir='ltr'>regnum.</span> <span class='ocrx_word' id='word_1_130' title='bbox 1602 1653 1675 1735; x_wconf 78' lang='lat' dir='ltr'>Qus</span> <span class='ocrx_word' id='word_1_131' title='bbox 1689 1654 1865 1716; x_wconf 79' lang='lat' dir='ltr'>suimudrsr·</span> 
     </span>
     <span class='ocr_line' id='line_1_13' title="bbox 432 1739 1866 1822; baseline 0.001 -19"><span class='ocrx_word' id='word_1_132' title='bbox 432 1743 543 1803; x_wconf 78' lang='lat' dir='ltr'>1&#39;rim.</span> <span class='ocrx_word' id='word_1_133' title='bbox 559 1745 605 1819; x_wconf 63' lang='lat'>23</span> <span class='ocrx_word' id='word_1_134' title='bbox 633 1740 688 1802; x_wconf 88' lang='lat' dir='ltr'>sed</span> <span class='ocrx_word' id='word_1_135' title='bbox 703 1743 774 1822; x_wconf 84' lang='lat' dir='ltr'>quis</span> <span class='ocrx_word' id='word_1_136' title='bbox 788 1742 922 1803; x_wconf 87' lang='lat' dir='ltr'>scribens</span> <span class='ocrx_word' id='word_1_137' title='bbox 937 1741 975 1802; x_wconf 88' lang='lat' dir='ltr'>ed</span> <span class='ocrx_word' id='word_1_138' title='bbox 991 1762 1059 1816; x_wconf 88' lang='lat' dir='ltr'>eos,</span> <span class='ocrx_word' id='word_1_139' title='bbox 1075 1742 1127 1822; x_wconf 87' lang='lat' dir='ltr'>qui</span> <span class='ocrx_word' id='word_1_140' title='bbox 1180 1742 1265 1801; x_wconf 71' lang='lat' dir='ltr'>none</span> <span class='ocrx_word' id='word_1_141' title='bbox 1293 1739 1447 1816; x_wconf 73' lang='lat' dir='ltr'>adhibite,</span> <span class='ocrx_word' id='word_1_142' title='bbox 1475 1741 1561 1802; x_wconf 85' lang='lat' dir='ltr'>loeus</span> <span class='ocrx_word' id='word_1_143' title='bbox 1586 1741 1636 1803; x_wconf 83' lang='lat' dir='ltr'>lrio</span> <span class='ocrx_word' id='word_1_144' title='bbox 1660 1762 1723 1804; x_wconf 89' lang='lat' dir='ltr'>non</span> <span class='ocrx_word' id='word_1_145' title='bbox 1754 1742 1866 1804; x_wconf 75' lang='lat' dir='ltr'>obsone</span> 
     </span>
     <span class='ocr_line' id='line_1_14' title="bbox 430 1827 1865 1910; baseline -0.001 -19"><span class='ocrx_word' id='word_1_146' title='bbox 430 1830 527 1910; x_wconf 88' lang='lat' dir='ltr'>legem</span> <span class='ocrx_word' id='word_1_147' title='bbox 543 1835 740 1909; x_wconf 79' lang='lat' dir='ltr'>receperent,</span> <span class='ocrx_word' id='word_1_148' title='bbox 758 1837 875 1889; x_wconf 80' lang='lat' dir='ltr'>tontum</span> <span class='ocrx_word' id='word_1_149' title='bbox 890 1829 928 1890; x_wconf 92' lang='lat' dir='ltr'>de</span> <span class='ocrx_word' id='word_1_150' title='bbox 940 1848 1042 1890; x_wconf 90' lang='lat' dir='ltr'>eorum</span> <span class='ocrx_word' id='word_1_151' title='bbox 1058 1848 1125 1908; x_wconf 90' lang='lat' dir='ltr'>pee-</span> <span class='ocrx_word' id='word_1_152' title='bbox 1181 1827 1369 1888; x_wconf 79' lang='lat' dir='ltr'>commendet</span> <span class='ocrx_word' id='word_1_153' title='bbox 1397 1827 1589 1889; x_wconf 72' lang='lat' dir='ltr'>divinitatem</span> <span class='ocrx_word' id='word_1_154' title='bbox 1619 1827 1751 1903; x_wconf 82' lang='lat' dir='ltr'>Christi,</span> <span class='ocrx_word' id='word_1_155' title='bbox 1786 1849 1865 1910; x_wconf 80' lang='lat' dir='ltr'>quun</span> 
     </span>
     <span class='ocr_line' id='line_1_15' title="bbox 430 1915 1864 1997; baseline -0.001 -18"><span class='ocrx_word' id='word_1_156' title='bbox 430 1918 507 1979; x_wconf 73' lang='lat' dir='ltr'>eutis</span> <span class='ocrx_word' id='word_1_157' title='bbox 521 1937 557 1977; x_wconf 86' lang='lat' dir='ltr'>ee</span> <span class='ocrx_word' id='word_1_158' title='bbox 578 1923 765 1997; x_wconf 74' lang='lat' dir='ltr'>peecatorum</span> <span class='ocrx_word' id='word_1_159' title='bbox 787 1917 963 1978; x_wconf 85' lang='lat' dir='ltr'>remissione</span> <span class='ocrx_word' id='word_1_160' title='bbox 985 1915 1041 1977; x_wconf 87' lang='lat' dir='ltr'>sibi</span> <span class='ocrx_word' id='word_1_161' title='bbox 1057 1936 1126 1977; x_wconf 82' lang='lat' dir='ltr'>ren·</span> <span class='ocrx_word' id='word_1_162' title='bbox 1180 1915 1277 1988; x_wconf 81' lang='lat' dir='ltr'>docet,</span> <span class='ocrx_word' id='word_1_163' title='bbox 1291 1916 1466 1995; x_wconf 83' lang='lat' dir='ltr'>oportuisse,</span> <span class='ocrx_word' id='word_1_164' title='bbox 1481 1923 1516 1976; x_wconf 89' lang='lat' dir='ltr'>nt</span> <span class='ocrx_word' id='word_1_165' title='bbox 1529 1922 1663 1992; x_wconf 59' lang='lat' dir='ltr'>mutuor,</span> <span class='ocrx_word' id='word_1_166' title='bbox 1678 1916 1712 1978; x_wconf 91' lang='lat' dir='ltr'>id</span> <span class='ocrx_word' id='word_1_167' title='bbox 1726 1925 1775 1977; x_wconf 91' lang='lat' dir='ltr'>est</span> <span class='ocrx_word' id='word_1_168' title='bbox 1787 1917 1864 1991; x_wconf 64' lang='lat' dir='ltr'>Det,</span> 
     </span>
     <span class='ocr_line' id='line_1_16' title="bbox 431 2001 1813 2083; baseline -0.004 -16"><span class='ocrx_word' id='word_1_169' title='bbox 431 2012 475 2067; x_wconf 88' lang='lat' dir='ltr'>set</span> <span class='ocrx_word' id='word_1_170' title='bbox 490 2003 560 2064; x_wconf 88' lang='lat' dir='ltr'>hine</span> <span class='ocrx_word' id='word_1_171' title='bbox 575 2001 735 2083; x_wconf 80' lang='lat' dir='ltr'>egendum.</span> <span class='ocrx_word' id='word_1_172' title='bbox 1181 2010 1353 2064; x_wconf 87' lang='lat' dir='ltr'>moreretur.</span> <span class='ocrx_word' id='word_1_173' title='bbox 1623 2032 1632 2047; x_wconf 93' lang='lat'><strong>·</strong></span> <span class='ocrx_word' id='word_1_174' title='bbox 1810 2004 1813 2011; x_wconf 83' lang='grc'><em>“</em></span> 
     </span>
     <span class='ocr_line' id='line_1_17' title="bbox 474 2090 1864 2168; baseline 0 -15"><span class='ocrx_word' id='word_1_175' title='bbox 474 2092 761 2168; x_wconf 80' lang='lat' dir='ltr'>Repromisrionem</span> <span class='ocrx_word' id='word_1_176' title='bbox 784 2092 946 2168; x_wconf 73' lang='lat' dir='ltr'>ascipiunt</span> <span class='ocrx_word' id='word_1_177' title='bbox 952 2136 963 2167; x_wconf 95' lang='lat'>,</span> <span class='ocrx_word' id='word_1_178' title='bbox 990 2090 1046 2166; x_wconf 77' lang='lat' dir='ltr'>qui</span> <span class='ocrx_word' id='word_1_179' title='bbox 1070 2107 1127 2150; x_wconf 82' lang='lat' dir='ltr'>oo·</span> <span class='ocrx_word' id='word_1_180' title='bbox 1226 2093 1274 2151; x_wconf 78' lang='lat'>17.</span> <span class='ocrx_word' id='word_1_181' title='bbox 1300 2091 1538 2151; x_wconf 80' lang='lat' dir='ltr'>Testamentum</span> <span class='ocrx_word' id='word_1_182' title='bbox 1563 2092 1648 2152; x_wconf 89' lang='lat' dir='ltr'>enim</span> <span class='ocrx_word' id='word_1_183' title='bbox 1675 2092 1714 2153; x_wconf 90' lang='lat' dir='ltr'>in</span> <span class='ocrx_word' id='word_1_184' title='bbox 1744 2094 1864 2153; x_wconf 79' lang='lat' dir='ltr'>mortuis</span> 
     </span>
     <span class='ocr_line' id='line_1_18' title="bbox 430 2176 1864 2256; baseline -0.001 -16"><span class='ocrx_word' id='word_1_185' title='bbox 430 2181 495 2240; x_wconf 86' lang='lat' dir='ltr'>coti</span> <span class='ocrx_word' id='word_1_186' title='bbox 507 2185 598 2255; x_wconf 89' lang='lat' dir='ltr'>runt,</span> <span class='ocrx_word' id='word_1_187' title='bbox 621 2185 771 2239; x_wconf 78' lang='lat' dir='ltr'>astemoe</span> <span class='ocrx_word' id='word_1_188' title='bbox 784 2179 999 2239; x_wconf 73' lang='lat' dir='ltr'>haereditetis.</span> <span class='ocrx_word' id='word_1_189' title='bbox 1030 2176 1127 2256; x_wconf 84' lang='lat' dir='ltr'>Syrus</span> <span class='ocrx_word' id='word_1_190' title='bbox 1180 2177 1404 2253; x_wconf 62' lang='lat' dir='ltr'>confirmatum</span> <span class='ocrx_word' id='word_1_191' title='bbox 1413 2184 1465 2238; x_wconf 86' lang='lat' dir='ltr'>est.</span> <span class='ocrx_word' id='word_1_192' title='bbox 1489 2177 1864 2254; x_wconf 64' lang='lat' dir='ltr'>consensionem:</span> 
     </span>
     <span class='ocr_line' id='line_1_19' title="bbox 431 2258 1864 2346; baseline 0.001 -19"><span class='ocrx_word' id='word_1_193' title='bbox 431 2267 578 2346; x_wconf 85' lang='lat' dir='ltr'>interpres</span> <span class='ocrx_word' id='word_1_194' title='bbox 600 2267 643 2327; x_wconf 86' lang='lat' dir='ltr'>ite</span> <span class='ocrx_word' id='word_1_195' title='bbox 665 2265 770 2326; x_wconf 80' lang='lat' dir='ltr'>uertit:</span> <span class='ocrx_word' id='word_1_196' title='bbox 803 2267 844 2327; x_wconf 87' lang='lat' dir='ltr'>Ut</span> <span class='ocrx_word' id='word_1_197' title='bbox 864 2269 1027 2344; x_wconf 83' lang='lat' dir='ltr'>eeeipiont</span> <span class='ocrx_word' id='word_1_198' title='bbox 1046 2282 1126 2341; x_wconf 81' lang='lat' dir='ltr'>pro·</span> <span class='ocrx_word' id='word_1_199' title='bbox 1181 2258 1309 2340; x_wconf 84' lang='grc' dir='ltr'><strong>βεβαία,</strong></span> <span class='ocrx_word' id='word_1_200' title='bbox 1332 2265 1477 2343; x_wconf 73' lang='lat' dir='ltr'>fimum,</span> <span class='ocrx_word' id='word_1_201' title='bbox 1500 2272 1617 2326; x_wconf 85' lang='lat' dir='ltr'>rutum.</span> <span class='ocrx_word' id='word_1_202' title='bbox 1654 2266 1750 2342; x_wconf 78' lang='lat' dir='ltr'>Num,</span> <span class='ocrx_word' id='word_1_203' title='bbox 1774 2266 1864 2346; x_wconf 74' lang='lat' dir='ltr'>inquit</span> 
     </span>
     <span class='ocr_line' id='line_1_20' title="bbox 430 2350 1863 2432; baseline 0 -18"><span class='ocrx_word' id='word_1_204' title='bbox 430 2356 631 2428; x_wconf 74' lang='lat' dir='ltr'>missionem,</span> <span class='ocrx_word' id='word_1_205' title='bbox 649 2353 705 2431; x_wconf 80' lang='lat' dir='ltr'>qui</span> <span class='ocrx_word' id='word_1_206' title='bbox 719 2356 908 2414; x_wconf 85' lang='lat' dir='ltr'>ooeots’sunt</span> <span class='ocrx_word' id='word_1_207' title='bbox 923 2354 966 2414; x_wconf 83' lang='lat' dir='ltr'>ud</span> <span class='ocrx_word' id='word_1_208' title='bbox 980 2351 1127 2413; x_wconf 77' lang='lat' dir='ltr'>haeredi·</span> <span class='ocrx_word' id='word_1_209' title='bbox 1180 2361 1390 2413; x_wconf 75' lang='lat' dir='ltr'>testamentum</span> <span class='ocrx_word' id='word_1_210' title='bbox 1410 2352 1456 2413; x_wconf 80' lang='lat' dir='ltr'>its</span> <span class='ocrx_word' id='word_1_211' title='bbox 1477 2350 1596 2412; x_wconf 84' lang='lat' dir='ltr'>demun</span> <span class='ocrx_word' id='word_1_212' title='bbox 1615 2353 1689 2432; x_wconf 87' lang='lat' dir='ltr'>jure</span> <span class='ocrx_word' id='word_1_213' title='bbox 1710 2362 1808 2414; x_wconf 78' lang='lat' dir='ltr'>return</span> <span class='ocrx_word' id='word_1_214' title='bbox 1824 2352 1863 2414; x_wconf 79' lang='lat' dir='ltr'>iu</span> 
     </span>
     <span class='ocr_line' id='line_1_21' title="bbox 431 2437 1863 2521; baseline -0.002 -19"><span class='ocrx_word' id='word_1_215' title='bbox 431 2449 526 2503; x_wconf 79' lang='lat' dir='ltr'>tutem</span> <span class='ocrx_word' id='word_1_216' title='bbox 543 2449 718 2502; x_wconf 80' lang='lat' dir='ltr'>ueternum</span> <span class='ocrx_word' id='word_1_217' title='bbox 742 2439 1128 2521; x_wconf 73' lang='lat' dir='ltr'>Quaeversiogenitivnm:</span> <span class='ocrx_word' id='word_1_218' title='bbox 1182 2440 1285 2512; x_wconf 74' lang='lat' dir='ltr'>bmur,</span> <span class='ocrx_word' id='word_1_219' title='bbox 1310 2440 1336 2499; x_wconf 88' lang='lat' dir='ltr'>si</span> <span class='ocrx_word' id='word_1_220' title='bbox 1350 2447 1482 2500; x_wconf 89' lang='lat' dir='ltr'>mortuus</span> <span class='ocrx_word' id='word_1_221' title='bbox 1503 2438 1593 2500; x_wconf 84' lang='lat' dir='ltr'>inerit</span> <span class='ocrx_word' id='word_1_222' title='bbox 1611 2447 1745 2501; x_wconf 79' lang='lat' dir='ltr'>testetur.</span> <span class='ocrx_word' id='word_1_223' title='bbox 1781 2437 1863 2501; x_wconf 86' lang='lat' dir='ltr'>Illud:</span> 
     </span>
     <span class='ocr_line' id='line_1_22' title="bbox 432 2516 1863 2608; baseline -0.001 -18"><span class='ocrx_word' id='word_1_224' title='bbox 432 2535 581 2590; x_wconf 73' lang='lat' dir='ltr'>uetmnoe</span> <span class='ocrx_word' id='word_1_225' title='bbox 595 2528 816 2603; x_wconf 77' lang='lat' dir='ltr'>haereditetis,</span> <span class='ocrx_word' id='word_1_226' title='bbox 833 2530 956 2608; x_wconf 80' lang='lat' dir='ltr'>sucipit,</span> <span class='ocrx_word' id='word_1_227' title='bbox 972 2536 1129 2605; x_wconf 85' lang='lat' dir='ltr'>temqusm</span> <span class='ocrx_word' id='word_1_228' title='bbox 1180 2530 1217 2587; x_wconf 85' lang='lat' dir='ltr'>in</span> <span class='ocrx_word' id='word_1_229' title='bbox 1247 2528 1397 2602; x_wconf 79' lang='lat' dir='ltr'>mortuis,</span> <span class='ocrx_word' id='word_1_230' title='bbox 1427 2525 1545 2588; x_wconf 82' lang='lat' dir='ltr'>Grseee</span> <span class='ocrx_word' id='word_1_231' title='bbox 1569 2516 1620 2585; x_wconf 70' lang='lat' dir='ltr'>isi</span> <span class='ocrx_word' id='word_1_232' title='bbox 1645 2528 1774 2606; x_wconf 74' lang='grc' dir='ltr'><strong>νεκροῖς</strong></span> <span class='ocrx_word' id='word_1_233' title='bbox 1798 2527 1863 2589; x_wconf 74' lang='lat' dir='ltr'>idn</span> 
     </span>
     <span class='ocr_line' id='line_1_23' title="bbox 432 2609 1861 2697; baseline -0.001 -19"><span class='ocrx_word' id='word_1_234' title='bbox 432 2623 590 2697; x_wconf 73' lang='lat' dir='ltr'>rogaturi</span> <span class='ocrx_word' id='word_1_235' title='bbox 612 2615 720 2676; x_wconf 82' lang='lat' dir='ltr'>verbo:</span> <span class='ocrx_word' id='word_1_236' title='bbox 752 2618 856 2676; x_wconf 84' lang='lat' dir='ltr'>vooott</span> <span class='ocrx_word' id='word_1_237' title='bbox 872 2623 954 2678; x_wconf 89' lang='lat' dir='ltr'>sunt.</span> <span class='ocrx_word' id='word_1_238' title='bbox 992 2613 1030 2675; x_wconf 90' lang='lat' dir='ltr'>Id</span> <span class='ocrx_word' id='word_1_239' title='bbox 1045 2609 1129 2692; x_wconf 92' lang='lat' dir='ltr'>quod</span> <span class='ocrx_word' id='word_1_240' title='bbox 1182 2633 1248 2675; x_wconf 88' lang='lat' dir='ltr'>esso</span> <span class='ocrx_word' id='word_1_241' title='bbox 1262 2611 1398 2688; x_wconf 86' lang='lat' dir='ltr'>videtur,</span> <span class='ocrx_word' id='word_1_242' title='bbox 1421 2613 1504 2693; x_wconf 84' lang='lat' dir='ltr'>qnod</span> <span class='ocrx_word' id='word_1_243' title='bbox 1518 2616 1554 2675; x_wconf 88' lang='lat' dir='ltr'>in</span> <span class='ocrx_word' id='word_1_244' title='bbox 1568 2621 1691 2693; x_wconf 84' lang='lat' dir='ltr'>morts,·</span> <span class='ocrx_word' id='word_1_245' title='bbox 1714 2622 1749 2675; x_wconf 93' lang='lat' dir='ltr'>ut</span> <span class='ocrx_word' id='word_1_246' title='bbox 1763 2612 1861 2676; x_wconf 75' lang='lat' dir='ltr'>sitlle</span> 
     </span>
     <span class='ocr_line' id='line_1_24' title="bbox 433 2700 1862 2781; baseline -0.001 -16"><span class='ocrx_word' id='word_1_247' title='bbox 433 2702 568 2765; x_wconf 72' lang='lat' dir='ltr'>Graecus</span> <span class='ocrx_word' id='word_1_248' title='bbox 576 2710 678 2763; x_wconf 84' lang='lat' dir='ltr'>textus</span> <span class='ocrx_word' id='word_1_249' title='bbox 687 2720 778 2780; x_wconf 87' lang='lat' dir='ltr'>segre</span> <span class='ocrx_word' id='word_1_250' title='bbox 790 2703 913 2780; x_wconf 82' lang='lat' dir='ltr'>petitur.</span> <span class='ocrx_word' id='word_1_251' title='bbox 936 2701 1034 2763; x_wconf 81' lang='lat' dir='ltr'>Multo</span> <span class='ocrx_word' id='word_1_252' title='bbox 1047 2707 1129 2761; x_wconf 82' lang='lat' dir='ltr'>uerte</span> <span class='ocrx_word' id='word_1_253' title='bbox 1181 2701 1283 2762; x_wconf 76' lang='lat' dir='ltr'>braine</span> <span class='ocrx_word' id='word_1_254' title='bbox 1304 2700 1439 2781; x_wconf 68' lang='lat' dir='ltr'>phrasis,</span> <span class='ocrx_word' id='word_1_255' title='bbox 1467 2700 1564 2780; x_wconf 79' lang='lat' dir='ltr'>quelis</span> <span class='ocrx_word' id='word_1_256' title='bbox 1590 2709 1651 2775; x_wconf 89' lang='lat' dir='ltr'>est,</span> <span class='ocrx_word' id='word_1_257' title='bbox 1680 2722 1750 2765; x_wconf 80' lang='lat' dir='ltr'>euru</span> <span class='ocrx_word' id='word_1_258' title='bbox 1770 2701 1862 2764; x_wconf 72' lang='lat' dir='ltr'>die&#39;t!</span> 
     </span>
     <span class='ocr_line' id='line_1_25' title="bbox 432 2786 1862 2867; baseline -0.001 -17"><span class='ocrx_word' id='word_1_259' title='bbox 432 2789 617 2851; x_wconf 75' lang='lat' dir='ltr'>commodius</span> <span class='ocrx_word' id='word_1_260' title='bbox 635 2790 724 2867; x_wconf 80' lang='lat' dir='ltr'>juxte</span> <span class='ocrx_word' id='word_1_261' title='bbox 739 2787 872 2850; x_wconf 77' lang='lat' dir='ltr'>Graecos</span> <span class='ocrx_word' id='word_1_262' title='bbox 894 2798 925 2851; x_wconf 90' lang='lat' dir='ltr'>et</span> <span class='ocrx_word' id='word_1_263' title='bbox 939 2790 1061 2850; x_wconf 74' lang='lat' dir='ltr'>Latinos</span> <span class='ocrx_word' id='word_1_264' title='bbox 1076 2803 1128 2847; x_wconf 87' lang='lat' dir='ltr'>ex·</span> <span class='ocrx_word' id='word_1_265' title='bbox 1182 2786 1320 2849; x_wconf 87' lang='lat' dir='ltr'>Christus</span> <span class='ocrx_word' id='word_1_266' title='bbox 1342 2806 1363 2848; x_wconf 87' lang='lat' dir='ltr'>o</span> <span class='ocrx_word' id='word_1_267' title='bbox 1383 2791 1518 2849; x_wconf 77' lang='lat' dir='ltr'>mortuis</span> <span class='ocrx_word' id='word_1_268' title='bbox 1539 2791 1722 2865; x_wconf 86' lang='lat' dir='ltr'>surrexisse,</span> <span class='ocrx_word' id='word_1_269' title='bbox 1748 2790 1782 2852; x_wconf 83' lang='lat' dir='ltr'>id</span> <span class='ocrx_word' id='word_1_270' title='bbox 1798 2796 1862 2850; x_wconf 84' lang='lat' dir='ltr'>ests</span> 
     </span>
     <span class='ocr_line' id='line_1_26' title="bbox 433 2874 1861 2959; baseline 0.001 -22"><span class='ocrx_word' id='word_1_271' title='bbox 433 2877 581 2959; x_wconf 84' lang='lat' dir='ltr'>posituros</span> <span class='ocrx_word' id='word_1_272' title='bbox 601 2875 726 2937; x_wconf 79' lang='lat' dir='ltr'>retertur</span> <span class='ocrx_word' id='word_1_273' title='bbox 748 2876 900 2956; x_wconf 77' lang='lat' dir='ltr'>genitivus</span> <span class='ocrx_word' id='word_1_274' title='bbox 919 2875 970 2938; x_wconf 90' lang='lat' dir='ltr'>ille</span> <span class='ocrx_word' id='word_1_275' title='bbox 992 2874 1032 2938; x_wconf 81' lang='lat' dir='ltr'>nd</span> <span class='ocrx_word' id='word_1_276' title='bbox 1050 2892 1129 2952; x_wconf 86' lang='lat' dir='ltr'>pro·</span> <span class='ocrx_word' id='word_1_277' title='bbox 1182 2883 1293 2951; x_wconf 86' lang='lat' dir='ltr'>morte,</span> <span class='ocrx_word' id='word_1_278' title='bbox 1315 2876 1381 2937; x_wconf 82' lang='lat' dir='ltr'>sive</span> <span class='ocrx_word' id='word_1_279' title='bbox 1395 2894 1415 2938; x_wconf 84' lang='lat' dir='ltr'>e</span> <span class='ocrx_word' id='word_1_280' title='bbox 1428 2884 1508 2936; x_wconf 73' lang='lat' dir='ltr'>stetu</span> <span class='ocrx_word' id='word_1_281' title='bbox 1532 2884 1728 2939; x_wconf 86' lang='lat' dir='ltr'>mortuorum.</span> <span class='ocrx_word' id='word_1_282' title='bbox 1765 2875 1861 2959; x_wconf 68' lang='lat' dir='ltr'>Qus*</span> 
     </span>
     <span class='ocr_line' id='line_1_27' title="bbox 432 2962 1862 3045; baseline 0.001 -20"><span class='ocrx_word' id='word_1_283' title='bbox 432 2967 615 3027; x_wconf 83' lang='lat' dir='ltr'>missionem</span> <span class='ocrx_word' id='word_1_284' title='bbox 627 2971 776 3025; x_wconf 81' lang='lat' dir='ltr'>aeternae</span> <span class='ocrx_word' id='word_1_285' title='bbox 790 2965 1010 3041; x_wconf 75' lang='lat' dir='ltr'>haereditetis,</span> <span class='ocrx_word' id='word_1_286' title='bbox 1035 2964 1068 3025; x_wconf 91' lang='lat' dir='ltr'>id</span> <span class='ocrx_word' id='word_1_287' title='bbox 1083 2969 1131 3022; x_wconf 85' lang='lat' dir='ltr'>oet</span> <span class='ocrx_word' id='word_1_288' title='bbox 1183 2982 1274 3045; x_wconf 83' lang='lat' dir='ltr'>quem</span> <span class='ocrx_word' id='word_1_289' title='bbox 1299 2962 1416 3025; x_wconf 83' lang='lat' dir='ltr'>Grseos</span> <span class='ocrx_word' id='word_1_290' title='bbox 1441 2965 1623 3045; x_wconf 83' lang='lat' dir='ltr'>preepositio</span> <span class='ocrx_word' id='word_1_291' title='bbox 1651 2965 1745 3027; x_wconf 84' lang='lat' dir='ltr'>etism</span> <span class='ocrx_word' id='word_1_292' title='bbox 1771 2981 1862 3026; x_wconf 71' lang='lat' dir='ltr'>esus</span> 
     </span>
     <span class='ocr_line' id='line_1_28' title="bbox 433 3049 1862 3135; baseline 0 -21"><span class='ocrx_word' id='word_1_293' title='bbox 433 3054 611 3133; x_wconf 78' lang='lat' dir='ltr'>promissum</span> <span class='ocrx_word' id='word_1_294' title='bbox 628 3058 777 3112; x_wconf 82' lang='lat' dir='ltr'>setemem</span> <span class='ocrx_word' id='word_1_295' title='bbox 801 3051 1025 3115; x_wconf 79' lang='lat' dir='ltr'>hoereditatem.</span> <span class='ocrx_word' id='word_1_296' title='bbox 1064 3051 1129 3112; x_wconf 82' lang='lat' dir='ltr'>Ve-</span> <span class='ocrx_word' id='word_1_297' title='bbox 1182 3050 1431 3131; x_wconf 69' lang='lat' dir='ltr'>significationen</span> <span class='ocrx_word' id='word_1_298' title='bbox 1453 3049 1558 3125; x_wconf 81' lang='lat' dir='ltr'>hebet,</span> <span class='ocrx_word' id='word_1_299' title='bbox 1583 3059 1617 3111; x_wconf 93' lang='lat' dir='ltr'>ut</span> <span class='ocrx_word' id='word_1_300' title='bbox 1630 3051 1761 3134; x_wconf 71' lang='lat' dir='ltr'>intelligi</span> <span class='ocrx_word' id='word_1_301' title='bbox 1774 3051 1862 3135; x_wconf 69' lang='lat' dir='ltr'>ponit</span> 
     </span>
     <span class='ocr_line' id='line_1_29' title="bbox 433 3137 1860 3219; baseline -0.001 -18"><span class='ocrx_word' id='word_1_302' title='bbox 433 3147 521 3201; x_wconf 86' lang='lat' dir='ltr'>eotos</span> <span class='ocrx_word' id='word_1_303' title='bbox 539 3138 675 3218; x_wconf 87' lang='lat' dir='ltr'>intellige</span> <span class='ocrx_word' id='word_1_304' title='bbox 696 3139 854 3200; x_wconf 85' lang='lat' dir='ltr'>voeetione</span> <span class='ocrx_word' id='word_1_305' title='bbox 868 3139 927 3200; x_wconf 90' lang='lat' dir='ltr'>Dei</span> <span class='ocrx_word' id='word_1_306' title='bbox 949 3139 1080 3219; x_wconf 76' lang='lat' dir='ltr'>gratuite</span> <span class='ocrx_word' id='word_1_307' title='bbox 1098 3145 1131 3197; x_wconf 88' lang='lat' dir='ltr'>et</span> <span class='ocrx_word' id='word_1_308' title='bbox 1183 3147 1305 3199; x_wconf 83' lang='lat' dir='ltr'>mortem</span> <span class='ocrx_word' id='word_1_309' title='bbox 1323 3140 1478 3200; x_wconf 86' lang='lat' dir='ltr'>teststoris</span> <span class='ocrx_word' id='word_1_310' title='bbox 1500 3157 1623 3201; x_wconf 84' lang='lat' dir='ltr'>osussm</span> <span class='ocrx_word' id='word_1_311' title='bbox 1645 3159 1715 3202; x_wconf 83' lang='lat' dir='ltr'>esse</span> <span class='ocrx_word' id='word_1_312' title='bbox 1728 3137 1860 3202; x_wconf 74' lang='lat' dir='ltr'>irnitstis</span> 
     </span>
     <span class='ocr_line' id='line_1_30' title="bbox 434 3222 1860 3307; baseline -0.001 -18"><span class='ocrx_word' id='word_1_313' title='bbox 434 3225 562 3299; x_wconf 68' lang='lat' dir='ltr'>estiensi,</span> <span class='ocrx_word' id='word_1_314' title='bbox 580 3225 611 3286; x_wconf 91' lang='lat' dir='ltr'>id</span> <span class='ocrx_word' id='word_1_315' title='bbox 627 3234 672 3286; x_wconf 87' lang='lat' dir='ltr'>est</span> <span class='ocrx_word' id='word_1_316' title='bbox 686 3225 811 3300; x_wconf 86' lang='lat' dir='ltr'>eleetos,</span> <span class='ocrx_word' id='word_1_317' title='bbox 834 3226 1074 3307; x_wconf 73' lang='lat' dir='ltr'>praedestinstos</span> <span class='ocrx_word' id='word_1_318' title='bbox 1089 3222 1129 3284; x_wconf 85' lang='lat' dir='ltr'>sd</span> <span class='ocrx_word' id='word_1_319' title='bbox 1182 3227 1369 3301; x_wconf 73' lang='lat' dir='ltr'>testamenti,</span> <span class='ocrx_word' id='word_1_320' title='bbox 1399 3225 1492 3305; x_wconf 88' lang='lat' dir='ltr'>idque</span> <span class='ocrx_word' id='word_1_321' title='bbox 1513 3234 1611 3287; x_wconf 84' lang='lat' dir='ltr'>return</span> <span class='ocrx_word' id='word_1_322' title='bbox 1626 3227 1754 3290; x_wconf 71' lang='lat' dir='ltr'>effluere</span> <span class='ocrx_word' id='word_1_323' title='bbox 1788 3222 1860 3289; x_wconf 76' lang='lat' dir='ltr'>Usu</span> 
     </span>
     <span class='ocr_line' id='line_1_31' title="bbox 433 3308 1859 3396; baseline -0.001 -21"><span class='ocrx_word' id='word_1_324' title='bbox 433 3315 526 3375; x_wconf 82' lang='lat' dir='ltr'>ritum</span> <span class='ocrx_word' id='word_1_325' title='bbox 556 3322 724 3389; x_wconf 84' lang='lat' dir='ltr'>eeternsm;</span> <span class='ocrx_word' id='word_1_326' title='bbox 754 3333 830 3393; x_wconf 89' lang='lat' dir='ltr'>quos</span> <span class='ocrx_word' id='word_1_327' title='bbox 860 3314 939 3375; x_wconf 88' lang='lat' dir='ltr'>idem</span> <span class='ocrx_word' id='word_1_328' title='bbox 965 3312 1129 3396; x_wconf 83' lang='lat' dir='ltr'>Apostolus</span> <span class='ocrx_word' id='word_1_329' title='bbox 1183 3312 1214 3374; x_wconf 84' lang='grc'>8.</span> <span class='ocrx_word' id='word_1_330' title='bbox 1231 3312 1366 3373; x_wconf 73' lang='lat' dir='ltr'>Thomas</span> <span class='ocrx_word' id='word_1_331' title='bbox 1389 3314 1601 3394; x_wconf 78' lang='lat' dir='ltr'>interpretetur</span> <span class='ocrx_word' id='word_1_332' title='bbox 1619 3317 1655 3376; x_wconf 85' lang='lat' dir='ltr'>iss</span> <span class='ocrx_word' id='word_1_333' title='bbox 1668 3308 1859 3391; x_wconf 53' lang='lat' dir='ltr'>monetent</span> 
     </span>
     <span class='ocr_line' id='line_1_32' title="bbox 433 3400 1463 3479; baseline -0.002 -16"><span class='ocrx_word' id='word_1_334' title='bbox 433 3402 519 3463; x_wconf 85' lang='lat' dir='ltr'>liom.</span> <span class='ocrx_word' id='word_1_335' title='bbox 540 3400 568 3462; x_wconf 84' lang='grc'>8.</span> <span class='ocrx_word' id='word_1_336' title='bbox 590 3402 763 3462; x_wconf 83' lang='lat' dir='ltr'>seeundum</span> <span class='ocrx_word' id='word_1_337' title='bbox 780 3404 981 3479; x_wconf 86' lang='lat' dir='ltr'>propositum</span> <span class='ocrx_word' id='word_1_338' title='bbox 1002 3408 1131 3463; x_wconf 85' lang='lat' dir='ltr'>ooeutos</span> <span class='ocrx_word' id='word_1_339' title='bbox 1184 3407 1246 3474; x_wconf 91' lang='lat' dir='ltr'>est,</span> <span class='ocrx_word' id='word_1_340' title='bbox 1262 3419 1316 3479; x_wconf 92' lang='lat' dir='ltr'>per</span> <span class='ocrx_word' id='word_1_341' title='bbox 1329 3410 1463 3461; x_wconf 86' lang='lat' dir='ltr'>mortem.</span> 
     </span>
     <span class='ocr_line' id='line_1_33' title="bbox 433 3486 1859 3639; baseline 0.001 -2"><span class='ocrx_word' id='word_1_342' title='bbox 433 3486 598 3637; x_wconf 63' lang='lat' dir='ltr'>iiiiii.</span> <span class='ocrx_word' id='word_1_343' title='bbox 615 3488 851 3636; x_wconf 56' lang='lat' dir='ltr'>Rioiiiiili</span> <span class='ocrx_word' id='word_1_344' title='bbox 872 3489 1130 3638; x_wconf 56' lang='lat' dir='ltr'>irlhiii&#39;ni</span> <span class='ocrx_word' id='word_1_345' title='bbox 1225 3487 1765 3639; x_wconf 56' lang='lat' dir='ltr'>timinam</span> <span class='ocrx_word' id='word_1_346' title='bbox 1778 3488 1859 3638; x_wconf 72' lang='lat' dir='ltr'>tt</span> 
     </span>
     <span class='ocr_line' id='line_1_34' title="bbox 434 3594 1857 3748; baseline 0.002 -25"><span class='ocrx_word' id='word_1_347' title='bbox 434 3595 516 3724; x_wconf 67' lang='lat' dir='ltr'>didit</span> <span class='ocrx_word' id='word_1_348' title='bbox 529 3661 708 3743; x_wconf 82' lang='lat' dir='ltr'>Apostolus:</span> <span class='ocrx_word' id='word_1_349' title='bbox 724 3597 1010 3748; x_wconf 44' lang='lat' dir='ltr'>omnesfrledzlqlsi</span> <span class='ocrx_word' id='word_1_350' title='bbox 1024 3665 1129 3725; x_wconf 67' lang='lat' dir='ltr'>veson</span> <span class='ocrx_word' id='word_1_351' title='bbox 1182 3594 1274 3725; x_wconf 48' lang='grc' dir='ltr'>εἴδω</span> <span class='ocrx_word' id='word_1_352' title='bbox 1288 3684 1323 3725; x_wconf 85' lang='lat' dir='ltr'>se</span> <span class='ocrx_word' id='word_1_353' title='bbox 1337 3663 1508 3725; x_wconf 72' lang='lat' dir='ltr'>firmitatem</span> <span class='ocrx_word' id='word_1_354' title='bbox 1530 3683 1590 3725; x_wconf 89' lang='lat' dir='ltr'>non</span> <span class='ocrx_word' id='word_1_355' title='bbox 1611 3663 1722 3738; x_wconf 81' lang='lat' dir='ltr'>hebet,</span> <span class='ocrx_word' id='word_1_356' title='bbox 1743 3622 1857 3747; x_wconf 53' lang='lat' dir='ltr'>:iususl</span> 
     </span>
     <span class='ocr_line' id='line_1_35' title="bbox 432 3749 1857 3835; baseline 0.003 -25"><span class='ocrx_word' id='word_1_357' title='bbox 432 3758 526 3827; x_wconf 86' lang='lat' dir='ltr'>sunt;</span> <span class='ocrx_word' id='word_1_358' title='bbox 552 3752 654 3830; x_wconf 85' lang='lat' dir='ltr'>utique</span> <span class='ocrx_word' id='word_1_359' title='bbox 670 3750 774 3811; x_wconf 89' lang='lat' dir='ltr'>volens</span> <span class='ocrx_word' id='word_1_360' title='bbox 794 3749 978 3830; x_wconf 84' lang='lat' dir='ltr'>signifioere,</span> <span class='ocrx_word' id='word_1_361' title='bbox 1004 3751 1127 3830; x_wconf 89' lang='lat' dir='ltr'>promis·</span> <span class='ocrx_word' id='word_1_362' title='bbox 1182 3750 1243 3811; x_wconf 90' lang='lat' dir='ltr'>lum</span> <span class='ocrx_word' id='word_1_363' title='bbox 1258 3752 1371 3813; x_wconf 90' lang='lat' dir='ltr'>tribuit.</span> <span class='ocrx_word' id='word_1_364' title='bbox 1408 3752 1517 3831; x_wconf 84' lang='lat' dir='ltr'>Neque</span> <span class='ocrx_word' id='word_1_365' title='bbox 1531 3752 1609 3812; x_wconf 88' lang='lat' dir='ltr'>eninr</span> <span class='ocrx_word' id='word_1_366' title='bbox 1630 3771 1723 3833; x_wconf 80' lang='lat' dir='ltr'>egere</span> <span class='ocrx_word' id='word_1_367' title='bbox 1741 3753 1857 3835; x_wconf 55' lang='grc' dir='ltr'>μὴν</span> 
     </span>
     <span class='ocr_line' id='line_1_36' title="bbox 432 3836 1857 3919; baseline 0.001 -21"><span class='ocrx_word' id='word_1_368' title='bbox 432 3836 546 3898; x_wconf 87' lang='lat' dir='ltr'>sionem</span> <span class='ocrx_word' id='word_1_369' title='bbox 561 3845 702 3898; x_wconf 84' lang='lat' dir='ltr'>eeternae</span> <span class='ocrx_word' id='word_1_370' title='bbox 717 3837 925 3911; x_wconf 72' lang='lat' dir='ltr'>haereditetis,</span> <span class='ocrx_word' id='word_1_371' title='bbox 952 3858 1032 3919; x_wconf 81' lang='lat' dir='ltr'>quse</span> <span class='ocrx_word' id='word_1_372' title='bbox 1046 3856 1127 3899; x_wconf 79' lang='lat' dir='ltr'>noro</span> <span class='ocrx_word' id='word_1_373' title='bbox 1182 3846 1239 3899; x_wconf 88' lang='lat' dir='ltr'>teet</span> <span class='ocrx_word' id='word_1_374' title='bbox 1249 3839 1321 3918; x_wconf 88' lang='lat' dir='ltr'>jure</span> <span class='ocrx_word' id='word_1_375' title='bbox 1336 3839 1524 3911; x_wconf 85' lang='lat' dir='ltr'>testsmenti,</span> <span class='ocrx_word' id='word_1_376' title='bbox 1550 3846 1696 3901; x_wconf 86' lang='lat' dir='ltr'>testutore</span> <span class='ocrx_word' id='word_1_377' title='bbox 1718 3839 1857 3903; x_wconf 67' lang='lat' dir='ltr'>silue</span> 
     </span>
     <span class='ocr_line' id='line_1_37' title="bbox 431 3925 1858 4007; baseline 0.004 -22"><span class='ocrx_word' id='word_1_378' title='bbox 431 3931 608 3986; x_wconf 65' lang='lat' dir='ltr'>testamento</span> <span class='ocrx_word' id='word_1_379' title='bbox 623 3926 746 4006; x_wconf 86' lang='lat' dir='ltr'>propriu</span> <span class='ocrx_word' id='word_1_380' title='bbox 768 3933 812 3986; x_wconf 88' lang='lat' dir='ltr'>est</span> <span class='ocrx_word' id='word_1_381' title='bbox 834 3933 866 3987; x_wconf 92' lang='lat' dir='ltr'>et</span> <span class='ocrx_word' id='word_1_382' title='bbox 887 3926 965 3985; x_wconf 88' lang='lat' dir='ltr'>inter</span> <span class='ocrx_word' id='word_1_383' title='bbox 979 3926 1045 4001; x_wconf 88' lang='lat' dir='ltr'>ejus</span> <span class='ocrx_word' id='word_1_384' title='bbox 1060 3944 1127 4005; x_wconf 86' lang='lat' dir='ltr'>pro·</span> <span class='ocrx_word' id='word_1_385' title='bbox 1181 3928 1319 4007; x_wconf 83' lang='lat' dir='ltr'>perstite,</span> <span class='ocrx_word' id='word_1_386' title='bbox 1345 3934 1379 3988; x_wconf 89' lang='lat' dir='ltr'>ut</span> <span class='ocrx_word' id='word_1_387' title='bbox 1400 3929 1447 3988; x_wconf 86' lang='lat' dir='ltr'>eui</span> <span class='ocrx_word' id='word_1_388' title='bbox 1469 3925 1597 3987; x_wconf 82' lang='lat' dir='ltr'>liberum</span> <span class='ocrx_word' id='word_1_389' title='bbox 1616 3927 1671 4002; x_wconf 89' lang='lat' dir='ltr'>sit,</span> <span class='ocrx_word' id='word_1_390' title='bbox 1699 3927 1772 3989; x_wconf 86' lang='lat' dir='ltr'>doru</span> <span class='ocrx_word' id='word_1_391' title='bbox 1792 3925 1858 3997; x_wconf 54' lang='lat' dir='ltr'>vivii</span> 
     </span>
     <span class='ocr_line' id='line_1_38' title="bbox 432 4012 1859 4097; baseline 0.003 -26"><span class='ocrx_word' id='word_1_392' title='bbox 432 4012 592 4073; x_wconf 87' lang='lat' dir='ltr'>missiones</span> <span class='ocrx_word' id='word_1_393' title='bbox 608 4013 783 4091; x_wconf 78' lang='lat' dir='ltr'>praecipue,</span> <span class='ocrx_word' id='word_1_394' title='bbox 810 4012 849 4073; x_wconf 84' lang='lat' dir='ltr'>sd</span> <span class='ocrx_word' id='word_1_395' title='bbox 871 4012 951 4073; x_wconf 87' lang='lat' dir='ltr'>solos</span> <span class='ocrx_word' id='word_1_396' title='bbox 976 4014 1127 4090; x_wconf 89' lang='lat' dir='ltr'>pertinere</span> <span class='ocrx_word' id='word_1_397' title='bbox 1180 4021 1395 4075; x_wconf 70' lang='lat' dir='ltr'>testamentum</span> <span class='ocrx_word' id='word_1_398' title='bbox 1410 4021 1533 4074; x_wconf 80' lang='lat' dir='ltr'>mutere.</span> <span class='ocrx_word' id='word_1_399' title='bbox 1569 4014 1681 4075; x_wconf 80' lang='lat' dir='ltr'>Diues:</span> <span class='ocrx_word' id='word_1_400' title='bbox 1709 4015 1859 4097; x_wconf 73' lang='lat' dir='ltr'>igiturest</span> 
     </span>
     <span class='ocr_line' id='line_1_39' title="bbox 431 4097 1860 4181; baseline 0.004 -22"><span class='ocrx_word' id='word_1_401' title='bbox 431 4097 544 4160; x_wconf 82' lang='lat' dir='ltr'>eleetos</span> <span class='ocrx_word' id='word_1_402' title='bbox 560 4098 871 4178; x_wconf 86' lang='lat' dir='ltr'>seupreedestinutos.</span> <span class='ocrx_word' id='word_1_403' title='bbox 896 4098 986 4181; x_wconf 79' lang='lat' dir='ltr'>Quod</span> <span class='ocrx_word' id='word_1_404' title='bbox 1002 4101 1082 4162; x_wconf 81' lang='lat' dir='ltr'>mele</span> <span class='ocrx_word' id='word_1_405' title='bbox 1097 4108 1128 4162; x_wconf 90' lang='lat' dir='ltr'>et</span> <span class='ocrx_word' id='word_1_406' title='bbox 1180 4120 1291 4163; x_wconf 85' lang='lat' dir='ltr'>novum</span> <span class='ocrx_word' id='word_1_407' title='bbox 1313 4107 1519 4163; x_wconf 71' lang='lat' dir='ltr'>testamentum</span> <span class='ocrx_word' id='word_1_408' title='bbox 1540 4099 1639 4161; x_wconf 79' lang='lat' dir='ltr'>veluit</span> <span class='ocrx_word' id='word_1_409' title='bbox 1659 4109 1732 4164; x_wconf 79' lang='lat' dir='ltr'>unte</span> <span class='ocrx_word' id='word_1_410' title='bbox 1753 4110 1860 4164; x_wconf 66' lang='lat' dir='ltr'>mon·</span> 
     </span>
     <span class='ocr_line' id='line_1_40' title="bbox 428 4183 1859 4270; baseline 0.002 -25"><span class='ocrx_word' id='word_1_411' title='bbox 428 4204 536 4268; x_wconf 82' lang='lat' dir='ltr'>perum</span> <span class='ocrx_word' id='word_1_412' title='bbox 553 4183 717 4246; x_wconf 83' lang='lat' dir='ltr'>orthodoxe</span> <span class='ocrx_word' id='word_1_413' title='bbox 731 4195 825 4265; x_wconf 84' lang='lat' dir='ltr'>neget</span> <span class='ocrx_word' id='word_1_414' title='bbox 835 4184 1016 4249; x_wconf 74' lang='lat' dir='ltr'>catherinus</span> <span class='ocrx_word' id='word_1_415' title='bbox 1028 4189 1060 4249; x_wconf 89' lang='lat' dir='ltr'>iu</span> <span class='ocrx_word' id='word_1_416' title='bbox 1070 4187 1126 4249; x_wconf 88' lang='lat' dir='ltr'>hn-</span> <span class='ocrx_word' id='word_1_417' title='bbox 1180 4188 1293 4250; x_wconf 81' lang='lat' dir='ltr'>Christi</span> <span class='ocrx_word' id='word_1_418' title='bbox 1307 4190 1469 4250; x_wconf 83' lang='lat' dir='ltr'>toststoris.</span> <span class='ocrx_word' id='word_1_419' title='bbox 1507 4186 1640 4266; x_wconf 82' lang='lat' dir='ltr'>Quodsi</span> <span class='ocrx_word' id='word_1_420' title='bbox 1654 4190 1697 4250; x_wconf 81' lang='lat' dir='ltr'>its</span> <span class='ocrx_word' id='word_1_421' title='bbox 1712 4198 1777 4267; x_wconf 71' lang='lat' dir='ltr'>est,</span> <span class='ocrx_word' id='word_1_422' title='bbox 1801 4207 1859 4270; x_wconf 75' lang='lat' dir='ltr'>quo</span> 
     </span>
     <span class='ocr_line' id='line_1_41' title="bbox 424 4271 1859 4359; baseline 0.002 -24"><span class='ocrx_word' id='word_1_423' title='bbox 424 4273 478 4354; x_wconf 86' lang='lat' dir='ltr'>jus</span> <span class='ocrx_word' id='word_1_424' title='bbox 493 4273 551 4335; x_wconf 91' lang='lat' dir='ltr'>looi</span> <span class='ocrx_word' id='word_1_425' title='bbox 571 4276 793 4335; x_wconf 78' lang='lat' dir='ltr'>commentario.</span> <span class='ocrx_word' id='word_1_426' title='bbox 1179 4276 1268 4337; x_wconf 90' lang='lat' dir='ltr'>modo</span> <span class='ocrx_word' id='word_1_427' title='bbox 1282 4284 1343 4337; x_wconf 85' lang='lat' dir='ltr'>tem</span> <span class='ocrx_word' id='word_1_428' title='bbox 1359 4276 1445 4336; x_wconf 90' lang='lat' dir='ltr'>multi</span> <span class='ocrx_word' id='word_1_429' title='bbox 1463 4283 1532 4335; x_wconf 80' lang='lat' dir='ltr'>unte</span> <span class='ocrx_word' id='word_1_430' title='bbox 1546 4278 1613 4356; x_wconf 87' lang='lat' dir='ltr'>ejus</span> <span class='ocrx_word' id='word_1_431' title='bbox 1627 4286 1754 4338; x_wconf 86' lang='lat' dir='ltr'>mortem</span> <span class='ocrx_word' id='word_1_432' title='bbox 1765 4271 1859 4359; x_wconf 84' lang='lat' dir='ltr'>justii-</span> 
     </span>
     <span class='ocr_line' id='line_1_42' title="bbox 474 4359 1860 4445; baseline 0.003 -22"><span class='ocrx_word' id='word_1_433' title='bbox 474 4364 523 4423; x_wconf 85' lang='grc'>16.</span> <span class='ocrx_word' id='word_1_434' title='bbox 551 4359 610 4423; x_wconf 77' lang='lat' dir='ltr'>Ubi</span> <span class='ocrx_word' id='word_1_435' title='bbox 624 4362 709 4422; x_wconf 88' lang='lat' dir='ltr'>enim</span> <span class='ocrx_word' id='word_1_436' title='bbox 721 4368 942 4424; x_wconf 84' lang='lat' dir='ltr'>testamentum</span> <span class='ocrx_word' id='word_1_437' title='bbox 958 4370 1012 4439; x_wconf 88' lang='lat' dir='ltr'>est,</span> <span class='ocrx_word' id='word_1_438' title='bbox 1029 4381 1124 4438; x_wconf 80' lang='lat' dir='ltr'>mors,</span> <span class='ocrx_word' id='word_1_439' title='bbox 1179 4363 1262 4424; x_wconf 78' lang='lat' dir='ltr'>esti?</span> <span class='ocrx_word' id='word_1_440' title='bbox 1290 4361 1486 4445; x_wconf 79' lang='lat' dir='ltr'>Respondes,</span> <span class='ocrx_word' id='word_1_441' title='bbox 1512 4363 1646 4425; x_wconf 80' lang='lat' dir='ltr'>voluisse</span> <span class='ocrx_word' id='word_1_442' title='bbox 1666 4372 1860 4427; x_wconf 64' lang='lat' dir='ltr'>mmmm</span> 
     </span>
     <span class='ocr_line' id='line_1_43' title="bbox 428 4448 1861 4533; baseline 0.002 -21"><span class='ocrx_word' id='word_1_443' title='bbox 428 4468 547 4512; x_wconf 86' lang='lat' dir='ltr'>neeesse</span> <span class='ocrx_word' id='word_1_444' title='bbox 563 4454 623 4522; x_wconf 83' lang='lat' dir='ltr'>est,</span> <span class='ocrx_word' id='word_1_445' title='bbox 646 4449 822 4510; x_wconf 81' lang='lat' dir='ltr'>intercedat</span> <span class='ocrx_word' id='word_1_446' title='bbox 836 4452 1000 4511; x_wconf 80' lang='lat' dir='ltr'>testatoris.</span> <span class='ocrx_word' id='word_1_447' title='bbox 1032 4448 1124 4511; x_wconf 86' lang='lat' dir='ltr'>Grue-</span> <span class='ocrx_word' id='word_1_448' title='bbox 1178 4459 1299 4533; x_wconf 88' lang='lat' dir='ltr'>propter</span> <span class='ocrx_word' id='word_1_449' title='bbox 1324 4451 1553 4530; x_wconf 80' lang='lat' dir='ltr'>prsesoiontism</span> <span class='ocrx_word' id='word_1_450' title='bbox 1580 4458 1611 4511; x_wconf 90' lang='lat' dir='ltr'>et</span> <span class='ocrx_word' id='word_1_451' title='bbox 1639 4454 1861 4533; x_wconf 77' lang='lat' dir='ltr'>sooeptstiout·</span> 
     </span>
     <span class='ocr_line' id='line_1_44' title="bbox 428 4527 1862 4617; baseline 0.003 -20"><span class='ocrx_word' id='word_1_452' title='bbox 428 4555 478 4597; x_wconf 86' lang='lat' dir='ltr'>oe:</span> <span class='ocrx_word' id='word_1_453' title='bbox 504 4536 558 4597; x_wconf 85' lang='grc' dir='ltr'>τοῦ</span> <span class='ocrx_word' id='word_1_454' title='bbox 581 4527 779 4611; x_wconf 71' lang='grc' dir='ltr'>διαθεμένου,</span> <span class='ocrx_word' id='word_1_455' title='bbox 807 4541 887 4613; x_wconf 76' lang='lat' dir='ltr'>ejus,</span> <span class='ocrx_word' id='word_1_456' title='bbox 913 4540 970 4614; x_wconf 82' lang='lat' dir='ltr'>qui</span> <span class='ocrx_word' id='word_1_457' title='bbox 994 4544 1126 4598; x_wconf 83' lang='lat' dir='ltr'>testetur</span> <span class='ocrx_word' id='word_1_458' title='bbox 1176 4539 1293 4613; x_wconf 78' lang='lat' dir='ltr'>Putris,</span> <span class='ocrx_word' id='word_1_459' title='bbox 1321 4558 1382 4617; x_wconf 85' lang='lat' dir='ltr'>qne</span> <span class='ocrx_word' id='word_1_460' title='bbox 1406 4546 1533 4598; x_wconf 86' lang='lat' dir='ltr'>mortem</span> <span class='ocrx_word' id='word_1_461' title='bbox 1558 4537 1627 4599; x_wconf 77' lang='lat' dir='ltr'>lilii</span> <span class='ocrx_word' id='word_1_462' title='bbox 1650 4541 1716 4614; x_wconf 88' lang='lat' dir='ltr'>sni,</span> <span class='ocrx_word' id='word_1_463' title='bbox 1745 4538 1862 4602; x_wconf 68' lang='lat' dir='ltr'>lutura</span> 
     </span>
     <span class='ocr_line' id='line_1_45' title="bbox 428 4623 1864 4706; baseline 0.002 -22"><span class='ocrx_word' id='word_1_464' title='bbox 428 4631 479 4684; x_wconf 89' lang='lat' dir='ltr'>est.</span> <span class='ocrx_word' id='word_1_465' title='bbox 517 4624 570 4687; x_wconf 81' lang='lat' dir='ltr'>Sic</span> <span class='ocrx_word' id='word_1_466' title='bbox 584 4624 730 4700; x_wconf 87' lang='lat' dir='ltr'>interpres</span> <span class='ocrx_word' id='word_1_467' title='bbox 751 4625 815 4703; x_wconf 87' lang='lat' dir='ltr'>ipse</span> <span class='ocrx_word' id='word_1_468' title='bbox 830 4623 922 4703; x_wconf 85' lang='lat' dir='ltr'>penio</span> <span class='ocrx_word' id='word_1_469' title='bbox 940 4632 1008 4705; x_wconf 90' lang='lat' dir='ltr'>post</span> <span class='ocrx_word' id='word_1_470' title='bbox 1024 4626 1121 4685; x_wconf 78' lang='lat' dir='ltr'>vertit</span> <span class='ocrx_word' id='word_1_471' title='bbox 1177 4627 1342 4706; x_wconf 86' lang='lat' dir='ltr'>sspieiens,</span> <span class='ocrx_word' id='word_1_472' title='bbox 1369 4625 1731 4706; x_wconf 72' lang='lat' dir='ltr'>seeeptsvitutisotsm</span> <span class='ocrx_word' id='word_1_473' title='bbox 1757 4625 1864 4691; x_wconf 82' lang='lat' dir='ltr'>nonsit</span> 
     </span>
     <span class='ocr_line' id='line_1_46' title="bbox 426 4709 1863 4795; baseline 0.006 -26"><span class='ocrx_word' id='word_1_474' title='bbox 426 4710 570 4773; x_wconf 87' lang='lat' dir='ltr'>Probetio</span> <span class='ocrx_word' id='word_1_475' title='bbox 579 4717 627 4772; x_wconf 90' lang='lat' dir='ltr'>est</span> <span class='ocrx_word' id='word_1_476' title='bbox 635 4711 711 4789; x_wconf 87' lang='lat' dir='ltr'>ejus,</span> <span class='ocrx_word' id='word_1_477' title='bbox 723 4711 804 4791; x_wconf 89' lang='lat' dir='ltr'>qnod</span> <span class='ocrx_word' id='word_1_478' title='bbox 814 4709 943 4773; x_wconf 83' lang='lat' dir='ltr'>dixerat:</span> <span class='ocrx_word' id='word_1_479' title='bbox 962 4720 1061 4773; x_wconf 86' lang='lat' dir='ltr'>morte</span> <span class='ocrx_word' id='word_1_480' title='bbox 1069 4714 1124 4772; x_wconf 90' lang='lat' dir='ltr'>in·</span> <span class='ocrx_word' id='word_1_481' title='bbox 1177 4712 1314 4788; x_wconf 87' lang='lat' dir='ltr'>ouidem,</span> <span class='ocrx_word' id='word_1_482' title='bbox 1338 4721 1371 4775; x_wconf 90' lang='lat' dir='ltr'>ut</span> <span class='ocrx_word' id='word_1_483' title='bbox 1386 4732 1490 4774; x_wconf 88' lang='lat' dir='ltr'>omnes</span> <span class='ocrx_word' id='word_1_484' title='bbox 1511 4714 1683 4774; x_wconf 86' lang='lat' dir='ltr'>testsmenti</span> <span class='ocrx_word' id='word_1_485' title='bbox 1705 4723 1807 4795; x_wconf 75' lang='lat' dir='ltr'>portes</span> <span class='ocrx_word' id='word_1_486' title='bbox 1820 4714 1863 4776; x_wconf 82' lang='lat' dir='ltr'>iu·</span> 
     </span>
     <span class='ocr_line' id='line_1_47' title="bbox 426 4797 1864 4881; baseline 0.004 -24"><span class='ocrx_word' id='word_1_487' title='bbox 426 4798 611 4874; x_wconf 82' lang='lat' dir='ltr'>teroedente,</span> <span class='ocrx_word' id='word_1_488' title='bbox 624 4806 744 4879; x_wconf 85' lang='lat' dir='ltr'>sumptu</span> <span class='ocrx_word' id='word_1_489' title='bbox 754 4818 793 4859; x_wconf 83' lang='lat' dir='ltr'>ex</span> <span class='ocrx_word' id='word_1_490' title='bbox 801 4798 949 4861; x_wconf 79' lang='lat' dir='ltr'>vocabulo</span> <span class='ocrx_word' id='word_1_491' title='bbox 962 4809 992 4860; x_wconf 91' lang='lat' dir='ltr'>et</span> <span class='ocrx_word' id='word_1_492' title='bbox 1002 4800 1124 4880; x_wconf 87' lang='lat' dir='ltr'>propriu</span> <span class='ocrx_word' id='word_1_493' title='bbox 1175 4800 1274 4881; x_wconf 89' lang='lat' dir='ltr'>pleret</span> <span class='ocrx_word' id='word_1_494' title='bbox 1288 4802 1320 4861; x_wconf 89' lang='lat' dir='ltr'>in</span> <span class='ocrx_word' id='word_1_495' title='bbox 1342 4799 1445 4862; x_wconf 81' lang='lat' dir='ltr'>electis</span> <span class='ocrx_word' id='word_1_496' title='bbox 1468 4797 1581 4861; x_wconf 80' lang='lat' dir='ltr'>Christi</span> <span class='ocrx_word' id='word_1_497' title='bbox 1602 4808 1730 4862; x_wconf 88' lang='lat' dir='ltr'>mortem</span> <span class='ocrx_word' id='word_1_498' title='bbox 1753 4817 1864 4881; x_wconf 74' lang='lat' dir='ltr'>preses</span> 
     </span>
    </p>
   </div>
   <div class='ocr_carea' id='block_1_3' title="bbox 425 4885 1914 5055">
    <p class='ocr_par' dir='ltr' id='par_1_3' title="bbox 425 4885 1914 5055">
     <span class='ocr_line' id='line_1_48' title="bbox 426 4885 1914 4970; baseline 0.006 -26"><span class='ocrx_word' id='word_1_499' title='bbox 426 4885 736 4948; x_wconf 84' lang='lat' dir='ltr'>rstionetestamenti.</span> <span class='ocrx_word' id='word_1_500' title='bbox 767 4886 799 4948; x_wconf 81' lang='lat' dir='ltr'>si</span> <span class='ocrx_word' id='word_1_501' title='bbox 814 4887 891 4948; x_wconf 89' lang='lat' dir='ltr'>enim</span> <span class='ocrx_word' id='word_1_502' title='bbox 903 4886 1123 4949; x_wconf 79' lang='lat' dir='ltr'>Christusnovi</span> <span class='ocrx_word' id='word_1_503' title='bbox 1177 4885 1334 4964; x_wconf 68' lang='lat' dir='ltr'>dentibus,</span> <span class='ocrx_word' id='word_1_504' title='bbox 1360 4887 1415 4949; x_wconf 87' lang='lat' dir='ltr'>sed</span> <span class='ocrx_word' id='word_1_505' title='bbox 1439 4894 1471 4948; x_wconf 88' lang='lat' dir='ltr'>ut</span> <span class='ocrx_word' id='word_1_506' title='bbox 1497 4907 1548 4948; x_wconf 81' lang='lat' dir='ltr'>ess</span> <span class='ocrx_word' id='word_1_507' title='bbox 1569 4887 1690 4961; x_wconf 76' lang='lat' dir='ltr'>mitem,</span> <span class='ocrx_word' id='word_1_508' title='bbox 1719 4909 1798 4970; x_wconf 77' lang='lat' dir='ltr'>quus</span> <span class='ocrx_word' id='word_1_509' title='bbox 1821 4890 1865 4952; x_wconf 71' lang='lat' dir='ltr'>in</span> <span class='ocrx_word' id='word_1_510' title='bbox 1912 4897 1914 4904; x_wconf 83' lang='lat'>&#39;</span> 
     </span>
     <span class='ocr_line' id='line_1_49' title="bbox 425 4973 1865 5055; baseline 0.006 -23"><span class='ocrx_word' id='word_1_511' title='bbox 425 4975 597 5034; x_wconf 73' lang='lat' dir='ltr'>testamenti</span> <span class='ocrx_word' id='word_1_512' title='bbox 613 4973 761 5036; x_wconf 72' lang='lat' dir='ltr'>mediator</span> <span class='ocrx_word' id='word_1_513' title='bbox 776 4981 838 5047; x_wconf 88' lang='lat' dir='ltr'>est,</span> <span class='ocrx_word' id='word_1_514' title='bbox 862 4982 895 5034; x_wconf 91' lang='lat' dir='ltr'>ut</span> <span class='ocrx_word' id='word_1_515' title='bbox 917 4983 1015 5036; x_wconf 85' lang='lat' dir='ltr'>entem</span> <span class='ocrx_word' id='word_1_516' title='bbox 1032 4981 1121 5035; x_wconf 83' lang='lat' dir='ltr'>teste·</span> <span class='ocrx_word' id='word_1_517' title='bbox 1176 4974 1251 5055; x_wconf 90' lang='lat' dir='ltr'>pleri</span> <span class='ocrx_word' id='word_1_518' title='bbox 1267 4976 1412 5054; x_wconf 83' lang='lat' dir='ltr'>oontingit</span> <span class='ocrx_word' id='word_1_519' title='bbox 1427 4976 1459 5035; x_wconf 90' lang='lat' dir='ltr'>in</span> <span class='ocrx_word' id='word_1_520' title='bbox 1473 4973 1529 5035; x_wconf 84' lang='lat' dir='ltr'>hso</span> <span class='ocrx_word' id='word_1_521' title='bbox 1544 4977 1626 5051; x_wconf 73' lang='lat' dir='ltr'>vitu3</span> <span class='ocrx_word' id='word_1_522' title='bbox 1642 4984 1677 5037; x_wconf 91' lang='lat' dir='ltr'>nt</span> <span class='ocrx_word' id='word_1_523' title='bbox 1687 4986 1865 5041; x_wconf 72' lang='lat' dir='ltr'>sunium</span> 
     </span>
    </p>
   </div>
   <div class='ocr_carea' id='block_1_4' title="bbox 424 5059 1869 5150">
    <p class='ocr_par' dir='ltr' id='par_1_4' title="bbox 424 5059 1869 5150">
     <span class='ocr_line' id='line_1_50' title="bbox 424 5059 1869 5150; baseline 0.005 -30"><span class='ocrx_word' id='word_1_524' title='bbox 424 5068 558 5122; x_wconf 85' lang='lat' dir='ltr'>mentum</span> <span class='ocrx_word' id='word_1_525' title='bbox 572 5059 681 5139; x_wconf 72' lang='lat' dir='ltr'>rilem,</span> <span class='ocrx_word' id='word_1_526' title='bbox 699 5079 849 5147; x_wconf 86' lang='lat' dir='ltr'>suumque</span> <span class='ocrx_word' id='word_1_527' title='bbox 862 5062 1000 5126; x_wconf 63' lang='grc' dir='ltr'><strong>οῆοοιιιιιι</strong></span> <span class='ocrx_word' id='word_1_528' title='bbox 1014 5064 1120 5125; x_wconf 85' lang='lat' dir='ltr'>sortis·</span> <span class='ocrx_word' id='word_1_529' title='bbox 1174 5071 1277 5145; x_wconf 73' lang='lat' dir='ltr'>portes</span> <span class='ocrx_word' id='word_1_530' title='bbox 1300 5060 1527 5145; x_wconf 79' lang='lat' dir='ltr'>justifiestionis</span> <span class='ocrx_word' id='word_1_531' title='bbox 1554 5070 1696 5145; x_wconf 71' lang='lat' dir='ltr'>nomeu,</span> <span class='ocrx_word' id='word_1_532' title='bbox 1731 5083 1809 5150; x_wconf 78' lang='lat' dir='ltr'>ques</span> <span class='ocrx_word' id='word_1_533' title='bbox 1835 5079 1869 5127; x_wconf 81' lang='lat' dir='ltr'>ss</span> 
     </span>
    </p>
   </div>
   <div class='ocr_carea' id='block_1_5' title="bbox 0 0 2226 5825">
    <p class='ocr_par' dir='ltr' id='par_1_5' title="bbox 0 0 2226 5825">
     <span class='ocr_line' id='line_1_51' title="bbox 0 0 2226 5825; baseline 0 0"><span class='ocrx_word' id='word_1_534' title='bbox 0 0 2226 5825; x_wconf 95' lang='lat' dir='ltr'> </span> 
     </span>
    </p>
   </div>
  </div>
 </body>
</html>
