4442 5825
405 581 477 655 'ltu
861 601 864 605 -
892 570 1126 626 consummes
1143 570 1174 624 m
1194 569 1260 624 car.
1277 570 1316 623 rr.
1386 632 1388 639 Ι

402 746 514 809 mundo
532 753 617 822 eunt;
640 765 709 824 ergo
734 745 771 806 de
794 745 903 807 mundo
926 747 1099 827 loquuntur.
1152 746 1193 806 ad
1208 745 1389 806 credendum
1405 746 1474 823 ejus
1488 744 1656 824 Apostolo.
1690 741 1769 803 Nam
1783 741 1846 804 fider

402 835 495 895 Item:
509 834 555 893 De
567 832 678 893 mundo
694 833 871 913 loquuutur;
886 853 958 913 ergo
970 833 1100 894 mundus
1153 834 1243 893 etiam
1259 832 1392 893 informis
1406 832 1469 892 Dei
1484 831 1597 892 donum
1616 841 1672 891 est.

404 941 455 981 eos
486 918 580 981 audit.
618 920 708 980 Ratio
734 922 907 999 posterioris
935 929 996 993 est,
1028 922 1101 998 quis
1195 921 1237 983 In
1252 921 1309 981 loc
1324 923 1540 994 cosnoscimur
1559 919 1723 995 Spiritum
1742 919 1847 977 caitu-

404 1008 532 1088 quisque
558 1005 686 1067 libenter
720 1008 805 1066 audit
834 1027 887 1079 ea,
918 1017 997 1083 quae
1026 1026 1101 1067 suae
1154 1008 1210 1080 tic,
1236 1008 1428 1082 stupis-itum
1444 1007 1574 1067 erroris
1613 1006 1769 1084 Loquitur
1780 1024 1849 1065 aune

404 1100 473 1153 sunt
504 1101 607 1153 sectae
638 1101 668 1151 ot
704 1092 833 1155 scholae.
872 1092 1103 1155 Communicaut
1154 1112 1194 1154 ex
1208 1112 1337 1173 persona
1352 1091 1497 1153 fidelium.
1526 1093 1616 1165 Hoc,
1640 1093 1757 1171 inquit,
1776 1092 1849 1169 siguo

404 1189 503 1241 sutem
518 1198 623 1239 omues
640 1181 723 1259 impii
736 1181 767 1240 in
779 1179 881 1241 schola
894 1179 1014 1253 diaboli,
1031 1180 1103 1240 licet
1155 1188 1376 1258 etsrgumauto
1395 1197 1450 1238 nos
1473 1177 1578 1239 fideles
1604 1180 1850 1257 cognoscimusst

404 1268 455 1327 clii
470 1265 537 1327 aliis
553 1264 769 1344 cupiditatibus
792 1276 846 1326 aut
864 1267 955 1326 sectis
979 1266 1101 1326 addicti.
1155 1286 1335 1345 cognoscere
1364 1264 1506 1327 debemus
1533 1266 1686 1346 Spiritum
1717 1266 1850 1337 verium

403 1354 450 1413 Its
466 1353 613 1414 Dominus
637 1351 1044 1432 addiscipulosdoan.15.:
1066 1354 1102 1414 Si
1155 1362 1188 1413 et
1212 1354 1347 1432 spiritum
1377 1353 1498 1426 erroris,
1527 1351 1562 1412 id
1589 1360 1639 1411 est
1666 1351 1851 1412 discernimus

405 1441 442 1502 dc
454 1439 576 1500 mundo
586 1439 737 1515 fuissetis,
750 1441 899 1514 mundus,
913 1441 999 1517 quod
1009 1458 1102 1500 suum
1156 1443 1233 1499 inter
1247 1439 1413 1500 doctrinam
1429 1457 1533 1498 veram
1549 1446 1583 1498 et
1601 1437 1734 1512 selsam,
1750 1447 1781 1499 et
1793 1457 1848 1523 conj

405 1534 492 1601 crat,
520 1527 672 1602 dilipcrct.
710 1525 805 1587 Addit
820 1537 921 1587 autem
936 1525 1102 1606 Apostolus
1156 1534 1316 1606 sequenter
1330 1528 1409 1585 inter
1432 1524 1574 1586 doctores
1595 1545 1694 1584 veros
1716 1532 1748 1586 et
1761 1523 1848 1584 falsos

405 1613 461 1674 boc
483 1622 682 1693 postremum:
709 1621 738 1674 et
760 1613 900 1675 muudus
927 1632 977 1675 eos
1000 1614 1102 1686 uuds't,
1156 1614 1282 1693 Signum
1297 1611 1371 1672 illud
1386 1621 1447 1687 ast,
1462 1610 1623 1692 quodjam
1640 1610 1729 1685 dixit,
1755 1629 1850 1690 nempe

404 1720 444 1760 ne
459 1698 564 1760 fideles
581 1698 739 1761 turbentur
759 1699 796 1760 ob
812 1700 1038 1762 multitudinem
1055 1721 1102 1760 eo·
1157 1719 1212 1761 uos
1227 1700 1391 1780 Apostolos
1405 1698 1530 1771 audire,
1546 1697 1599 1759 vel
1615 1718 1682 1758 nou
1694 1697 1805 1758 cadim

407 1806 487 1861 rum,
525 1788 577 1866 qui
606 1787 766 1846 haereticis
796 1787 976 1861 adhaerent,
1015 1787 1104 1866 quasi
1200 1787 1298 1866 Igitur
1320 1786 1378 1846 hoc
1400 1786 1467 1846 loco
1490 1784 1584 1846 tradit
1599 1785 1770 1864 Apostolus
1787 1782 1848 1844 alte

408 1873 502 1935 dicat:
525 1873 593 1933 Etsi
618 1873 705 1933 multi
721 1876 798 1945 sint,
822 1876 873 1954 qui
895 1893 947 1934 eos
970 1876 1105 1946 audiunt,
1158 1895 1220 1934 ram
1242 1872 1396 1953 regulam,
1414 1890 1550 1952 eamque
1574 1871 1769 1950 generalem,
1794 1890 1847 1950 pro

407 1960 518 2021 nullius
535 1968 636 2019 tamen
652 1970 723 2021 suut
737 1962 841 2041 pretii,
864 1963 938 2039 quia
954 1982 1013 2021 nou
1028 1969 1106 2034 sunt,
1159 1959 1250 2021 bandi
1265 1961 1401 2039 spiritus,
1425 1979 1494 2020 num
1516 1978 1557 2020 sx
1573 1958 1644 2018 Deo
1669 1959 1749 2031 siut,
1771 1959 1800 2019 id
1814 1966 1850 2018 est

407 2047 466 2109 uisi
481 2047 626 2119 muudus,
648 2048 743 2108 idest
762 2048 884 2109 humani
909 2051 1029 2127 generis
1046 2046 1104 2108 col·
1159 2046 1335 2126 explorandi
1357 2045 1510 2106 doctrinas
1532 2045 1711 2124 religionis,
1738 2066 1777 2106 an
1800 2047 1850 2105 siat

407 2134 520 2209 luvies,
547 2131 689 2194 videlicet
711 2153 749 2194 sa
771 2155 855 2214 pars,
881 2154 962 2214 quae
981 2146 1106 2215 peccato
1158 2154 1248 2195 veras
1271 2144 1302 2193 et
1327 2155 1346 2194 a
1374 2133 1442 2192 Deo
1469 2131 1633 2211 profectae.
1679 2131 1758 2193 Cum
1782 2134 1849 2192 enlm

408 2220 501 2283 servit
516 2229 547 2281 et
562 2219 692 2281 diabolo.
715 2222 889 2283 Meliorem
905 2230 1106 2284 autcuiuuus
1159 2223 1240 2301 prior
1262 2219 1367 2299 regula
1392 2219 1533 2298 specialis
1563 2217 1677 2292 fuerit,
1704 2237 1760 2279 nee
1782 2219 1849 2278 omui

408 2310 522 2369 timeus
544 2308 667 2383 Deum,
691 2326 789 2385 quum
812 2310 898 2369 mille
919 2310 979 2386 filii
1002 2312 1105 2386 impii,
1159 2318 1295 2386 temporo
1320 2326 1406 2366 nsum
1438 2304 1568 2379 babeat,
1599 2326 1661 2367 nec
1688 2304 1730 2366 ad
1759 2324 1849 2366 omues

408 2394 526 2457 Eceles.
547 2397 596 2455 16.
1159 2395 1302 2454 haereses
1339 2392 1559 2454 accommodari
1598 2394 1713 2471 possit:
1752 2393 1849 2454 idcireo

1158 2481 1307 2561 generalia
1322 2480 1397 2540 heac
1416 2478 1522 2557 regula
1545 2478 1722 2557 adjicienda
1736 2477 1806 2551 fuit,
1825 2479 1848 2536 in

453 2568 480 2627 6.
504 2567 568 2628 Nos
590 2587 628 2630 ec
643 2570 712 2630 Deo
735 2587 851 2629 umus·
885 2569 954 2629 Huc
973 2578 1060 2648 parte
1075 2579 1107 2629 et
1159 2587 1219 2647 qua
1234 2565 1356 2647 quidem
1377 2567 1530 2647 respicere
1553 2565 1678 2626 videtur
1699 2565 1847 2646 Apostolus

408 2663 555 2733 sequente
576 2654 711 2734 loquitur
732 2655 870 2717 Josuuss
893 2675 932 2717 ex
947 2656 1106 2735 Apostolo·
1159 2655 1198 2715 ed
1215 2652 1308 2715 verba
1322 2653 1445 2714 Domini
1459 2653 1532 2713 Luc.
1553 2654 1619 2714 10.:
1644 2654 1710 2732 Qui
1732 2671 1847 2714 vosau-

408 2761 471 2800 rum
499 2760 644 2820 persona,
681 2762 807 2820 quorum
834 2745 900 2821 ipse
927 2763 1004 2804 rinus
1033 2753 1105 2804 erat.
1158 2742 1223 2816 dit,
1251 2741 1426 2818 mcuudit3
1454 2742 1847 2819 aspernamentum

409 2826 488 2886 Nam
511 2837 579 2905 post
602 2830 722 2907 siguum
752 2830 951 2908 particulare,
980 2832 1107 2910 tempori
1158 2831 1286 2905 spernit.
1309 2828 1387 2887 Nam
1399 2828 1431 2889 id
1446 2848 1506 2887 nou
1522 2827 1623 2889 solum
1640 2825 1681 2889 dc
1690 2827 1848 2907 praeceptis

410 2914 454 2973 illi
479 2935 660 2994 congruens,
684 2937 764 2977 nuuc
787 2917 917 2978 intendit
939 2938 1108 2998 proponere
1158 2915 1372 2995 Apostolorum
1408 2914 1618 2995 accipiendum
1658 2926 1724 2989 est,
1760 2933 1848 2976 verum

409 2999 547 3062 fidelibus
561 3005 703 3081 generale
728 3003 878 3084 quoddam
895 3007 1022 3084 signum,
1043 3026 1106 3085 quo
1159 3005 1247 3063 etiam
1264 3002 1301 3063 de
1315 3001 1453 3063 doctrine
1476 3000 1514 3062 ab
1538 3003 1599 3063 illis
1616 3001 1775 3064 tradenda.
1801 3002 1846 3063 Lo

409 3107 482 3148 vera
508 3088 641 3150 doctrina
669 3091 855 3152 discernatur
878 3112 897 3150 a
922 3092 1013 3153 falsa,
1045 3094 1106 3152 Nos
1159 3092 1261 3169 quitur
1275 3097 1375 3150 autem
1391 3089 1526 3150 loannes
1544 3090 1574 3149 in
1589 3109 1726 3170 persona
1736 3090 1847 3171 Apostc

409 3176 563 3255 Apostoli,
589 3179 701 3257 inquit,
725 3198 784 3238 non
808 3199 847 3238 ex
863 3180 973 3241 rutundo
994 3199 1106 3251 sumus,
1158 3177 1255 3237 lorum
1275 3186 1306 3235 et
1327 3177 1459 3236 omnium
1481 3196 1601 3250 eorum,
1631 3179 1688 3256 qui
1707 3175 1847 3257 Apostoll

408 3261 462 3322 sed
484 3264 618 3337 exDeo,
645 3268 732 3344 cujus
754 3285 857 3326 sumus
879 3266 1028 3344 Apostoli.
1065 3267 1108 3327 Ut
1156 3266 1218 3343 jam
1245 3271 1466 3336 successerant,
1489 3271 1543 3323 aut
1567 3266 1746 3325 successuri
1770 3273 1847 3334 mem,

410 3351 487 3410 euim
509 3351 609 3412 aDso
633 3354 714 3413 missi
736 3373 838 3414 sumus
867 3353 905 3413 ad
930 3353 1105 3433 prsedican-
1159 3359 1204 3423 et,
1221 3358 1254 3409 ut
1269 3350 1361 3410 semel
1377 3349 1490 3422 dicam,
1516 3352 1548 3411 in
1564 3369 1701 3430 persona
1715 3351 1847 3432 praelatu

409 3436 478 3495 dum
503 3438 702 3519 Evangelium
725 3439 854 3512 Christi,
878 3442 921 3500 ita
940 3440 1105 3500 doctrinam
1157 3458 1222 3499 rum
1238 3435 1410 3509 Ecclesiae,
1422 3437 1486 3515 jam
1502 3438 1744 3518 perApostolos
1759 3437 1847 3500 tuam·

410 3523 449 3582 ab
465 3537 667 3606 concoeptum
681 3527 1105 3588 tenemusetaliistradimus.
1158 3533 1222 3597 tae,
1246 3545 1338 3605 penes
1355 3544 1432 3603 quos
1455 3523 1625 3604 doctrinam
1643 3547 1662 3586 a
1677 3526 1798 3589 christo
1810 3544 1848 3585 ac

453 3613 515 3687 Qut
536 3617 627 3675 nouit
649 3617 771 3689 Deum,
799 3616 890 3675 audit
913 3635 978 3677 nos.
1017 3615 1106 3674 Hanc
1158 3621 1274 3693 ceptam
1286 3611 1426 3690 Apostoli
1437 3610 1654 3691 deposuerunt.
1679 3614 1848 3695 Quodsuin

409 3709 523 3777 partem
540 3704 665 3781 opponit
680 3702 716 3774 ei,
732 3722 794 3780 qua
808 3701 885 3762 dixit
901 3702 939 3764 de
954 3701 1104 3765 Antichri·
1158 3700 1198 3760 ad
1213 3702 1295 3777 ipsos
1316 3702 1423 3760 attinet
1445 3698 1626 3777 Apostolos,
1651 3702 1719 3780 jam
1738 3701 1781 3764 illi
1795 3703 1848 3760 vita

408 3787 480 3844 stis:
503 3787 546 3846 Et
562 3790 702 3849 mundus
717 3808 766 3850 cos
781 3789 891 3865 cudtt;
917 3811 953 3851 so
968 3792 993 3849 si
1009 3789 1105 3850 dicat:
1158 3787 1294 3847 defuncti
1303 3797 1397 3859 erant,
1414 3786 1535 3848 stacius
1548 3786 1692 3850 fortassis
1704 3792 1848 3868 superent

409 3870 469 3949 Qui
491 3870 528 3933 de
550 3874 660 3935 mundo
693 3885 779 3946 sunt,
806 3875 934 3937 audiunt
955 3877 1104 3948 doctores,
1158 3875 1309 3948 Joauues3
1336 3873 1388 3935 sed
1414 3872 1570 3948 manebat,
1596 3881 1630 3935 et
1652 3895 1752 3957 usque
1774 3872 1848 3938 bodie

408 3960 542 4037 quisunt
557 3959 596 4021 de
610 3963 731 4023 mundo.
770 3962 832 4041 Qui
849 3983 920 4023 vero
937 3964 1035 4024 Deum
1052 3984 1103 4023 no·
1157 3970 1266 4033 munst,
1282 3971 1313 4021 et
1327 3961 1476 4031 manebit,
1493 3960 1577 4039 quod
1586 3960 1752 4040 Apostolis
1768 3962 1847 4023 aDr

408 4052 515 4104 verunt
531 4055 559 4104 st
576 4066 613 4106 ex
630 4049 697 4108 Deo
720 4061 804 4122 sunt,
828 4071 883 4109 nos
897 4051 956 4111 Dei
973 4052 1101 4129 Aposto·
1157 4049 1238 4108 mino
1254 4048 1365 4108 dictum
1381 4047 1496 4107 fuerat:
1518 4051 1609 4122 Ecce,
1627 4068 1686 4125 epo
1705 4049 1847 4112 cubices·

406 4130 453 4190 los
484 4130 617 4192 audiunt.
663 4135 776 4195 ,Ioanni
816 4136 920 4198 eodem
958 4137 1103 4208 rendunt,
1156 4154 1224 4196 sum
1241 4134 1510 4196 ornuousdseouc
1529 4154 1631 4210 usquc
1652 4137 1698 4195 ud
1713 4153 1847 4199 conmu-

407 4219 531 4277 uocitcc
546 4220 668 4295 Deum,
691 4233 722 4281 et
736 4242 774 4283 cc
791 4226 859 4284 Deo
875 4244 955 4297 esse,
972 4233 1006 4283 ut
1021 4233 1105 4303 patet
1156 4225 1328 4283 mulionem
1355 4223 1490 4295 soeculi,
1518 4221 1630 4282 Mattb.
1658 4224 1711 4284 28.
1750 4224 1848 4291 usae

408 4323 446 4363 ex
462 4314 547 4381 perte
562 4309 707 4385 sequenti
737 4309 886 4371 Dicuntur
901 4322 998 4372 autem
1013 4330 1103 4372 nosse
1156 4311 1294 4388 inquam,
1316 4309 1347 4368 iu
1362 4328 1463 4369 eonrrn
1486 4308 1733 4382 successoribus,
1755 4307 1847 4371 secu

407 4392 530 4467 Deruu,
554 4400 585 4451 et
609 4412 670 4453 cccc
693 4413 731 4456 er
745 4397 831 4469 Dco,
856 4399 906 4476 qui
922 4399 1020 4458 Deum
1036 4397 1101 4458 dili·
1156 4398 1220 4456 siae
1236 4396 1388 4475 praelatis.
1411 4396 1538 4473 Signum
1559 4414 1634 4474 ergo
1651 4399 1848 4465 canusinus.

406 4486 482 4556 gunt
503 4487 535 4538 et
556 4499 621 4539 cum
646 4500 682 4541 eu
703 4484 875 4544 societatem
891 4484 1012 4545 habent.
1049 4486 1102 4546 Se·
1155 4504 1174 4541 a
1189 4482 1311 4543 Joanns
1325 4480 1463 4543 fidelibus
1484 4481 1624 4544 omnibus
1645 4491 1854 4546 commend*

407 4566 508 4642 quitur
524 4566 686 4627 membrum
702 4571 888 4647 oppositum:
1156 4582 1233 4643 turn,
1256 4579 1303 4629 sat
1316 4568 1414 4642 istud,
1436 4568 1464 4629 si
1485 4570 1553 4647 quis
1570 4569 1746 4632 Ecclesiam
1768 4566 1848 4638 ὦ

449 4654 511 4729 (lui
526 4671 593 4715 nou
607 4662 651 4714 cet
674 4675 712 4718 cc
727 4658 812 4730 Deo,
837 4677 905 4718 nou
928 4659 1101 4719 auditune.
1155 4666 1185 4715 et
1207 4656 1271 4735 ejus
1294 4654 1456 4717 doctrinam
1478 4656 1633 4735 sequitur,
1656 4657 1709 4718 bic
1731 4676 1773 4720 ex
1791 4655 1847 4717 uu

405 4736 561 4817 Intellige,
589 4751 791 4819 quatenusex
807 4745 873 4804 Deo
889 4763 949 4804 nou
965 4752 1020 4804 est
1043 4745 1101 4804 Po·
1155 4750 1217 4816 est,
1239 4743 1347 4823 siquis
1362 4762 1430 4803 eam
1453 4762 1513 4803 non
1535 4740 1639 4815 audit,
1668 4741 1848 4821 sedabsj!
1890 4803 1892 4830 ,

405 4831 467 4886 test
477 4826 559 4915 enim
576 4827 642 4906 quis
657 4828 796 4891 obsolute
814 4851 875 4891 non
890 4849 958 4891 esse
972 4850 1010 4891 ex
1026 4831 1101 4903 Deo,
1154 4827 1291 4890 doctrina
1305 4828 1433 4902 recedit,
1453 4828 1503 4890 bio
1516 4848 1578 4890 neu
1592 4838 1643 4890 est
1657 4852 1699 4893 ex
1713 4831 1793 4892 Deo.

405 4902 741 4990 quia,[coujunctiouem
762 4919 917 4978 amicitiae
943 4937 1010 4978 cum
1034 4917 1101 4979 Deo
1196 4915 1279 4977 Hine
1292 4936 1381 4996 porro
1396 4934 1585 4994 consequeus
1600 4925 1667 4993 est,
1691 4916 1853 4980 malam

404 5015 466 5073 nou
479 4994 604 5074 habeat,
625 5003 677 5082 qui
700 5013 799 5070 umen
821 5024 841 5064 a
854 5003 920 5078 Deo
944 5014 1102 5068 moveatur
1126 5016 1133 5083 Ι
1153 5003 1185 5064 iu
1199 5004 1261 5066 suis
1275 5002 1419 5085 praelatis
1434 5000 1525 5085 (quos
1539 5002 1708 5087 Scriptura
1719 5012 1848 5089 pastu·
