4442 5825
391 581 466 649 ⁶32
906 572 1324 628 murnurmmsucsruu

390 756 495 832 aperte
516 745 643 809 retertur
665 749 705 809 ad
728 748 826 810 coelos
846 758 877 808 et
892 755 1010 810 terram.
1042 748 1085 809 Et
1136 758 1260 822 ceretur,
1284 749 1373 829 cquis
1396 748 1541 809 nimirum
1566 743 1739 806 coelestibus
1760 743 1806 804 mi

390 837 572 919 generaliter
583 834 694 896 dictum
706 843 751 894 est
763 839 793 896 in
806 836 1084 897 commemoratione
1136 856 1255 912 versam
1265 847 1374 897 terram
1382 854 1486 895 rursus
1493 832 1729 913 contegentibus
1740 828 1809 890 um

391 923 548 986 creationis
565 921 651 996 coeli,
667 929 766 982 terrae
783 931 814 983 et
828 942 990 1003 aquarum:
1014 925 1085 999 Ipse
1137 924 1254 997 factum,
1270 932 1303 983 ιιι
1318 941 1413 1002 genus
1428 921 1594 982 humanum
1610 919 1698 1000 cquis
1708 917 1808 976 audem

392 1013 484 1085 dixit,
510 1016 539 1069 ct
551 1009 641 1086 facta
656 1017 749 1087 sunt5
772 1013 838 1087 ipre
853 1010 1032 1085 mandavit,
1057 1017 1086 1070 ct
1138 1017 1201 1070 tum
1226 1011 1368 1070 interiret.
1390 1010 1458 1069 Non
1480 1008 1574 1087 igitur
1596 1003 1765 1067 incredibile
1777 1003 1811 1062 ri·

391 1105 498 1160 orooro
512 1104 597 1171 surrt,
618 1095 730 1155 Psalm.
746 1097 796 1157 32.
813 1106 843 1157 et
859 1098 929 1158 148.
1138 1096 1202 1158 deri
1227 1095 1325 1169 debet,
1348 1097 1375 1156 si
1396 1094 1523 1168 dicutur,
1548 1096 1640 1155 ctiam
1661 1100 1726 1171 post
1738 1088 1812 1151 multa

436 1187 465 1246 6.
488 1185 551 1244 Par
576 1202 656 1262 quae
679 1184 733 1243 ille
755 1191 832 1244 tuoe
846 1184 986 1245 mundar
1001 1202 1087 1261 aqua
1137 1183 1260 1244 saecula
1276 1185 1348 1263 ejus,
1372 1184 1426 1263 qui
1440 1201 1521 1242 nunc
1536 1189 1591 1251 est,
1611 1177 1715 1239 mundi
1730 1176 1811 1239 detur

392 1271 571 1335 inundatus
602 1273 707 1345 periit.
741 1271 803 1331 Ille
829 1279 905 1332 tuuc
934 1272 1085 1347 rotradus,
1137 1272 1229 1332 rantis
1239 1269 1399 1351 aliquando
1408 1268 1541 1329 futuram
1551 1261 1813 1326 mutationcmcooi

392 1358 523 1421 Graece:
550 1350 567 1415 ὁ
584 1349 655 1416 τότε
672 1350 799 1435 κόσμος,
817 1356 848 1418 id
864 1368 919 1431 eat,
935 1358 1085 1432 mundus,
1139 1366 1168 1418 et
1183 1366 1282 1418 terrae
1293 1366 1417 1430 tantam,
1432 1374 1512 1436 quse
1526 1353 1634 1414 mundi
1650 1369 1809 1412 consumme

392 1450 448 1523 qui
470 1453 546 1505 turso
570 1450 657 1522 erar,
680 1453 714 1504 ut
736 1443 913 1504 adverbium
936 1453 1012 1506 torto
1027 1465 1088 1507 non
1139 1446 1250 1504 tionem
1272 1443 1412 1515 inducat,
1435 1440 1558 1521 quando
1583 1451 1613 1500 et
1630 1433 1809 1500 Οιιιίιιιιιιὲ»

394 1531 572 1593 adverbum
585 1536 694 1608 periit,
720 1531 773 1591 sod
794 1531 832 1591 ad
848 1533 1006 1593 mundum
1021 1552 1086 1610 per·
1140 1540 1284 1592 venturus
1298 1532 1347 1604 sit,
1368 1538 1397 1589 et
1412 1529 1591 1610 prommissa
1606 1523 1796 1604 comptorum

393 1622 495 1692 tinent,
511 1618 646 1679 indicans
661 1617 814 1693 mnndum,
837 1639 926 1697 quem
943 1621 1088 1699 superiori
1184 1621 1212 1678 7.
1247 1618 1333 1680 Ooeli
1354 1624 1472 1690 autern,
1498 1618 1555 1692 qui
1580 1631 1671 1676 nunc
1695 1614 1811 1684 sunta

395 1707 494 1786 capite
502 1706 667 1765 nominavit
676 1698 821 1783 ἀρχαῖον,
834 1703 864 1765 id
873 1715 927 1778 eat,
935 1711 1087 1782 priscum,
1140 1714 1227 1766 terra
1249 1705 1358 1765 codem
1380 1703 1474 1764 verim
1497 1704 1632 1777 repositi
1654 1706 1733 1760 runt.
1758 1695 1810 1758 ιιι

396 1792 593 1869 ors‘ar’nalam.
623 1793 686 1853 Nea
701 1793 856 1854 mundum
874 1792 923 1852 hic
938 1793 1088 1873 intelligas
1141 1801 1358 1873 consequenter
1377 1789 1473 1862 docet,
1496 1807 1578 1869 quae
1593 1785 1699 1848 mundi
1712 1781 1809 1845 mua&

394 1880 510 1942 coelum
535 1886 564 1937 et
586 1886 705 1951 terram,
728 1879 876 1958 quomodo
899 1879 983 1940 multi
999 1883 1087 1941 iuter·
1141 1881 1180 1939 sit
1195 1876 1407 1958 exspectanda.
1437 1875 1547 1939 Coelos
1562 1881 1593 1934 ct
1608 1882 1736 1947 ιιιιαιιι,
1749 1884 1809 1946 aaa

395 1973 570 2047 pretuutur3
602 1966 656 2026 sed
679 1986 775 2045 genus
800 1967 977 2040 humanum,
1001 1973 1090 2027 utet
1140 1984 1227 2027 aurio
1242 1972 1327 2040 saur,
1351 1965 1431 2035 dicit,
1453 1962 1493 2023 ad
1514 1961 1674 2022 discrimen
1688 1957 1810 2019 coelom

395 2053 494 2133 capite
511 2051 711 2132 praecedenti.
728 2052 817 2132 Quae
828 2053 943 2114 monor·
954 2055 1088 2133 acceptio
1140 2061 1171 2113 ct
1192 2061 1305 2125 tarrae,
1335 2071 1412 2133 quae
1433 2052 1525 2127 priua
1547 2050 1615 2109 aive
1638 2049 1713 2108 olim
1732 2051 1815 2116 cruru-

394 2139 606 2219 vuigatisaima
628 2147 676 2199 est
697 2140 728 2200 in
742 2139 896 2221 Scriptura
910 2141 981 2200 novi
996 2148 1087 2201 tasta-
1140 2160 1201 2201 uon
1227 2139 1310 2220 quod
1343 2139 1381 2198 ab
1408 2137 1468 2197 illia
1498 2146 1563 2196 tota
1588 2132 1755 2194 substantia
1775 2125 1807 2187 vd

395 2226 496 2287 menti.
529 2224 726 2286 Particulam:
757 2246 818 2303 per
839 2246 930 2304 quac,
957 2226 1091 2288 referunt
1142 2226 1278 2286 omnibus
1295 2224 1490 2306 qualitatibus
1506 2222 1663 2292 differant,
1685 2217 1736 2279 sed
1750 2210 1824 2297 quoi

396 2311 518 2393 quidam
534 2313 575 2373 ad
591 2314 689 2372 omnia
704 2314 776 2386 tria,
799 2314 911 2386 coelos,
934 2322 1044 2374 terrum
1061 2323 1091 2374 et
1142 2312 1263 2373 diversa
1278 2314 1338 2373 sint
1352 2312 1432 2371 bona
1447 2330 1486 2371 ex
1501 2318 1594 2390 parte,
1610 2314 1729 2387 propter
1742 2304 1824 2371 iuts;

396 2419 513 2480 aquam.
551 2399 630 2459 Nam
646 2419 662 2458 e
678 2399 781 2472 coelis,
804 2400 833 2460 id
850 2409 903 2472 est,
928 2406 998 2461 aere
1014 2400 1090 2479 pluit
1141 2401 1268 2480 positam
1285 2419 1320 2460 ex
1336 2417 1480 2480 uquarum
1496 2395 1614 2457 diluvio
1635 2392 1824 2477 mutaticum

399 2484 601 2566 quadraginta
624 2487 772 2546 continuis
795 2485 908 2558 diebus,
935 2496 964 2547 et
990 2507 1090 2564 aquae
1142 2507 1203 2567 qua
1218 2489 1367 2566 perierant
1383 2481 1615 2565 quodammodo,
1636 2481 1721 2560 aquis
1735 2473 1824 2565 offic}

398 2572 561 2644 inferiores,
578 2575 793 2653 quaeerantin
807 2573 1091 2647 terraaviscrribus,
1142 2572 1365 2654 occupantibus.
1404 2570 1525 2632 Eodem
1558 2569 1652 2630 verbo
1663 2611 1674 2644 ,
1703 2564 1823 2626 unsar?

398 2668 552 2720 evomente
569 2679 619 2718 eas
636 2667 723 2731 terra,
740 2667 902 2740 eruperunt
914 2669 945 2721 ot
957 2660 1090 2722 exunds·
1143 2654 1234 2720 αὐτοῦ
1258 2651 1364 2739 λόγῳ,
1392 2662 1459 2734 ejus
1483 2656 1602 2731 verbo,
1630 2653 1741 2715 scilicet
1762 2647 1815 2727 Deio

398 2754 475 2805 runt.
508 2745 567 2806 Sed
590 2747 617 2805 si
638 2746 712 2805 haec
734 2750 791 2806 tria
812 2747 908 2807 vellet
930 2748 964 2806 B.
981 2749 1090 2809 Petrus
1142 2747 1179 2807 Id
1207 2748 1284 2806 euim
1310 2753 1533 2826 praecesserat,
1559 2743 1681 2803 umetsi
1704 2730 1813 2799 nonnuli:

399 2831 544 2910 intelligi,
572 2853 630 2893 non
656 2831 776 2892 videtur
801 2835 900 2894 stutim
927 2836 958 2895 in
984 2833 1089 2894 iisdem
1143 2833 1261 2894 codices
1283 2833 1410 2893 habent:
1434 2827 1481 2917 τῷ
1502 2824 1589 2914 αὖτ’ξῖ
1612 2821 1707 2907 Mitt
1728 2821 1812 2895 ⁶⁰⁶⁶:

399 2920 499 2979 verbis
514 2922 694 2998 repetiturus
705 2919 800 2981 fuisse
811 2940 938 2997 aquam.
955 2922 1091 2982 Tametsi
1143 2922 1248 2994 verbo,
1276 2941 1328 2980 seu
1356 2922 1469 2999 potius:
1498 2919 1598 2979 cidem
1626 2916 1727 2978 verbo.
1753 2908 1774 2969 N
1796 2949 1810 2975 ,-

399 3006 430 3066 id
447 3010 610 3086 argumenti
625 3005 718 3067 facile
741 3008 818 3068 solvi
846 3017 951 3080 potest.
990 3010 1090 3069 Scien·
1144 3010 1280 3069 dativum
1302 3006 1433 3085 postulat
1450 3005 1660 3086 perticipium:
1683 2997 1810 3075 reducti*

400 3093 470 3153 dum
487 3103 595 3163 tantan,
611 3093 775 3155 Graecum:
793 3084 831 3153 δι’
843 3084 896 3169 ὧν,
914 3097 1003 3155 etiam
1015 3096 1091 3155 verti
1136 3087 1287 3173 propitior,
1303 3095 1518 3167 thesaurizata,
1531 3090 1615 3171 quod
1626 3098 1723 3150 nomer
1782 3081 1804 3154 ’,

401 3199 503 3259 posse:
519 3199 577 3258 per
588 3200 674 3259 quor,
691 3202 797 3261 nempe
812 3186 928 3258 coelos,-
943 3190 975 3240 nt
987 3201 1092 3243 seusus
1144 3185 1274 3259 repositi
1280 3204 1292 3257 ,·
1316 3203 1352 3240 ac
1366 3183 1391 3242 ai
1407 3182 1507 3241 dicas:
1532 3180 1574 3237 Ιιι
1590 3179 1735 3238 thesemo

400 3268 458 3339 sit,
491 3287 546 3348 per
576 3267 686 3328 imbres
713 3268 839 3330 coelitus
866 3270 975 3329 effusos
999 3289 1093 3348 genus
1144 3271 1203 3330 Dei
1221 3270 1351 3345 repositi
1366 3288 1402 3327 ac
1416 3266 1583 3340 reconditi,
1608 3273 1648 3335 et,
1664 3272 1696 3323 ut
1710 3260 1742 3320 L·
1800 3317 1802 3322 .

400 3353 569 3426 humanum,
596 3354 677 3432 quod
704 3362 775 3415 tnnc
808 3365 884 3429 erat,
912 3358 1000 3434 aquis
1023 3354 1091 3416 sub·
1145 3357 1276 3433 exponit,
1292 3358 1480 3415 conservati.
1503 3353 1572 3413 Non
1588 3352 1668 3411 enim
1684 3349 1755 3408 hier·

400 3459 528 3501 mersum
555 3442 687 3519 periisse.
725 3442 792 3502 Hoc
819 3445 898 3503 enim
924 3451 984 3514 est,
1012 3444 1093 3523 qrrod
1145 3446 1197 3503 siti
1212 3441 1289 3502 idem
1306 3451 1360 3513 est,
1384 3439 1465 3520 qnod
1489 3443 1604 3499 iterum
1618 3437 1723 3514 potiti,
1742 3427 1807 3526 aaa·

401 3528 526 3606 figurato
543 3547 679 3589 sermone
701 3528 811 3589 dicitnr
827 3529 902 3590 Gen.
922 3529 965 3587 7.;
993 3532 1093 3606 Rupit
1144 3533 1207 3590 tuti
1222 3532 1385 3590 iactatum
1397 3531 1550 3603 priorem,
1568 3521 1716 3605 quomodo
1773 3516 1780 3529 ’

399 3621 473 3674 suot
501 3634 608 3676 omues
632 3616 738 3692 sontes
765 3616 868 3692 abyssi
893 3634 1037 3692 maanus,
1064 3625 1093 3677 et
1145 3619 1198 3697 qui
1220 3616 1337 3677 Graeca
1360 3636 1420 3676 non
1443 3613 1591 3685 viderunt,
1618 3619 1670 3671 aut
1684 3610 1786 3700 minus·

399 3707 578 3762 cataractae
604 3703 682 3762 corii
706 3710 838 3779 opertae
863 3711 944 3764 ιιιιιι.
976 3704 1093 3785 Estque
1143 3702 1310 3777 tenderunt,
1326 3704 1521 3763 bancvoccm
1534 3704 1698 3777 exponunt.
1714 3691 1741 3753 id

399 3787 448 3846 hio
464 3808 568 3849 sensus
584 3787 689 3868 planus
706 3798 738 3849 et
752 3792 941 3870 perspicuus·
1144 3793 1168 3850 si
1192 3790 1285 3851 vellet
1307 3791 1340 3850 B.
1364 3790 1481 3860 Petrus,
1504 3808 1564 3849 nou
1586 3784 1715 3846 dicaret:

440 3875 548 3935 Restat
564 3874 792 3949 declarandum,
815 3876 966 3956 quomodo
982 3877 1091 3937 Petrus
1145 3880 1308 3956 quiritatio
1331 3882 1422 3951 runt,
1446 3876 1501 3936 sed
1524 3872 1719 3954 simpliciter:

397 3960 443 4020 his
459 3963 578 4022 verbis:
610 3964 701 4042 Quod
716 3965 795 4024 coeli
810 3972 903 4025 erant
916 3965 1009 4040 prius
1025 3972 1089 4038 ata,
1144 3967 1214 4044 qnia
1237 3963 1381 4025 dicendo:
1403 3968 1458 4040 qui
1474 3980 1562 4036 napo
1575 3966 1663 4033 runt,
1688 3974 1739 4034 sup
1791 4031 1797 4046 ⁸

396 4047 517 4108 refellat
541 4059 748 4129 argumentum
779 4050 896 4111 illorum
927 4049 1090 4126 illusorum,
1143 4072 1209 4113 esse
1225 4052 1285 4123 iam
1298 4052 1459 4111 restitutos.
1476 4049 1575 4127 Igitur
1587 4046 1714 4107 istud:r

396 4151 456 4212 quo
472 4132 626 4196 dicebant:
649 4139 773 4216 Exquo
790 4141 873 4199 cuim
888 4140 999 4198 Patres
1013 4138 1089 4198 dor·
1143 4139 1394 4218 significationem
1418 4136 1522 4206 habet,
1546 4153 1638 4213 quom
1660 4130 1735 4190 dixi:
1753 4133 1801 4182 ιιι·

396 4221 547 4295 mierunt,
564 4226 674 4283 omnia
690 4228 732 4285 sic
745 4233 952 4300 perseverarat
967 4226 1007 4285 ab
1023 4227 1088 4285 irti-
1143 4244 1230 4303 quam
1248 4225 1378 4285 verbum
1394 4225 1453 4285 Dei
1469 4222 1633 4282 thesaurus
1648 4214 1759 4299 quiden

395 4309 439 4366 tio
454 4316 627 4370 creaturae.
659 4312 716 4371 Est
731 4311 824 4390 igitur
846 4312 985 4373 refutatio
1001 4310 1087 4372 talis:
1142 4332 1179 4371 ex
1195 4333 1255 4391 quo
1272 4313 1427 4391 depromat
1438 4310 1522 4369 Deus
1535 4327 1589 4368 ruo
1606 4316 1776 4397 temporat¹

394 4392 495 4473 Quum
518 4405 631 4456 constet
647 4416 684 4457 ex
698 4398 872 4478 Scripturis,
896 4400 1009 4459 coelum
1026 4400 1087 4476 jaro
1142 4400 1241 4458 facere
1274 4399 1454 4458 decreverit.
1500 4396 1652 4455 Dicuntur
1682 4406 1746 4467 ergo
1785 4445 1787 4450 .

394 4480 466 4539 oiim
491 4480 596 4556 inisse,
620 4504 735 4545 necnon
752 4493 859 4544 terrum
876 4506 916 4547 ox
931 4487 1018 4564 aquis
1035 4506 1084 4546 ex·
1141 4485 1217 4544 coeii
1234 4494 1263 4543 et
1279 4486 1336 4544 ista
1352 4493 1431 4545 terra
1446 4482 1641 4542 thesaurizati
1657 4475 1742 4539 uerbo

392 4574 535 4640 stantem,
559 4578 590 4629 et
612 4590 666 4649 per
681 4591 777 4649 aquas
793 4572 1023 4646 consistentem,
1042 4580 1085 4631 at·
1141 4574 1212 4651 quia
1235 4571 1318 4630 Deus
1341 4591 1377 4630 ea
1401 4576 1502 4630 servat
1524 4567 1635 4640 verbo,
1657 4556 1773 4655 imperio·

393 4672 452 4733 quc
473 4652 549 4715 haec
571 4655 653 4717 iacta
677 4677 744 4718 esse
763 4678 822 4717 non
840 4658 901 4718 ulia
916 4660 945 4718 ui
961 4665 1086 4719 naturae
1139 4658 1286 4718 voluntati
1301 4676 1385 4730 suae,
1402 4653 1617 4733 utaliquando
1633 4650 1719 4713 daiis

389 4746 517 4814 creatae,
540 4742 594 4803 sed
617 4744 676 4802 Dei
699 4744 808 4804 verbo:
831 4753 932 4805 tumen
956 4754 1023 4823 post
1042 4752 1087 4804 tot
1139 4743 1220 4824 quod
1237 4745 1295 4821 ipsi
1313 4743 1469 4821 placuerit.
1494 4742 1586 4801 Hunc
1602 4755 1713 4801 sensum

391 4824 523 4899 scocula,
544 4827 574 4887 id
599 4836 654 4899 est,
679 4840 748 4909 post
762 4829 847 4890 mille
863 4839 1019 4892 sexcentos
1035 4850 1083 4891 an·
1138 4840 1192 4902 rat,
1209 4828 1291 4911 quod
1305 4832 1459 4910 sequitur:

391 4928 446 4969 nos
462 4919 544 4971 tantu
559 4917 703 4976 successit
718 4916 878 4978 eorundem
893 4919 1027 4991 mutatio,
1043 4929 1085 4990 ut,
1182 4919 1257 4995 lorti
1271 4919 1426 4978 reseruati
1440 4918 1477 4976 iri
1492 4915 1576 4975 diem
1588 4910 1735 4988 ,iudiciid

391 4995 482 5073 priori
497 4996 601 5063 ordina
616 5002 745 5080 turbato,
767 5003 883 5066 coelum
900 5014 998 5066 terrae
1012 5006 1083 5066 mis·
1138 5005 1270 5067 ditionis
1281 5006 1454 5082 impiorum
1466 5003 1642 5064 homiuum.
