4442 5825
392 583 466 654 tls
925 575 1291 632 murmurmurmur.
1308 577 1349 631 n.

392 754 486 815 sacris
500 752 607 829 literis,
629 752 661 815 id
677 754 784 828 estiis,
801 773 880 834 quae
895 759 969 814 tuuc
984 775 1003 815 a
1018 753 1089 814 fide·
1137 753 1215 828 lites,
1239 756 1258 814 2
1275 755 1351 834 Reg.
1367 755 1428 828 21.,
1452 760 1484 815 et
1504 753 1683 828 Zacharias,-

390 840 472 901 libus
488 849 575 901 erant
589 862 642 922 pro
659 842 752 902 sacris
767 850 918 920 receptae.
1139 841 1227 915 filius,
1254 843 1273 901 2
1297 842 1366 901 Par.
1389 845 1438 902 24.
1471 840 1547 900 Item
1571 841 1685 903 Jeretui

436 928 487 988 36.
510 927 579 989 Alii
593 946 669 989 cere
684 927 827 989 indibria
842 934 872 989 et
886 928 1018 987 verbere
1034 947 1088 990 ee·
1137 928 1343 988 Hebraeorum
1359 927 1560 988 traditionem.
1586 926 1646 988 Cui
1656 936 1685 988 at

390 1016 495 1092 perti,
521 1017 653 1091 insuper
678 1022 708 1076 et
733 1014 866 1075 vincula
889 1021 919 1073 et
940 1033 1087 1075 carceres.
1138 1014 1349 1075 Tertullianus
1364 1013 1509 1075 adversus
1526 1013 1685 1076 Gnosticot

392 1100 428 1161 In
440 1099 557 1162 Graeco
568 1101 717 1162 verbatim
729 1104 773 1162 sic
784 1101 913 1181 legitur:
928 1101 997 1163 Alii
1012 1120 1088 1162 uero
1137 1101 1311 1161 Dorotheus
1324 1103 1354 1161 in
1366 1103 1499 1181 synopsi,
1512 1101 1685 1180 Epiphanio

391 1186 605 1249 ludibriorum
621 1195 651 1248 et
665 1189 842 1267 [lemurum
858 1191 1088 1264 aperientium
1138 1187 1176 1247 de
1192 1189 1256 1248 rita
1273 1187 1497 1267 Prophetarum,
1513 1197 1543 1247 et
1558 1188 1685 1268 Hierou2

391 1281 554 1352 ceperunt,
578 1275 683 1337 edisne
704 1282 811 1336 cutem
828 1281 857 1335 et
872 1276 1086 1349 vinculorum,
1138 1277 1165 1333 2.
1182 1273 1397 1335 contrsJovin.
1416 1294 1481 1353 cap.
1499 1275 1550 1334 ult
1564 1272 1685 1335 Chr-istu

392 1368 422 1421 et
436 1365 581 1436 curtem,
605 1362 709 1436 idest,
729 1362 811 1442 passi
833 1362 985 1422 suutista.
1008 1361 1087 1421 Nam
1136 1361 1265 1421 ,Iudaeis
1292 1362 1483 1441 improperat,
1509 1361 1617 1421 Matth.
1646 1365 1684 1423 21

390 1449 422 1509 in
444 1448 533 1509 malis
555 1449 685 1527 experiri
709 1449 774 1510 sive
799 1448 1017 1528 experientiam
1040 1468 1087 1508 ca·
1136 1447 1218 1527 quod
1234 1466 1272 1507 ex
1289 1447 1448 1527 Prophetis
1469 1447 1509 1508 ad
1524 1467 1558 1509 se
1573 1449 1673 1510 missis

392 1554 465 1615 pere
475 1534 552 1596 nihil
564 1533 646 1595 aliud
659 1544 716 1608 est,
732 1555 824 1616 quam
835 1537 906 1614 pati.
921 1534 1087 1614 Minusque
1135 1530 1348 1614 lapidaverint

390 1630 471 1683 recte
486 1623 582 1684 vuum
606 1621 661 1681 tuit
675 1623 802 1682 Erasmo
824 1630 956 1682 vertere:
983 1621 1086 1681 Ludi·
1178 1623 1259 1683 Secti
1284 1628 1367 1682 eunt.
1400 1622 1449 1681 De
1475 1620 1585 1682 Jesais
1608 1641 1685 1702 paen

392 1707 468 1769 briis
490 1714 520 1769 et
542 1710 652 1788 picard
675 1710 836 1786 explorati
858 1715 934 1770 sunt
955 1716 1027 1783 etc.;
1054 1707 1086 1768 id
1135 1707 1321 1787 intelligunt,
1344 1726 1432 1787 quem
1454 1707 1633 1768 aManaase
1655 1729 1685 1769 rs

392 1796 471 1856 enim
486 1793 605 1856 Graeca
627 1814 688 1856 nou
710 1796 888 1876 significant.
912 1796 970 1857 Est
984 1802 1085 1854 autem
1134 1793 1236 1874 lignea
1259 1794 1419 1854 dissectum
1441 1793 1547 1869 tuisse,
1571 1794 1685 1874 apud]

390 1889 455 1942 tota
480 1883 629 1943 sententia
653 1890 782 1962 quatuor
812 1881 953 1942 membris
980 1881 1085 1941 distin·
1134 1881 1300 1941 certissima
1322 1880 1445 1941 traditio
1468 1891 1522 1955 est,
1545 1889 1627 1942 teste
1642 1883 1684 1943 Hi

391 1966 521 2049 gueuda,
536 1967 595 2030 bec
608 1987 714 2029 sensu:
730 1968 793 2029 Alii
804 1967 943 2029 ludibriis
955 1969 1085 2046 expositi
1135 1968 1166 2028 in
1181 1967 1241 2027 fine
1255 1967 1324 2029 libri
1338 1967 1386 2028 15.
1404 1978 1560 2030 comment
1577 1988 1670 2047 super

390 2057 527 2131 tremet,
549 2054 605 2115 alii
625 2055 803 2117 verberibus
818 2054 933 2132 affecti3
956 2054 1007 2114 alii
1021 2055 1086 2114 vin·
1141 2055 1248 2129 Unde,
1280 2055 1394 2134 inquit,
1424 2063 1454 2115 et
1482 2063 1668 2116 nostrerum

392 2141 466 2203 culis
494 2142 646 2219 adstricti3
686 2142 739 2203 alii
769 2143 938 2204 carceribus
967 2141 1085 2201 inclusi.
1134 2140 1227 2215 illud,
1252 2141 1337 2218 qued
1360 2142 1398 2200 de
1416 2145 1567 2218 pastione
1583 2143 1684 2204 eones

390 2229 471 2290 Nam
485 2229 602 2290 vinctos
625 2238 656 2288 et
678 2230 878 2290 incarceratos
901 2248 961 2290 nen
976 2237 1021 2288 est
1035 2247 1086 2287 ne·
1134 2229 1282 2304 Epistola
1297 2229 1340 2287 cd
1355 2229 1518 2290 Hebraeos
1530 2231 1685 2307 ponitur:

391 2334 476 2378 cesse
506 2316 628 2377 eosdem
658 2315 795 2396 intelligi.
841 2315 977 2376 Christus
1008 2315 1085 2376 enim
1133 2323 1219 2390 sunt,
1246 2316 1289 2375 ud
1311 2319 1441 2378 Jesuiee
1468 2318 1616 2395 referrent
1641 2336 1685 2394 pe

390 2404 509 2464 vinctus
538 2403 664 2482 legitur,
700 2423 760 2464 nen
789 2403 999 2464 incarceratus.
1044 2401 1088 2460 ut
1134 2402 1197 2462 Ubi
1213 2409 1294 2474 uota,
1318 2422 1388 2481 pro:
1410 2406 1483 2463 secti
1496 2412 1582 2478 sunt,
1606 2402 1685 2464 Hier

390 2489 477 2550 multi
492 2491 523 2550 in
546 2489 690 2550 custodiis
714 2488 884 2550 detinentur
907 2507 967 2550 neu
982 2489 1086 2548 vincti.
1134 2488 1251 2568 legere:
1272 2492 1388 2550 serrati
1409 2497 1491 2551 eunt.
1517 2489 1685 2570 Quemadm

392 2575 583 2657 Quamquam
599 2575 695 2656 Syrus
718 2575 929 2656 paraphrastes
945 2573 1085 2636 duo-tau·
1134 2575 1309 2656 legiteuper
1320 2575 1427 2637 Matth.
1441 2579 1490 2637 26.
1511 2576 1685 2657 Siquidem·

390 2672 452 2724 tum
476 2662 608 2723 membra
630 2662 719 2723 iacit:
746 2662 809 2723 Alii
830 2661 964 2724 ludibria
986 2671 1017 2722 et
1035 2661 1087 2720 fla·
1135 2662 1258 2723 verbum
1278 2657 1386 2739 npteu,
1408 2665 1465 2723 etsi
1489 2663 1641 2725 interdum
1664 2686 1685 2745 g

391 2749 472 2832 gella
487 2750 658 2827 subierunt3
673 2748 725 2810 ulii
736 2751 767 2809 iu
778 2748 900 2810 vincula
911 2757 941 2809 et
952 2767 1086 2809 carceres
1135 2758 1277 2822 sumatur,
1292 2759 1326 2810 ut
1340 2751 1486 2830 significet
1500 2769 1617 2824 secure,
1645 2771 1685 2830 qu

390 2835 494 2898 traditi
507 2844 587 2896 aunt
1135 2836 1332 2897 instrumento
1361 2836 1393 2896 id
1418 2837 1487 2909 fiat,
1524 2838 1601 2898 sicut
1627 2857 1685 2898 acc

434 2922 524 2984 Haec
538 2932 639 2985 cutem
654 2922 789 3003 intellige
807 2924 882 2984 citra
896 2925 1002 2983 mertis
1018 2942 1086 3003 sup·
1135 2922 1194 2983 illis
1220 2923 1319 2984 verbis
1348 2924 1492 2985 historiae
1519 2924 1681 2986 Susannae

392 3009 523 3093 plicium.
546 3008 619 3071 lien
641 3012 718 3070 enim
735 3008 774 3070 ad
789 3008 994 3072 blacbabaeos
1008 3029 1085 3070 mar·
1135 3012 1269 3085 enectus
1296 3013 1430 3073 Domini
1458 3012 1604 3086 etodium
1632 3012 1685 3073 tet

392 3106 476 3177 tyrus
502 3093 663 3157 Merenda
688 3104 772 3169 suut,
799 3108 834 3158 ut
856 3095 951 3176 aliqui
971 3096 1086 3167 velunt,
1134 3104 1212 3158 secet
1227 3105 1256 3157 te
1271 3097 1422 3173 medium,
1446 3097 1498 3157 ubi
1511 3098 1632 3159 'Graece
1654 3118 1685 3160 es

391 3182 447 3245 sed
468 3182 508 3243 ad
530 3183 615 3244 alios.
644 3181 792 3245 Ludibrio
818 3202 854 3244 ac
881 3182 993 3244 derisui
1016 3190 1088 3242 suut
1135 3183 1314 3264 plerumque
1336 3177 1436 3245 tumen
1451 3204 1488 3244 ac
1502 3185 1589 3246 velut
1603 3205 1684 3266 prop

390 3270 487 3333 habiti
517 3268 659 3343 Samson,
689 3269 804 3331 effossis
831 3270 925 3331 oculis
949 3289 968 3330 a
995 3268 1086 3329 Phili·
1135 3272 1206 3332 ficat
1220 3290 1289 3331 eum
1300 3270 1424 3333 secandi
1432 3270 1561 3344 modum,
1573 3275 1627 3352 qui
1639 3273 1674 3334 fit

389 3355 516 3438 ethaeis,
531 3354 603 3417 Jud.
622 3360 682 3430 16.,
697 3364 726 3416 et
740 3356 878 3419 Elisaeus
893 3376 912 3416 a
927 3358 1027 3435 pueris
1042 3356 1086 3415 in·
1136 3357 1228 3437 Quod
1244 3365 1276 3419 et
1290 3355 1446 3419 declarant
1468 3358 1621 3419 vocabula
1637 3360 1676 3422 ab

393 3443 608 3505 clamantibus:
630 3444 782 3518 Ascende,
802 3445 910 3505 cotue!
930 3444 1040 3521 tReg.
1058 3445 1086 3502 2.
1136 3454 1192 3518 cta,
1219 3437 1316 3521 πρίων
1340 3454 1371 3506 et
1392 3440 1526 3522 πρίστις,
1553 3445 1585 3506 id
1610 3457 1660 3506 est

392 3529 454 3591 Job
477 3547 600 3610 quoque
622 3538 654 3590 et
668 3529 785 3590 Tobiae
807 3551 867 3591 nou
888 3529 984 3591 solum
999 3528 1087 3602 irrisi,
1135 3524 1301 3609 πρίσματα,
1315 3541 1507 3606 serraments,
1519 3552 1573 3593 seu
1586 3552 1685 3614 serrat

394 3614 448 3679 sed
474 3623 504 3677 et
528 3615 647 3696 probris
669 3616 798 3696 impetiti
819 3624 888 3677 suut
914 3614 952 3675 ub
973 3615 1087 3688 amicis,
1138 3638 1176 3679 ex
1203 3627 1362 3679 certatura
1394 3618 1498 3697 Quare
1524 3639 1593 3681 meo
1615 3619 1685 3697 judi

394 3704 452 3764 ime
468 3710 499 3763 et
510 3722 529 3764 a
541 3702 669 3783 propriis
684 3701 835 3777 uxuribus,
850 3702 913 3765 Job
926 3705 954 3764 2.
966 3712 998 3763 et
1008 3701 1087 3763 'rou
1136 3705 1216 3766 verti
1231 3706 1342 3784 potuit:
1365 3708 1482 3766 cerreti
1496 3713 1580 3766 tunt
1608 3707 1685 3769 Jeaa

395 3790 424 3849 2.
439 3789 560 3869 Flagris
577 3791 657 3851 caesi
673 3799 746 3850 suut
760 3787 916 3851 Israfflitae
930 3788 969 3849 ab
985 3788 1087 3869 Aegy·
1137 3789 1260 3852 dissecti
1285 3800 1443 3872 praeterea
1464 3794 1663 3855 meminerunt

393 3876 473 3957 ptiis,
500 3877 551 3955 qui
576 3885 739 3956 praeerant
764 3876 914 3958 operibus,
940 3874 1035 3936 Exod.
1058 3874 1087 3934 5.
1137 3878 1216 3938 bom.
1234 3881 1262 3937 1.
1278 3897 1370 3958 super
1384 3877 1497 3938 Psalm.
1514 3883 1575 3952 37,
1592 3889 1625 3941 et
1641 3900 1684 3961 qu

392 3961 468 4023 Item
484 3961 546 4036 ills,
567 3964 749 4044 quicumque
769 3972 822 4038 est,
845 3960 1089 4044 quemchristus
1138 3963 1358 4044 Prophetarum
1373 3966 1569 4045 scripserunt.

394 4048 427 4109 iu
440 4048 585 4128 parabola
599 4049 789 4130 significarit,
811 4051 883 4112 Luc.
903 4051 952 4111 20.
969 4047 1088 4109 diceus:
1185 4054 1314 4112 Tentata·
1343 4059 1426 4114 eunt.
1465 4052 1510 4113 Ut
1538 4052 1685 4115 Abrabae

393 4136 438 4197 Et
453 4135 582 4196 eddidit
592 4136 730 4197 cltemm
745 4155 871 4199 servem
887 4139 1018 4197 mittere.
1034 4135 1090 4195 lili
1139 4136 1360 4199 Theodoretus.
1384 4140 1478 4218 Atqui
1501 4137 1540 4199 de
1560 4142 1685 4202 tentatie

394 4228 499 4284 entem
513 4224 606 4302 'hunc
628 4242 752 4301 qnoque
775 4224 940 4286 caedentes
961 4229 992 4283 et
1011 4221 1090 4299 offl-
1138 4224 1198 4285 bae
1215 4224 1280 4303 jam
1302 4227 1440 4305 superius
1456 4223 1641 4287 audivimus.
1664 4223 1685 4287 b'

393 4312 509 4370 nentes
523 4311 727 4386 contumelia,
744 4310 936 4373 dimiserunt
949 4312 1088 4370 inanem.
1139 4310 1197 4371 luit
1211 4313 1390 4390 persecutio,
1413 4311 1521 4391 quales
1539 4312 1591 4373 hic
1605 4330 1685 4375 recor

393 4395 531 4457 Vinculis
553 4396 670 4476 alligati
689 4395 774 4457 luere
796 4405 856 4458 tres
880 4397 967 4477 pueri
987 4397 1018 4456 iu
1032 4394 1089 4456 ier·
1140 4397 1250 4470 stolus,
1280 4396 1334 4458 sed
1360 4398 1507 4478 probatio.
1541 4400 1599 4460 Est
1624 4400 1685 4481 igit

392 4502 497 4546 naceru
513 4482 660 4556 mittendi,
676 4483 755 4544 Dan.
774 4484 803 4542 3.
818 4483 857 4544 Iu
872 4502 993 4574 carcere
1009 4482 1089 4543 clau·
1140 4484 1312 4564 exemplum
1335 4487 1432 4548 sancti
1453 4484 1524 4557 Jeb,
1547 4506 1567 4546 a
1587 4486 1684 4548 Satan

393 4589 444 4631 sus
466 4569 592 4652 Joseph,
614 4567 690 4631 Gen.
716 4570 766 4633 39.
789 4568 915 4631 Vinctus
940 4578 970 4630 et
992 4570 1088 4630 incar·
1140 4569 1221 4649 qued
1237 4571 1336 4632 adfert
1351 4569 1563 4646 Oecnmeuius,
1579 4579 1610 4632 et
1626 4590 1685 4635 acet

392 4665 510 4718 ceratus
533 4664 562 4717 et
584 4654 624 4716 sd
647 4656 803 4736 pistrinam
826 4656 985 4718 damnatus
1007 4654 1090 4717 Sam·
1140 4655 1361 4719 Theoderetus.
1385 4658 1456 4719 Nou
1471 4660 1550 4720 enim
1566 4659 1685 4734 Jacob,

391 4762 464 4818 son,
484 4741 559 4803 Jud.
585 4745 634 4804 16.
665 4742 775 4816 Caesi,
799 4744 892 4804 vincti
914 4751 945 4803 et
960 4743 1089 4804 incarce
1139 4746 1267 4805 Latinus
1290 4743 1396 4817 codex,
1422 4744 1476 4806 sed
1491 4744 1559 4809 Jet
1581 4744 1622 4807 ab
1645 4766 1682 4808 ee

392 4829 452 4890 rati
465 4828 621 4891 Michaeas
638 4836 669 4890 et
685 4828 847 4906 Jeremiae,
863 4835 883 4895 3
898 4831 974 4910 Peg.
990 4829 1044 4890 ult
1061 4838 1092 4890 et
1141 4829 1276 4891 arbitrer.
1300 4831 1363 4894 Alii
1386 4830 1424 4891 de
1447 4832 1486 4890 iis
1511 4831 1685 4914 intelligunt

393 4914 508 4977 Jerem.
525 4916 575 4977 20.
591 4923 622 4976 et
637 4918 686 4977 37.
1141 4917 1179 4978 ab
1194 4918 1338 4992 hostibus,
1353 4916 1685 5002 veladomcsticiapro

435 5002 487 5064 et.
503 5002 660 5080 Lepiduti
674 5010 758 5065 mnt.
773 5001 816 5063 Ut
830 5001 954 5066 Naboth
966 5003 1088 5067 Jearee·
1140 5011 1171 5067 et
1180 5006 1299 5084 justitia
1312 5006 1549 5087 persecutiones,
1565 5006 1648 5086 odia,
1662 5028 1684 5092 p
