4442 5825
750 592 913 647 salmossa
930 593 948 646 l.
967 593 1054 647 ostri
1071 592 1164 646 PlilliL
1198 591 1282 646 vatis,
1300 591 1325 644 5.
1344 592 1370 646 6.
1699 598 1773 669 493

363 770 433 832 fleat
461 768 543 831 illins
566 770 675 830 aetatis
700 778 886 843 noemam,
918 768 949 829 id
977 776 1029 843 est,
1080 770 1249 844 excubate,
1276 771 1430 847 quereiam
1449 786 1566 829 meras
1591 774 1696 828 vestra
1722 785 1776 831 co-

363 878 426 919 rum
445 857 555 937 judicii
572 855 659 917 diem.
698 857 789 917 Tunc
812 858 891 917 enim
910 856 1028 917 demum
1075 860 1170 934 piosa
1185 864 1228 917 est
1243 860 1279 917 io
1294 859 1394 917 coelia.

363 945 411 1006 lus
426 945 480 1005 illa
493 943 691 1018 revelabitur,
714 943 914 1024 omnibusque
929 945 1028 1024 palam
1122 944 1219 1021 Igitur
1234 945 1269 1003 B.
1285 943 1395 1004 Petrus
1416 942 1491 1002 haee
1512 941 1618 1003 scribit
1637 940 1776 1002 fidelibus

363 1040 514 1108 notescet3
537 1050 596 1091 nen
618 1032 694 1110 ipsis
717 1032 815 1091 aelam
840 1031 952 1103 electis,
976 1029 1030 1091 sed
1080 1029 1199 1104 electis,
1241 1032 1453 1109 congratulans
1485 1049 1588 1090 eorum
1625 1029 1775 1103 felicitati;

363 1117 519 1179 dmundo.
542 1118 1030 1196 Nuncquideminterimanimae
1079 1124 1235 1196 tamquam
1265 1117 1396 1178 diceret:
1430 1116 1556 1189 Eorum,
1594 1135 1674 1196 quae
1704 1114 1777 1189 dixi,

363 1214 476 1267 storum
485 1212 614 1285 regnant
622 1224 686 1264 curn
696 1206 813 1266 Christe
824 1225 832 1279 ς
844 1203 898 1264 sed
906 1223 1029 1284 regnum
1080 1204 1317 1265 consideratione
1329 1208 1435 1265 merito
1447 1202 1589 1282 gaudetis
1601 1212 1632 1263 et
1643 1203 1775 1265 exsulta-

363 1314 382 1354 c
407 1300 544 1353 nonest
569 1292 758 1366 universale,
788 1311 844 1351 uec
869 1290 1030 1364 hominum,

363 1379 382 1441 d
397 1374 448 1455 (ut
465 1375 544 1453 dixi)
557 1379 742 1455 animarum3
757 1398 813 1439 nec
828 1377 925 1437 adhuc
939 1379 1029 1438 mani·

363 1478 457 1538 nunt,
472 1470 533 1526 imo
548 1485 567 1524 a
581 1464 685 1525 multis
699 1486 761 1526 non
777 1464 929 1525 creditum.

369 1555 399 1614 6.
426 1554 542 1630 Inque
552 1552 755 1613 exsultabitis.
779 1552 911 1614 Graece:
929 1543 1030 1628 ἀγαλ-

363 1638 464 1716 teor,
481 1641 643 1701 resultatis
648 1660 660 1715 ,·
684 1648 774 1715 atque
789 1643 831 1699 ita
845 1638 956 1717 legisse
971 1637 1028 1699 Oe·

363 1729 517 1799 menium,
540 1734 666 1787 wustat.
702 1727 754 1788 Sic
776 1736 807 1786 et
827 1727 911 1785 multi
931 1726 1031 1786 Latini

363 1812 449 1876 dices
474 1813 684 1893 manuscripti;
709 1823 744 1874 nt
761 1816 816 1874 vix
839 1813 961 1872 dubium
984 1815 1030 1885 sit,

363 1904 399 1963 in
415 1901 550 1962 Latinus
562 1901 713 1979 interpres
730 1903 773 1960 ite
787 1901 949 1979 scripserit.
971 1898 1030 1960 Sed

363 1998 463 2049 turam
480 1997 600 2068 tempus
623 1988 689 2048 loco
711 1989 879 2067 praesentis
903 1989 1029 2066 irrepsit,

363 2075 411 2137 ted
421 2095 532 2137 sensus
544 2077 588 2134 ita
599 2075 750 2154 pertulere
757 2074 917 2134 videretur.
941 2074 1031 2134 Unde

369 2162 577 2225 oecumenius
599 2181 742 2242 praesens
764 2180 820 2241 pro
842 2160 941 2220 futuro
957 2159 1032 2220 dicit

363 2250 438 2331 cipi.
478 2248 570 2329 Quod
586 2249 686 2309 etalii
710 2249 832 2330 quidam
855 2258 1030 2327 sequuntur.

363 2357 429 2420 que
443 2357 507 2397 non
520 2336 613 2410 male,
628 2337 654 2395 si
669 2335 765 2397 istud:
787 2338 823 2395 in
838 2354 919 2411 quo,
935 2335 1028 2395 reser-

363 2438 386 2499 t,
415 2432 544 2501 tempas
559 2427 765 2485 econamum
773 2467 783 2497 ,
810 2431 845 2481 ut
859 2422 904 2482 illi
916 2423 1029 2482 volunt.

363 2532 403 2573 un
422 2513 610 2591 intempore
631 2511 795 2572 novissimo
815 2530 876 2571 nou
899 2511 1029 2570 exsulta·

363 2619 409 2670 as,
439 2599 497 2658 sed
516 2597 744 2659 exsultabimus.
780 2595 926 2657 Merebat
941 2599 1030 2656 etism

363 2686 501 2765 tilcgiae
516 2687 631 2766 species
642 2686 673 2745 iu
688 2682 789 2745 verbis
800 2683 941 2764 Apostoli
957 2685 1029 2744 alio·

363 2774 511 2834 tratura.
548 2772 693 2851 Sequitur
715 2773 811 2831 enim:
841 2774 935 2833 Nm
958 2790 1030 2833 con·

363 2863 458 2922 *stata
484 2857 645 2939 Quomodo
657 2879 728 2938 ergo
744 2860 789 2918 eia
802 2856 922 2932 diceret,
937 2858 1030 2921 verbe

363 2948 502 3009 reseniis
523 2947 683 3025 temporis:
709 2945 891 3020 Exsultatis3
914 2966 949 3005 ac
971 2967 1031 3006 non

363 3037 431 3095 tina
448 3036 482 3094 in
498 3032 615 3093 futuro:
630 3032 854 3093 Exsultabitis?
871 3032 1031 3112 Quomodo

363 3122 473 3182 lvstor
488 3123 548 3181 ait:
563 3123 669 3196 Beati,
686 3123 742 3197 qai
752 3138 841 3181 nanc
850 3121 941 3198 fletis,
955 3123 1031 3198 qaia

363 3209 493 3282 lebitis,
509 3208 584 3268 Luc.
602 3209 631 3268 6.

364 3297 471 3375 Aequi
499 3293 658 3354 dicendum
685 3302 746 3366 est,
773 3293 968 3374 particulam:
995 3296 1030 3353 io

363 3401 406 3457 ιο,
437 3401 500 3442 non
525 3379 641 3441 referre
666 3387 789 3456 tempas
813 3384 1030 3455 novissimum,

363 3468 376 3530 l
401 3477 502 3529 totum
526 3466 732 3547 complexum,
764 3468 846 3546 quod
868 3469 1033 3546 praecessit

374 3574 437 3637 spe
453 3563 558 3615 nostra
574 3562 751 3614 conservata
774 3558 803 3614 in
827 3554 920 3615 coelis
936 3555 1032 3634 deque

363 3642 428 3704 late
451 3649 562 3722 parata
586 3641 712 3702 revelari
736 3643 767 3701 in
782 3642 946 3701 novissimo
962 3651 1032 3700 tem-

363 3749 409 3791 re.
451 3729 542 3788 Haec
564 3730 644 3788 enim
660 3736 743 3801 sunt,
767 3747 846 3806 quae
870 3730 1030 3788 maximam

363 3817 433 3889 bis,
459 3816 551 3875 etiam
576 3817 608 3874 in
631 3815 689 3874 boc
710 3816 863 3895 praesenti
888 3824 1031 3894 tempere,

363 3900 503 3964 saltandi
531 3903 688 3961 materiam
713 3901 868 3981 praebent.
906 3902 969 3974 Ita,
998 3910 1032 3960 ut

363 3991 401 4064 ri,
433 3986 527 4048 illud:
554 3993 588 4049 in
615 4006 693 4065 quo,
725 3987 980 4067 expcnnntBeda
1002 3997 1032 4048 et

363 4077 384 4138 i.
423 4075 496 4135 Nec
510 4074 574 4134 nlla
589 4078 788 4154 repugnantia
804 4084 865 4147 est,
889 4094 955 4147 eos,
980 4077 1032 4154 qui

363 4173 431 4224 stes
448 4169 536 4234 snut,
551 4162 722 4234 exsultare3
749 4161 820 4222 dum
835 4162 1032 4222 attenduntur

363 4253 460 4312 iones
487 4248 634 4309 diversae.
668 4250 842 4309 Tristautur
864 4249 941 4308 euim
964 4269 1030 4328 pro-

363 4357 391 4400 er
407 4335 590 4396 afflictiones
602 4344 795 4415 praesentes;
812 4334 966 4396 exsultant
980 4355 1029 4395 au·

363 4445 381 4486 o
393 4426 431 4486 in
442 4442 501 4503 spe
511 4421 715 4483 retributionis
728 4422 853 4495 futurae,
866 4422 1030 4482 secundum

1080 1292 1125 1350 tis.
1164 1291 1242 1351 Sunt
1267 1295 1345 1351 enim
1371 1293 1505 1352 maxima
1530 1291 1625 1365 bona,
1651 1308 1777 1371 quorum

1081 1385 1165 1437 certa
1191 1398 1261 1457 epea
1287 1379 1394 1457 ingens
1428 1376 1574 1458 gaudium
1608 1381 1722 1438 excitat
1746 1378 1777 1437 in

1080 1466 1187 1523 animis
1214 1465 1416 1539 credentium,
1443 1467 1533 1525 etiam
1561 1466 1639 1525 inter
1661 1464 1777 1524 medias

1080 1551 1265 1612 afflictiones.
1301 1551 1502 1614 confirmatur
1523 1551 1572 1611 hic
1594 1560 1776 1612 commente-

1080 1640 1143 1699 rius
1159 1658 1197 1699 ex
1213 1658 1264 1712 eo,
1288 1641 1370 1719 quod
1385 1640 1476 1721 paulo
1492 1647 1561 1719 post
1575 1641 1711 1719 sequitur
1727 1657 1775 1699 eo·

1079 1724 1147 1786 dem
1164 1745 1266 1787 sensu:
1293 1727 1461 1789 Oredeates
1482 1733 1589 1787 ceam
1614 1728 1776 1788 comitatis

1080 1813 1203 1872 laetitia
1233 1815 1448 1875 inenarrabili
1474 1821 1528 1873 etc.
1566 1814 1637 1874 Non
1662 1815 1776 1893 ignoro,

1080 1919 1169 1979 posse
1185 1900 1273 1960 etiam
1289 1903 1366 1961 verti
1388 1901 1476 1962 modo
1498 1901 1708 1981 praeceptive:
1735 1902 1777 1961 In

1079 2006 1142 2062 quo
1162 1988 1323 2047 exsultate.
1359 1988 1446 2067 erae
1468 1991 1570 2050 versio
1593 1986 1777 2068 quibusdem

1079 2072 1197 2153 placet3
1223 2075 1309 2135 nobis
1331 2096 1392 2136 non
1414 2079 1495 2136 item.
1533 2075 1674 2136 Nondum
1698 2076 1777 2136 enim

1080 2163 1165 2221 venit
1179 2161 1218 2220 ad
1233 2173 1412 2242 praecepta3
1428 2163 1482 2223 sed
1497 2161 1596 2222 adbuc
1607 2164 1638 2222 in
1654 2162 1777 2222 exordio

1079 2257 1236 2321 versatur,
1252 2268 1313 2328 quo
1329 2250 1568 2312 benevolentiam
1584 2252 1705 2310 excitat.

1122 2335 1283 2395 Modicum
1299 2355 1398 2412 auae,
1413 2340 1439 2398 ai
1452 2344 1585 2413 oportet,
1598 2339 1778 2398 contristati

1079 2424 1116 2481 irs
1130 2425 1231 2482 variis
1243 2424 1480 2485 tentationibas.
1504 2424 1680 2503 Legendnm
1696 2424 1775 2484 arbi·

1080 2517 1156 2569 trcr:
1182 2514 1379 2585 contristati,
1406 2533 1467 2573 nou
1482 2515 1687 2587 contristari5
1703 2521 1776 2572 tam·

1080 2597 1137 2656 etsi
1153 2600 1243 2656 etiam
1256 2597 1371 2658 Bedam
1386 2599 1442 2660 hec
1457 2609 1546 2677 pacto
1561 2600 1682 2680 legisse,
1698 2619 1776 2659 com-

1079 2685 1243 2744 mentarius
1269 2686 1333 2764 ejus
1361 2688 1468 2766 arguit
1506 2688 1548 2746 At
1573 2687 1690 2748 Graece
1718 2694 1776 2747 est·

1081 2760 1291 2847 λυπηθέντες,
1322 2793 1382 2834 non
1411 2770 1590 2834 loacicdar.
1635 2771 1698 2834 Ubi
1720 2791 1777 2834 nec

1079 2867 1164 2919 tanta
1189 2866 1234 2917 eet
1261 2860 1426 2923 similitudo
1453 2880 1579 2937 vocum,
1606 2869 1720 2941 quanta
1745 2862 1778 2921 in

1079 2947 1203 3018 Latino,
1226 2955 1260 3005 ut
1274 2948 1398 3009 alteram
1423 2969 1476 3029 pro
1492 2948 1589 3010 altera
1603 2950 1670 3028 quis
1686 2948 1777 3008 facila

1079 3033 1191 3092 scribat
1206 3042 1260 3092 out
1274 3035 1364 3113 leget
1402 3037 1464 3096 Sed
1481 3049 1512 3095 et
1526 3056 1632 3096 sensus
1647 3055 1775 3096 commo·

1080 3118 1144 3179 dior
1160 3128 1219 3191 est,
1246 3122 1334 3180 mode
1360 3124 1529 3182 memineris
1552 3143 1619 3183 earn
1643 3133 1777 3202 partem:

1079 3210 1105 3265 si
1121 3214 1260 3282 oportet,
1277 3219 1438 3282 commate,
1461 3228 1515 3268 eeu
1531 3212 1628 3269 mavia
1643 3209 1777 3269 clausula

1080 3293 1289 3373 parenthetica
1312 3297 1511 3375 separandam
1533 3316 1552 3355 a
1574 3298 1710 3377 sequenti
1733 3295 1776 3356 di·

1081 3383 1195 3441 ctione:
1216 3386 1401 3443 contristati.
1426 3383 1549 3443 Missale
1564 3383 1730 3443 Romanum
1746 3385 1778 3444 in

1081 3466 1260 3545 quibusdam
1273 3470 1525 3548 impressionibus,
1543 3471 1631 3531 etiam
1649 3471 1775 3531 Antver·

1080 3553 1249 3633 piensibus,
1266 3555 1370 3616 habuit
1384 3561 1565 3617 contristati
1570 3579 1582 3633 ,·
1609 3558 1692 3617 velut
1707 3557 1778 3617 anni

1085 3641 1176 3700 1677.
1199 3642 1381 3723 Interpretes
1396 3644 1464 3716 alii,
1485 3663 1544 3722 quo
1560 3664 1655 3705 sermo
1671 3643 1776 3704 diluci-

1082 3728 1149 3787 dior
1169 3730 1223 3801 sit,
1250 3728 1314 3789 iere
1337 3750 1402 3790 earn
1433 3740 1563 3811 partem:
1590 3734 1616 3791 si
1642 3738 1776 3806 oportet,

1081 3815 1220 3892 rejiciunt
1236 3817 1265 3875 in
1280 3817 1383 3890 finem,
1410 3818 1468 3877 hoc
1482 3818 1587 3877 modo:
1615 3818 1777 3879 Modicum

1082 3919 1170 3962 auae
1185 3906 1364 3963 corrtriatati
1375 3908 1411 3965 ire
1426 3908 1526 3964 variis
1537 3905 1775 3980 tentationibas,

1082 3991 1203 4064 siopua
1217 3994 1265 4048 sit.

1126 4074 1312 4137 Adverbium
1327 4079 1486 4138 modicam
1494 4122 1504 4152 ,
1528 4077 1649 4140 Graece
1662 4071 1776 4157 ὀλίγον,

1082 4161 1247 4221 secundum
1266 4164 1412 4243 quosdam
1433 4166 1670 4244 magnitudinem
1693 4168 1775 4228 dimi·

1080 4250 1164 4308 nuit:
1183 4250 1344 4311 secundum
1361 4252 1435 4312 alies
1451 4251 1649 4314 durationem.
1687 4254 1777 4333 Quod

1082 4342 1129 4394 est
1150 4336 1346 4415 probabilius.
1381 4339 1480 4399 Sentit
1503 4342 1582 4400 euim
1604 4341 1777 4420 Apostolus,

1081 4427 1272 4484 tentationes
1278 4469 1288 4499 ,
1306 4425 1335 4485 id
1351 4434 1398 4485 est
1412 4426 1586 4487 afflictiones
1598 4427 1687 4505 bajus
1703 4437 1776 4488 tem·

363 4509 400 4572 ad
431 4508 526 4568 Pauli
551 4509 639 4569 Rom.
668 4511 733 4570 12:
761 4511 823 4586 Spe
848 4509 1030 4585 pandentes.
1080 4511 1175 4589 poris,
1199 4513 1253 4570 etsi
1268 4511 1377 4571 multas
1392 4520 1423 4573 et
1437 4514 1514 4573 alias
1529 4514 1596 4574 eliis
1611 4516 1776 4592 graviores,

383 4599 486 4660 etiam
507 4595 557 4656 bic
580 4595 676 4657 locum
701 4597 823 4669 habeat,
848 4594 929 4675 quod
952 4596 1030 4656 idem
1081 4617 1140 4656 non
1159 4596 1209 4656 diu
1232 4598 1405 4671 duraturas,
1435 4598 1488 4660 sed
1512 4601 1597 4661 brevi
1618 4600 1775 4662 finiendas.

363 4682 496 4746 testulus
513 4683 620 4744 scribit
642 4685 673 4744 in
696 4703 825 4762 persona
848 4682 1030 4743 ministerum
1081 4682 1133 4744 Sic
1148 4684 1224 4745 infra
1248 4706 1312 4765 cap.
1329 4687 1374 4745 5.:
1401 4688 1562 4748 Modicam
1581 4705 1691 4764 passae
1712 4692 1776 4764 ipae

363 4770 492 4852 angelii
506 4771 526 4829 2
539 4770 606 4831 Cer
624 4772 669 4831 6.·
695 4774 792 4851 Quasi
806 4774 927 4844 tristes,
949 4790 1031 4831 sem·
1078 4771 1230 4846 perficiet.
1267 4773 1350 4832 Hinc
1363 4773 1427 4847 alii,
1448 4775 1577 4834 vitantes
1597 4775 1775 4855 ambignita-

363 4877 379 4918 r
421 4863 533 4918 autem
569 4858 752 4933 pandentes.
797 4858 846 4917 Ita
882 4858 1031 4918 Dominus
1080 4866 1156 4931 tem,
1183 4868 1353 4921 verterunt.
1377 4820 1562 4936 paulisper,
1586 4879 1774 4939 parumper,

363 4943 436 5007 rttlr.
467 4945 515 5017 6.,
551 4963 619 5005 cnm
648 4943 793 5005 dixisset.
831 4946 945 5018 Beati,
978 4946 1032 5020 qai
1081 4945 1126 5004 ad
1142 4903 1377 5022 breoetempaa.

363 5037 457 5108 pant,
486 4987 596 5092 66666
609 5041 718 5112 postea
731 5032 819 5094 dicit.
848 5032 988 5093 Gaudete
1003 5037 1033 5091 et
1127 5001 1774 5115 Terrtatioaamnominesigniticanturaffli
