4442 5825
444 602 516 675 543
957 589 1192 647 commentus
1210 589 1241 646 Ill
1258 591 1326 648 CAP.
1340 593 1380 650 m.

442 772 576 845 inlemo,
612 773 787 833 constitutis
825 769 1024 852 praedicasse
1069 768 1138 831 Nisi
1191 769 1342 852 Theologi
1357 768 1496 849 vocant),
1519 791 1608 853 quam
1631 771 1689 853 qui
1710 770 1821 851 poeuis
1839 768 1879 832 ad·

442 858 523 940 quod
538 857 696 932 Calvinus,
712 865 829 919 utente
845 857 926 925 dixi,
949 878 1003 937 pro
1020 877 1139 917 carcere
1190 859 1248 919 huc
1265 856 1475 921 detinebantur
1497 860 1701 939 purgatoriis,
1724 860 1805 920 inter
1819 877 1881 938 quea

441 945 559 1008 mavult
573 945 738 1025 speculem,
753 947 785 1006 in
794 965 855 1025 qus
866 955 995 1024 aguntum
1007 943 1138 1023 vigiliae,
1191 953 1276 1006 eraut
1291 946 1336 1006 illi
1353 948 1423 1007 olim
1438 945 1599 1020 increduli,
1614 968 1677 1007 nou
1692 964 1818 1017 omum,
1839 944 1881 1004 aed

442 1052 610 1096 aceessum
627 1033 706 1092 bunc
721 1033 806 1105 iacit,
833 1034 951 1111 piorum
976 1033 1092 1092 animas
1108 1033 1138 1090 in
1189 1031 1295 1112 aliqui.

441 1140 524 1200 spem
556 1120 663 1179 salutis
692 1123 856 1201 promissae
885 1116 979 1178 inmas
1001 1121 1138 1190 intentas,
1233 1121 1353 1180 Etenim
1369 1118 1458 1180 valde
1474 1118 1618 1180 credibile
1633 1129 1694 1194 est,
1710 1119 1807 1198 juxta
1821 1117 1883 1181 illul

441 1208 529 1288 qnasi
544 1209 660 1267 eminus
676 1228 693 1268 e
708 1206 832 1287 specula
844 1225 910 1266 eam
922 1212 1138 1286 exspectarent
1189 1205 1305 1268 Psalmi
1322 1207 1387 1266 tc:
1405 1207 1485 1269 Ciam
1500 1206 1656 1268 occideret
1671 1225 1745 1282 eoa,
1760 1225 1882 1285 questa

441 1295 554 1354 Verum
570 1295 673 1373 inepta
687 1294 763 1355 haec
777 1292 953 1372 metaphora
967 1301 1022 1353 eat
1059 1291 1138 1351 Nam
1191 1294 1268 1355 bant
1284 1312 1373 1367 eum,
1401 1293 1509 1354 multos
1530 1313 1567 1354 er
1584 1295 1641 1366 iis,
1669 1296 1726 1377 qui
1741 1292 1881 1374 praediea·

440 1400 512 1440 usus
527 1382 669 1460 speculae
692 1390 722 1440 et
743 1379 916 1460 vigiliarum
940 1400 999 1440 non
1022 1386 1070 1439 est
1088 1399 1137 1438 ex·
1189 1384 1301 1442 tionem
1316 1382 1383 1440 Noe
1398 1380 1600 1442 denuntiantis
1614 1383 1776 1442 interitum
1791 1400 1882 1462 pecca·

441 1476 594 1550 spectare,
610 1467 663 1528 sed
680 1468 854 1541 observare,
873 1485 912 1525 ne
929 1466 1001 1545 quid
1016 1464 1136 1526 insidia·
1190 1469 1321 1540 toribus,
1362 1476 1582 1528 contemserunt
1610 1477 1667 1530 aut
1695 1467 1882 1549 neglexerant

440 1576 505 1616 rum
532 1556 628 1615 hostis
653 1555 800 1615 moliatur.
838 1554 899 1614 Sed
926 1573 983 1613 nec
1010 1571 1138 1632 usquam
1190 1555 1286 1635 (quod
1301 1555 1350 1616 hic
1361 1554 1472 1616 Petrus
1484 1564 1572 1615 vocat
1583 1554 1763 1616 incredulos
1777 1551 1880 1628 iniussi

441 1634 580 1719 φυλακὴ,
597 1662 650 1720 pro
666 1644 895 1718 exspectatione
910 1642 1039 1720 ponitur.
1190 1643 1420 1723 superveniente
1437 1651 1466 1701 et
1480 1641 1647 1703 inundante
1663 1641 1799 1713 diluvic,
1823 1661 1879 1722 poe

484 1730 567 1789 Tota
581 1730 672 1808 igitur
688 1729 823 1808 quaestio
838 1737 898 1800 est,
921 1727 1031 1807 quibus
1050 1727 1136 1806 spiri·
1189 1731 1346 1789 nitentium
1369 1748 1408 1789 ex
1431 1732 1537 1790 timore
1559 1731 1755 1809 concepisse,
1780 1747 1880 1800 reram

440 1816 519 1876 tibus
536 1815 616 1893 apud
632 1816 758 1888 inferos,
782 1813 899 1894 etquid
915 1813 1138 1893 praedicaverit

441 1901 596 1976 Christus,
623 1906 659 1965 in
681 1906 815 1981 spiritu,
843 1900 872 1960 id
900 1910 948 1960 est
973 1898 1136 1960 seeundum

440 1991 587 2060 animam,
616 1990 655 2051 ad
685 2010 737 2049 eos
766 1987 926 2068 profectus.
978 1988 1028 2048 Sic
1057 1989 1136 2046 enim

440 2076 531 2136 illud:
547 2080 678 2153 inquo,
703 2078 896 2156 exponimus,
920 2084 1136 2153 consequenter

441 2165 485 2233 ei,
512 2162 593 2244 qnod
619 2164 798 2244 praecessit:
826 2163 1004 2238 vivificatus
1029 2170 1135 2221 auum

440 2252 556 2327 spiritu
564 2273 576 2328 ,·
592 2271 683 2311 sensu
692 2247 938 2311 videlicetobvio.
962 2249 1040 2307 Nam
1053 2247 1136 2326 quod

441 2333 638 2398 Oecumeuius
667 2357 732 2397 earn
763 2336 938 2416 particulam
976 2335 1136 2395 causaliter

439 2427 670 2505 interpretatur,
686 2427 722 2485 in
738 2442 800 2500 quo
807 2469 817 2499 ,
835 2421 865 2482 id
881 2432 927 2483 est
941 2423 1022 2496 ideo,
1039 2425 1136 2483 minus

438 2514 583 2573 usitatum
605 2521 660 2572 est.
694 2511 772 2572 Sunt
794 2518 897 2570 autem
918 2508 955 2569 de
981 2529 1017 2569 ea
1043 2528 1133 2588 quae·

439 2601 537 2660 stione
552 2610 613 2659 tres
628 2600 790 2678 generatim
807 2598 971 2674 opiniones.
1003 2597 1134 2676 Quidam

439 2687 519 2746 euim
536 2685 617 2744 solos
632 2687 727 2745 bonos
742 2685 864 2764 spiritus
877 2683 1052 2762 intelligunt,
1069 2684 1132 2763 qui·

438 2771 496 2833 bus
511 2771 685 2852 praedicata
700 2773 740 2831 sit
754 2780 782 2830 et
798 2772 941 2849 praestita
957 2790 995 2830 ex
1009 2768 1134 2830 internis

440 2857 515 2920 locis
537 2858 692 2932 liberatio3
716 2858 768 2917 alii
786 2858 867 2919 solos
889 2857 1000 2929 malos,
1022 2856 1134 2936 quibus

439 2945 616 3007 denuntiata
639 2956 667 3005 et
687 2945 861 3006 confirmata
885 2945 1052 3021 damneti03
1080 2944 1133 3004 alii

438 3032 570 3112 denique
593 3040 653 3092 um
675 3032 785 3104 bonos,
811 3051 901 3111 quam
923 3031 1033 3102 malos,
1061 3051 1132 3111 qno·

437 3136 503 3178 rum
519 3119 586 3180 aliis
599 3117 785 3179 liberationis
797 3120 952 3192 sententia,
968 3119 1036 3178 aliis
1052 3117 1133 3176 dam·

437 3207 568 3266 ustionis
584 3208 761 3265 annuntiata
773 3204 872 3264 fuerit.

481 3292 599 3353 Primae
613 3293 746 3373 opinioni
756 3292 838 3352 foret
848 3292 1027 3351 vocabulum
1033 3309 1132 3367 proe-

437 3380 584 3453 dicundi,
601 3399 654 3459 pro
671 3400 729 3457 quo
745 3381 884 3458 sequenti
901 3381 1000 3455 capite
1015 3379 1131 3458 reponi·

1188 1815 1240 1877 sed
1257 1814 1469 1896 imperfectam.
1504 1814 1639 1895 Quorum
1661 1814 1793 1896 proinde
1805 1816 1878 1896 epiri

1189 1912 1236 1963 tus
1254 1904 1285 1963 in
1300 1921 1449 1963 carcerem
1466 1903 1547 1984 apud
1563 1902 1676 1963 inferos
1692 1902 1813 1965 detrusi
1825 1902 1877 1963 tus

1188 1992 1261 2063 rint,
1288 1998 1319 2049 et
1335 1991 1366 2050 in
1389 2010 1425 2050 eo
1441 1990 1569 2064 detenti,
1592 1989 1690 2052 donec
1705 1989 1828 2051 Christo
1846 1986 1878 2050 ed

1188 2076 1294 2138 eadem
1310 2075 1377 2137 loca
1389 2077 1592 2137 descendente
1604 2076 1817 2138 liberarentur.
1838 2073 1878 2136 Ad

1187 2184 1277 2243 quem
1292 2183 1412 2224 sensum
1428 2167 1517 2224 etiam
1532 2163 1647 2224 Hilarii
1662 2174 1695 2225 et
1707 2163 1878 2244 Hieronymi

1187 2251 1281 2312 verbs
1307 2250 1479 2330 supradicta
1509 2259 1635 2331 possunt
1664 2252 1777 2332 aptari
1813 2251 1878 2313 llam

1187 2338 1323 2398 Hilarius
1361 2338 1517 2418 distinguit
1554 2348 1679 2400 sanctos
1710 2338 1743 2398 in
1775 2337 1879 2400 inierat

1187 2427 1394 2504 quiescentes,
1420 2425 1451 2486 id
1467 2433 1513 2485 est
1528 2428 1559 2486 iu
1575 2428 1641 2487 sion
1660 2426 1807 2488 Abrabae
1820 2435 1879 2487 tuus

1186 2514 1314 2592 positos,
1336 2512 1374 2572 ab
1389 2514 1442 2584 iis,
1463 2514 1517 2591 qui
1536 2514 1567 2572 in
1590 2532 1715 2574 carcere
1732 2522 1834 2587 erant,
1852 2519 1880 2571 ut

1187 2601 1216 2658 in
1232 2599 1297 2658 loco
1313 2599 1444 2679 poenali,
1459 2609 1565 2660 vetera
1580 2599 1682 2660 adbuc
1694 2609 1878 2680 peccatorum

1186 2705 1308 2746 auorum
1323 2685 1424 2746 debita
1439 2686 1575 2762 luentes3
1595 2706 1689 2767 quem
1704 2685 1809 2749 locum
1822 2706 1877 2767 per

1185 2775 1335 2852 guterium
1351 2792 1502 2833 vocamus.

1228 2859 1436 2939 Hieronymus
1462 2876 1586 2941 quoque
1611 2879 1673 2920 non
1697 2862 1810 2934 sentit,
1833 2859 1877 2922 ali·

1186 2966 1263 3027 quos
1279 2948 1344 3007 sine
1360 2948 1544 3027 poenitentia
1567 2944 1763 3009 discedentes
1778 2966 1817 3009 ex
1829 2946 1876 3007 bas

1186 3034 1247 3093 vita
1270 3053 1360 3112 posse
1383 3034 1507 3105 salvari,
1534 3032 1615 3113 quod
1640 3041 1687 3093 est
1710 3051 1878 3115 semperque

1185 3119 1240 3180 luit
1251 3120 1385 3180 alienum
1396 3140 1414 3179 a
1426 3118 1563 3180 doctriua
1574 3127 1605 3179 et
1616 3138 1709 3180 sensu
1720 3122 1876 3190 Ecclesiae

1185 3216 1277 3287 atque
1300 3208 1377 3267 inter
1399 3206 1539 3266 haereses
1562 3216 1739 3267 recensetur
1761 3209 1801 3271 ab
1814 3206 1875 3286 lipi-

1185 3294 1296 3373 phsnio
1311 3292 1428 3353 haeresi
1446 3295 1496 3355 46.
1514 3301 1545 3351 et
1566 3292 1605 3351 ab
1621 3293 1798 3373 Augustino
1816 3294 1875 3355 bae

1184 3382 1243 3440 resi
1261 3381 1326 3454 79.;
1342 3379 1396 3439 sed
1411 3380 1591 3457 Hieronymi
1606 3380 1704 3441 rerba
1719 3381 1876 3459 procedunt

436 3474 484 3525 tur
499 3466 751 3541 evanpeliacndi.
789 3466 864 3525 Nam
881 3465 951 3524 mali
968 3468 997 3525 iu
1013 3465 1131 3525 inferno
1184 3487 1222 3527 ex
1247 3466 1410 3545 hypothesi
1436 3464 1635 3545 poenitentiae
1667 3476 1742 3529 ente
1763 3475 1875 3529 momen

335 3547 337 3549 ’
438 3571 504 3612 cnm
530 3554 591 3613 sint
616 3555 748 3614 aeternis
773 3553 879 3631 poenis
900 3550 1133 3611 irrevocabiliter
1184 3562 1363 3632 conceptae,
1387 3561 1489 3613 etnon
1503 3550 1600 3613 aliter.
1638 3551 1739 3626 Nam,
1762 3551 1874 3620 utdix't

436 3637 559 3713 addicti,
574 3638 689 3700 nullius
701 3641 765 3718 jaro
782 3638 941 3716 Evangelii
956 3646 1027 3697 suut
1042 3657 1130 3717 caps·
1183 3639 1343 3699 verisimile
1357 3647 1419 3712 est,
1442 3638 1552 3699 multos
1574 3640 1664 3718 aquis
1681 3641 1793 3703 diluuii
1806 3657 1872 3703 ee*

436 3743 495 3784 ces.
533 3724 576 3785 At
589 3744 645 3805 pro
668 3724 802 3786 secunda
817 3726 957 3803 opinione
971 3723 1070 3783 iacere
1086 3726 1129 3783 vi·
1183 3726 1346 3807 prehensos
1362 3723 1401 3786 ad
1417 3745 1468 3787 cor
1481 3724 1623 3800 rediisse,
1642 3744 1680 3787 ac
1694 3727 1758 3789 Dei
1771 3724 1871 3790 mmcd

435 3811 540 3885 detur,
564 3811 646 3892 quod
668 3810 837 3873 incredulos
857 3810 951 3870 fuisse
974 3810 1047 3871 dicit
1070 3830 1130 3885 eos,
1183 3812 1313 3873 cordiam
1330 3814 1522 3892 impetrasse,
1538 3831 1576 3873 ne
1590 3813 1622 3871 in
1633 3823 1792 3875 aeteruum
1806 3812 1871 3896 peri

435 3898 545 3977 quibus
575 3897 713 3959 Christus
743 3896 936 3975 praedicavit
989 3898 1131 3977 Denique
1182 3908 1257 3962 rent.
1282 3899 1370 3975 Quod
1382 3899 1460 3960 idem
1472 3898 1563 3959 liceat
1574 3896 1677 3960 dicere
1690 3900 1731 3962 de
1746 3903 1872 3979 iie,quea

433 4004 488 4064 pro
503 3987 591 4045 tertis
605 3985 763 4046 adducitur
779 3993 955 4064 utrumque3
978 3985 1048 4044 hinc
1062 4004 1128 4044 vor·
1182 3985 1352 4046 incendium
1367 3986 1583 4047 sodomiticum
1599 3988 1755 4068 corripuit.
1787 3986 1872 4049 Helle

434 4071 503 4132 bum
519 4073 780 4148 ecnnpels’sendi,
804 4072 877 4132 inda
898 4091 1005 4131 nomen
1024 4073 1129 4131 incre-
1182 4074 1277 4151 magis
1300 4091 1373 4131 vero
1397 4072 1435 4133 de
1450 4072 1598 4133 Israelitis
1621 4074 1652 4133 in
1676 4074 1801 4136 decemo
1814 4090 1871 4155 pre

433 4157 594 4218 delorem.
618 4160 694 4219 Nam
710 4159 790 4239 apud
803 4157 912 4218 inieros
924 4158 1130 4236 evangelizari
1182 4161 1298 4231 stratis,
1329 4160 1381 4238 qui
1406 4159 1473 4238 lege
1503 4160 1645 4219 divinitus
1668 4170 1798 4243 accepta
1816 4162 1871 4240 ju

433 4263 494 4304 non
509 4253 684 4325 potnerunt,
701 4245 851 4306 nisibeni.
1181 4248 1319 4307 instructi
1350 4256 1448 4319 erant,
1478 4266 1533 4307 noc
1562 4246 1655 4307 simul
1686 4268 1795 4309 omnes
1820 4263 1871 4307 aaa

475 4332 558 4392 Inter
572 4331 626 4391 bas
642 4334 798 4413 opiniones
809 4332 904 4412 prims
919 4331 986 4410 plus
1001 4333 1128 4391 caeteris
1182 4333 1273 4412 plaga
1297 4336 1447 4412 percussi,
1470 4332 1524 4393 sed
1546 4333 1691 4412 paulatim
1716 4355 1772 4415 per
1788 4348 1870 4396 annea

430 4418 543 4480 habere
556 4417 678 4479 videtur
694 4418 933 4498 probabilitatis,
956 4420 998 4477 its
1020 4428 1128 4488 tamen,
1181 4420 1378 4499 quadraginta
1394 4422 1517 4491 mortui,
1538 4421 1726 4481 interierunt

429 4514 463 4565 ut
478 4525 516 4567 ex
532 4515 717 4585 partetotum
731 4506 923 4584 intelligatur,
940 4503 1036 4579 idest,
1049 4505 1128 4586 quod
1226 4506 1416 4585 Quamquam
1432 4504 1515 4566 etde
1530 4507 1576 4578 iis,
1592 4507 1645 4586 qui
1657 4506 1776 4570 diluvio
1787 4506 1869 4589 peria·

431 4591 538 4654 dicitur
551 4592 756 4673 praedicatum
773 4593 868 4650 luisse
884 4590 1052 4670 spiritibus,
1076 4593 1126 4671 qui
1180 4601 1263 4664 runt,
1290 4592 1352 4651 tale
1375 4591 1447 4671 quid
1471 4593 1530 4653 dici
1551 4601 1668 4673 potest,
1695 4594 1792 4657 luisse
1815 4592 1870 4654 reti

430 4676 546 4740 fueraut
561 4679 631 4739 olim
647 4678 805 4750 increduli,
820 4677 999 4738 extendatur
1015 4678 1051 4737 ad
1065 4700 1126 4738 om·
1181 4678 1240 4738 Dei
1256 4679 1402 4752 cultores,
1418 4679 1471 4739 sed
1483 4680 1617 4740 moribus
1632 4700 1670 4742 ac
1686 4682 1800 4744 studiis
1814 4699 1868 4761 pce

429 4786 485 4826 nes
511 4767 634 4846 spiritus
663 4766 770 4826 salutis
800 4784 926 4844 capaces
954 4767 983 4824 in
1010 4765 1127 4825 inferno
1179 4763 1349 4825 ditissimos.
1374 4767 1483 4828 Omnis
1502 4770 1620 4844 quippe
1635 4785 1713 4829 caro
1728 4784 1868 4845 corrept·

428 4854 557 4931 positos,
583 4852 705 4931 qnando
724 4851 860 4912 Christus
885 4851 957 4911 illuc
987 4850 1126 4912 advenit:
1179 4859 1232 4911 rut
1254 4854 1343 4912 viam
1363 4869 1453 4912 ruam
1479 4871 1575 4929 super
1595 4862 1737 4932 mom,
1758 4853 1866 4918 Gemi

429 4947 491 4998 tam
506 4958 574 5011 eos,
602 4941 656 5019 qui
671 4947 755 4999 eraut
770 4948 841 4999 tunc
857 4939 887 4997 in
902 4939 967 4998 sinn
985 4937 1126 4998 Abrahae
1179 4938 1249 4999 Non
1272 4940 1350 4999 enim
1374 4957 1500 5019 usquam
1524 4938 1653 5020 legitur,
1679 4942 1764 5024 quod
1789 4940 1867 5004 iubs·

428 5021 567 5107 (qnorum
598 5024 819 5107 receptaculum
854 5023 976 5085 limbum
1007 5031 1126 5105 patrum
1178 5025 1262 5086 Deos
1278 5025 1448 5100 coluerunt,
1472 5035 1527 5088 aut
1541 5027 1624 5088 idola
1638 5029 1698 5091 sibi
1713 5029 1866 5094 fabricare
