4442 5825
676 597 839 655 tretotttt
862 601 903 661 sn
921 601 1088 659 mneos.
1112 604 1210 686 ⁴velte.
1231 605 1254 659 t.
1272 608 1297 658 2.
1645 614 1716 685 103

366 781 476 854 gentum
490 777 523 837 in
538 774 628 837 rebus
644 778 831 850 inanimatis,
846 785 881 838 nt
895 787 965 841 snut
1019 778 1134 840 παθεῖν
1165 780 1294 857 dicatur,
1330 783 1384 862 qui
1413 801 1481 844 oum
1509 781 1716 846 moderatione

374 863 501 941 ,panim
516 862 637 937 vinum,
651 862 761 943 lagana
777 873 848 939 etc,
863 868 963 927 sacri-
1018 866 1127 928 affectu
1156 870 1274 929 animae
1304 876 1449 929 movetur.
1488 869 1610 930 Tribuit
1636 873 1716 932 euim

369 967 441 1007 vero
472 956 590 1009 tantum
620 951 678 1011 sint
708 970 747 1011 ex
777 951 963 1014 animalibus.
1018 954 1196 1015 Aristoteles
1211 955 1290 1016 hanc
1307 956 1448 1016 virtutem
1462 975 1496 1015 sa
1517 956 1609 1028 ienti,
1648 978 1716 1019 uem

365 1033 483 1114 equod
495 1035 584 1096 dona
595 1037 656 1097 sint
666 1045 846 1117 spontanea,
862 1043 962 1100 saeri-
1017 1039 1091 1101 dicit
1105 1037 1297 1119 μετριοπαθῆ
1313 1031 1367 1118 μὲν
1384 1032 1473 1115 εἶναι,
1490 976 1597 1120 daubi
1615 977 1648 1102 dd
1663 1035 1715 1122 μὴ,

365 1140 433 1195 ’ero,
450 1140 531 1201 quae
548 1142 587 1182 ex
602 1126 788 1204 praescripto
803 1125 878 1205 legis
893 1135 964 1187 sunt
1017 1124 1048 1186 id
1071 1136 1116 1189 est
1138 1125 1290 1187 moderate
1312 1129 1509 1201 commoveri,
1533 1149 1591 1188 nou
1614 1140 1717 1192 antem

365 1250 374 1265 .
395 1207 448 1268 De
463 1207 576 1287 quibus
592 1211 727 1272 omnibus
743 1212 845 1291 agitur
858 1213 890 1272 in
904 1213 961 1274 Le
1016 1216 1112 1274 omnis
1129 1214 1276 1294 passionis
1292 1233 1419 1275 vacnum
1432 1232 1509 1288 esse,
1525 1214 1606 1295 quod
1622 1216 1716 1278 Stoici

365 1340 369 1361 ‚
397 1295 588 1374 potissimum
614 1317 679 1377 cap.
704 1301 732 1359 3.
759 1306 790 1358 et
816 1301 845 1360 4.
881 1298 963 1360 Hine
1015 1299 1167 1362 volebant.

368 1390 515 1461 apparet,
532 1381 613 1443 iliam
629 1392 761 1463 partem:
775 1403 837 1462 pro
849 1403 963 1461 pecca·
1059 1387 1106 1448 lle
1122 1388 1213 1466 igitur
1235 1386 1405 1467 pontificem
1421 1386 1583 1467 Apostolus
1605 1386 1713 1451 descri-

365 1467 452 1547 rpple
468 1467 646 1548 expiandis,
666 1479 784 1531 tantum
798 1471 836 1531 ad
851 1471 962 1532 sacriti-
1015 1471 1087 1533 bere
1100 1472 1242 1535 videatur
1255 1465 1438 1551 παθητικὸν,
1455 1474 1508 1552 qui
1522 1475 1714 1554 passionibus

365 1573 411 1613 ion
427 1556 519 1615 etiam
535 1555 574 1615 ed
591 1555 669 1616 dona
683 1555 871 1617 referendam
887 1577 961 1619 esse.
1015 1560 1106 1619 enimi
1122 1560 1330 1620 vehementius
1346 1561 1494 1638 agitetur,
1513 1561 1609 1640 exigit
1624 1560 1662 1621 ab
1679 1581 1714 1623 so

365 1638 530 1703 oblationes
546 1653 737 1722 spontaneae,
753 1644 871 1705 etiamsi
885 1644 962 1705 forte
1015 1646 1111 1724 ipsum
1127 1648 1216 1706 etiam
1231 1645 1454 1707 misericordiae
1464 1665 1519 1707 seu
1530 1648 1713 1728 compassio·

365 1727 504 1789 malibus
527 1727 651 1804 tierent,
673 1749 733 1790 non
756 1739 856 1790 tamen
878 1741 963 1793 erent
1016 1733 1062 1790 nis
1077 1731 1219 1793 affectum
1240 1732 1444 1806 moderatum,
1471 1753 1507 1793 ae
1528 1735 1645 1794 ratione
1660 1735 1715 1796 oir-

365 1815 477 1874 mus.
1016 1820 1139 1879 cumscri
1161 1827 1232 1878 tum.
1264 1818 1334 1899 Quo
1356 1820 1487 1900 pertinet
1509 1820 1598 1881 etiam
1621 1823 1712 1900 parti·

376 1899 477 1980 igitur
498 1901 631 1980 explicat
646 1902 811 1982 Apostolus
831 1904 960 1967 exterio·
1015 1904 1124 1985 cipium
1141 1840 1325 1983 desiperet,
1351 1908 1406 1983 qui
1417 1907 1532 1983 possit,
1552 1906 1582 1966 id
1599 1909 1714 1988 estqui

365 1995 467 2059 ctum,
498 1989 563 2048 aive
585 1988 728 2064 officinm,
759 1989 845 2068 cujus
865 1991 962 2069 gratia
1015 1990 1053 2050 sit
1068 1990 1194 2051 idoneus
1210 2001 1241 2052 et
1256 2002 1347 2072 aptus
1363 1990 1522 2052 condolere
1537 2000 1592 2054 etc.
1623 1991 1714 2075 Quod

365 2092 400 2135 oe
415 2075 620 2136 constituitur.
643 2074 681 2137 Id
695 2096 767 2138 vero
784 2084 838 2150 est,
854 2076 962 2137 offerre
1015 2096 1086 2137 vero
1112 2077 1255 2138 Erasmus
1282 2086 1313 2137 et
1342 2077 1395 2139 alii
1424 2077 1546 2158 qnidam
1572 2089 1713 2142 vertunt:

365 2158 498 2221 acdticie
519 2182 574 2240 pro
596 2162 717 2242 populo.
754 2162 859 2223 Habet
883 2164 961 2223 euim
1015 2165 1076 2242 Qui
1090 2163 1257 2240 placabilis
1279 2183 1340 2225 esre
1362 2168 1460 2240 possit
1474 2167 1710 2244 ipnorantibue,

365 2246 480 2307 stitutio
496 2246 614 2323 divina,
633 2259 668 2309 nt
681 2258 821 2311 externas
836 2249 959 2309 oblatio·
1014 2248 1047 2310 id
1062 2257 1118 2324 est,
1133 2252 1187 2330 qui
1200 2251 1297 2330 possit
1318 2249 1495 2332 placabilem
1517 2270 1550 2312 se
1571 2253 1609 2312 iis
1631 2254 1713 2315 exbi-

365 2332 457 2414 tpuli,
487 2335 597 2414 quibus
620 2337 646 2395 is
667 2356 753 2399 suam
779 2334 868 2398 tidem
894 2336 963 2397 vult
1014 2335 1102 2407 bere,
1128 2357 1190 2397 non
1212 2335 1342 2416 quadrat
1364 2337 1433 2397 huic
1455 2336 1538 2409 loco,
1564 2340 1713 2418 quianon

365 2420 438 2491 uri,
466 2439 529 2502 qua
553 2421 663 2496 credit,
688 2424 787 2484 Deum
811 2441 877 2482 esse
899 2442 959 2483 om·
1016 2423 1171 2501 quaeritur
1185 2421 1337 2502 pontifex,
1353 2423 1407 2503 qui
1422 2422 1580 2503 placabilis
1596 2425 1645 2499 sit,
1660 2423 1713 2485 sed

365 2505 517 2569 bonorum
545 2516 696 2569 auctorem
722 2518 752 2570 et
781 2510 960 2587 largitorem,
1015 2509 1065 2590 qui
1080 2509 1180 2570 Deum
1193 2508 1405 2590 peccatoribus
1429 2510 1580 2589 placetum
1596 2509 1711 2571 reddat.

365 2613 389 2655 te
410 2593 560 2654 beneficia
582 2603 634 2656 aut
655 2604 822 2676 exspectet,
850 2603 901 2656 aut
916 2615 960 2655 re·
1058 2596 1249 2672 Ipnorantes
1263 2606 1346 2669 sunt,
1361 2597 1431 2676 qui,
1448 2590 1713 2677 quodiacienddm

365 2681 434 2751 icit,
461 2688 621 2761 acceptare
642 2682 733 2756 nolit,
760 2685 817 2745 nisi
830 2701 886 2762 per
900 2702 959 2743 me·
1015 2690 1077 2754 est,
1100 2684 1247 2744 nesciunt.
1285 2685 1458 2761 Errantes,
1477 2685 1529 2764 qni
1543 2684 1574 2742 in
1590 2684 1711 2744 actioni·

365 2764 523 2828 acerdotis.
544 2767 639 2829 Porro
654 2789 721 2830 cum
736 2771 864 2832 intentio
879 2768 960 2849 Apo·
1014 2768 1071 2829 bus
1086 2771 1149 2831 suis
1164 2776 1278 2832 erecto
1295 2768 1428 2832 devient.
1458 2771 1628 2850 Utrumque
1642 2791 1711 2832 con·

365 2853 391 2914 it
413 2850 494 2915 bauo
516 2863 632 2933 purtem
654 2855 808 2937 applicare
834 2855 961 2929 Christo,
1014 2854 1176 2918 suetudine
1205 2858 1348 2918 sermonis
1380 2856 1516 2919 Hebraei
1544 2859 1711 2937 generatim

365 2939 437 3004 ttnc
458 2944 616 3016 statuitur,
643 2942 790 3004 adversus
813 2943 961 3004 haeresim
1014 2964 1067 3023 pro
1083 2943 1293 3024 peccatoribus
1307 2946 1466 3026 accipitur,
1491 2952 1599 3006 utnon
1614 2945 1711 3006 solnm

365 3029 391 3101 i,
419 3047 489 3100 eos,
515 3031 569 3108 qui
591 3040 660 3109 post
681 3029 860 3112 baptismum
882 3030 961 3109 lapsi
1014 3029 1223 3112 intelligantnr
1237 3031 1274 3104 ii,
1298 3049 1373 3111 quos
1398 3029 1499 3093 dicere
1513 3030 1643 3092 solemus
1658 3051 1712 3115 per

365 3132 422 3176 nou
437 3133 504 3174 esse
523 3116 714 3195 repellendos
728 3138 747 3177 a
763 3118 960 3196 poenitentia.
1013 3118 1211 3195 ignorantiam
1227 3124 1280 3177 aut
1294 3117 1497 3179 infirmitatem
1517 3117 1712 3201 delinquere;

365 3202 436 3262 dont
450 3200 617 3264 Aaronicus
628 3202 767 3264 sacerdos
783 3225 838 3284 pro
853 3222 959 3284 pecca·
1014 3206 1230 3277 verumetiam,
1245 3205 1608 3285 quimalitiosepeccunt.
1632 3205 1712 3267 Nem

365 3307 405 3348 rm
421 3286 606 3367 relapsurum
619 3290 959 3364 offerebatsaorifieium,
1014 3299 1043 3352 et
1064 3290 1102 3351 ad
1127 3292 1200 3351 istos
1224 3291 1373 3370 pontificis
1392 3290 1596 3352 misericordia
1619 3291 1712 3354 debet

365 3395 386 3436 ie
397 3372 492 3435 dubio
507 3376 578 3437 fecit
588 3386 618 3438 et
629 3376 777 3454 Christus,
794 3376 959 3459 etquidem
1014 3375 1152 3451 extendi,
1167 3379 1244 3438 sicut
1259 3384 1290 3437 et
1306 3374 1418 3437 Christi
1435 3376 1616 3439 extenditur.
1646 3377 1711 3439 Nec

365 3459 440 3542 puod
454 3462 548 3523 multo
564 3464 680 3525 valeret
693 3465 873 3543 generalius.
1013 3465 1092 3526 male
1107 3465 1197 3524 etiam
1208 3462 1379 3543 hujusmodi
1388 3472 1562 3545 peccatores
1574 3466 1712 3545 ignorare

365 3549 422 3628 put
436 3550 604 3612 condolere
618 3555 716 3628 possit
731 3555 780 3627 its,
797 3555 852 3630 qui
867 3554 960 3627 ipno·
1014 3562 1045 3611 et
1062 3571 1162 3612 errare
1177 3550 1328 3623 dicuntur,
1346 3553 1416 3630 quia
1432 3550 1596 3612 secundum
1611 3550 1707 3633 pbilo-

365 3643 522 3697 nerrant.
563 3636 716 3711 Ostendit,
745 3641 813 3718 quis
837 3637 960 3699 affectus
1015 3638 1142 3718 sophum
1160 3639 1262 3699 omnis
1276 3639 1381 3699 malus
1402 3642 1539 3714 ipnorat.
1575 3637 1667 3700 Unde
1682 3645 1712 3699 et

365 3722 453 3783 ititice
468 3725 647 3803 requiratur,
669 3724 784 3786 scilicet
799 3725 966 3786 misericor.
1015 3725 1264 3805 Theophylactus
1287 3744 1325 3785 ex
1343 3724 1391 3785 bis
1408 3724 1508 3786 vorbis
1523 3723 1711 3787 animadver-

365 3830 419 3890 rga
433 3820 604 3889 peccantes.
636 3812 829 3888 Gondolere,
846 3812 961 3872 Graece
1014 3813 1056 3886 tit,
1074 3831 1161 3873 omne
1173 3822 1329 3891 peccatum
1342 3832 1380 3873 cx
1392 3813 1560 3890 ignorantie
1571 3821 1601 3871 et
1612 3831 1712 3874 errore

365 3893 499 3972 medaii,
523 3896 606 3977 quod
629 3900 667 3959 ed
690 3900 814 3959 verbnm
830 3900 856 3958 si
871 3899 960 3958 inter·
1014 3900 1108 3961 nasci.
1130 3898 1201 3958 Non
1217 3900 1295 3957 euim
1313 3918 1438 3978 peccare
1449 3900 1516 3978 quis
1531 3906 1637 3977 potest,
1653 3900 1712 3960 nisi

365 3984 402 4052 ie,
418 3992 465 4044 est
479 3985 679 4046 mediocriter
691 3988 773 4062 pati.
796 3985 960 4065 Theopby·
1014 3986 1149 4066 practico
1164 3983 1279 4064 judicio
1304 3993 1437 4062 errante,
1461 3983 1712 4063 quemadmodum

374 4068 441 4130 suit
463 4069 543 4130 idem
565 4090 646 4144 esse,
670 4071 751 4151 quod
774 4068 960 4151 συμπαθεῖν,
1015 4073 1075 4132 late
1090 4071 1274 4132 ostendimus
1291 4074 1319 4132 2.
1339 4081 1413 4133 sent.
1430 4071 1499 4131 dist
1515 4073 1565 4130 22.

371 4160 512 4234 compati
526 4176 581 4217 seu
603 4158 779 4221 condolere.
816 4159 879 4219 Alii
893 4160 961 4237 plus
1059 4161 1219 4238 Quoniam
1239 4166 1268 4218 et
1286 4161 1353 4236 ipse
1368 4157 1583 4219 circumdatus
1598 4167 1642 4221 eet
1656 4160 1711 4222 in·

365 4251 465 4303 catum
480 4250 602 4323 putant,
628 4265 738 4325 nempe
761 4244 891 4306 medinm
906 4244 960 4305 ali·
1015 4246 1173 4325 tinniente.
1203 4246 1293 4306 Ratio
1310 4246 1493 4326 significatur
1509 4243 1655 4308 inducens
1672 4243 1713 4307 ad

365 4340 429 4392 nter
443 4331 609 4393 contrarios
623 4332 765 4407 affectus,
788 4333 874 4412 quasi
897 4351 961 4392 seu·
1016 4334 1263 4412 compassionem:
1294 4332 1558 4410 Quandoquidem
1588 4342 1618 4394 et
1647 4336 1712 4409 ipre

365 4419 403 4488 it,
430 4416 608 4479 Pontificem
635 4421 755 4499 quaeri,
785 4420 837 4497 qni
862 4436 962 4500 neque
1016 4420 1230 4481 circumdatur
1246 4427 1288 4481 est
1303 4419 1498 4496 infirmitate,
1523 4416 1553 4479 id
1569 4428 1616 4481 est
1631 4419 1709 4480 infir·

365 4524 386 4566 n
417 4503 578 4585 indulgens
608 4508 649 4567 sit
679 4526 751 4586 erga
781 4514 962 4586 peccatores,
1015 4508 1148 4567 mitatem
1179 4508 1269 4567 etiam
1297 4526 1383 4568 snam
1414 4505 1599 4577 circumfert,
1633 4505 1713 4565 sient

376 4593 502 4654 nimium
518 4611 659 4665 severus,
686 4592 740 4654 sed
755 4593 835 4653 inter
850 4592 960 4653 severi·
1016 4594 1124 4654 eaeteri
1139 4594 1288 4669 homiues,
1311 4592 1457 4654 obnoxius
1482 4601 1527 4653 cst
1548 4589 1712 4671 frequenti·

377 4687 409 4739 et
429 4677 666 4740 misericordiam
688 4678 806 4740 medius
832 4675 961 4739 incedat.
1014 4680 1071 4741 bus
1086 4680 1234 4761 peccatis,
1261 4700 1343 4741 more
1361 4680 1496 4740 aliorum.
1532 4676 1618 4738 Haec
1633 4677 1713 4739 enim

365 4765 504 4846 rigneeus
519 4773 550 4826 et
562 4763 704 4827 Galenus.
729 4765 790 4826 Sed
802 4786 869 4825 curn
880 4765 961 4846 Apo·
1016 4787 1063 4828 res
1090 4787 1157 4828 oum
1185 4766 1340 4841 admonet,
1369 4776 1402 4828 ut
1427 4775 1459 4827 et
1485 4766 1612 4825 caeteris
1640 4785 1713 4846 prae

383 4873 532 4935 nusquam
558 4853 728 4932 pontificem
754 4873 772 4912 a
798 4853 961 4913 severitate
1016 4855 1114 4914 caruis
1144 4852 1347 4915 imbecillitate
1382 4849 1573 4936 peccantibus
1602 4851 1712 4914 condo·

365 4939 467 5016 endet,
494 4939 571 5002 baec
593 4941 672 5000 enim
691 4938 803 5019 judicis
818 4948 879 5013 est,
906 4959 964 5000 non
1014 4941 1118 5002 lescat
1156 4941 1380 5017 Infirmitatem
1409 4939 1466 5000 boc
1491 4937 1580 5001 niodo
1606 4942 1712 5021 accipi,

365 5028 483 5096 moris:
496 5018 796 5109 magisilludjplaoet,
807 5035 963 5107 ntpetpto·
1015 5025 1175 5091 manifeste
1194 5035 1405 5090 commonstrat
1417 5045 1488 5109 pars
1503 5045 1648 5110 sequens,
1664 5027 1709 5110 lin
