4442 5825
719 610 883 668 tristem
899 610 987 667 mn
1003 610 1117 668 secem
1153 608 1236 666 lm
1252 611 1338 665 0.-9.
1522 617 1530 636 ’
1685 608 1758 683 885

347 787 398 851 ssd
414 786 509 869 plene
530 793 645 850 mom
667 805 745 861 esse,
766 806 835 848 nom
857 789 899 849 sis
915 788 1008 868 impe·
1059 786 1128 847 loco
1149 786 1285 849 illstivse
1306 785 1475 867 particulos
1500 783 1633 846 mouth
1659 784 1760 863 posite

347 884 454 949 mne,
476 875 560 955 qnod
581 875 670 956 petis.
691 873 780 936 Unde
803 875 885 936 locus
907 875 956 935 hic
979 883 1010 936 et
1061 872 1207 949 viduetur,
1230 882 1263 934 ut
1275 873 1309 934 fit
1319 872 1476 936 interdum.
1500 867 1663 932 Concludit
1677 870 1756 932 enim

347 962 428 1025 nnus
441 961 519 1024 nitu
532 963 654 1024 omnino
670 960 785 1022 faciunt
799 981 854 1042 pro
870 960 928 1022 fide
943 981 1008 1041 spe·
1060 959 1234 1040 Apostolus,
1258 981 1342 1035 eum,
1370 963 1424 1042 qui
1447 979 1508 1020 non
1531 978 1569 1021 ex
1597 957 1658 1019 fide
1684 967 1758 1032 oret,

347 1050 389 1112 isli
411 1051 605 1111 secteriornm
631 1049 726 1108 nostri
756 1050 916 1130 temporis,
948 1069 1009 1128 qne
1061 1067 1151 1129 quum
1168 1049 1267 1110 enimc
1281 1048 1417 1123 fluctuet,
1441 1044 1595 1126 indignum
1611 1063 1685 1119 esse,
1705 1045 1758 1126 qui

347 1144 458 1209 munt,
479 1155 515 1197 se
534 1143 614 1196 certo
638 1132 848 1197 exaudiendos
870 1138 901 1195 in
916 1137 1007 1196 omni·
1062 1137 1202 1215 impetret
1216 1137 1384 1217 quidquam
1400 1156 1419 1196 s
1433 1134 1562 1195 Domino
1576 1133 1653 1192 Deo.

347 1242 386 1297 se
399 1223 585 1304 qoseeDeo
600 1231 724 1302 petont3
738 1244 799 1283 non
810 1221 1009 1296 advertentes,
1104 1223 1198 1284 Dicet
1220 1221 1337 1304 aliquis,
1361 1220 1536 1283 exenditum
1559 1218 1656 1280 fnisse
1671 1237 1757 1298 regu·

347 1308 392 1371 lod
417 1310 519 1371 mnltis
548 1308 705 1384 cecidere,
735 1309 815 1391 qood
846 1310 1010 1389 Apostolus
1061 1309 1124 1370 lum
1140 1318 1271 1370 orantem
1296 1331 1349 1388 pro
1373 1311 1502 1370 senitete
1523 1306 1588 1379 filii,
1610 1305 1703 1366 Josn.
1719 1305 1759 1377 4.,

347 1395 482 1458 rirsdicit
496 1416 561 1472 cap.
577 1397 623 1457 4.:
639 1397 749 1457 Potitio
764 1403 794 1457 et
807 1416 874 1458 oon
891 1399 1010 1474 occipi-
1062 1397 1109 1460 cui
1136 1404 1238 1459 temen
1259 1417 1278 1456 e
1301 1396 1428 1457 Domino
1455 1393 1570 1455 dietum
1596 1401 1657 1453 est:
1691 1393 1761 1453 Nisi

347 1487 428 1560 *eoo
454 1484 540 1562 quod
566 1483 648 1543 mole
671 1488 798 1561 petetis.
826 1484 887 1544 Sed
910 1492 1010 1544 temen
1062 1486 1155 1560 siquo
1169 1491 1199 1546 ot
1218 1484 1370 1561 prodips'o
1394 1482 1549 1557 videritis,
1572 1499 1640 1542 non
1656 1478 1761 1540 oredi-

347 1572 406 1632 ism
429 1570 539 1631 edesse
564 1569 655 1630 debet
681 1571 877 1649 petitionibus
900 1572 1010 1631 nostris
1063 1573 1114 1646 tis,
1136 1578 1166 1631 et
1187 1570 1226 1631 de
1248 1592 1307 1651 quo
1324 1570 1489 1650 Gregorius
1503 1569 1581 1630 horn.
1598 1569 1649 1629 28.
1672 1585 1762 1647 super

347 1678 378 1719 on
395 1656 487 1718 modo
510 1675 580 1737 spes
603 1656 841 1739 qualiscumque,
866 1659 1011 1737 sineque
1062 1658 1183 1737 Eveng.
1210 1658 1329 1732 scribit,
1356 1656 1440 1735 quod
1461 1657 1493 1717 in
1519 1655 1577 1716 fide
1603 1653 1761 1715 dubitavit

347 1741 391 1807 til
404 1763 476 1805 vere
491 1744 611 1824 petitur,
626 1747 832 1806 verumetiam
845 1743 1010 1804 bonefidu·
1062 1743 1253 1826 Respondeo,
1280 1743 1456 1806 exauditum
1477 1742 1581 1817 fuisse,
1605 1761 1665 1803 non
1690 1748 1761 1813 mm,

347 1829 569 1911 simpetrsndi,
592 1827 675 1911 qnod
689 1833 819 1912 petitnr;
842 1850 910 1891 oum
925 1849 1009 1911 pree·
1064 1831 1146 1911 qnod
1173 1833 1270 1893 oratio
1297 1833 1364 1912 ejus
1386 1832 1444 1892 hoc
1467 1837 1647 1901 mereretur,
1670 1845 1761 1907 quem

347 1920 421 1981 stim
435 1918 505 1998 ipss
517 1916 593 1979 fides
616 1915 730 1994 deeset,
753 1939 821 1980 oum
835 1917 947 1979 fiducie
961 1936 1010 1998 pe·
1064 1920 1134 1998 quie
1150 1916 1272 1979 Christo
1296 1918 1335 1979 sd
1356 1918 1484 1999 gloriam
1509 1936 1596 1977 suem
1618 1913 1761 1975 mirccnlo

347 2002 439 2067 dnm
455 2022 532 2065 esse.
1064 2003 1545 2067 menifestsndemitsvisumfuit
1569 2005 1762 2085 Quemquam

360 2090 512 2173 Quocirca
527 2090 726 2152 calumnietur
741 2090 899 2163 Calvinus,
918 2111 1011 2169 quum
1064 2113 1126 2153 non
1142 2095 1261 2153 omnino
1276 2095 1341 2155 sine
1355 2091 1414 2154 fide
1429 2092 1537 2163 erevit,
1558 2092 1611 2173 qni
1626 2087 1761 2162 credidit,

347 2176 613 2253 teuthollcornm
630 2197 696 2239 esse
718 2178 836 2258 dogma,
860 2179 941 2258 quod
957 2177 1010 2238 du·
1064 2179 1215 2240 Christum
1244 2200 1333 2260 posse
1359 2179 1486 2242 sulutem
1511 2177 1651 2240 filiosuo
1674 2175 1762 2253 dere;

347 2267 450 2327 itsntor
476 2266 623 2325 orandum
644 2266 692 2324 sit.
727 2267 806 2326 Nem
833 2266 1012 2344 impetrandi
1064 2266 1280 2327 licetnondum
1293 2267 1434 2338 erederet,
1450 2266 1481 2325 id
1494 2284 1587 2345 posse
1599 2264 1761 2336 absentem,

347 2350 427 2414 heis
442 2366 510 2413 cnm
522 2350 581 2412 ide
593 2353 799 2431 promissionis
812 2352 932 2412 divinoe
943 2373 1011 2414 con·
1066 2362 1098 2413 ut
1115 2353 1220 2414 eodem
1235 2354 1301 2414 loco
1318 2353 1484 2433 Gregorius
1499 2351 1597 2413 docet

347 2448 420 2501 ner·
441 2434 534 2515 (mele
557 2440 637 2500 eninr
664 2438 739 2499 hseo
760 2440 820 2499 dno
843 2436 1012 2516 contundit)
1109 2440 1138 2499 8.
1168 2441 1226 2500 Vir
1248 2442 1367 2517 duplex
1390 2441 1500 2501 enimc
1515 2443 1704 2501 inconstans
1719 2443 1763 2497 est

347 2524 466 2589 edentis
501 2526 631 2586 animum
662 2525 796 2605 epplicst
826 2527 857 2584 in
887 2524 1012 2586 alteram
1064 2531 1101 2588 in
1117 2527 1263 2590 omnibus
1286 2531 1346 2588 uiis
1360 2530 1431 2589 suis.
1456 2528 1623 2604 Duplioem
1639 2525 1761 2598 auimo,

347 2618 440 2687 utem,
464 2622 499 2672 ut
519 2611 577 2672 dici
594 2633 654 2674 non
669 2614 772 2693 possit,
796 2632 872 2685 enm,
895 2615 948 2692 qui
972 2614 1013 2674 sie
1066 2613 1182 2675 Graece
1198 2609 1336 2695 δίψυχον,
1361 2616 1449 2693 qussi
1472 2613 1556 2675 dieas
1579 2612 1762 2687 bionimem,

347 2708 390 2773 at,
411 2698 564 2760 dubitare.
597 2700 667 2760 Non
686 2701 765 2760 enim
787 2700 936 2773 continuo,
960 2700 1013 2780 qui
1064 2710 1155 2761 vocet
1170 2722 1230 2762 non
1252 2723 1330 2775 eum,
1355 2703 1407 2781 qui
1424 2701 1582 2762 simulstns
1598 2709 1654 2772 est,
1675 2696 1761 2759 eliud

347 2804 524 2849 tsnccessn
540 2806 601 2847 non
626 2793 671 2846 est
687 2786 883 2847 infallibiliter
908 2795 1012 2859 certius,
1065 2788 1205 2867 loquens,
1235 2789 1317 2851 ahud
1344 2791 1495 2869 eogitsns;
1526 2787 1581 2850 sed
1610 2787 1664 2867 qui
1688 2783 1763 2846 nilrss

347 2870 463 2936 tbitsre
483 2872 629 2935 dicendos
649 2882 702 2935 est
734 2874 767 2934 Is
790 2874 870 2936 enim
891 2875 1014 2955 proprie
1065 2877 1140 2937 certi
1155 2874 1248 2938 tirum
1264 2877 1355 2938 hebet
1373 2877 1529 2950 inanimo,
1554 2873 1634 2956 qnod
1655 2890 1761 2952 seque·

347 2959 452 3033 uitet,
483 2962 571 3040 cujus
600 2961 717 3022 enimus
743 2963 822 3022 inter
851 2970 1014 3042 utrumque
1065 2971 1129 3037 tur3
1146 2963 1253 3043 quales
1270 2973 1365 3035 erent,
1382 2964 1492 3044 quibus
1507 2962 1546 3024 sb
1561 2963 1632 3024 Elis
1647 2962 1761 3022 dictum

347 3054 451 3121 semet,
461 3048 554 3127 juxte
568 3046 607 3120 id,
624 3047 708 3126 quod
722 3050 874 3127 sequitur:
1066 3059 1127 3112 est:
1149 3052 1313 3131 Usquequo
1329 3052 1517 3112 claudicatis
1531 3053 1568 3111 in
1583 3051 1666 3111 does
1678 3067 1762 3125 por·

358 3135 422 3215 Qui
438 3137 524 3197 enim
542 3136 688 3208 decutet,
710 3136 822 3196 similis
844 3143 889 3196 est
902 3137 1014 3215 studui
1066 3139 1131 3198 tes?
1155 3142 1174 3199 3
1189 3140 1265 3219 Reg.
1284 3140 1343 3211 18,
1359 3147 1391 3200 et
1405 3138 1467 3211 ille,
1483 3139 1530 3198 cui
1545 3137 1672 3199 dicitnr:
1694 3137 1764 3198 Uti·

347 3225 428 3297 wts,
449 3225 507 3299 qui
521 3240 542 3282 a
556 3230 652 3283 vento
674 3229 819 3283 movetur
833 3230 863 3283 ct
876 3226 1013 3283 circum·
1066 3243 1143 3287 nom
1164 3226 1305 3303 fripidus
1327 3244 1414 3301 esses,
1437 3231 1495 3286 out
1509 3225 1642 3299 calidus,
1666 3224 1763 3303 Apoo.

347 3315 432 3370 mr.
462 3309 539 3370 Rem
561 3310 694 3370 declaret
718 3309 850 3388 eleganti
872 3310 1012 3370 similitu·
1068 3317 1113 3387 3.;
1141 3313 1246 3390 quoles
1267 3314 1336 3373 item
1364 3314 1395 3372 in
1418 3312 1506 3373 rebus
1530 3310 1682 3383 humenis,
1709 3312 1764 3390 qui

347 3397 387 3457 ‘ne
401 3395 494 3457 ducto
508 3415 527 3455 ι
541 3396 634 3457 fluctu
648 3398 748 3467 meris,
771 3397 936 3474 quiveritis
952 3397 1013 3475 egi·
1066 3418 1127 3459 non
1153 3397 1266 3460 dedunt
1291 3419 1325 3461 se
1351 3408 1432 3460 certo
1454 3400 1556 3477 generi
1582 3400 1679 3470 vitoe,
1708 3397 1763 3459 eed

347 3489 399 3544 tur
423 3490 456 3544 et
484 3483 543 3544 lure
572 3482 644 3544 illuc
674 3485 789 3564 impetn
819 3484 948 3564 rapitur,
980 3490 1014 3543 ut
1066 3504 1186 3565 semper
1206 3486 1373 3565 ambigunt,
1396 3486 1469 3565 qnid
1485 3484 1607 3566 eligent,
1630 3503 1711 3545 nunc
1732 3484 1765 3545 in

347 3587 436 3630 ηοω
451 3578 567 3632 sonent.
590 3571 680 3631 Telis
694 3572 846 3632 estinsne
860 3572 1012 3650 petitione,
1066 3572 1123 3632 hoc
1145 3576 1303 3653 propensi,
1329 3594 1409 3635 nuno
1429 3575 1461 3634 in
1486 3571 1572 3633 illud.
1610 3571 1705 3632 Telos
1727 3573 1763 3634 in

347 3656 525 3730 dhsesitst,
540 3656 572 3718 id
587 3670 642 3729 est,
666 3659 719 3737 qni
733 3677 793 3720 non
809 3657 934 3718 firmiter
949 3676 1011 3718 ere·
1067 3660 1213 3722 omnibus
1227 3664 1298 3737 viis,
1322 3660 1353 3721 id
1368 3669 1416 3723 est
1430 3659 1608 3731 sotionibos,
1630 3661 1695 3720 ruis
1710 3661 1764 3720 iu·

347 3751 370 3818 t,
393 3743 497 3805 Deum
523 3743 672 3814 dotorum,
699 3744 780 3824 qood
803 3746 897 3824 petit3
923 3745 1011 3823 qncsi
1066 3755 1244 3809 constantes
1265 3755 1350 3823 suut,
1375 3750 1518 3827 quoniam
1534 3764 1587 3806 ees
1603 3747 1633 3807 in
1650 3753 1764 3806 certum

347 3831 432 3894 illest
453 3832 504 3892 vel
529 3852 589 3892 non
615 3832 800 3909 promiserit,
829 3831 880 3893 vel
906 3851 1012 3911 perum
1066 3854 1188 3915 scopum
1203 3855 1263 3897 non
1286 3834 1427 3914 dirigunt,
1450 3833 1505 3896 sed
1528 3842 1616 3914 prout
1632 3833 1761 3895 diversis

347 3925 456 3980 um
471 3919 555 3979 sitin
571 3920 744 3997 promissie3
767 3925 800 3976 ut
821 3919 920 3981 solent
939 3919 1010 3979 hee·
1066 3922 1205 3983 feruntur
1218 3922 1385 3993 effectibus,
1399 3923 1443 3982 ite
1458 3928 1529 3982 sunt
1544 3922 1576 3981 in
1591 3921 1759 3982 actionibus

347 4011 417 4081 bre,
440 4006 495 4087 qui
516 4004 555 4066 sb
577 4004 745 4066 hominibus
768 4003 881 4087 aliquid
897 4014 1011 4085 potunt,
1067 4009 1156 4081 vsrii,
1186 4006 1315 4089 ideoque
1340 4028 1397 4070 neo
1426 4008 1595 4088 proficiunt
1630 4008 1677 4068 Ex
1706 4006 1763 4068 hcc

347 4111 504 4176 equorum
525 4091 586 4153 fide
608 4099 661 4152 sut
682 4093 840 4153 volontate
862 4091 1009 4152 dubitent.
1064 4094 1200 4176 generali
1216 4097 1367 4157 sententie
1389 4095 1491 4175 colligi
1505 4093 1573 4156 vult
1588 4094 1765 4176 Apostolus,

347 4185 496 4240 utsutm
518 4199 585 4240 cnm
612 4179 670 4240 lieo
686 4179 824 4259 Apostoli
848 4180 1011 4240 monitione
1065 4202 1144 4255 eum,
1167 4183 1217 4264 qui
1239 4183 1375 4244 haesitet
1397 4184 1428 4244 in
1449 4182 1613 4263 postuletis
1639 4184 1702 4244 suis
1724 4179 1765 4242 sd

347 4263 502 4328 derends
538 4265 591 4326 ills
619 4265 829 4328 Ecclesiastici
861 4266 1011 4327 sententie
1064 4272 1171 4344 Deum,
1187 4278 1221 4330 ut
1236 4278 1289 4330 ent
1305 4270 1415 4331 dubius
1431 4272 1472 4331 sit
1486 4269 1525 4331 de
1541 4268 1623 4330 illins
1638 4269 1761 4350 prornis-

347 4371 379 4434 φ.
410 4355 481 4413 le:
523 4356 606 4415 Ante
636 4356 815 4413 orationem
843 4371 1010 4431 praepara
1064 4358 1114 4430 sis,
1130 4363 1184 4417 eut
1199 4356 1338 4418 fldnoism
1353 4378 1413 4418 non
1430 4356 1556 4429 adferet,
1577 4357 1607 4417 in
1623 4357 1690 4437 ipse
1706 4375 1763 4416 sus

347 4439 575 4515 mecam,
591 4448 620 4502 et
637 4440 708 4501 uolo·
722 4459 783 4501 esse
798 4443 890 4518 puori
904 4442 1009 4515 torno,
1064 4444 1210 4525 petitione
1224 4444 1374 4506 lubricum
1390 4453 1419 4505 et
1440 4445 1662 4505 inconstantem
1678 4434 1761 4522 ossei

347 4525 497 4590 ΗΜ
515 4529 630 4589 Deum·
665 4528 779 4589 Tentat
804 4546 876 4588 vero
902 4529 1010 4600 Deum,
1064 4539 1095 4592 et
1111 4530 1239 4610 proinde
1254 4531 1329 4591 nihil
1352 4532 1587 4612 impetraturum.
1610 4530 1696 4591 Idem
1711 4549 1762 4588 vo·

347 4611 417 4675 dde
428 4614 565 4694 petendo
576 4614 625 4674 vel
637 4615 791 4694 promissis
803 4616 869 4694 ejus
881 4613 1009 4675 dubitet.
1063 4617 1204 4678 csbulum
1219 4617 1312 4679 hebes
1333 4618 1411 4680 infre
1433 4639 1499 4699 cep.
1515 4619 1561 4679 4.:
1588 4616 1762 4692 Puritlcote

354 4699 384 4762 7.
400 4701 478 4762 Non
493 4717 567 4777 erpo
579 4704 722 4762 aestimet
736 4703 830 4762 homo
844 4702 909 4775 ille,
926 4699 1011 4777 quod
1062 4706 1161 4766 cordo
1187 4705 1328 4782 duplices
1349 4707 1469 4767 animo.
1503 4703 1635 4766 Videtur
1660 4711 1761 4763 eutem

347 4787 452 4865 θρῖα
479 4787 606 4865 aliquid
630 4806 652 4848 e
682 4789 833 4850 Domino.
872 4786 1008 4850 Grseoc:
1061 4792 1119 4852 hoo
1139 4790 1207 4852 loeo
1229 4795 1400 4872 respexisse
1417 4791 1584 4872 Apostolus
1607 4788 1648 4850 sd
1673 4808 1763 4870 ques·

347 4889 386 4936 sn
411 4875 499 4936 enen
524 4876 679 4937 mosmos
705 4876 798 4936 tomo
824 4876 897 4951 illo,
924 4875 1010 4953 quod
1063 4877 1133 4939 dem
1149 4879 1316 4939 sententies
1332 4878 1451 4941 Eccles.
1466 4882 1494 4942 2.

347 4963 515 5039 eptem
538 4957 686 5023 llutendo
710 4962 950 5041 conjunctionem
965 4963 1008 5022 in·
1105 4967 1134 5027 9.
1160 4964 1322 5028 Gloriatur·
1336 4974 1443 5029 autem
1457 4966 1563 5044 [rotor
1576 4963 1705 5025 humilis
1725 4965 1757 5026 'n

347 5067 425 5133 rpres
447 5066 570 5113 semem
594 5048 693 5113 voluit
717 5050 900 5133 exprimere,
926 5046 1009 5136 quod
1061 5052 1255 5119 mecum
1278 5071 1346 5121 suo.
1384 5052 1522 5119 Grsecer
1552 5042 1584 5113 e
1615 5048 1663 5141 τῷ
1709 5044 1759 5133 ψει
