4442 5825
748 587 910 644 semum
927 587 967 643 tn
986 587 1151 644 multos.
1183 587 1268 642 tm
1285 588 1311 642 i.
1331 589 1371 643 ld.
1702 593 1776 663 989

365 769 447 840 m
461 770 532 825 ctat
546 765 582 826 iu
602 763 841 827 haereditatem
864 764 970 827 Altero
985 785 1030 826 re
1084 772 1232 827 terrenum
1252 763 1335 825 illem
1357 763 1585 845 promissionem
1613 762 1645 823 in
1665 781 1698 825 se
1718 783 1780 824 non

365 853 456 933 pomio
472 858 529 924 est,
543 850 623 912 bene
636 862 750 931 purtem
762 850 949 915 uterorum
965 871 1031 914 esse
1085 851 1287 931 implendum
1314 871 1413 933 oeque
1434 870 1471 911 es
1492 870 1542 911 res
1557 849 1624 911 illos
1639 848 1778 930 sugebat,

365 934 525 1001 isoimum
543 938 638 1017 ipsius
661 938 818 1016 Abrahae,
844 960 880 1001 so
902 941 1032 1001 sidicat
1086 958 1153 999 cum
1168 938 1315 1001 heberent
1330 941 1463 999 animum
1479 937 1537 998 fide
1548 955 1725 1017 suspensum
1740 934 1781 997 od

365 1022 515 1107 lpostolus,
538 1024 689 1086 Abrohom
709 1026 754 1086 its
773 1024 867 1088 luisse
882 1025 1031 1087 advenum
1086 1027 1238 1088 civitatem
1254 1044 1430 1106 supernum,
1448 1025 1530 1085 veris
1544 1022 1602 1084 Dei
1618 1022 1780 1085 cultoribus

365 1120 458 1173 rtem
470 1112 685 1193 promissionis,
701 1121 734 1172 ut
749 1115 840 1175 etism
852 1115 952 1174 snimo
964 1131 1033 1174 sese
1086 1113 1278 1192 promissem,
1304 1113 1382 1173 sicut
1404 1111 1513 1172 dieitur
1531 1109 1622 1171 inire:
1640 1111 1782 1186 parauit

365 1196 425 1261 iem
437 1203 597 1278 repeteret,
613 1206 701 1259 utens
717 1198 772 1260 illo
783 1208 865 1261 terro
879 1208 1032 1280 tamquam
1087 1203 1171 1261 enim
1187 1199 1252 1260 illis
1266 1200 1434 1260 civitatem.
1458 1196 1552 1276 Cujus
1562 1195 1687 1276 proinde
1699 1198 1782 1259 cives

365 1282 446 1359 tna,
469 1303 527 1346 nso
542 1286 691 1365 proprium
717 1284 827 1346 bebere
843 1285 1033 1360 desiderans,
1085 1283 1249 1365 aliquunde
1268 1303 1303 1347 se
1323 1284 1405 1358 fore,
1427 1286 1589 1345 certissime
1609 1282 1780 1362 sperabant.

365 1376 440 1455 lpote
465 1372 519 1454 qui
540 1371 714 1446 moliorem,
741 1372 773 1432 id
802 1383 849 1434 est
874 1372 1033 1433 coelestem
1087 1372 1170 1433 Dicit
1183 1372 1513 1450 outomftcndameutc
1523 1371 1688 1431 habentem
1703 1372 1782 1430 eivi-

365 1466 492 1541 munst
518 1459 686 1534 civitatem,
714 1459 965 1538 quemadmodum
988 1460 1031 1518 in·
1085 1467 1192 1532 tatem,
1208 1468 1243 1519 ut
1258 1479 1324 1520 eum
1337 1467 1469 1540 opponet
1480 1455 1689 1530 tabernaculis,
1704 1474 1783 1537 quse

365 1544 516 1607 trtiettur.
1085 1544 1280 1608 fundamento
1295 1567 1355 1606 uon
1370 1545 1498 1618 hebent,
1522 1543 1593 1616 sed,
1606 1550 1697 1623 prout
1710 1561 1783 1604 usus

365 1630 419 1709 ,ln
432 1632 549 1692 merciis
561 1630 755 1693 habitando:
780 1628 914 1693 Graeco:
930 1635 966 1693 in
981 1639 1033 1692 ta·
1087 1632 1205 1707 tulerit,
1245 1633 1381 1712 quolibet
1417 1630 1652 1723 transferpntur,
1690 1630 1783 1690 oloris

365 1712 513 1799 promis
522 1718 671 1780 habitam
682 1719 750 1779 sive
767 1737 968 1797 commorons3
984 1718 1032 1780 rel
1085 1721 1196 1800 ligneis
1212 1718 1418 1781 tantummodo
1433 1717 1554 1797 figendo
1570 1738 1607 1778 oc
1620 1714 1783 1797 religendo.

365 1800 451 1887 ¹filus:
465 1812 502 1864 stt
517 1808 573 1881 qui
586 1809 622 1868 iu
637 1805 852 1868 tabernaculis
866 1806 1033 1866 habitave-
1087 1806 1279 1886 significetur
1301 1805 1422 1887 quidem
1448 1805 1501 1866 ills
1526 1824 1655 1886 superos
1676 1805 1784 1865 ciritae

365 1890 469 1973 ssot
479 1892 557 1952 enim
568 1894 697 1953 eoristns
706 1894 736 1952 io
746 1891 875 1954 Grseoo:
893 1883 1033 1969 κατοική-
1086 1892 1237 1956 interdurn
1249 1894 1341 1953 etiem
1354 1894 1472 1954 nomine
1483 1891 1693 1966 tabernaculi,
1710 1909 1782 1971 qus·

365 1988 410 2061 ,⁸
430 1977 692 2058 Peregrinoutium
708 1986 761 2049 est,
778 1998 837 2039 non
852 1981 882 2039 in
895 1978 1033 2040 domibus
1086 1990 1175 2042 tenus
1191 1988 1326 2059 praestet
1341 1983 1483 2058 quietem,
1499 1978 1639 2039 solatium
1654 1984 1683 2037 et
1698 1976 1780 2038 refri-

365 2054 486 2219 ἐκ,
514 2063 570 2126 sed
595 2065 789 2126 tobernseolo
814 2068 881 2127 sire
904 2066 1034 2127 tentorio
1087 2065 1252 2148 gerinmob
1265 2068 1345 2127 omni
1358 2066 1658 2140 leboreetmolestis3
1673 2064 1783 2125 nomin

446 2151 542 2226 terre,
569 2153 600 2213 in
627 2152 737 2233 quibus
761 2154 878 2214 interim
905 2172 1032 2214 eommo-
1085 2151 1256 2232 hujusmodi
1271 2173 1357 2214 usum
1374 2152 1456 2214 tendi
1471 2151 1571 2214 solent
1585 2171 1603 2211 s
1618 2151 1782 2232 peregrinis
1861 2197 1867 2216 ,

365 2245 446 2315 pter.
470 2237 562 2318 Quod
574 2237 614 2299 de
626 2238 798 2300 Abrsbsmo
814 2239 942 2320 legimus
957 2239 1034 2301 Gen.
1087 2239 1293 2301 tabernaculo.
1326 2239 1385 2301 Sed
1406 2259 1496 2320 quum
1506 2240 1551 2299 sic
1562 2247 1694 2311 vocetur,
1712 2234 1785 2297 eddi

365 2322 454 2393 213.
470 2334 503 2386 st
519 2326 568 2386 18.
1087 2327 1264 2409 plerumque
1276 2327 1352 2388 solet
1363 2326 1488 2406 aliquid,
1500 2324 1579 2405 quod
1589 2324 1785 2385 stabilitatem

384 2410 458 2475 Gom
474 2413 567 2473 isaac
581 2419 611 2473 ct
624 2412 728 2477 Jacob
744 2412 966 2474 cohaeredibus
981 2430 1032 2472 re·
1087 2412 1218 2485 indicet,
1232 2423 1266 2474 ut
1281 2413 1345 2475 Jes.
1363 2413 1430 2476 ab:
1456 2411 1729 2486 Tabernacuium„
1739 2411 1783 2471 in·

365 2501 554 2581 miodoair
582 2499 730 2575 ejusdem.
776 2500 847 2559 Non
875 2500 1033 2580 significat,
1088 2500 1170 2580 qnit,
1185 2500 1271 2577 quod
1285 2517 1489 2578 nequaquam
1505 2499 1677 2577 transferri
1688 2505 1781 2574 potc-

365 2598 401 2661 μ
410 2584 574 2667 eliquemo
589 2585 742 2647 bebitosss
759 2585 922 2662 Abrohom,
944 2586 1034 2646 Isaeo
1087 2589 1132 2646 rit
1139 2630 1149 2663 ,
1165 2605 1223 2648 hec
1238 2588 1429 2665 auferentur
1441 2587 1525 2648 claui
1536 2590 1603 2661 ejus
1617 2588 1653 2646 ih
1667 2586 1783 2659 sempi-

365 2670 507 3000 ἱκοῦ,
534 2681 569 2732 ut
595 2672 726 2733 Limnos
753 2673 917 2733 existimet.
954 2672 1034 2733 Nom
1088 2674 1408 2749 ternum5Luo16.:
1435 2675 1492 2749 Ut,
1509 2691 1580 2734 cum
1596 2672 1783 2749 defeceritis,

397 2760 570 2838 ,eliquanto
597 2767 732 2838 tempore
756 2758 843 2820 simul
869 2759 978 2820 inerint
1003 2761 1034 2819 in
1089 2763 1250 2837 recipiant
1274 2779 1329 2822 vos
1350 2764 1386 2822 in
1410 2768 1542 2822 ueterem
1557 2759 1784 2835 tabernacula5

425 2856 561 2907 mortuus
585 2854 633 2907 est
653 2846 731 2906 enim
747 2846 917 2922 Abrohom,
944 2865 1035 2928 quum
1089 2854 1119 2907 et
1140 2847 1232 2927 hujus
1247 2849 1405 2928 Epistulae
1428 2867 1493 2928 oep.
1510 2847 1555 2907 8.:
1582 2846 1785 2908 Tabemacu·

378 2931 382 2936 ’
446 2932 622 3015 quindecim
638 2941 719 2993 esset
733 2953 893 3008 sonorum,
912 2943 945 2994 ut
961 2933 1036 2995 bene
1089 2936 1156 2995 lum
1185 2954 1314 3011 verum,
1343 2936 1429 3013 quod
1453 2936 1524 3013 ficit
1549 2936 1725 3010 Dominus,
1756 2940 1786 2993 et

365 3007 521 3090 homost
536 3017 775 3095 idemLireuus),
792 3018 1036 3082 diversostamen
1089 3039 1157 3083 hors
1171 3024 1274 3083 homo.
1311 3022 1405 3085 Porro
1427 3023 1506 3083 siout
1527 3020 1589 3081 illio
1612 3021 1785 3082 tebemsou·

365 3107 548 3187 bosporum
575 3105 707 3167 bsbuere
728 3105 859 3168 familias
883 3107 1037 3169 Abrohom
1088 3109 1151 3169 lum
1168 3109 1247 3169 dixit
1262 3127 1389 3184 ventos,
1405 3110 1449 3168 ito
1465 3108 1515 3169 hio
1530 3107 1725 3169 fundamento
1740 3108 1784 3169 in·

365 3189 483 3268 blusso,
507 3212 570 3273 qno
592 3202 727 3274 tompore
746 3204 835 3254 natus
851 3192 911 3254 tuit
926 3194 1035 3257 Jacob.
1089 3194 1198 3275 telligit
1220 3215 1307 3268 vero,
1334 3194 1367 3255 id
1390 3204 1435 3256 est
1448 3204 1591 3276 perpetuo
1606 3194 1691 3254 firmo
1705 3212 1786 3275 quse

365 3275 565 3360 miteque
579 3281 789 3359 conjunctivus
804 3289 857 3352 est,
873 3281 1034 3354 Abrohom,
1089 3302 1145 3342 nec
1160 3289 1314 3342 vetustate
1329 3281 1502 3355 labescant,
1524 3301 1580 3342 neo
1594 3279 1657 3341 ullo
1671 3281 1702 3341 vi
1716 3300 1783 3342 oon·

365 3361 486 3442 ihre,
512 3374 543 3428 et
556 3366 674 3437 Jacob,
703 3366 797 3427 olium
812 3366 954 3429 videlieet
967 3376 1037 3448 post
1090 3368 1163 3429 velli
1179 3370 1304 3449 possint.
1335 3367 1415 3429 Sunt
1429 3370 1507 3428 enim
1521 3367 1580 3428 boe
1594 3367 1785 3447 metaphorae

365 3445 445 3529 h,
459 3454 492 3515 in
505 3452 710 3515 tsbemsoulis
726 3453 888 3517 bobitooee.
910 3455 1037 3534 Legitur
1089 3454 1128 3515 od
1144 3453 1373 3534 significandum
1391 3455 1599 3516 inconcussum
1614 3452 1785 3516 tirmitstsm

365 3537 447 3602 nde
468 3538 560 3601 lreoo
582 3548 614 3600 et
627 3539 726 3602 Jocob
747 3539 854 3602 Gener.
870 3543 920 3602 24.
939 3542 988 3603 ib.
1005 3548 1037 3600 et
1088 3541 1255 3603 habitaculi
1270 3542 1408 3603 coelestis
1424 3542 1605 3622 aptissimus.

413 3625 512 3688 Vocet
526 3634 629 3688 eutem
643 3625 696 3687 bos
709 3627 874 3708 Apostolus
888 3629 1036 3689 cohaere·
1133 3629 1232 3704 Cucios
1246 3630 1367 3707 artifex
1382 3637 1411 3690 et
1425 3628 1572 3690 conditor
1587 3630 1681 3689 Deus.
1715 3626 1784 3688 Hoc

377 3783 380 3788 ¹
408 3713 547 3789 ejudem
557 3715 779 3791 promissionis
794 3735 858 3776 cum
874 3714 1036 3788 Abrohom,
1088 3713 1190 3789 addit,
1207 3725 1240 3777 ut
1254 3718 1423 3788 civitatem,
1439 3714 1478 3776 de
1494 3735 1556 3795 qus
1569 3714 1716 3795 loquitur,
1730 3732 1781 3775 ex·

422 3800 431 3816 '
495 3798 603 3861 endem
611 3802 769 3880 promissio
781 3808 878 3863 terroe
890 3800 1036 3863 chanan
1089 3804 1223 3882 pressius
1238 3801 1404 3884 distinguet
1419 3821 1437 3863 o
1452 3801 1624 3864 civitatibus
1641 3802 1782 3878 terrenis,

473 3888 506 3948 in
525 3888 745 3969 possessionem
767 3889 859 3949 etism
882 3888 940 3948 illis
955 3887 1037 3948 teoto
1088 3907 1170 3969 quse
1184 3891 1324 3970 quemvis
1339 3891 1426 3950 etiem
1450 3908 1505 3951 sus
1526 3887 1718 3950 fundamento
1734 3887 1781 3948 bs-

365 3961 600 4047 hntmwrm
612 3974 1035 4054 tamensemineeomplsnde
1088 3974 1195 4049 beent,
1226 3977 1298 4056 quio
1323 3984 1422 4036 tomen
1452 3975 1590 4037 humenis
1616 3982 1783 4037 exstructos

365 4047 448 4126 indit
468 4080 543 4122 vero
565 4060 788 4124 commendetur
813 4063 903 4122 etism
929 4060 1035 4122 borum
1089 4069 1158 4122 sunt
1172 4061 1317 4136 monibus,
1333 4064 1455 4124 interire
1467 4069 1600 4143 possunt,
1615 4070 1646 4124 et
1660 4062 1783 4124 tendem

365 4133 463 4220 hum
488 4146 581 4221 fides,
608 4147 689 4229 quod
712 4148 878 4209 imitatione
898 4148 1035 4229 progeni·
1089 4148 1249 4209 intereunt.
1284 4149 1324 4208 At
1339 4150 1446 4210 civiter
1461 4148 1515 4210 ills
1536 4147 1691 4224 eoelestis,
1714 4167 1783 4210 oum

365 4229 489 4306 Risui,
504 4243 656 4314 temquom
671 4235 819 4316 peregrini
833 4242 991 4296 versantes
1004 4235 1035 4294 in
1088 4236 1130 4295 sit
1154 4254 1230 4315 opus
1257 4235 1350 4297 solius
1376 4236 1452 4311 Dei,
1476 4235 1667 4298 insolubilem
1693 4236 1783 4297 bobot

365 4331 427 4398 m
448 4318 489 4382 ed
510 4319 665 4384 meliorem
688 4322 856 4401 aspirarent
873 4322 1034 4401 possessio·
1089 4321 1266 4383 firmitatem.
1299 4322 1351 4383 Sic
1366 4322 1405 4383 de
1425 4323 1529 4384 cesub
1550 4325 1669 4384 nomine
1683 4322 1781 4385 taber·

365 4417 420 4468 Ι
438 4406 489 4468 De
503 4427 565 4488 qus
580 4409 732 4487 sequitur:
1088 4408 1191 4469 nsouli
1212 4409 1290 4469 dixit
1312 4430 1377 4490 cop.
1394 4413 1440 4471 8.:
1466 4410 1559 4490 Quod
1581 4410 1651 4488 licit
1669 4411 1783 4472 Domi·

375 4492 435 4556 -to
456 4495 670 4573 &spectabat
705 4498 789 4554 enim
818 4493 1035 4571 fundamenta
1087 4514 1166 4570 nus,
1195 4504 1224 4557 et
1238 4513 1306 4556 oon
1328 4497 1429 4557 homo.
1465 4497 1507 4558 At
1526 4497 1632 4558 eodem
1654 4498 1783 4576 pertinet

365 4573 503 4643 mem
514 4584 684 4643 civitatcm.
700 4580 1034 4662 Expliootperticulsm:
1088 4580 1173 4644 laous
1188 4602 1255 4662 osp-
1271 4586 1309 4656 9.,
1325 4583 1377 4643 ubi
1392 4582 1507 4643 coelum
1522 4582 1700 4644 manufestis
1714 4602 1781 4643 sou·

365 4655 414 4728 Ηι
438 4666 483 4730 Et
496 4670 636 4749 quemvis
652 4667 690 4729 de
705 4667 857 4728 Abrohom
872 4667 930 4729 boo
944 4665 1034 4739 dicet,
1088 4670 1146 4729 ctis
1161 4671 1294 4749 opponit
1332 4669 1400 4730 Etsi
1414 4688 1488 4733 vero
1503 4669 1622 4731 Graece
1637 4667 1783 4730 vocabule

365 4747 481 4822 tilio·
499 4765 599 4815 umen
623 4755 828 4834 promissionis
851 4752 1035 4814 cohoeredes
1088 4751 1233 4833 τεχνίτης
1247 4764 1278 4816 et
1292 4751 1477 4833 δημιοῦργος
1492 4756 1587 4836 accipi
1602 4756 1731 4836 possint,
1749 4762 1783 4815 ut

365 4837 432 4916 ,ih
445 4841 595 4923 pertinet,
621 4842 709 4922 qussi
732 4841 827 4902 diest:
849 4840 918 4902 Non
941 4860 1035 4901 mors·
1086 4841 1782 4922 idemsignilioeutio,siootnonnullisooipiunt:

365 4929 495 4996 mein
508 4925 564 4989 illo
586 4936 681 5003 terro,
708 4936 857 5007 temquom
881 4928 945 5006 ojus
966 4946 1034 5008 pos·
1087 4927 1246 4990 sciendum
1272 4938 1372 4991 umen
1397 4924 1578 5008 δημιοῦργον
1603 4949 1664 4990 uon
1692 4928 1781 4991 inire·

365 5015 502 5094 u'ouem
528 5022 757 5096 exspectantes,
783 5013 921 5076 sciebant
947 5015 1034 5088 enim,
1087 5023 1215 5096 quenter
1229 5018 1302 5097 poni
1316 5036 1372 5097 pro
1387 5035 1439 5093 eo,
1466 5018 1521 5097 qui
1542 5018 1627 5096 operi
1646 5019 1780 5096 superin-

387 5129 455 5173 ωε.
471 5129 545 5172 satu
560 5129 755 5173 mrum
1536 5123 1576 5184 19
