4442 5825
438 596 510 665 ltt
934 590 1170 647 ωιιιιιιιιιιιιιε
1187 592 1218 647 ιιι
1236 594 1302 649 car.
1320 592 1360 648 ιιι.

478 768 508 827 2.
541 765 798 829 Taberaorrtirtm
826 773 910 830 enim
934 771 1057 847 sactum
1084 778 1129 830 est
1179 775 1406 849 propositionis
1429 772 1526 832 vorati
1543 778 1623 845 suut,
1647 790 1709 833 uon
1730 769 1801 851 quia
1818 788 1863 851 po

431 857 584 930 primum.
608 854 697 934 Quod
708 856 786 916 dixit
801 854 839 916 de
854 866 956 917 saneto
972 858 1128 929 saeculari,
1180 859 1329 920 nebantur
1345 860 1376 918 in
1392 878 1502 932 ιιιιιιιιι,
1524 856 1579 919 sed
1600 857 1674 939 quia
1688 856 1865 939 ponebantur

435 961 514 1001 uuuo
539 943 674 1021 partibus
701 942 849 1022 explieat,
876 945 920 1003 uti
943 944 1034 1024 paulo
1058 954 1130 1005 aute
1181 966 1280 1006 eoram
1295 946 1433 1006 Domino.
1458 944 1544 1024 Quos
1560 942 1754 1006 euimLXX.
1769 952 1868 1006 votem
1905 936 1919 989 Ε

433 1027 612 1109 significavi.
634 1032 779 1090 Primum
801 1052 861 1091 nou
877 1030 1053 1092 adverbium
1074 1040 1129 1103 est,
1178 1051 1281 1110 posset
1310 1034 1556 1109 propositionis,
1587 1029 1743 1093 Hebraico
1768 1031 1869 1091 veritus

435 1122 470 1175 ut
498 1126 623 1196 apparet
652 1117 748 1196 prima
780 1115 893 1192 lroute,
927 1116 981 1177 sod
1011 1137 1129 1192 nomeu,
1180 1119 1330 1199 appellat:
1354 1138 1457 1196 pones
1476 1121 1647 1198 sorim,
1674 1116 1706 1178 id
1730 1124 1786 1191 est,
1809 1124 1876 1179 ruta
1912 1130 1918 1167 ²

435 1202 564 1263 Graece:
583 1193 733 1281 ἡπρώτη.
757 1202 915 1265 Caeterum
931 1224 991 1265 uon
1005 1212 1066 1265 tam
1082 1224 1127 1264 or·
1180 1205 1289 1267 faeiem
1306 1226 1359 1266 seu
1375 1216 1568 1286 conspertum
1583 1224 1680 1279 areae,
1696 1222 1779 1285 quae
1793 1222 1869 1284 prae»
1910 1246 1919 1255 -

435 1288 535 1350 dinem
557 1292 701 1370 temporis
725 1290 876 1371 siguificat
898 1287 944 1367 (ut
959 1291 1061 1352 deseri
1076 1312 1128 1371 po·
1180 1294 1308 1354 seutiam
1318 1294 1440 1354 Domini
1451 1291 1653 1373 significabat.
1676 1290 1732 1352 Sia
1743 1288 1871 1371 etflyrus
1914 1310 1918 1341 ι

434 1376 680 1438 testexbistoria
691 1380 921 1439 constructionis
931 1378 1129 1450 tabernaculi,
1181 1399 1232 1440 eos
1248 1380 1490 1441 voeathoolooo.
1513 1380 1676 1440 Rationem
1688 1397 1773 1453 vero,
1790 1396 1871 1458 qun
1908 1394 1918 1427 :-

434 1460 533 1524 uxot.
550 1460 622 1541 tt),
643 1483 736 1546 quam
757 1462 895 1525 ordinem
906 1466 973 1525 loni.
996 1465 1075 1526 Nam
1091 1483 1130 1525 eo
1181 1464 1254 1537 dixi,
1278 1467 1427 1527 Dominus
1451 1469 1518 1547 ipse
1532 1464 1611 1527 blosi
1626 1464 1819 1546 praeripiens
1833 1482 1871 1525 ar
1909 1482 1918 1519 s

433 1568 506 1631 pars
521 1550 716 1625 tabernaculi,
732 1571 810 1634 quae
821 1550 870 1613 bio
880 1551 1067 1626 describitur,
1084 1554 1127 1611 iu·
1180 1555 1280 1633 signat
1295 1553 1393 1614 Exod.
1412 1556 1460 1616 bb.
1484 1552 1563 1613 Nam
1579 1571 1632 1633 pro
1648 1570 1693 1626 eo,
1710 1549 1796 1633 quod
1811 1549 1872 1611 Hie
1913 1572 1918 1601 ι

433 1636 643 1718 gradientibus
668 1640 848 1720 priorarat
881 1638 976 1700 Porro
1003 1641 1128 1716 fadum
1180 1642 1439 1720 rouymusrertit:
1455 1641 1499 1701 Et
1510 1656 1611 1716 postet
1625 1656 1726 1715 rupes·
1740 1654 1872 1699 meam
1914 1642 1919 1698 i

434 1722 569 1804 intellige
593 1746 655 1786 nou
681 1725 975 1807 quomodocumque,
1003 1725 1059 1786 sed
1084 1727 1128 1785 iu·
1180 1746 1280 1804 poster
1302 1729 1533 1805 propositionis
1555 1730 1591 1788 ist
1613 1732 1787 1803 ruotpertus
1812 1740 1872 1785 sust
1909 1746 1919 1783 ι

434 1818 576 1872 arreum
591 1822 622 1874 et
637 1810 823 1873 adornatum.
838 1812 876 1873 Id
888 1814 966 1873 euim
981 1812 1131 1892 siguificat
1180 1831 1312 1891 rernpsr,
1337 1816 1367 1874 iu
1382 1813 1524 1875 Hebraeo
1546 1815 1590 1873 sio
1610 1811 1795 1873 adverbum
1810 1810 1872 1891 trgi
1908 1832 1912 1861 ··

434 1897 585 1960 Graeoum
601 1890 848 1978 κατεσκευάσθη.
1181 1910 1243 1962 tur:
1277 1903 1321 1962 Et
1351 1900 1440 1961 dnbio
1468 1917 1564 1977 saper
1589 1917 1738 1962 masuam
1759 1914 1872 1975 ραιιιι
1909 1924 1918 1957 ι-

477 1985 520 2046 Io
542 2004 606 2063 quo
625 1995 719 2048 esent
740 1987 943 2049 candelabro.
975 1984 1130 2046 Laborsnt
1178 1990 1356 2068 foderum,
1405 1988 1449 2048 od
1483 1990 1584 2067 forise
1618 2004 1708 2048 maor
1750 1987 1870 2063 sopita.
1906 2010 1919 2047 ι

435 2071 484 2132 bio
498 2091 557 2134 nou
573 2076 662 2154 pauci
676 2074 858 2149 Latinorum,
881 2072 1032 2155 quomodo
1047 2072 1130 2133 dieat
1182 2075 1286 2156 Quare
1301 2073 1382 2156 quod
1397 2074 1517 2157 quidam
1532 2074 1647 2149 volout,
1671 2073 1774 2135 dirtos
1789 2073 1872 2135 luittt
1906 2096 1918 2135 r

434 2160 612 2242 Apostolus,
639 2164 669 2222 iu
695 2163 796 2241 priore
821 2161 1014 2222 tabernaculo
1038 2159 1130 2221 fuisso
1179 2165 1463 2241 pensasoeisrstm,
1479 2162 1624 2242 eoquod,
1640 2160 1749 2223 ordine
1767 2158 1871 2242 dupliu‘
1904 2182 1919 2225 ι

434 2247 624 2322 oaudelabra,
646 2268 714 2309 oum
736 2251 767 2309 in
787 2248 985 2329 descriptione
1007 2258 1038 2308 et
1052 2258 1127 2309 stru·
1181 2250 1335 2322 eollosati,
1358 2268 1391 2310 se
1412 2258 1518 2311 mutoo
1541 2251 1740 2329 respicerent,
1762 2258 1872 2329 praete
1904 2274 1919 2309 ι

434 2344 520 2397 stura
535 2336 722 2397 tabernaculi
736 2334 833 2397 Exod.
848 2336 1000 2398 restat.
1013 2344 1130 2397 tautum
1182 2338 1367 2416 scripturam
1393 2336 1509 2397 dieitur.
1544 2334 1689 2397 Notauda
1716 2334 1870 2417 hypallap
1903 2364 1919 2401 ι

433 2426 522 2485 ouius
543 2421 716 2485 candelabri
739 2425 849 2486 mentio
863 2424 924 2483 fiat.
947 2423 1034 2484 Haec
1056 2422 1128 2483 diffi·
1183 2427 1214 2484 iu
1241 2444 1293 2497 eo,
1324 2425 1408 2503 quod
1433 2422 1597 2503 Apostolus
1624 2424 1869 2501 propositiones
1900 2446 1906 2484 ι

435 2511 533 2571 uultus
555 2519 708 2572 auotorem
731 2511 931 2572 oommeutarii
954 2510 1042 2571 titulo
1066 2510 1129 2570 Pri·
1179 2530 1306 2590 possum
1317 2509 1392 2571 dixit
1404 2531 1474 2589 pro:
1489 2508 1629 2587 proibeo
1639 2510 1868 2587 propositionis
1900 2518 1919 2573 'a

434 2597 520 2658 masii
547 2616 638 2677 super
663 2599 741 2658 bane
767 2598 950 2678 Epistulam,
977 2617 1038 2658 una
1064 2617 1131 2657 oum
1226 2600 1312 2677 Quos
1335 2596 1453 2659 dieitur
1474 2599 1601 2659 Soneio
1624 2596 1814 2677 Ambiguum
1833 2602 1869 2657 et
1900 2620 1918 2661 ὲ

434 2683 592 2755 Haimoue,
615 2687 648 2745 iu
662 2705 729 2745 eam
743 2685 887 2764 compulit
901 2684 1081 2764 opinionem,
1097 2690 1131 2743 ut
1182 2687 1213 2746 iu
1236 2684 1363 2755 Graeco,
1387 2694 1485 2745 utrum
1507 2683 1615 2755 adid,
1640 2684 1725 2764 quod
1748 2684 1869 2764 prexia·
1899 2712 1903 2743 ι

435 2769 583 2843 dicerent,
609 2770 789 2853 Apostolum
813 2771 863 2832 bio
889 2790 949 2830 uun
975 2789 1066 2850 agere
1092 2770 1132 2830 de
1182 2772 1357 2853 praecessit,
1369 2766 1868 2850 particularelativasitroiureude.
1898 2798 1919 2835 ι

434 2857 648 2934 tabernaculo,
675 2856 755 2941 quod
776 2858 879 2920 bloses
905 2856 993 2929 ierit,
1015 2856 1069 2919 sed
1092 2855 1131 2918 de
1184 2860 1215 2921 id
1241 2865 1303 2932 eat,
1333 2857 1372 2919 ad
1398 2859 1650 2936 propositionem
1677 2876 1805 2934 possam
1829 2850 1868 2916 tal
1898 2886 1919 2924 ε

321 3001 325 3008 .
435 2943 556 3024 templo,
572 2943 656 3024 qood
670 2945 812 3007 Salomon
827 2943 1010 3017 aedifioavit,
1025 2948 1056 3006 iu
1071 2963 1131 3026 quo
1184 2951 1273 3008 etiam
1292 2945 1332 3006 ad
1347 2963 1500 3018 mensam,
1524 2963 1563 3006 au
1579 2964 1650 3006 vero
1666 2943 1708 3005 od
1730 2944 1868 3006 tabernu-
1897 2977 1918 3008 i.

434 3031 520 3093 tuere
550 3031 731 3094 caudelabra
757 3032 873 3106 desem,
898 3043 932 3090 ut
958 3032 1084 3092 babetur
1111 3032 1130 3091 3
1183 3035 1289 3095 aslum
1311 3035 1462 3108 primum.
1490 3031 1567 3093 Sunt
1589 3032 1666 3091 onim
1690 3031 1769 3094 haer
1782 3029 1867 3094 oudo
1894 3059 1919 3098 ι·

434 3119 511 3199 Reg.
529 3120 557 3179 7.
573 3127 604 3179 et
619 3122 639 3180 2
653 3119 753 3181 Paral.
769 3123 798 3181 t.
821 3119 892 3193 Alii,
913 3126 947 3178 ot
961 3119 1131 3192 Auselmus,
1183 3120 1325 3181 foeminei
1349 3122 1468 3199 generis
1491 3120 1521 3179 iu
1544 3116 1673 3179 Graeoo.
1704 3118 1768 3180 Sed
1790 3125 1868 3180 ttin-
1899 3149 1919 3186 ς

435 3205 572 3288 Aquinas
597 3214 627 3265 et
649 3208 792 3281 Lirinus,
818 3204 1014 3287 respondent,
1040 3225 1131 3266 uuum
1184 3207 1267 3267 denti
1298 3205 1336 3267 ad
1368 3214 1538 3267 oontextum
1568 3206 1717 3265 sermonis
1745 3199 1867 3288 Apoattl
1895 3231 1919 3272 ι,

435 3291 529 3353 fuisse
544 3292 766 3367 caudelabrum,
783 3303 928 3375 quantum
941 3292 981 3352 ad
993 3293 1131 3372 stipitem,
1184 3293 1307 3355 dubium
1324 3310 1465 3355 essenon
1486 3299 1596 3372 potest,
1618 3295 1697 3371 quiu
1712 3291 1753 3352 od
1777 3291 1866 3354 tube·

435 3379 489 3440 aad
504 3378 601 3460 plura,
617 3390 763 3460 quantum
775 3380 813 3441 ad
825 3399 923 3442 ramos
935 3399 988 3439 seu
1001 3380 1131 3440 calamos
1184 3382 1337 3442 narnium
1348 3382 1499 3460 respiciat,
1515 3387 1549 3438 ut
1559 3379 1722 3457 legendum
1735 3379 1866 3446 utura
1895 3431 1898 3442 .

435 3468 570 3548 estipite
586 3475 749 3548 surgentes,
773 3469 823 3548 qui
838 3466 922 3528 fuera
944 3485 1067 3528 numero
1087 3486 1131 3526 se·
1185 3464 1434 3548 quemadmodum
1465 3466 1516 3526 alii
1552 3465 1786 3538 transtulerunt,
1822 3465 1865 3526 i!
1913 3499 1918 3506 ·

435 3562 528 3634 ptem,
552 3556 583 3614 iu
606 3554 715 3634 quibos
738 3555 927 3636 ponebantur
948 3553 1072 3614 totidem
1088 3553 1131 3612 lu·
1185 3551 1435 3635 quemadmodum
1452 3562 1585 3614 nostrum
1602 3553 1865 3634 interpretamus*
1896 3585 1918 3616 a!

437 3659 552 3700 seruas.
582 3639 650 3699 Hos
665 3642 721 3701 etsi
744 3659 849 3701 verum
866 3643 915 3713 sit,
936 3658 1010 3700 vera
1031 3647 1132 3700 tamen
1185 3644 1259 3702 tissa
1274 3639 1429 3721 probabile
1451 3649 1496 3700 eet
1510 3659 1547 3699 ex
1563 3659 1608 3713 eo,
1633 3639 1718 3718 quod
1735 3641 1766 3701 iu
1782 3635 1867 3700 audiit
1895 3669 1918 3702 ε

437 3734 469 3786 et
483 3736 620 3807 prompta
642 3727 750 3787 solutio
772 3727 902 3808 peteuda
924 3735 1025 3788 estex
1048 3733 1133 3787 textu
1185 3726 1340 3788 Laudeusi
1356 3727 1497 3807 seriptum
1514 3723 1668 3786 videmnus
1693 3725 1787 3805 Quod
1801 3723 1866 3786 diti·
1894 3753 1918 3802 ς

430 3801 566 3886 ‘Graeco
588 3812 640 3874 ubi
655 3813 802 3893 singulari
825 3833 948 3874 numero
963 3803 1133 3894 legiturts‘q
1186 3822 1239 3875 tur
1269 3815 1396 3875 Sancto
1434 3815 1491 3874 list
1516 3813 1594 3873 euim
1620 3813 1744 3874 &neto
1769 3805 1867 3874 uutud
1894 3861 1918 3876 .

437 3893 565 3977 λυχνία,
593 3901 624 3960 id
650 3909 696 3961 est
718 3900 967 3977 condelabrum
993 3898 1135 3962 videlicet
1185 3901 1319 3981 pluralia,
1336 3899 1520 3977 respondeus
1536 3896 1574 3959 sd
1589 3896 1629 3968 id,
1652 3897 1737 3979 quod
1752 3911 1866 3962 moxtt
1909 3931 1918 3948 1

437 3985 542 4047 eadem
554 4005 638 4059 vooe,
651 3987 876 4066 quaLXX.usi
889 3996 960 4048 sont
971 3989 1001 4048 iu
1013 3985 1132 4048 Exodo.
1188 3989 1303 4069 quitur:
1334 3989 1453 4048 Soneio
1478 3993 1681 4063 serstorum
1709 3981 1867 4048 tametaih
1895 4011 1918 4046 ⁶.

436 4071 599 4133 Pelluntur
626 4075 702 4134 euim
729 4074 873 4136 Erasmus
900 4084 929 4134 et
954 4075 1134 4146 Heuteuius,
1186 4074 1234 4135 bis
1265 4072 1381 4154 plurale
1410 4093 1464 4153 per
1489 4071 1644 4151 singulare
1671 4071 1867 4154 exponenda

437 4160 488 4240 qui
517 4159 636 4220 Graeoa
663 4180 736 4221 vose
762 4162 916 4223 lueeruem
942 4169 1053 4242 potant
1076 4160 1134 4220 boo
1187 4169 1240 4232 est,
1263 4162 1306 4220 uti
1330 4159 1419 4239 paulo
1441 4169 1509 4241 post
1531 4157 1718 4221 docebimus.
1741 4158 1868 4222 Undat!
1893 4183 1918 4220 ε

437 4245 503 4308 loro
525 4247 694 4326 significari
725 4245 851 4308 Graecis
872 4257 1017 4309 oousouat
1044 4249 1132 4307 iuter·
1186 4248 1282 4328 Syrna
1298 4249 1443 4326 interpres
1454 4248 1559 4307 vertit:
1575 4247 1619 4307 Et
1635 4243 1868 4308 oooobotustdt·
1893 4273 1918 4306 a

438 4351 506 4414 pres
522 4334 627 4413 Syrus.
651 4335 727 4395 Erat
741 4344 843 4396 autem
860 4335 1034 4396 candelabri
1049 4334 1135 4394 leons
1186 4353 1257 4395 mna
1276 4341 1395 4393 saneto.
1420 4333 1533 4396 Sensus
1555 4334 1645 4412 igitur
1667 4343 1722 4408 sat,
1748 4333 1867 4395 αὔειν
1916 4369 1918 4374 -

438 4421 470 4481 in
486 4421 610 4482 australi
625 4430 712 4502 parte
727 4421 922 4496 tabernaculi,
938 4431 967 4482 et
981 4420 1135 4502 quideme
1188 4422 1285 4481 ouluui
1302 4419 1375 4480 illud
1390 4423 1517 4501 primum
1533 4422 1680 4480 oomruuui
1699 4423 1866 4484 uotuiutur
1912 4465 1918 4484 2

437 4510 564 4656 {tgiffire
581 4525 705 4655 ἕιειιιιο
726 4511 756 4569 in
779 4507 948 4655 rttqlttilonari
966 4517 1053 4589 parte
1076 4505 1134 4568 oul-
1187 4507 1867 4656 ffdbffillwsdoldqalffllglefflm
1894 4501 1918 4608 ξ

450 4614 694 4670 oeae,oua
763 4615 858 4656 nir:
1275 4639 1284 4668 ,
1365 4616 1382 4655 o
1499 4614 1550 4672 oJ
1738 4615 1776 4655 ou

480 4685 525 4744 Et
539 4616 658 4758 mansel,
683 4615 909 4760 stwplropoaitio
928 4699 1063 4758 portum.
1087 4679 1135 4740 De
1188 4615 1379 4741 bernaonlulo
1404 4681 1567 4741 secuudum
1588 4688 1751 4742 rotaretur
1766 4679 1868 4745 m

437 4768 485 4830 bia
507 4771 607 4849 agitur
629 4768 726 4830 Exod.
743 4770 793 4830 25.
816 4769 896 4830 Usus
918 4787 1040 4829 mensae
1063 4775 1136 4839 erat,
1188 4776 1380 4830 tunctorum.
1403 4766 1493 4828 Unde
1507 4770 1653 4847 sequitur.

439 4862 474 4914 ut
487 4857 517 4916 iu
533 4877 570 4917 ea
592 4864 776 4937 ponerentur
793 4875 898 4935 panes,
921 4858 972 4935 qui
987 4855 1135 4917 vorabau·
1234 4860 1261 4917 3.
1293 4856 1368 4914 Post
1397 4855 1610 4916 velamentum
1636 4860 1746 4915 ntttem
1772 4865 1867 4915 tet*

438 4950 487 5003 tur
502 4944 722 5023 propositionis.
745 4941 939 5004 Pouebautur
962 4952 1061 5003 autum
1077 4943 1135 5003 siu·
1191 4942 1279 5016 dum,
1295 4941 1548 5017 tobsrtsnooium,
1564 4941 1651 5018 quod
1665 4941 1786 5002 diuitias·
1798 4941 1867 5004 8⁰⁸·

438 5030 520 5112 gulis
543 5029 742 5092 hebdomadis
756 5029 837 5092 noui.
861 5027 1023 5091 Caeterum
1033 5047 1138 5108 postet
1190 5036 1242 5090 eto
1256 5035 1447 5091 mooomm.
1470 5027 1616 5110 Quamvis
1637 5027 1687 5090 bio
1701 5025 1742 5090 de
1755 5019 1867 5088 amb
1896 4989 1919 5158 ξ
