<?xml version="1.0" encoding="UTF-8"?>
<!DOCTYPE html PUBLIC "-//W3C//DTD XHTML 1.0 Transitional//EN"
    "http://www.w3.org/TR/xhtml1/DTD/xhtml1-transitional.dtd">
<html xmlns="http://www.w3.org/1999/xhtml" xml:lang="en" lang="en">
 <head>
  <title>
</title>
<meta http-equiv="Content-Type" content="text/html;charset=utf-8" />
  <meta name='ocr-system' content='tesseract 3.04.00' />
  <meta name='ocr-capabilities' content='ocr_page ocr_carea ocr_par ocr_line ocrx_word'/>
</head>
<body>
  <div class='ocr_page' id='page_1' title='image "./guilielmiestiii01estigoog_0288.png"; bbox 0 0 4442 5825; ppageno 0'>
   <div class='ocr_carea' id='block_1_1' title="bbox 397 595 1326 677">
    <p class='ocr_par' dir='ltr' id='par_1_1' title="bbox 397 558 1326 677">
     <span class='ocr_line' id='line_1_1' title="bbox 397 595 1326 677; baseline -0.006 -12"><span class='ocrx_word' id='word_1_1' title='bbox 397 598 471 677; x_wconf 81' lang='lat' dir='ltr'><strong>uus</strong></span> <span class='ocrx_word' id='word_1_2' title='bbox 900 595 1326 663; x_wconf 63' lang='lat' dir='ltr'><strong>commutaturum</strong></span> 
     </span>
    </p>
   </div>
   <div class='ocr_carea' id='block_1_2' title="bbox 330 766 1771 5113">
    <p class='ocr_par' dir='ltr' id='par_1_2' title="bbox 330 766 1771 5113">
     <span class='ocr_line' id='line_1_2' title="bbox 393 766 1771 857; baseline 0.004 -30"><span class='ocrx_word' id='word_1_3' title='bbox 393 766 473 828; x_wconf 80' lang='lat' dir='ltr'><strong>Nam</strong></span> <span class='ocrx_word' id='word_1_4' title='bbox 489 770 664 835; x_wconf 78' lang='lat' dir='ltr'><strong>invisibilia</strong></span> <span class='ocrx_word' id='word_1_5' title='bbox 681 773 814 853; x_wconf 87' lang='lat' dir='ltr'><strong>Deiper</strong></span> <span class='ocrx_word' id='word_1_6' title='bbox 828 794 882 857; x_wconf 86' lang='lat' dir='ltr'><strong>eo,</strong></span> <span class='ocrx_word' id='word_1_7' title='bbox 906 777 1089 855; x_wconf 74' lang='lat' dir='ltr'><strong>quaefacta</strong></span> <span class='ocrx_word' id='word_1_8' title='bbox 1143 774 1283 839; x_wconf 85' lang='lat' dir='ltr'><strong>stantiam</strong></span> <span class='ocrx_word' id='word_1_9' title='bbox 1307 775 1467 857; x_wconf 72' lang='lat' dir='ltr'><strong>expressit.</strong></span> <span class='ocrx_word' id='word_1_10' title='bbox 1505 772 1580 836; x_wconf 75' lang='lat' dir='ltr'><strong>(ium</strong></span> <span class='ocrx_word' id='word_1_11' title='bbox 1604 773 1684 835; x_wconf 88' lang='lat' dir='ltr'><strong>enim</strong></span> <span class='ocrx_word' id='word_1_12' title='bbox 1705 771 1771 835; x_wconf 81' lang='lat' dir='ltr'><strong>d’uis</strong></span> 
     </span>
     <span class='ocr_line' id='line_1_3' title="bbox 393 858 1771 945; baseline 0.004 -29"><span class='ocrx_word' id='word_1_13' title='bbox 393 860 486 931; x_wconf 79' lang='lat' dir='ltr'><strong>silut,</strong></span> <span class='ocrx_word' id='word_1_14' title='bbox 506 858 664 927; x_wconf 78' lang='lat' dir='ltr'><strong>intellecta</strong></span> <span class='ocrx_word' id='word_1_15' title='bbox 679 863 938 945; x_wconf 76' lang='lat' dir='ltr'><strong>conspiciuntur,</strong></span> <span class='ocrx_word' id='word_1_16' title='bbox 959 862 1045 923; x_wconf 85' lang='lat' dir='ltr'><strong>Rom.</strong></span> <span class='ocrx_word' id='word_1_17' title='bbox 1061 867 1088 924; x_wconf 90' lang='lat'><strong>1.</strong></span> <span class='ocrx_word' id='word_1_18' title='bbox 1144 861 1222 925; x_wconf 84' lang='lat' dir='ltr'><strong>Oain</strong></span> <span class='ocrx_word' id='word_1_19' title='bbox 1237 861 1382 927; x_wconf 86' lang='lat' dir='ltr'><strong>obtulisse</strong></span> <span class='ocrx_word' id='word_1_20' title='bbox 1398 860 1436 921; x_wconf 86' lang='lat' dir='ltr'><strong>de</strong></span> <span class='ocrx_word' id='word_1_21' title='bbox 1449 859 1594 922; x_wconf 86' lang='lat' dir='ltr'><strong>fructibus</strong></span> <span class='ocrx_word' id='word_1_22' title='bbox 1605 867 1704 921; x_wconf 82' lang='lat' dir='ltr'><strong>terrae</strong></span> <span class='ocrx_word' id='word_1_23' title='bbox 1717 877 1771 921; x_wconf 82' lang='lat' dir='ltr'><strong>nur</strong></span> 
     </span>
     <span class='ocr_line' id='line_1_4' title="bbox 394 938 1771 1030; baseline 0.002 -28"><span class='ocrx_word' id='word_1_24' title='bbox 394 938 483 1015; x_wconf 84' lang='lat' dir='ltr'><strong>Unde</strong></span> <span class='ocrx_word' id='word_1_25' title='bbox 498 953 528 1004; x_wconf 94' lang='lat' dir='ltr'><strong>et</strong></span> <span class='ocrx_word' id='word_1_26' title='bbox 542 945 670 1013; x_wconf 89' lang='lat' dir='ltr'><strong>mundus</strong></span> <span class='ocrx_word' id='word_1_27' title='bbox 686 942 852 1015; x_wconf 80' lang='lat' dir='ltr'><strong>diuinitatis</strong></span> <span class='ocrx_word' id='word_1_28' title='bbox 867 949 1018 1030; x_wconf 82' lang='lat' dir='ltr'><strong>speculnnr</strong></span> <span class='ocrx_word' id='word_1_29' title='bbox 1035 969 1087 1029; x_wconf 86' lang='lat' dir='ltr'><strong>ap·</strong></span> <span class='ocrx_word' id='word_1_30' title='bbox 1143 949 1288 1020; x_wconf 85' lang='lat' dir='ltr'><strong>Domino,</strong></span> <span class='ocrx_word' id='word_1_31' title='bbox 1305 946 1415 1008; x_wconf 90' lang='lat' dir='ltr'><strong>deinde</strong></span> <span class='ocrx_word' id='word_1_32' title='bbox 1431 945 1604 1026; x_wconf 76' lang='lat' dir='ltr'><strong>subjunxit:</strong></span> <span class='ocrx_word' id='word_1_33' title='bbox 1624 945 1703 1007; x_wconf 81' lang='lat' dir='ltr'><strong>Abel</strong></span> <span class='ocrx_word' id='word_1_34' title='bbox 1718 963 1771 1023; x_wconf 75' lang='lat' dir='ltr'><strong>pue</strong></span> 
     </span>
     <span class='ocr_line' id='line_1_5' title="bbox 393 1026 1771 1122; baseline 0.001 -29"><span class='ocrx_word' id='word_1_35' title='bbox 393 1026 530 1108; x_wconf 76' lang='lat' dir='ltr'><strong>pellatur.</strong></span> <span class='ocrx_word' id='word_1_36' title='bbox 567 1028 727 1122; x_wconf 86' lang='lat' dir='ltr'><strong>Speciosus</strong></span> <span class='ocrx_word' id='word_1_37' title='bbox 752 1033 802 1094; x_wconf 91' lang='lat' dir='ltr'><strong>bic</strong></span> <span class='ocrx_word' id='word_1_38' title='bbox 829 1036 951 1117; x_wconf 87' lang='lat' dir='ltr'><strong>quidem</strong></span> <span class='ocrx_word' id='word_1_39' title='bbox 973 1055 1087 1109; x_wconf 88' lang='lat' dir='ltr'><strong>sensus,</strong></span> <span class='ocrx_word' id='word_1_40' title='bbox 1144 1036 1258 1097; x_wconf 86' lang='lat' dir='ltr'><strong>obtulit</strong></span> <span class='ocrx_word' id='word_1_41' title='bbox 1272 1034 1311 1095; x_wconf 83' lang='lat' dir='ltr'><strong>de</strong></span> <span class='ocrx_word' id='word_1_42' title='bbox 1322 1036 1546 1112; x_wconf 76' lang='lat' dir='ltr'><strong>primopeuitia</strong></span> <span class='ocrx_word' id='word_1_43' title='bbox 1564 1035 1669 1110; x_wconf 78' lang='lat' dir='ltr'><strong>prepr‘r</strong></span> <span class='ocrx_word' id='word_1_44' title='bbox 1682 1035 1771 1108; x_wconf 62' lang='lat' dir='ltr'><strong>rute</strong></span> 
     </span>
     <span class='ocr_line' id='line_1_6' title="bbox 393 1114 1771 1203; baseline 0.005 -30"><span class='ocrx_word' id='word_1_45' title='bbox 393 1114 446 1187; x_wconf 82' lang='lat' dir='ltr'><strong>sed</strong></span> <span class='ocrx_word' id='word_1_46' title='bbox 461 1124 613 1189; x_wconf 83' lang='lat' dir='ltr'><strong>contortus</strong></span> <span class='ocrx_word' id='word_1_47' title='bbox 629 1125 660 1179; x_wconf 92' lang='lat' dir='ltr'><strong>et</strong></span> <span class='ocrx_word' id='word_1_48' title='bbox 674 1119 745 1181; x_wconf 87' lang='lat' dir='ltr'><strong>hnic</strong></span> <span class='ocrx_word' id='word_1_49' title='bbox 763 1119 831 1182; x_wconf 89' lang='lat' dir='ltr'><strong>loco</strong></span> <span class='ocrx_word' id='word_1_50' title='bbox 846 1122 970 1185; x_wconf 87' lang='lat' dir='ltr'><strong>alienus.</strong></span> <span class='ocrx_word' id='word_1_51' title='bbox 1008 1119 1088 1183; x_wconf 83' lang='lat' dir='ltr'><strong>Nem</strong></span> <span class='ocrx_word' id='word_1_52' title='bbox 1143 1123 1292 1203; x_wconf 84' lang='lat' dir='ltr'><strong>adipibus</strong></span> <span class='ocrx_word' id='word_1_53' title='bbox 1307 1139 1431 1196; x_wconf 81' lang='lat' dir='ltr'><strong>eorum,</strong></span> <span class='ocrx_word' id='word_1_54' title='bbox 1456 1118 1485 1181; x_wconf 89' lang='lat' dir='ltr'><strong>id</strong></span> <span class='ocrx_word' id='word_1_55' title='bbox 1508 1127 1553 1183; x_wconf 84' lang='lat' dir='ltr'><strong>est</strong></span> <span class='ocrx_word' id='word_1_56' title='bbox 1573 1119 1613 1182; x_wconf 91' lang='lat' dir='ltr'><strong>de</strong></span> <span class='ocrx_word' id='word_1_57' title='bbox 1634 1120 1771 1200; x_wconf 72' lang='lat' dir='ltr'><strong>primoger</strong></span> 
     </span>
     <span class='ocr_line' id='line_1_7' title="bbox 392 1194 1771 1293; baseline 0.002 -30"><span class='ocrx_word' id='word_1_58' title='bbox 392 1198 540 1273; x_wconf 79' lang='lat' dir='ltr'><strong>Graecum</strong></span> <span class='ocrx_word' id='word_1_59' title='bbox 555 1194 748 1286; x_wconf 76' lang='grc' dir='ltr'>βλεπόμενα,</span> <span class='ocrx_word' id='word_1_60' title='bbox 775 1228 829 1287; x_wconf 88' lang='lat' dir='ltr'><strong>pro</strong></span> <span class='ocrx_word' id='word_1_61' title='bbox 852 1229 912 1293; x_wconf 86' lang='lat' dir='ltr'><strong>quo</strong></span> <span class='ocrx_word' id='word_1_62' title='bbox 928 1216 1030 1271; x_wconf 88' lang='lat' dir='ltr'><strong>noster</strong></span> <span class='ocrx_word' id='word_1_63' title='bbox 1043 1209 1086 1270; x_wconf 93' lang='lat' dir='ltr'><strong>in·</strong></span> <span class='ocrx_word' id='word_1_64' title='bbox 1143 1212 1190 1271; x_wconf 90' lang='lat' dir='ltr'><strong>sni</strong></span> <span class='ocrx_word' id='word_1_65' title='bbox 1205 1210 1322 1289; x_wconf 76' lang='lat' dir='ltr'><strong>gregis,</strong></span> <span class='ocrx_word' id='word_1_66' title='bbox 1338 1208 1437 1288; x_wconf 88' lang='lat' dir='ltr'><strong>iisque</strong></span> <span class='ocrx_word' id='word_1_67' title='bbox 1451 1206 1671 1290; x_wconf 73' lang='lat' dir='ltr'><strong>pinguissimis.</strong></span> <span class='ocrx_word' id='word_1_68' title='bbox 1695 1206 1771 1266; x_wconf 71' lang='lat' dir='ltr'><strong>Este</strong></span> 
     </span>
     <span class='ocr_line' id='line_1_8' title="bbox 392 1291 1771 1380; baseline 0.004 -30"><span class='ocrx_word' id='word_1_69' title='bbox 392 1295 507 1380; x_wconf 81' lang='lat' dir='ltr'><strong>terpres</strong></span> <span class='ocrx_word' id='word_1_70' title='bbox 533 1291 686 1371; x_wconf 83' lang='lat' dir='ltr'><strong>visibilia,</strong></span> <span class='ocrx_word' id='word_1_71' title='bbox 717 1295 910 1379; x_wconf 69' lang='lat' dir='ltr'><strong>participium</strong></span> <span class='ocrx_word' id='word_1_72' title='bbox 941 1305 1003 1371; x_wconf 90' lang='lat' dir='ltr'><strong>est,</strong></span> <span class='ocrx_word' id='word_1_73' title='bbox 1028 1315 1089 1357; x_wconf 91' lang='lat' dir='ltr'><strong>non</strong></span> <span class='ocrx_word' id='word_1_74' title='bbox 1143 1297 1255 1379; x_wconf 75' lang='lat' dir='ltr'><strong>figura,</strong></span> <span class='ocrx_word' id='word_1_75' title='bbox 1271 1315 1350 1375; x_wconf 88' lang='lat' dir='ltr'><strong>quae</strong></span> <span class='ocrx_word' id='word_1_76' title='bbox 1364 1292 1535 1376; x_wconf 85' lang='lat' dir='ltr'><strong>hendyadis</strong></span> <span class='ocrx_word' id='word_1_77' title='bbox 1553 1293 1647 1375; x_wconf 77' lang='lat' dir='ltr'><strong>vulgo</strong></span> <span class='ocrx_word' id='word_1_78' title='bbox 1664 1291 1771 1373; x_wconf 79' lang='lat' dir='ltr'><strong>appelit</strong></span> 
     </span>
     <span class='ocr_line' id='line_1_9' title="bbox 391 1377 1757 1465; baseline 0.002 -30"><span class='ocrx_word' id='word_1_79' title='bbox 391 1396 516 1453; x_wconf 64' lang='lat' dir='ltr'><strong>nomem</strong></span> <span class='ocrx_word' id='word_1_80' title='bbox 547 1398 583 1439; x_wconf 86' lang='lat' dir='ltr'><strong>se</strong></span> <span class='ocrx_word' id='word_1_81' title='bbox 611 1377 703 1460; x_wconf 78' lang='lat' dir='ltr'><strong>pleno</strong></span> <span class='ocrx_word' id='word_1_82' title='bbox 731 1400 820 1451; x_wconf 77' lang='lat' dir='ltr'><strong>seusu</strong></span> <span class='ocrx_word' id='word_1_83' title='bbox 845 1384 1008 1462; x_wconf 77' lang='lat' dir='ltr'><strong>siguificat:</strong></span> <span class='ocrx_word' id='word_1_84' title='bbox 1039 1402 1087 1458; x_wconf 86' lang='lat' dir='ltr'><strong>ea,</strong></span> <span class='ocrx_word' id='word_1_85' title='bbox 1143 1382 1240 1465; x_wconf 76' lang='lat' dir='ltr'><strong>Syrus</strong></span> <span class='ocrx_word' id='word_1_86' title='bbox 1255 1384 1346 1445; x_wconf 83' lang='lat' dir='ltr'><strong>etiem</strong></span> <span class='ocrx_word' id='word_1_87' title='bbox 1362 1383 1511 1463; x_wconf 74' lang='lat' dir='ltr'><strong>interpres</strong></span> <span class='ocrx_word' id='word_1_88' title='bbox 1526 1382 1757 1461; x_wconf 73' lang='lat' dir='ltr'><strong>praestantiam,</strong></span> 
     </span>
     <span class='ocr_line' id='line_1_10' title="bbox 390 1465 1771 1551; baseline 0.002 -26"><span class='ocrx_word' id='word_1_89' title='bbox 390 1481 472 1541; x_wconf 82' lang='lat' dir='ltr'><strong>quae</strong></span> <span class='ocrx_word' id='word_1_90' title='bbox 486 1465 654 1543; x_wconf 71' lang='lat' dir='ltr'><strong>videntur,</strong></span> <span class='ocrx_word' id='word_1_91' title='bbox 678 1466 756 1534; x_wconf 84' lang='lat' dir='ltr'><strong>sicut</strong></span> <span class='ocrx_word' id='word_1_92' title='bbox 770 1469 801 1529; x_wconf 93' lang='lat' dir='ltr'><strong>in</strong></span> <span class='ocrx_word' id='word_1_93' title='bbox 816 1470 912 1551; x_wconf 88' lang='lat' dir='ltr'><strong>primo</strong></span> <span class='ocrx_word' id='word_1_94' title='bbox 926 1488 1018 1531; x_wconf 83' lang='lat' dir='ltr'><strong>versu</strong></span> <span class='ocrx_word' id='word_1_95' title='bbox 1033 1469 1086 1530; x_wconf 92' lang='lat' dir='ltr'><strong>bn·</strong></span> <span class='ocrx_word' id='word_1_96' title='bbox 1143 1491 1177 1533; x_wconf 88' lang='lat' dir='ltr'><strong>co</strong></span> <span class='ocrx_word' id='word_1_97' title='bbox 1201 1472 1275 1543; x_wconf 86' lang='lat' dir='ltr'><strong>iam,</strong></span> <span class='ocrx_word' id='word_1_98' title='bbox 1291 1467 1481 1548; x_wconf 76' lang='lat' dir='ltr'><strong>significavit,</strong></span> <span class='ocrx_word' id='word_1_99' title='bbox 1497 1466 1569 1527; x_wconf 89' lang='lat' dir='ltr'><strong>dnm</strong></span> <span class='ocrx_word' id='word_1_100' title='bbox 1584 1469 1628 1529; x_wconf 79' lang='lat' dir='ltr'><strong>its</strong></span> <span class='ocrx_word' id='word_1_101' title='bbox 1643 1466 1771 1528; x_wconf 76' lang='lat' dir='ltr'><strong>vmtitzi</strong></span> 
     </span>
     <span class='ocr_line' id='line_1_11' title="bbox 387 1550 1771 1636; baseline 0.004 -26"><span class='ocrx_word' id='word_1_102' title='bbox 387 1550 441 1628; x_wconf 90' lang='lat' dir='ltr'><strong>jus</strong></span> <span class='ocrx_word' id='word_1_103' title='bbox 456 1552 575 1631; x_wconf 87' lang='lat' dir='ltr'><strong>capitis.</strong></span> <span class='ocrx_word' id='word_1_104' title='bbox 604 1552 793 1631; x_wconf 74' lang='lat' dir='ltr'><strong>Spectacula</strong></span> <span class='ocrx_word' id='word_1_105' title='bbox 808 1563 908 1618; x_wconf 71' lang='lat' dir='ltr'><strong>anum</strong></span> <span class='ocrx_word' id='word_1_106' title='bbox 924 1555 1087 1636; x_wconf 82' lang='lat' dir='ltr'><strong>significari</strong></span> <span class='ocrx_word' id='word_1_107' title='bbox 1142 1576 1160 1617; x_wconf 95' lang='grc' dir='ltr'>ο</span> <span class='ocrx_word' id='word_1_108' title='bbox 1187 1565 1235 1618; x_wconf 84' lang='lat' dir='ltr'><strong>ert</strong></span> <span class='ocrx_word' id='word_1_109' title='bbox 1259 1556 1338 1617; x_wconf 86' lang='lat' dir='ltr'><strong>Abel</strong></span> <span class='ocrx_word' id='word_1_110' title='bbox 1367 1557 1559 1634; x_wconf 78' lang='lat' dir='ltr'><strong>racriflaium</strong></span> <span class='ocrx_word' id='word_1_111' title='bbox 1589 1554 1703 1616; x_wconf 86' lang='lat' dir='ltr'><strong>melius</strong></span> <span class='ocrx_word' id='word_1_112' title='bbox 1730 1571 1771 1615; x_wconf 80' lang='lat' dir='ltr'><strong>mr</strong></span> 
     </span>
     <span class='ocr_line' id='line_1_12' title="bbox 391 1637 1771 1722; baseline -0.001 -23"><span class='ocrx_word' id='word_1_113' title='bbox 391 1655 427 1699; x_wconf 88' lang='lat' dir='ltr'><strong>eo</strong></span> <span class='ocrx_word' id='word_1_114' title='bbox 441 1638 617 1719; x_wconf 77' lang='lat' dir='ltr'><strong>participio,</strong></span> <span class='ocrx_word' id='word_1_115' title='bbox 640 1639 725 1700; x_wconf 86' lang='lat' dir='ltr'><strong>velut</strong></span> <span class='ocrx_word' id='word_1_116' title='bbox 748 1643 779 1702; x_wconf 92' lang='lat' dir='ltr'><strong>in</strong></span> <span class='ocrx_word' id='word_1_117' title='bbox 795 1641 919 1703; x_wconf 76' lang='lat' dir='ltr'><strong>classem</strong></span> <span class='ocrx_word' id='word_1_118' title='bbox 934 1642 1088 1705; x_wconf 86' lang='lat' dir='ltr'><strong>nominum</strong></span> <span class='ocrx_word' id='word_1_119' title='bbox 1141 1663 1238 1722; x_wconf 86' lang='lat' dir='ltr'><strong>quom</strong></span> <span class='ocrx_word' id='word_1_120' title='bbox 1254 1643 1355 1716; x_wconf 76' lang='lat' dir='ltr'><strong>casn,</strong></span> <span class='ocrx_word' id='word_1_121' title='bbox 1373 1644 1449 1704; x_wconf 88' lang='lat' dir='ltr'><strong>Dec.</strong></span> <span class='ocrx_word' id='word_1_122' title='bbox 1482 1639 1542 1702; x_wconf 85' lang='lat' dir='ltr'><strong>Sed</strong></span> <span class='ocrx_word' id='word_1_123' title='bbox 1558 1649 1589 1701; x_wconf 93' lang='lat' dir='ltr'><strong>et</strong></span> <span class='ocrx_word' id='word_1_124' title='bbox 1604 1639 1716 1703; x_wconf 82' lang='lat' dir='ltr'><strong>Graeci</strong></span> <span class='ocrx_word' id='word_1_125' title='bbox 1731 1637 1771 1698; x_wconf 85' lang='lat' dir='ltr'><strong>dir</strong></span> 
     </span>
     <span class='ocr_line' id='line_1_13' title="bbox 330 1723 1771 1809; baseline 0 -22"><span class='ocrx_word' id='word_1_126' title='bbox 330 1779 334 1787; x_wconf 94' lang='lat'>.</span> <span class='ocrx_word' id='word_1_127' title='bbox 389 1723 529 1799; x_wconf 86' lang='lat' dir='ltr'><strong>redacto,</strong></span> <span class='ocrx_word' id='word_1_128' title='bbox 548 1725 650 1797; x_wconf 87' lang='lat' dir='ltr'><strong>nullus</strong></span> <span class='ocrx_word' id='word_1_129' title='bbox 665 1728 794 1809; x_wconf 81' lang='lat' dir='ltr'><strong>scriptor</strong></span> <span class='ocrx_word' id='word_1_130' title='bbox 806 1728 941 1792; x_wconf 83' lang='lat' dir='ltr'><strong>tradidit</strong></span> <span class='ocrx_word' id='word_1_131' title='bbox 1142 1736 1296 1807; x_wconf 76' lang='lat' dir='ltr'><strong>rnajorem</strong></span> <span class='ocrx_word' id='word_1_132' title='bbox 1327 1729 1575 1808; x_wconf 85' lang='lat' dir='ltr'><strong>interpretantur:</strong></span> <span class='ocrx_word' id='word_1_133' title='bbox 1610 1729 1771 1804; x_wconf 80' lang='lat' dir='ltr'><strong>pretiorior</strong></span> 
     </span>
     <span class='ocr_line' id='line_1_14' title="bbox 432 1810 1771 1901; baseline 0.001 -28"><span class='ocrx_word' id='word_1_134' title='bbox 432 1811 532 1892; x_wconf 79' lang='lat' dir='ltr'><strong>Igitur</strong></span> <span class='ocrx_word' id='word_1_135' title='bbox 560 1813 642 1894; x_wconf 79' lang='lat' dir='ltr'><strong>quod</strong></span> <span class='ocrx_word' id='word_1_136' title='bbox 670 1811 708 1879; x_wconf 77' lang='lat' dir='ltr'><strong>td</strong></span> <span class='ocrx_word' id='word_1_137' title='bbox 743 1812 890 1879; x_wconf 80' lang='lat' dir='ltr'><strong>Graecam</strong></span> <span class='ocrx_word' id='word_1_138' title='bbox 927 1816 1087 1879; x_wconf 87' lang='lat' dir='ltr'><strong>lectionem</strong></span> <span class='ocrx_word' id='word_1_139' title='bbox 1143 1815 1234 1901; x_wconf 77' lang='lat' dir='ltr'><strong>Quod</strong></span> <span class='ocrx_word' id='word_1_140' title='bbox 1256 1812 1418 1877; x_wconf 83' lang='lat' dir='ltr'><strong>studiosius</strong></span> <span class='ocrx_word' id='word_1_141' title='bbox 1441 1824 1554 1879; x_wconf 84' lang='lat' dir='ltr'><strong>annoto</strong></span> <span class='ocrx_word' id='word_1_142' title='bbox 1576 1823 1702 1896; x_wconf 85' lang='lat' dir='ltr'><strong>propter</strong></span> <span class='ocrx_word' id='word_1_143' title='bbox 1721 1810 1771 1895; x_wconf 75' lang='lat' dir='ltr'><strong>(iej</strong></span> 
     </span>
     <span class='ocr_line' id='line_1_15' title="bbox 390 1894 1771 1984; baseline -0.001 -19"><span class='ocrx_word' id='word_1_144' title='bbox 390 1897 514 1975; x_wconf 67' lang='lat' dir='ltr'><strong>cunct,</strong></span> <span class='ocrx_word' id='word_1_145' title='bbox 540 1902 566 1963; x_wconf 79' lang='lat' dir='ltr'><strong>si</strong></span> <span class='ocrx_word' id='word_1_146' title='bbox 588 1900 769 1969; x_wconf 85' lang='lat' dir='ltr'><strong>vocabulum</strong></span> <span class='ocrx_word' id='word_1_147' title='bbox 792 1894 1015 1983; x_wconf 72' lang='grc' dir='ltr'>ἐκφαινομένων</span> <span class='ocrx_word' id='word_1_148' title='bbox 1038 1923 1086 1964; x_wconf 86' lang='lat' dir='ltr'><strong>cc·</strong></span> <span class='ocrx_word' id='word_1_149' title='bbox 1141 1925 1228 1977; x_wconf 85' lang='lat' dir='ltr'><strong>num,</strong></span> <span class='ocrx_word' id='word_1_150' title='bbox 1255 1904 1306 1984; x_wconf 87' lang='lat' dir='ltr'><strong>qui</strong></span> <span class='ocrx_word' id='word_1_151' title='bbox 1322 1900 1472 1965; x_wconf 80' lang='lat' dir='ltr'><strong>Graecam</strong></span> <span class='ocrx_word' id='word_1_152' title='bbox 1487 1923 1593 1963; x_wconf 83' lang='lat' dir='ltr'><strong>vocem</strong></span> <span class='ocrx_word' id='word_1_153' title='bbox 1604 1903 1692 1982; x_wconf 90' lang='lat' dir='ltr'><strong>justo</strong></span> <span class='ocrx_word' id='word_1_154' title='bbox 1708 1919 1771 1982; x_wconf 84' lang='lat' dir='ltr'><strong>pres</strong></span> 
     </span>
     <span class='ocr_line' id='line_1_16' title="bbox 389 1985 1746 2072; baseline -0.004 -17"><span class='ocrx_word' id='word_1_155' title='bbox 389 1985 500 2067; x_wconf 63' lang='lat' dir='ltr'><strong>Gipiiur</strong></span> <span class='ocrx_word' id='word_1_156' title='bbox 514 1995 548 2048; x_wconf 63' lang='lat'><strong>1¹2</strong></span> <span class='ocrx_word' id='word_1_157' title='bbox 562 1989 800 2067; x_wconf 74' lang='lat' dir='ltr'><strong>uuecntupouiiu</strong></span> <span class='ocrx_word' id='word_1_158' title='bbox 815 1989 920 2063; x_wconf 89' lang='lat' dir='ltr'><strong>dictio,</strong></span> <span class='ocrx_word' id='word_1_159' title='bbox 936 1989 1087 2069; x_wconf 86' lang='lat' dir='ltr'><strong>quomodo</strong></span> <span class='ocrx_word' id='word_1_160' title='bbox 1141 2011 1271 2072; x_wconf 78' lang='lat' dir='ltr'><strong>urgens,</strong></span> <span class='ocrx_word' id='word_1_161' title='bbox 1300 2009 1358 2051; x_wconf 92' lang='lat' dir='ltr'><strong>nec</strong></span> <span class='ocrx_word' id='word_1_162' title='bbox 1384 1989 1564 2071; x_wconf 80' lang='lat' dir='ltr'><strong>Apostolum</strong></span> <span class='ocrx_word' id='word_1_163' title='bbox 1592 1988 1746 2050; x_wconf 81' lang='lat' dir='ltr'><strong>conferens</strong></span> 
     </span>
     <span class='ocr_line' id='line_1_17' title="bbox 389 2070 1771 2157; baseline 0.002 -26"><span class='ocrx_word' id='word_1_164' title='bbox 389 2070 527 2139; x_wconf 78' lang='lat' dir='ltr'><strong>scribitur</strong></span> <span class='ocrx_word' id='word_1_165' title='bbox 550 2074 582 2144; x_wconf 82' lang='lat' dir='ltr'><strong>in</strong></span> <span class='ocrx_word' id='word_1_166' title='bbox 604 2074 774 2151; x_wconf 82' lang='lat' dir='ltr'><strong>codicibus,</strong></span> <span class='ocrx_word' id='word_1_167' title='bbox 801 2096 876 2157; x_wconf 86' lang='lat' dir='ltr'><strong>qnos</strong></span> <span class='ocrx_word' id='word_1_168' title='bbox 899 2085 1021 2143; x_wconf 88' lang='lat' dir='ltr'><strong>secutus</strong></span> <span class='ocrx_word' id='word_1_169' title='bbox 1042 2085 1088 2139; x_wconf 87' lang='lat' dir='ltr'><strong>est</strong></span> <span class='ocrx_word' id='word_1_170' title='bbox 1141 2078 1243 2149; x_wconf 80' lang='lat' dir='ltr'><strong>Mose,</strong></span> <span class='ocrx_word' id='word_1_171' title='bbox 1268 2076 1430 2156; x_wconf 80' lang='lat' dir='ltr'><strong>significari</strong></span> <span class='ocrx_word' id='word_1_172' title='bbox 1443 2074 1525 2149; x_wconf 85' lang='lat' dir='ltr'><strong>ruit,</strong></span> <span class='ocrx_word' id='word_1_173' title='bbox 1550 2076 1626 2137; x_wconf 85' lang='lat' dir='ltr'><strong>Cain</strong></span> <span class='ocrx_word' id='word_1_174' title='bbox 1639 2094 1771 2156; x_wconf 86' lang='lat' dir='ltr'><strong>paramo</strong></span> 
     </span>
     <span class='ocr_line' id='line_1_18' title="bbox 390 2160 1771 2236; baseline 0.001 -17"><span class='ocrx_word' id='word_1_175' title='bbox 390 2166 494 2229; x_wconf 83' lang='lat' dir='ltr'><strong>auctor</strong></span> <span class='ocrx_word' id='word_1_176' title='bbox 513 2160 577 2236; x_wconf 86' lang='lat' dir='ltr'><strong>jem</strong></span> <span class='ocrx_word' id='word_1_177' title='bbox 601 2162 700 2227; x_wconf 76' lang='lat' dir='ltr'><strong>dictae</strong></span> <span class='ocrx_word' id='word_1_178' title='bbox 723 2163 884 2236; x_wconf 82' lang='lat' dir='ltr'><strong>versionis,</strong></span> <span class='ocrx_word' id='word_1_179' title='bbox 911 2182 1019 2227; x_wconf 83' lang='lat' dir='ltr'><strong>sensus</strong></span> <span class='ocrx_word' id='word_1_180' title='bbox 1044 2165 1088 2229; x_wconf 86' lang='lat' dir='ltr'><strong>ita</strong></span> <span class='ocrx_word' id='word_1_181' title='bbox 1141 2166 1214 2227; x_wconf 87' lang='lat' dir='ltr'><strong>liese</strong></span> <span class='ocrx_word' id='word_1_182' title='bbox 1230 2163 1269 2229; x_wconf 89' lang='lat' dir='ltr'><strong>de</strong></span> <span class='ocrx_word' id='word_1_183' title='bbox 1283 2162 1430 2227; x_wconf 75' lang='lat' dir='ltr'><strong>fructibus</strong></span> <span class='ocrx_word' id='word_1_184' title='bbox 1446 2163 1560 2234; x_wconf 84' lang='lat' dir='ltr'><strong>terrae,</strong></span> <span class='ocrx_word' id='word_1_185' title='bbox 1586 2161 1667 2223; x_wconf 85' lang='lat' dir='ltr'><strong>Abel</strong></span> <span class='ocrx_word' id='word_1_186' title='bbox 1681 2181 1771 2224; x_wconf 82' lang='lat' dir='ltr'><strong>reror</strong></span> 
     </span>
     <span class='ocr_line' id='line_1_19' title="bbox 389 2242 1771 2329; baseline 0.002 -23"><span class='ocrx_word' id='word_1_187' title='bbox 389 2242 561 2317; x_wconf 81' lang='lat' dir='ltr'><strong>reddendus</strong></span> <span class='ocrx_word' id='word_1_188' title='bbox 584 2251 654 2312; x_wconf 87' lang='lat' dir='ltr'><strong>erit:</strong></span> <span class='ocrx_word' id='word_1_189' title='bbox 690 2250 730 2311; x_wconf 87' lang='lat' dir='ltr'><strong>Ut</strong></span> <span class='ocrx_word' id='word_1_190' title='bbox 750 2269 819 2313; x_wconf 85' lang='lat' dir='ltr'><strong>unu</strong></span> <span class='ocrx_word' id='word_1_191' title='bbox 845 2253 1086 2329; x_wconf 83' lang='lat' dir='ltr'><strong>apparentium,</strong></span> <span class='ocrx_word' id='word_1_192' title='bbox 1143 2263 1206 2318; x_wconf 79' lang='lat' dir='ltr'><strong>tutu</strong></span> <span class='ocrx_word' id='word_1_193' title='bbox 1232 2249 1271 2317; x_wconf 84' lang='lat' dir='ltr'><strong>de</strong></span> <span class='ocrx_word' id='word_1_194' title='bbox 1293 2250 1409 2315; x_wconf 81' lang='lat' dir='ltr'><strong>oribus.</strong></span> <span class='ocrx_word' id='word_1_195' title='bbox 1448 2251 1518 2311; x_wconf 89' lang='lat' dir='ltr'><strong>Hoc</strong></span> <span class='ocrx_word' id='word_1_196' title='bbox 1541 2250 1622 2311; x_wconf 91' lang='lat' dir='ltr'><strong>enim</strong></span> <span class='ocrx_word' id='word_1_197' title='bbox 1648 2249 1728 2311; x_wconf 76' lang='lat' dir='ltr'><strong>Moci</strong></span> <span class='ocrx_word' id='word_1_198' title='bbox 1750 2269 1771 2308; x_wconf 82' lang='lat' dir='ltr'><strong>r·</strong></span> 
     </span>
     <span class='ocr_line' id='line_1_20' title="bbox 389 2330 1333 2417; baseline 0.001 -23"><span class='ocrx_word' id='word_1_199' title='bbox 389 2330 422 2395; x_wconf 91' lang='lat' dir='ltr'><strong>id</strong></span> <span class='ocrx_word' id='word_1_200' title='bbox 443 2343 490 2409; x_wconf 69' lang='lat' dir='ltr'><strong>ast</strong></span> <span class='ocrx_word' id='word_1_201' title='bbox 513 2354 551 2397; x_wconf 89' lang='lat' dir='ltr'><strong>ex</strong></span> <span class='ocrx_word' id='word_1_202' title='bbox 577 2355 637 2401; x_wconf 89' lang='lat' dir='ltr'><strong>uon</strong></span> <span class='ocrx_word' id='word_1_203' title='bbox 663 2337 896 2417; x_wconf 79' lang='lat' dir='ltr'><strong>apparentibus,</strong></span> <span class='ocrx_word' id='word_1_204' title='bbox 922 2358 979 2417; x_wconf 86' lang='lat' dir='ltr'><strong>ea,</strong></span> <span class='ocrx_word' id='word_1_205' title='bbox 1007 2357 1087 2417; x_wconf 80' lang='lat' dir='ltr'><strong>quae</strong></span> <span class='ocrx_word' id='word_1_206' title='bbox 1142 2359 1201 2400; x_wconf 90' lang='lat' dir='ltr'><strong>non</strong></span> <span class='ocrx_word' id='word_1_207' title='bbox 1216 2345 1333 2401; x_wconf 86' lang='lat' dir='ltr'><strong>sonent.</strong></span> 
     </span>
     <span class='ocr_line' id='line_1_21' title="bbox 389 2420 1769 2511; baseline -0.004 -22"><span class='ocrx_word' id='word_1_208' title='bbox 389 2420 558 2499; x_wconf 70' lang='lat' dir='ltr'><strong>utentur,</strong></span> <span class='ocrx_word' id='word_1_209' title='bbox 586 2421 680 2487; x_wconf 85' lang='lat' dir='ltr'><strong>idest</strong></span> <span class='ocrx_word' id='word_1_210' title='bbox 703 2427 880 2511; x_wconf 79' lang='lat' dir='ltr'><strong>appetentia</strong></span> <span class='ocrx_word' id='word_1_211' title='bbox 899 2444 955 2487; x_wconf 90' lang='lat' dir='ltr'><strong>seu</strong></span> <span class='ocrx_word' id='word_1_212' title='bbox 970 2427 1087 2507; x_wconf 92' lang='lat' dir='ltr'><strong>eonspi·</strong></span> <span class='ocrx_word' id='word_1_213' title='bbox 1184 2424 1270 2496; x_wconf 82' lang='lat' dir='ltr'><strong>Sunt,</strong></span> <span class='ocrx_word' id='word_1_214' title='bbox 1282 2425 1335 2506; x_wconf 87' lang='lat' dir='ltr'><strong>qni</strong></span> <span class='ocrx_word' id='word_1_215' title='bbox 1346 2423 1589 2505; x_wconf 80' lang='lat' dir='ltr'><strong>rerbaApostoli</strong></span> <span class='ocrx_word' id='word_1_216' title='bbox 1600 2423 1644 2483; x_wconf 88' lang='lat' dir='ltr'><strong>ita</strong></span> <span class='ocrx_word' id='word_1_217' title='bbox 1652 2430 1769 2483; x_wconf 80' lang='lat' dir='ltr'><strong>constru</strong></span> 
     </span>
     <span class='ocr_line' id='line_1_22' title="bbox 392 2508 1770 2588; baseline -0.008 -9"><span class='ocrx_word' id='word_1_218' title='bbox 392 2527 462 2580; x_wconf 74' lang='grc' dir='ltr'>νον,</span> <span class='ocrx_word' id='word_1_219' title='bbox 491 2509 612 2586; x_wconf 75' lang='lat' dir='ltr'><strong>iterent.</strong></span> <span class='ocrx_word' id='word_1_220' title='bbox 650 2508 765 2579; x_wconf 73' lang='lat' dir='ltr'><strong>vorum</strong></span> <span class='ocrx_word' id='word_1_221' title='bbox 781 2510 833 2575; x_wconf 83' lang='lat' dir='ltr'><strong>alii</strong></span> <span class='ocrx_word' id='word_1_222' title='bbox 847 2510 984 2585; x_wconf 85' lang='lat' dir='ltr'><strong>codices,</strong></span> <span class='ocrx_word' id='word_1_223' title='bbox 1012 2521 1043 2577; x_wconf 87' lang='lat' dir='ltr'><strong>et</strong></span> <span class='ocrx_word' id='word_1_224' title='bbox 1058 2513 1089 2573; x_wconf 88' lang='lat' dir='ltr'><strong>in</strong></span> <span class='ocrx_word' id='word_1_225' title='bbox 1142 2512 1220 2577; x_wconf 82' lang='lat' dir='ltr'><strong>Abel</strong></span> <span class='ocrx_word' id='word_1_226' title='bbox 1236 2511 1349 2572; x_wconf 84' lang='lat' dir='ltr'><strong>obtulit</strong></span> <span class='ocrx_word' id='word_1_227' title='bbox 1366 2512 1503 2573; x_wconf 78' lang='lat' dir='ltr'><strong>tortium</strong></span> <span class='ocrx_word' id='word_1_228' title='bbox 1525 2510 1587 2588; x_wconf 71' lang='lat' dir='ltr'><strong>tide</strong></span> <span class='ocrx_word' id='word_1_229' title='bbox 1603 2509 1770 2580; x_wconf 80' lang='lat' dir='ltr'><strong>meliorem</strong></span> 
     </span>
     <span class='ocr_line' id='line_1_23' title="bbox 391 2594 1764 2679; baseline 0.001 -25"><span class='ocrx_word' id='word_1_230' title='bbox 391 2594 437 2654; x_wconf 91' lang='lat' dir='ltr'><strong>bis</strong></span> <span class='ocrx_word' id='word_1_231' title='bbox 452 2595 559 2674; x_wconf 80' lang='lat' dir='ltr'><strong>Regii,</strong></span> <span class='ocrx_word' id='word_1_232' title='bbox 589 2597 672 2676; x_wconf 91' lang='lat' dir='ltr'><strong>qnod</strong></span> <span class='ocrx_word' id='word_1_233' title='bbox 687 2598 782 2676; x_wconf 80' lang='lat' dir='ltr'><strong>magis</strong></span> <span class='ocrx_word' id='word_1_234' title='bbox 802 2597 980 2679; x_wconf 79' lang='lat' dir='ltr'><strong>probamus,</strong></span> <span class='ocrx_word' id='word_1_235' title='bbox 1011 2597 1087 2663; x_wconf 82' lang='lat' dir='ltr'><strong>diri·</strong></span> <span class='ocrx_word' id='word_1_236' title='bbox 1142 2609 1189 2661; x_wconf 91' lang='lat' dir='ltr'><strong>est</strong></span> <span class='ocrx_word' id='word_1_237' title='bbox 1204 2618 1293 2678; x_wconf 86' lang='lat' dir='ltr'><strong>quarn</strong></span> <span class='ocrx_word' id='word_1_238' title='bbox 1308 2596 1383 2659; x_wconf 83' lang='lat' dir='ltr'><strong>fides</strong></span> <span class='ocrx_word' id='word_1_239' title='bbox 1406 2599 1473 2677; x_wconf 86' lang='lat' dir='ltr'><strong>ejus</strong></span> <span class='ocrx_word' id='word_1_240' title='bbox 1493 2594 1764 2658; x_wconf 80' lang='lat' dir='ltr'><strong>commendavitac</strong></span> 
     </span>
     <span class='ocr_line' id='line_1_24' title="bbox 391 2677 1770 2765; baseline -0.006 -14"><span class='ocrx_word' id='word_1_241' title='bbox 391 2678 474 2753; x_wconf 70' lang='lat' dir='ltr'><strong>&lt;iuui-</strong></span> <span class='ocrx_word' id='word_1_242' title='bbox 497 2682 577 2751; x_wconf 68' lang='lat' dir='ltr'><strong>Num</strong></span> <span class='ocrx_word' id='word_1_243' title='bbox 592 2685 788 2765; x_wconf 84' lang='lat' dir='ltr'><strong>compositum</strong></span> <span class='ocrx_word' id='word_1_244' title='bbox 804 2684 929 2751; x_wconf 82' lang='lat' dir='ltr'><strong>verbum</strong></span> <span class='ocrx_word' id='word_1_245' title='bbox 945 2677 1089 2764; x_wconf 75' lang='grc' dir='ltr'>ἓνφαίνν·</span> <span class='ocrx_word' id='word_1_246' title='bbox 1141 2685 1247 2747; x_wconf 90' lang='lat' dir='ltr'><strong>liorem</strong></span> <span class='ocrx_word' id='word_1_247' title='bbox 1271 2682 1410 2747; x_wconf 87' lang='lat' dir='ltr'><strong>reddidit.</strong></span> <span class='ocrx_word' id='word_1_248' title='bbox 1439 2684 1597 2746; x_wconf 87' lang='lat' dir='ltr'><strong>Sententia</strong></span> <span class='ocrx_word' id='word_1_249' title='bbox 1612 2681 1736 2762; x_wconf 87' lang='lat' dir='ltr'><strong>quidem</strong></span> <span class='ocrx_word' id='word_1_250' title='bbox 1750 2704 1770 2743; x_wconf 78' lang='lat' dir='ltr'><strong>u</strong></span> 
     </span>
     <span class='ocr_line' id='line_1_25' title="bbox 392 2767 1771 2851; baseline 0 -22"><span class='ocrx_word' id='word_1_251' title='bbox 392 2784 446 2846; x_wconf 73' lang='grc' dir='ltr'><strong>μοι</strong></span> <span class='ocrx_word' id='word_1_252' title='bbox 460 2769 581 2839; x_wconf 79' lang='lat' dir='ltr'><strong>rarioris</strong></span> <span class='ocrx_word' id='word_1_253' title='bbox 604 2789 678 2835; x_wconf 84' lang='lat' dir='ltr'><strong>usus</strong></span> <span class='ocrx_word' id='word_1_254' title='bbox 701 2778 760 2842; x_wconf 83' lang='lat' dir='ltr'><strong>est,</strong></span> <span class='ocrx_word' id='word_1_255' title='bbox 785 2792 821 2839; x_wconf 75' lang='lat' dir='ltr'><strong>rc</strong></span> <span class='ocrx_word' id='word_1_256' title='bbox 842 2773 959 2845; x_wconf 85' lang='lat' dir='ltr'><strong>nescio,</strong></span> <span class='ocrx_word' id='word_1_257' title='bbox 985 2793 1024 2839; x_wconf 77' lang='lat' dir='ltr'><strong>cn</strong></span> <span class='ocrx_word' id='word_1_258' title='bbox 1038 2791 1087 2832; x_wconf 87' lang='lat' dir='ltr'><strong>ns·</strong></span> <span class='ocrx_word' id='word_1_259' title='bbox 1143 2774 1197 2835; x_wconf 89' lang='lat' dir='ltr'><strong>sed</strong></span> <span class='ocrx_word' id='word_1_260' title='bbox 1213 2794 1273 2833; x_wconf 91' lang='lat' dir='ltr'><strong>non</strong></span> <span class='ocrx_word' id='word_1_261' title='bbox 1289 2780 1336 2831; x_wconf 86' lang='lat' dir='ltr'><strong>est</strong></span> <span class='ocrx_word' id='word_1_262' title='bbox 1351 2791 1388 2832; x_wconf 86' lang='lat' dir='ltr'><strong>ec</strong></span> <span class='ocrx_word' id='word_1_263' title='bbox 1400 2791 1484 2833; x_wconf 87' lang='lat' dir='ltr'><strong>mens</strong></span> <span class='ocrx_word' id='word_1_264' title='bbox 1495 2769 1646 2851; x_wconf 82' lang='lat' dir='ltr'><strong>Apostoli.</strong></span> <span class='ocrx_word' id='word_1_265' title='bbox 1672 2767 1771 2831; x_wconf 77' lang='lat' dir='ltr'><strong>(inme</strong></span> 
     </span>
     <span class='ocr_line' id='line_1_26' title="bbox 393 2856 1771 2944; baseline 0 -26"><span class='ocrx_word' id='word_1_266' title='bbox 393 2874 482 2944; x_wconf 79' lang='lat' dir='ltr'><strong>qpum</strong></span> <span class='ocrx_word' id='word_1_267' title='bbox 498 2862 597 2928; x_wconf 69' lang='lat' dir='ltr'><strong>putet</strong></span> <span class='ocrx_word' id='word_1_268' title='bbox 612 2858 642 2928; x_wconf 85' lang='lat' dir='ltr'><strong>iu</strong></span> <span class='ocrx_word' id='word_1_269' title='bbox 658 2860 752 2926; x_wconf 82' lang='lat' dir='ltr'><strong>aseris</strong></span> <span class='ocrx_word' id='word_1_270' title='bbox 763 2857 869 2928; x_wconf 84' lang='lat' dir='ltr'><strong>literis.</strong></span> <span class='ocrx_word' id='word_1_271' title='bbox 908 2858 979 2922; x_wconf 82' lang='lat' dir='ltr'><strong>Jsm</strong></span> <span class='ocrx_word' id='word_1_272' title='bbox 1002 2860 1028 2920; x_wconf 93' lang='lat' dir='ltr'><strong>si</strong></span> <span class='ocrx_word' id='word_1_273' title='bbox 1045 2857 1087 2924; x_wconf 87' lang='lat' dir='ltr'><strong>di·</strong></span> <span class='ocrx_word' id='word_1_274' title='bbox 1143 2859 1266 2933; x_wconf 87' lang='lat' dir='ltr'><strong>doceat,</strong></span> <span class='ocrx_word' id='word_1_275' title='bbox 1290 2860 1429 2939; x_wconf 81' lang='lat' dir='ltr'><strong>antiquos</strong></span> <span class='ocrx_word' id='word_1_276' title='bbox 1446 2859 1546 2939; x_wconf 89' lang='lat' dir='ltr'><strong>justos</strong></span> <span class='ocrx_word' id='word_1_277' title='bbox 1568 2856 1666 2918; x_wconf 83' lang='lat' dir='ltr'><strong>mults</strong></span> <span class='ocrx_word' id='word_1_278' title='bbox 1689 2875 1771 2938; x_wconf 82' lang='lat' dir='ltr'><strong>praec</strong></span> 
     </span>
     <span class='ocr_line' id='line_1_27' title="bbox 392 2941 1771 3028; baseline -0.003 -21"><span class='ocrx_word' id='word_1_279' title='bbox 392 2941 495 3014; x_wconf 75' lang='lat' dir='ltr'><strong>videa,</strong></span> <span class='ocrx_word' id='word_1_280' title='bbox 519 2943 672 3012; x_wconf 78' lang='lat' dir='ltr'><strong>uidebitur</strong></span> <span class='ocrx_word' id='word_1_281' title='bbox 688 2947 731 3013; x_wconf 81' lang='lat' dir='ltr'><strong>itu</strong></span> <span class='ocrx_word' id='word_1_282' title='bbox 744 2944 938 3012; x_wconf 74' lang='lat' dir='ltr'><strong>vertendum:</strong></span> <span class='ocrx_word' id='word_1_283' title='bbox 967 2948 1007 3009; x_wconf 88' lang='lat' dir='ltr'><strong>Ut</strong></span> <span class='ocrx_word' id='word_1_284' title='bbox 1021 2965 1089 3008; x_wconf 79' lang='lat' dir='ltr'><strong>nou</strong></span> <span class='ocrx_word' id='word_1_285' title='bbox 1143 2948 1253 3014; x_wconf 85' lang='lat' dir='ltr'><strong>iecisse</strong></span> <span class='ocrx_word' id='word_1_286' title='bbox 1268 2946 1434 3026; x_wconf 85' lang='lat' dir='ltr'><strong>perfidem,</strong></span> <span class='ocrx_word' id='word_1_287' title='bbox 1450 2948 1546 3028; x_wconf 87' lang='lat' dir='ltr'><strong>primo</strong></span> <span class='ocrx_word' id='word_1_288' title='bbox 1561 2946 1629 3006; x_wconf 89' lang='lat' dir='ltr'><strong>loco</strong></span> <span class='ocrx_word' id='word_1_289' title='bbox 1645 2947 1771 3005; x_wconf 80' lang='lat' dir='ltr'><strong>etstciti</strong></span> 
     </span>
     <span class='ocr_line' id='line_1_28' title="bbox 394 3027 1771 3113; baseline 0 -21"><span class='ocrx_word' id='word_1_290' title='bbox 394 3048 432 3092; x_wconf 82' lang='lat' dir='ltr'><strong>ea</strong></span> <span class='ocrx_word' id='word_1_291' title='bbox 445 3031 676 3108; x_wconf 71' lang='lat' dir='ltr'><strong>apparentibus</strong></span> <span class='ocrx_word' id='word_1_292' title='bbox 690 3034 829 3100; x_wconf 79' lang='lat' dir='ltr'><strong>visibilia</strong></span> <span class='ocrx_word' id='word_1_293' title='bbox 843 3034 964 3111; x_wconf 73' lang='lat' dir='ltr'><strong>flerem.</strong></span> <span class='ocrx_word' id='word_1_294' title='bbox 999 3033 1087 3112; x_wconf 81' lang='lat' dir='ltr'><strong>Quod</strong></span> <span class='ocrx_word' id='word_1_295' title='bbox 1144 3035 1216 3108; x_wconf 90' lang='lat' dir='ltr'><strong>lem,</strong></span> <span class='ocrx_word' id='word_1_296' title='bbox 1233 3053 1324 3113; x_wconf 86' lang='lat' dir='ltr'><strong>quem</strong></span> <span class='ocrx_word' id='word_1_297' title='bbox 1340 3031 1472 3094; x_wconf 85' lang='lat' dir='ltr'><strong>ostendit</strong></span> <span class='ocrx_word' id='word_1_298' title='bbox 1487 3030 1549 3093; x_wconf 88' lang='lat' dir='ltr'><strong>fide</strong></span> <span class='ocrx_word' id='word_1_299' title='bbox 1563 3027 1771 3103; x_wconf 86' lang='lat' dir='ltr'><strong>edoctum,ad</strong></span> 
     </span>
     <span class='ocr_line' id='line_1_29' title="bbox 393 3115 1770 3199; baseline -0.001 -21"><span class='ocrx_word' id='word_1_300' title='bbox 393 3138 454 3192; x_wconf 81' lang='lat' dir='ltr'><strong>nep</strong></span> <span class='ocrx_word' id='word_1_301' title='bbox 467 3115 539 3188; x_wconf 66' lang='lat' dir='ltr'><strong>ibuit</strong></span> <span class='ocrx_word' id='word_1_302' title='bbox 553 3138 673 3188; x_wconf 67' lang='lat' dir='ltr'><strong>mutuus</strong></span> <span class='ocrx_word' id='word_1_303' title='bbox 687 3119 839 3190; x_wconf 83' lang='lat' dir='ltr'><strong>idoneum.</strong></span> <span class='ocrx_word' id='word_1_304' title='bbox 1144 3123 1240 3182; x_wconf 89' lang='lat' dir='ltr'><strong>nitum</strong></span> <span class='ocrx_word' id='word_1_305' title='bbox 1255 3131 1347 3199; x_wconf 84' lang='lat' dir='ltr'><strong>atque</strong></span> <span class='ocrx_word' id='word_1_306' title='bbox 1363 3120 1518 3182; x_wconf 83' lang='lat' dir='ltr'><strong>incitatum</strong></span> <span class='ocrx_word' id='word_1_307' title='bbox 1531 3117 1636 3192; x_wconf 78' lang='lat' dir='ltr'><strong>icisse,</strong></span> <span class='ocrx_word' id='word_1_308' title='bbox 1654 3128 1688 3178; x_wconf 90' lang='lat' dir='ltr'><strong>nt</strong></span> <span class='ocrx_word' id='word_1_309' title='bbox 1703 3116 1770 3184; x_wconf 91' lang='lat' dir='ltr'><strong>deb</strong></span> 
     </span>
     <span class='ocr_line' id='line_1_30' title="bbox 437 3202 1747 3292; baseline -0.001 -26"><span class='ocrx_word' id='word_1_310' title='bbox 437 3203 538 3292; x_wconf 67' lang='lat' dir='ltr'><strong>Quare</strong></span> <span class='ocrx_word' id='word_1_311' title='bbox 553 3202 715 3276; x_wconf 73' lang='lat' dir='ltr'><strong>dicendum</strong></span> <span class='ocrx_word' id='word_1_312' title='bbox 731 3215 793 3281; x_wconf 86' lang='lat' dir='ltr'><strong>est,</strong></span> <span class='ocrx_word' id='word_1_313' title='bbox 820 3205 945 3272; x_wconf 86' lang='lat' dir='ltr'><strong>duarum</strong></span> <span class='ocrx_word' id='word_1_314' title='bbox 961 3205 1090 3268; x_wconf 65' lang='lat' dir='ltr'><strong>‘uoenle-</strong></span> <span class='ocrx_word' id='word_1_315' title='bbox 1144 3209 1207 3269; x_wconf 89' lang='lat' dir='ltr'><strong>suis</strong></span> <span class='ocrx_word' id='word_1_316' title='bbox 1237 3207 1397 3287; x_wconf 79' lang='lat' dir='ltr'><strong>pinguiora</strong></span> <span class='ocrx_word' id='word_1_317' title='bbox 1426 3227 1463 3272; x_wconf 87' lang='lat' dir='ltr'><strong>ec</strong></span> <span class='ocrx_word' id='word_1_318' title='bbox 1491 3206 1634 3280; x_wconf 84' lang='lat' dir='ltr'><strong>meliors,</strong></span> <span class='ocrx_word' id='word_1_319' title='bbox 1669 3225 1747 3287; x_wconf 87' lang='lat' dir='ltr'><strong>quse</strong></span> 
     </span>
     <span class='ocr_line' id='line_1_31' title="bbox 393 3283 1771 3378; baseline -0.007 -19"><span class='ocrx_word' id='word_1_320' title='bbox 393 3312 458 3366; x_wconf 77' lang='lat' dir='ltr'><strong>tutu</strong></span> <span class='ocrx_word' id='word_1_321' title='bbox 473 3284 517 3372; x_wconf 73' lang='grc' dir='ltr'><strong>μὴ</strong></span> <span class='ocrx_word' id='word_1_322' title='bbox 531 3300 563 3358; x_wconf 78' lang='lat' dir='ltr'><strong>et</strong></span> <span class='ocrx_word' id='word_1_323' title='bbox 577 3283 614 3362; x_wconf 64' lang='lat' dir='ltr'><strong>iz</strong></span> <span class='ocrx_word' id='word_1_324' title='bbox 629 3291 763 3378; x_wconf 69' lang='lat' dir='ltr'><strong>ordipem</strong></span> <span class='ocrx_word' id='word_1_325' title='bbox 780 3313 848 3355; x_wconf 90' lang='lat' dir='ltr'><strong>esse</strong></span> <span class='ocrx_word' id='word_1_326' title='bbox 867 3301 1090 3357; x_wconf 84' lang='lat' dir='ltr'><strong>commutatum.</strong></span> <span class='ocrx_word' id='word_1_327' title='bbox 1145 3293 1279 3368; x_wconf 87' lang='lat' dir='ltr'><strong>offerret,</strong></span> <span class='ocrx_word' id='word_1_328' title='bbox 1310 3293 1450 3372; x_wconf 68' lang='lat' dir='ltr'><strong>eligeret,</strong></span> <span class='ocrx_word' id='word_1_329' title='bbox 1480 3312 1567 3354; x_wconf 88' lang='lat' dir='ltr'><strong>secus</strong></span> <span class='ocrx_word' id='word_1_330' title='bbox 1597 3312 1687 3374; x_wconf 83' lang='lat' dir='ltr'><strong>quam</strong></span> <span class='ocrx_word' id='word_1_331' title='bbox 1718 3292 1771 3352; x_wconf 83' lang='lat' dir='ltr'><strong>iaci</strong></span> 
     </span>
     <span class='ocr_line' id='line_1_32' title="bbox 394 3377 1766 3462; baseline -0.007 -15"><span class='ocrx_word' id='word_1_332' title='bbox 394 3377 563 3462; x_wconf 75' lang='lat' dir='ltr'><strong>euphoniae</strong></span> <span class='ocrx_word' id='word_1_333' title='bbox 578 3380 691 3460; x_wconf 75' lang='lat' dir='ltr'><strong>gratie,</strong></span> <span class='ocrx_word' id='word_1_334' title='bbox 707 3383 811 3462; x_wconf 81' lang='lat' dir='ltr'><strong>sicque</strong></span> <span class='ocrx_word' id='word_1_335' title='bbox 826 3380 1019 3444; x_wconf 83' lang='lat' dir='ltr'><strong>vertendum:</strong></span> <span class='ocrx_word' id='word_1_336' title='bbox 1051 3384 1092 3443; x_wconf 88' lang='lat' dir='ltr'><strong>Ut</strong></span> <span class='ocrx_word' id='word_1_337' title='bbox 1146 3380 1238 3454; x_wconf 77' lang='lat' dir='ltr'><strong>(inin,</strong></span> <span class='ocrx_word' id='word_1_338' title='bbox 1255 3380 1348 3440; x_wconf 83' lang='lat' dir='ltr'><strong>irater</strong></span> <span class='ocrx_word' id='word_1_339' title='bbox 1364 3399 1452 3453; x_wconf 87' lang='lat' dir='ltr'><strong>suus,</strong></span> <span class='ocrx_word' id='word_1_340' title='bbox 1467 3400 1555 3459; x_wconf 89' lang='lat' dir='ltr'><strong>quem</strong></span> <span class='ocrx_word' id='word_1_341' title='bbox 1570 3388 1605 3440; x_wconf 91' lang='lat' dir='ltr'><strong>nt</strong></span> <span class='ocrx_word' id='word_1_342' title='bbox 1618 3379 1766 3441; x_wconf 87' lang='lat' dir='ltr'><strong>hominem</strong></span> 
     </span>
     <span class='ocr_line' id='line_1_33' title="bbox 395 3464 1763 3554; baseline -0.007 -20"><span class='ocrx_word' id='word_1_343' title='bbox 395 3486 433 3539; x_wconf 76' lang='lat' dir='ltr'><strong>et</strong></span> <span class='ocrx_word' id='word_1_344' title='bbox 454 3485 523 3534; x_wconf 78' lang='lat' dir='ltr'><strong>uun</strong></span> <span class='ocrx_word' id='word_1_345' title='bbox 546 3469 776 3554; x_wconf 75' lang='lat' dir='ltr'><strong>apparentibus</strong></span> <span class='ocrx_word' id='word_1_346' title='bbox 802 3477 873 3543; x_wconf 77' lang='lat' dir='ltr'><strong>etc,</strong></span> <span class='ocrx_word' id='word_1_347' title='bbox 904 3466 985 3549; x_wconf 89' lang='lat' dir='ltr'><strong>qnod</strong></span> <span class='ocrx_word' id='word_1_348' title='bbox 1010 3466 1090 3530; x_wconf 89' lang='lat' dir='ltr'><strong>idem</strong></span> <span class='ocrx_word' id='word_1_349' title='bbox 1144 3468 1243 3529; x_wconf 88' lang='lat' dir='ltr'><strong>nalem</strong></span> <span class='ocrx_word' id='word_1_350' title='bbox 1261 3474 1292 3527; x_wconf 92' lang='lat' dir='ltr'><strong>et</strong></span> <span class='ocrx_word' id='word_1_351' title='bbox 1307 3485 1445 3539; x_wconf 82' lang='lat' dir='ltr'><strong>avarum,</strong></span> <span class='ocrx_word' id='word_1_352' title='bbox 1461 3467 1511 3527; x_wconf 86' lang='lat' dir='ltr'><strong>vel</strong></span> <span class='ocrx_word' id='word_1_353' title='bbox 1526 3466 1694 3538; x_wconf 80' lang='lat' dir='ltr'><strong>deteriore,</strong></span> <span class='ocrx_word' id='word_1_354' title='bbox 1715 3464 1763 3527; x_wconf 83' lang='lat' dir='ltr'><strong>rei</strong></span> 
     </span>
     <span class='ocr_line' id='line_1_34' title="bbox 397 3553 1771 3635; baseline -0.002 -19"><span class='ocrx_word' id='word_1_355' title='bbox 397 3562 444 3624; x_wconf 74' lang='lat' dir='ltr'><strong>est</strong></span> <span class='ocrx_word' id='word_1_356' title='bbox 458 3573 525 3626; x_wconf 79' lang='lat' dir='ltr'><strong>tutu</strong></span> <span class='ocrx_word' id='word_1_357' title='bbox 539 3564 644 3624; x_wconf 77' lang='lat' dir='ltr'><strong>nostra</strong></span> <span class='ocrx_word' id='word_1_358' title='bbox 658 3553 804 3624; x_wconf 86' lang='lat' dir='ltr'><strong>lectione:</strong></span> <span class='ocrx_word' id='word_1_359' title='bbox 838 3556 877 3618; x_wconf 83' lang='lat' dir='ltr'><strong>Ut</strong></span> <span class='ocrx_word' id='word_1_360' title='bbox 892 3574 930 3617; x_wconf 80' lang='lat' dir='ltr'><strong>ec</strong></span> <span class='ocrx_word' id='word_1_361' title='bbox 944 3555 1091 3616; x_wconf 76' lang='lat' dir='ltr'><strong>inuisibi-</strong></span> <span class='ocrx_word' id='word_1_362' title='bbox 1146 3554 1265 3618; x_wconf 84' lang='lat' dir='ltr'><strong>delectu</strong></span> <span class='ocrx_word' id='word_1_363' title='bbox 1290 3553 1452 3627; x_wconf 85' lang='lat' dir='ltr'><strong>obtulisse,</strong></span> <span class='ocrx_word' id='word_1_364' title='bbox 1482 3554 1641 3635; x_wconf 76' lang='lat' dir='ltr'><strong>Scriptura</strong></span> <span class='ocrx_word' id='word_1_365' title='bbox 1672 3554 1771 3615; x_wconf 75' lang='lat' dir='ltr'><strong>iudice</strong></span> 
     </span>
     <span class='ocr_line' id='line_1_35' title="bbox 398 3639 1771 3723; baseline -0.001 -20"><span class='ocrx_word' id='word_1_366' title='bbox 398 3642 487 3710; x_wconf 80' lang='lat' dir='ltr'><strong>libus.</strong></span> <span class='ocrx_word' id='word_1_367' title='bbox 510 3641 608 3722; x_wconf 79' lang='lat' dir='ltr'><strong>quue</strong></span> <span class='ocrx_word' id='word_1_368' title='bbox 622 3645 717 3710; x_wconf 86' lang='lat' dir='ltr'><strong>secuti</strong></span> <span class='ocrx_word' id='word_1_369' title='bbox 733 3651 918 3711; x_wconf 84' lang='lat' dir='ltr'><strong>suntnmnes</strong></span> <span class='ocrx_word' id='word_1_370' title='bbox 932 3641 983 3704; x_wconf 89' lang='lat' dir='ltr'><strong>alii</strong></span> <span class='ocrx_word' id='word_1_371' title='bbox 999 3644 1090 3703; x_wconf 80' lang='lat' dir='ltr'><strong>iuter·</strong></span> <span class='ocrx_word' id='word_1_372' title='bbox 1145 3645 1227 3723; x_wconf 88' lang='lat' dir='ltr'><strong>ipso,</strong></span> <span class='ocrx_word' id='word_1_373' title='bbox 1258 3639 1340 3720; x_wconf 92' lang='lat' dir='ltr'><strong>quod</strong></span> <span class='ocrx_word' id='word_1_374' title='bbox 1369 3661 1429 3704; x_wconf 90' lang='lat' dir='ltr'><strong>neu</strong></span> <span class='ocrx_word' id='word_1_375' title='bbox 1464 3639 1664 3704; x_wconf 83' lang='lat' dir='ltr'><strong>commendat</strong></span> <span class='ocrx_word' id='word_1_376' title='bbox 1713 3643 1771 3702; x_wconf 85' lang='lat' dir='ltr'><strong>Tar</strong></span> 
     </span>
     <span class='ocr_line' id='line_1_36' title="bbox 396 3727 1771 3810; baseline 0 -20"><span class='ocrx_word' id='word_1_377' title='bbox 396 3735 509 3809; x_wconf 76' lang='lat' dir='ltr'><strong>pratos,</strong></span> <span class='ocrx_word' id='word_1_378' title='bbox 532 3731 622 3800; x_wconf 79' lang='lat' dir='ltr'><strong>etism</strong></span> <span class='ocrx_word' id='word_1_379' title='bbox 637 3728 733 3810; x_wconf 77' lang='lat' dir='ltr'><strong>Syrus</strong></span> <span class='ocrx_word' id='word_1_380' title='bbox 749 3729 976 3810; x_wconf 73' lang='lat' dir='ltr'><strong>paraphrastes,</strong></span> <span class='ocrx_word' id='word_1_381' title='bbox 999 3736 1092 3809; x_wconf 88' lang='lat' dir='ltr'><strong>stqne</strong></span> <span class='ocrx_word' id='word_1_382' title='bbox 1146 3730 1223 3791; x_wconf 86' lang='lat' dir='ltr'><strong>euim</strong></span> <span class='ocrx_word' id='word_1_383' title='bbox 1240 3727 1329 3788; x_wconf 90' lang='lat' dir='ltr'><strong>dicit:</strong></span> <span class='ocrx_word' id='word_1_384' title='bbox 1353 3727 1391 3788; x_wconf 80' lang='lat' dir='ltr'><strong>de</strong></span> <span class='ocrx_word' id='word_1_385' title='bbox 1404 3728 1564 3805; x_wconf 72' lang='lat' dir='ltr'><strong>fructibus</strong></span> <span class='ocrx_word' id='word_1_386' title='bbox 1580 3736 1706 3805; x_wconf 74' lang='lat' dir='ltr'><strong>terroe,</strong></span> <span class='ocrx_word' id='word_1_387' title='bbox 1732 3749 1771 3790; x_wconf 91' lang='lat' dir='ltr'><strong>no</strong></span> 
     </span>
     <span class='ocr_line' id='line_1_37' title="bbox 396 3813 1771 3897; baseline -0.003 -18"><span class='ocrx_word' id='word_1_388' title='bbox 396 3816 472 3890; x_wconf 69' lang='lat' dir='ltr'><strong>adeo</strong></span> <span class='ocrx_word' id='word_1_389' title='bbox 488 3816 597 3886; x_wconf 69' lang='lat' dir='ltr'><strong>Graeci</strong></span> <span class='ocrx_word' id='word_1_390' title='bbox 620 3823 883 3893; x_wconf 70' lang='lat' dir='ltr'><strong>commutatores,</strong></span> <span class='ocrx_word' id='word_1_391' title='bbox 907 3824 943 3877; x_wconf 92' lang='lat' dir='ltr'><strong>nt</strong></span> <span class='ocrx_word' id='word_1_392' title='bbox 964 3814 1092 3897; x_wconf 87' lang='lat' dir='ltr'><strong>proinde</strong></span> <span class='ocrx_word' id='word_1_393' title='bbox 1146 3817 1249 3896; x_wconf 87' lang='lat' dir='ltr'><strong>primis</strong></span> <span class='ocrx_word' id='word_1_394' title='bbox 1264 3813 1428 3887; x_wconf 84' lang='lat' dir='ltr'><strong>fructibus,</strong></span> <span class='ocrx_word' id='word_1_395' title='bbox 1456 3834 1523 3875; x_wconf 89' lang='lat' dir='ltr'><strong>enm</strong></span> <span class='ocrx_word' id='word_1_396' title='bbox 1546 3815 1694 3880; x_wconf 75' lang='lat' dir='ltr'><strong>obtulisse</strong></span> <span class='ocrx_word' id='word_1_397' title='bbox 1713 3835 1771 3877; x_wconf 80' lang='lat' dir='ltr'><strong>rurs</strong></span> 
     </span>
     <span class='ocr_line' id='line_1_38' title="bbox 395 3900 1771 3986; baseline -0.005 -15"><span class='ocrx_word' id='word_1_398' title='bbox 395 3903 472 3978; x_wconf 79' lang='lat' dir='ltr'><strong>sibu</strong></span> <span class='ocrx_word' id='word_1_399' title='bbox 486 3906 535 3980; x_wconf 91' lang='lat' dir='ltr'><strong>sit,</strong></span> <span class='ocrx_word' id='word_1_400' title='bbox 551 3904 634 3986; x_wconf 79' lang='lat' dir='ltr'><strong>quod</strong></span> <span class='ocrx_word' id='word_1_401' title='bbox 649 3904 778 3970; x_wconf 76' lang='lat' dir='ltr'><strong>obsistat</strong></span> <span class='ocrx_word' id='word_1_402' title='bbox 793 3905 984 3985; x_wconf 85' lang='lat' dir='ltr'><strong>expositioni,</strong></span> <span class='ocrx_word' id='word_1_403' title='bbox 1000 3921 1091 3983; x_wconf 82' lang='lat' dir='ltr'><strong>quern</strong></span> <span class='ocrx_word' id='word_1_404' title='bbox 1148 3904 1297 3964; x_wconf 79' lang='lat' dir='ltr'><strong>Domino.</strong></span> <span class='ocrx_word' id='word_1_405' title='bbox 1321 3900 1412 3982; x_wconf 77' lang='lat' dir='ltr'><strong>Quod</strong></span> <span class='ocrx_word' id='word_1_406' title='bbox 1433 3910 1462 3961; x_wconf 90' lang='lat' dir='ltr'><strong>et</strong></span> <span class='ocrx_word' id='word_1_407' title='bbox 1477 3900 1658 3963; x_wconf 76' lang='lat' dir='ltr'><strong>Ambrosius</strong></span> <span class='ocrx_word' id='word_1_408' title='bbox 1675 3903 1771 3964; x_wconf 81' lang='lat' dir='ltr'><strong>obserr</strong></span> 
     </span>
     <span class='ocr_line' id='line_1_39' title="bbox 396 3986 1771 4072; baseline -0.001 -18"><span class='ocrx_word' id='word_1_409' title='bbox 396 3988 547 4063; x_wconf 76' lang='lat' dir='ltr'><strong>dedimus,</strong></span> <span class='ocrx_word' id='word_1_410' title='bbox 562 4011 598 4060; x_wconf 76' lang='lat' dir='ltr'><strong>aa</strong></span> <span class='ocrx_word' id='word_1_411' title='bbox 614 3991 775 4072; x_wconf 67' lang='lat' dir='ltr'><strong>scripturis</strong></span> <span class='ocrx_word' id='word_1_412' title='bbox 791 3990 951 4060; x_wconf 77' lang='lat' dir='ltr'><strong>admodum</strong></span> <span class='ocrx_word' id='word_1_413' title='bbox 968 4009 1090 4054; x_wconf 83' lang='lat' dir='ltr'><strong>cousen—</strong></span> <span class='ocrx_word' id='word_1_414' title='bbox 1145 3989 1197 4050; x_wconf 89' lang='lat' dir='ltr'><strong>lib.</strong></span> <span class='ocrx_word' id='word_1_415' title='bbox 1222 3993 1249 4052; x_wconf 84' lang='lat'><strong>1.</strong></span> <span class='ocrx_word' id='word_1_416' title='bbox 1273 3986 1310 4049; x_wconf 84' lang='lat' dir='ltr'><strong>de</strong></span> <span class='ocrx_word' id='word_1_417' title='bbox 1333 3987 1412 4051; x_wconf 79' lang='lat' dir='ltr'><strong>Abel</strong></span> <span class='ocrx_word' id='word_1_418' title='bbox 1434 3996 1466 4048; x_wconf 91' lang='lat' dir='ltr'><strong>et</strong></span> <span class='ocrx_word' id='word_1_419' title='bbox 1488 3988 1579 4061; x_wconf 83' lang='lat' dir='ltr'><strong>Cain,</strong></span> <span class='ocrx_word' id='word_1_420' title='bbox 1606 4010 1672 4070; x_wconf 86' lang='lat' dir='ltr'><strong>cap.</strong></span> <span class='ocrx_word' id='word_1_421' title='bbox 1696 3994 1723 4050; x_wconf 85' lang='grc'><strong>7.</strong></span> <span class='ocrx_word' id='word_1_422' title='bbox 1747 3997 1771 4052; x_wconf 88' lang='lat' dir='ltr'><strong>et</strong></span> 
     </span>
     <span class='ocr_line' id='line_1_40' title="bbox 396 4075 1771 4155; baseline 0 -17"><span class='ocrx_word' id='word_1_423' title='bbox 396 4086 515 4148; x_wconf 58' lang='lat' dir='ltr'><strong>uuum</strong></span> <span class='ocrx_word' id='word_1_424' title='bbox 532 4077 723 4144; x_wconf 80' lang='lat' dir='ltr'><strong>ostendimus.</strong></span> <span class='ocrx_word' id='word_1_425' title='bbox 1145 4078 1257 4155; x_wconf 82' lang='lat' dir='ltr'><strong>Neque</strong></span> <span class='ocrx_word' id='word_1_426' title='bbox 1280 4082 1381 4136; x_wconf 86' lang='lat' dir='ltr'><strong>temen</strong></span> <span class='ocrx_word' id='word_1_427' title='bbox 1403 4094 1510 4135; x_wconf 86' lang='lat' dir='ltr'><strong>seusus</strong></span> <span class='ocrx_word' id='word_1_428' title='bbox 1533 4084 1596 4146; x_wconf 91' lang='lat' dir='ltr'><strong>est,</strong></span> <span class='ocrx_word' id='word_1_429' title='bbox 1624 4075 1771 4140; x_wconf 81' lang='lat' dir='ltr'><strong>hostiurn.</strong></span> 
     </span>
     <span class='ocr_line' id='line_1_41' title="bbox 438 4161 1762 4244; baseline -0.003 -15"><span class='ocrx_word' id='word_1_430' title='bbox 438 4167 469 4234; x_wconf 73' lang='grc'><strong>4,</strong></span> <span class='ocrx_word' id='word_1_431' title='bbox 498 4164 581 4238; x_wconf 66' lang='lat' dir='ltr'><strong>Pide</strong></span> <span class='ocrx_word' id='word_1_432' title='bbox 614 4165 791 4244; x_wconf 65' lang='lat' dir='ltr'><strong>plurimum</strong></span> <span class='ocrx_word' id='word_1_433' title='bbox 829 4166 964 4232; x_wconf 75' lang='lat' dir='ltr'><strong>bostiam</strong></span> <span class='ocrx_word' id='word_1_434' title='bbox 1000 4163 1090 4238; x_wconf 81' lang='lat' dir='ltr'><strong>Abel,</strong></span> <span class='ocrx_word' id='word_1_435' title='bbox 1145 4163 1240 4226; x_wconf 80' lang='lat' dir='ltr'><strong>inisse</strong></span> <span class='ocrx_word' id='word_1_436' title='bbox 1270 4163 1517 4241; x_wconf 75' lang='lat' dir='ltr'><strong>praestantiorem</strong></span> <span class='ocrx_word' id='word_1_437' title='bbox 1543 4161 1644 4222; x_wconf 86' lang='lat' dir='ltr'><strong>bostis</strong></span> <span class='ocrx_word' id='word_1_438' title='bbox 1671 4164 1762 4242; x_wconf 74' lang='lat' dir='ltr'><strong>Gain3</strong></span> 
     </span>
     <span class='ocr_line' id='line_1_42' title="bbox 397 4248 1771 4331; baseline -0.004 -17"><span class='ocrx_word' id='word_1_439' title='bbox 397 4269 494 4331; x_wconf 72' lang='lat' dir='ltr'><strong>quam</strong></span> <span class='ocrx_word' id='word_1_440' title='bbox 511 4252 612 4326; x_wconf 79' lang='lat' dir='ltr'><strong>Ouia,</strong></span> <span class='ocrx_word' id='word_1_441' title='bbox 640 4251 752 4322; x_wconf 81' lang='lat' dir='ltr'><strong>obtulit</strong></span> <span class='ocrx_word' id='word_1_442' title='bbox 767 4254 845 4322; x_wconf 90' lang='lat' dir='ltr'><strong>Deo.</strong></span> <span class='ocrx_word' id='word_1_443' title='bbox 882 4252 994 4330; x_wconf 85' lang='lat' dir='ltr'><strong>Incipit</strong></span> <span class='ocrx_word' id='word_1_444' title='bbox 1010 4250 1090 4330; x_wconf 83' lang='lat' dir='ltr'><strong>Ape-</strong></span> <span class='ocrx_word' id='word_1_445' title='bbox 1146 4249 1225 4310; x_wconf 81' lang='lat' dir='ltr'><strong>Abel</strong></span> <span class='ocrx_word' id='word_1_446' title='bbox 1240 4250 1279 4312; x_wconf 92' lang='lat' dir='ltr'><strong>de</strong></span> <span class='ocrx_word' id='word_1_447' title='bbox 1293 4248 1468 4309; x_wconf 86' lang='lat' dir='ltr'><strong>melioribus</strong></span> <span class='ocrx_word' id='word_1_448' title='bbox 1483 4248 1647 4323; x_wconf 90' lang='lat' dir='ltr'><strong>obtulisse,</strong></span> <span class='ocrx_word' id='word_1_449' title='bbox 1675 4250 1771 4329; x_wconf 81' lang='lat' dir='ltr'><strong>qnod·</strong></span> 
     </span>
     <span class='ocr_line' id='line_1_43' title="bbox 397 4333 1771 4416; baseline 0.001 -18"><span class='ocrx_word' id='word_1_450' title='bbox 397 4339 493 4410; x_wconf 73' lang='lat' dir='ltr'><strong>stoica</strong></span> <span class='ocrx_word' id='word_1_451' title='bbox 514 4339 553 4406; x_wconf 81' lang='lat' dir='ltr'><strong>ab</strong></span> <span class='ocrx_word' id='word_1_452' title='bbox 569 4337 686 4408; x_wconf 65' lang='lat' dir='ltr'><strong>Adamo</strong></span> <span class='ocrx_word' id='word_1_453' title='bbox 709 4340 933 4416; x_wconf 84' lang='lat' dir='ltr'><strong>prseterrnisso,</strong></span> <span class='ocrx_word' id='word_1_454' title='bbox 959 4334 1039 4415; x_wconf 83' lang='lat' dir='ltr'><strong>quod</strong></span> <span class='ocrx_word' id='word_1_455' title='bbox 1054 4335 1091 4398; x_wconf 89' lang='lat' dir='ltr'><strong>de</strong></span> <span class='ocrx_word' id='word_1_456' title='bbox 1145 4336 1245 4398; x_wconf 87' lang='lat' dir='ltr'><strong>iacere</strong></span> <span class='ocrx_word' id='word_1_457' title='bbox 1260 4333 1310 4394; x_wconf 86' lang='lat' dir='ltr'><strong>vel</strong></span> <span class='ocrx_word' id='word_1_458' title='bbox 1325 4355 1385 4396; x_wconf 90' lang='lat' dir='ltr'><strong>uon</strong></span> <span class='ocrx_word' id='word_1_459' title='bbox 1400 4336 1530 4407; x_wconf 81' lang='lat' dir='ltr'><strong>curauit,</strong></span> <span class='ocrx_word' id='word_1_460' title='bbox 1554 4336 1607 4399; x_wconf 87' lang='lat' dir='ltr'><strong>vel</strong></span> <span class='ocrx_word' id='word_1_461' title='bbox 1621 4337 1728 4400; x_wconf 81' lang='lat' dir='ltr'><strong>noluit</strong></span> <span class='ocrx_word' id='word_1_462' title='bbox 1756 4336 1771 4400; x_wconf 85' lang='lat'>1</span> 
     </span>
     <span class='ocr_line' id='line_1_44' title="bbox 396 4415 1771 4505; baseline -0.001 -20"><span class='ocrx_word' id='word_1_463' title='bbox 396 4445 447 4500; x_wconf 71' lang='lat' dir='ltr'><strong>pc,</strong></span> <span class='ocrx_word' id='word_1_464' title='bbox 474 4432 638 4504; x_wconf 79' lang='lat' dir='ltr'><strong>postquem</strong></span> <span class='ocrx_word' id='word_1_465' title='bbox 662 4426 816 4505; x_wconf 85' lang='lat' dir='ltr'><strong>peccavit,</strong></span> <span class='ocrx_word' id='word_1_466' title='bbox 844 4424 923 4486; x_wconf 88' lang='lat' dir='ltr'><strong>nibil</strong></span> <span class='ocrx_word' id='word_1_467' title='bbox 945 4424 1090 4486; x_wconf 85' lang='lat' dir='ltr'><strong>eximium</strong></span> <span class='ocrx_word' id='word_1_468' title='bbox 1147 4424 1225 4486; x_wconf 88' lang='lat' dir='ltr'><strong>enim</strong></span> <span class='ocrx_word' id='word_1_469' title='bbox 1242 4442 1363 4482; x_wconf 85' lang='lat' dir='ltr'><strong>sensum</strong></span> <span class='ocrx_word' id='word_1_470' title='bbox 1379 4421 1444 4481; x_wconf 90' lang='lat' dir='ltr'><strong>vult</strong></span> <span class='ocrx_word' id='word_1_471' title='bbox 1464 4420 1517 4482; x_wconf 90' lang='lat' dir='ltr'><strong>ills</strong></span> <span class='ocrx_word' id='word_1_472' title='bbox 1540 4443 1628 4501; x_wconf 86' lang='lat' dir='ltr'><strong>pars:</strong></span> <span class='ocrx_word' id='word_1_473' title='bbox 1656 4415 1771 4503; x_wconf 75' lang='lat' dir='ltr'><strong>uapdd</strong></span> 
     </span>
     <span class='ocr_line' id='line_1_45' title="bbox 395 4502 1706 4590; baseline -0.005 -9"><span class='ocrx_word' id='word_1_474' title='bbox 395 4512 498 4590; x_wconf 66' lang='lat' dir='ltr'><strong>idum</strong></span> <span class='ocrx_word' id='word_1_475' title='bbox 504 4518 615 4582; x_wconf 71' lang='lat' dir='ltr'><strong>necat</strong></span> <span class='ocrx_word' id='word_1_476' title='bbox 632 4512 823 4585; x_wconf 62' lang='lat' dir='ltr'><strong>Nurimum,</strong></span> <span class='ocrx_word' id='word_1_477' title='bbox 833 4502 1092 4582; x_wconf 77' lang='lat' dir='ltr'><strong>Grseoeuieicuu,</strong></span> <span class='ocrx_word' id='word_1_478' title='bbox 1148 4510 1179 4570; x_wconf 90' lang='lat' dir='ltr'><strong>id</strong></span> <span class='ocrx_word' id='word_1_479' title='bbox 1194 4517 1239 4568; x_wconf 89' lang='lat' dir='ltr'><strong>cst</strong></span> <span class='ocrx_word' id='word_1_480' title='bbox 1252 4527 1332 4584; x_wconf 86' lang='lat' dir='ltr'><strong>prae</strong></span> <span class='ocrx_word' id='word_1_481' title='bbox 1348 4527 1401 4582; x_wconf 88' lang='lat' dir='ltr'><strong>eo,</strong></span> <span class='ocrx_word' id='word_1_482' title='bbox 1419 4509 1505 4585; x_wconf 83' lang='lat' dir='ltr'><strong>quod</strong></span> <span class='ocrx_word' id='word_1_483' title='bbox 1517 4510 1596 4586; x_wconf 74' lang='lat' dir='ltr'><strong>feeit</strong></span> <span class='ocrx_word' id='word_1_484' title='bbox 1612 4511 1706 4574; x_wconf 78' lang='lat' dir='ltr'><strong>Coie.</strong></span> 
     </span>
     <span class='ocr_line' id='line_1_46' title="bbox 396 4595 1771 4677; baseline 0.001 -18"><span class='ocrx_word' id='word_1_485' title='bbox 396 4595 1089 4677; x_wconf 65' lang='lat' dir='ltr'><strong>idaetplureur,sisic11atineinquiliceut.</strong></span> <span class='ocrx_word' id='word_1_486' title='bbox 1188 4598 1251 4657; x_wconf 87' lang='lat' dir='ltr'><strong>Per</strong></span> <span class='ocrx_word' id='word_1_487' title='bbox 1281 4613 1377 4672; x_wconf 84' lang='lat' dir='ltr'><strong>quom</strong></span> <span class='ocrx_word' id='word_1_488' title='bbox 1411 4597 1628 4657; x_wconf 84' lang='lat' dir='ltr'><strong>testimouium</strong></span> <span class='ocrx_word' id='word_1_489' title='bbox 1665 4615 1771 4664; x_wconf 66' lang='lat' dir='ltr'><strong>ecus«</strong></span> 
     </span>
     <span class='ocr_line' id='line_1_47' title="bbox 395 4681 1768 4767; baseline -0.003 -17"><span class='ocrx_word' id='word_1_490' title='bbox 395 4681 508 4767; x_wconf 78' lang='lat' dir='ltr'><strong>Itaque</strong></span> <span class='ocrx_word' id='word_1_491' title='bbox 531 4683 586 4752; x_wconf 84' lang='lat' dir='ltr'><strong>aiii</strong></span> <span class='ocrx_word' id='word_1_492' title='bbox 605 4691 740 4750; x_wconf 73' lang='lat' dir='ltr'><strong>rertnctt</strong></span> <span class='ocrx_word' id='word_1_493' title='bbox 765 4688 935 4759; x_wconf 71' lang='lat' dir='ltr'><strong>maiorem,</strong></span> <span class='ocrx_word' id='word_1_494' title='bbox 961 4682 1090 4746; x_wconf 84' lang='lat' dir='ltr'><strong>uberio-</strong></span> <span class='ocrx_word' id='word_1_495' title='bbox 1144 4690 1203 4758; x_wconf 87' lang='lat' dir='ltr'><strong>ert,</strong></span> <span class='ocrx_word' id='word_1_496' title='bbox 1221 4701 1280 4746; x_wconf 82' lang='lat' dir='ltr'><strong>esse</strong></span> <span class='ocrx_word' id='word_1_497' title='bbox 1291 4686 1404 4756; x_wconf 65' lang='lat' dir='ltr'><strong>iratur.</strong></span> <span class='ocrx_word' id='word_1_498' title='bbox 1439 4681 1559 4743; x_wconf 88' lang='lat' dir='ltr'><strong>Vocula</strong></span> <span class='ocrx_word' id='word_1_499' title='bbox 1574 4702 1692 4761; x_wconf 82' lang='lat' dir='ltr'><strong>quam,</strong></span> <span class='ocrx_word' id='word_1_500' title='bbox 1716 4685 1768 4752; x_wconf 67' lang='lat' dir='ltr'><strong>cti</strong></span> 
     </span>
     <span class='ocr_line' id='line_1_48' title="bbox 396 4766 1771 4854; baseline -0.003 -18"><span class='ocrx_word' id='word_1_501' title='bbox 396 4789 471 4842; x_wconf 69' lang='lat' dir='ltr'><strong>tm</strong></span> <span class='ocrx_word' id='word_1_502' title='bbox 499 4769 591 4851; x_wconf 71' lang='lat' dir='ltr'><strong>Quod</strong></span> <span class='ocrx_word' id='word_1_503' title='bbox 606 4768 738 4850; x_wconf 62' lang='lat' dir='ltr'><strong>intelligi</strong></span> <span class='ocrx_word' id='word_1_504' title='bbox 752 4776 852 4848; x_wconf 70' lang='lat' dir='ltr'><strong>potest</strong></span> <span class='ocrx_word' id='word_1_505' title='bbox 875 4766 926 4836; x_wconf 76' lang='lat' dir='ltr'><strong>vul</strong></span> <span class='ocrx_word' id='word_1_506' title='bbox 940 4768 980 4834; x_wconf 87' lang='lat' dir='ltr'><strong>de</strong></span> <span class='ocrx_word' id='word_1_507' title='bbox 995 4771 1090 4851; x_wconf 84' lang='lat' dir='ltr'><strong>copia,</strong></span> <span class='ocrx_word' id='word_1_508' title='bbox 1145 4768 1289 4839; x_wconf 85' lang='lat' dir='ltr'><strong>Graecis,</strong></span> <span class='ocrx_word' id='word_1_509' title='bbox 1315 4787 1404 4847; x_wconf 83' lang='lat' dir='ltr'><strong>quam</strong></span> <span class='ocrx_word' id='word_1_510' title='bbox 1420 4767 1542 4830; x_wconf 85' lang='lat' dir='ltr'><strong>Latinis</strong></span> <span class='ocrx_word' id='word_1_511' title='bbox 1564 4769 1673 4833; x_wconf 86' lang='lat' dir='ltr'><strong>reierri</strong></span> <span class='ocrx_word' id='word_1_512' title='bbox 1698 4771 1771 4854; x_wconf 76' lang='lat' dir='ltr'><strong>porc</strong></span> 
     </span>
     <span class='ocr_line' id='line_1_49' title="bbox 396 4853 1771 4938; baseline 0.001 -21"><span class='ocrx_word' id='word_1_513' title='bbox 396 4854 447 4926; x_wconf 74' lang='lat' dir='ltr'><strong>eei</strong></span> <span class='ocrx_word' id='word_1_514' title='bbox 473 4855 514 4920; x_wconf 85' lang='lat' dir='ltr'><strong>de</strong></span> <span class='ocrx_word' id='word_1_515' title='bbox 542 4856 736 4937; x_wconf 75' lang='lat' dir='ltr'><strong>praestantis.</strong></span> <span class='ocrx_word' id='word_1_516' title='bbox 773 4854 820 4922; x_wconf 78' lang='grc' dir='ltr'><strong>Δο</strong></span> <span class='ocrx_word' id='word_1_517' title='bbox 849 4853 1012 4922; x_wconf 77' lang='lat' dir='ltr'><strong>verisimile</strong></span> <span class='ocrx_word' id='word_1_518' title='bbox 1037 4863 1092 4932; x_wconf 81' lang='lat' dir='ltr'><strong>est,</strong></span> <span class='ocrx_word' id='word_1_519' title='bbox 1143 4856 1295 4930; x_wconf 80' lang='lat' dir='ltr'><strong>bestiam,</strong></span> <span class='ocrx_word' id='word_1_520' title='bbox 1322 4857 1422 4921; x_wconf 81' lang='lat' dir='ltr'><strong>textui</strong></span> <span class='ocrx_word' id='word_1_521' title='bbox 1436 4862 1537 4918; x_wconf 68' lang='lat' dir='ltr'><strong>umen</strong></span> <span class='ocrx_word' id='word_1_522' title='bbox 1560 4865 1608 4916; x_wconf 91' lang='lat' dir='ltr'><strong>est</strong></span> <span class='ocrx_word' id='word_1_523' title='bbox 1624 4874 1771 4938; x_wconf 71' lang='lat' dir='ltr'><strong>00an</strong></span> 
     </span>
     <span class='ocr_line' id='line_1_50' title="bbox 396 4939 1770 5021; baseline -0.002 -13"><span class='ocrx_word' id='word_1_524' title='bbox 396 4949 525 5021; x_wconf 80' lang='lat' dir='ltr'><strong>utruque</strong></span> <span class='ocrx_word' id='word_1_525' title='bbox 535 4939 624 5008; x_wconf 82' lang='lat' dir='ltr'><strong>modu</strong></span> <span class='ocrx_word' id='word_1_526' title='bbox 635 4939 781 5018; x_wconf 75' lang='lat' dir='ltr'><strong>maiorem</strong></span> <span class='ocrx_word' id='word_1_527' title='bbox 792 4939 902 5017; x_wconf 61' lang='lat' dir='ltr'><strong>hiem</strong></span> <span class='ocrx_word' id='word_1_528' title='bbox 918 4939 1092 5020; x_wconf 83' lang='lat' dir='ltr'><strong>sedbioses,</strong></span> <span class='ocrx_word' id='word_1_529' title='bbox 1143 4949 1179 5002; x_wconf 86' lang='lat' dir='ltr'><strong>nt</strong></span> <span class='ocrx_word' id='word_1_530' title='bbox 1193 4941 1232 5006; x_wconf 82' lang='lat' dir='ltr'><strong>ad</strong></span> <span class='ocrx_word' id='word_1_531' title='bbox 1248 4942 1341 5019; x_wconf 77' lang='lat' dir='ltr'><strong>tidem</strong></span> <span class='ocrx_word' id='word_1_532' title='bbox 1357 4940 1516 5006; x_wconf 82' lang='lat' dir='ltr'><strong>reseratur.</strong></span> <span class='ocrx_word' id='word_1_533' title='bbox 1539 4940 1673 5005; x_wconf 82' lang='lat' dir='ltr'><strong>Dixerat</strong></span> <span class='ocrx_word' id='word_1_534' title='bbox 1685 4943 1770 5016; x_wconf 73' lang='lat' dir='ltr'><strong>min.</strong></span> 
     </span>
     <span class='ocr_line' id='line_1_51' title="bbox 396 5024 1771 5113; baseline -0.002 -11"><span class='ocrx_word' id='word_1_535' title='bbox 396 5036 591 5110; x_wconf 68' lang='lat' dir='ltr'><strong>nucutcu</strong></span> <span class='ocrx_word' id='word_1_536' title='bbox 604 5024 736 5100; x_wconf 64' lang='lat' dir='ltr'><strong>ruerus</strong></span> <span class='ocrx_word' id='word_1_537' title='bbox 747 5024 821 5102; x_wconf 71' lang='lat' dir='ltr'><strong>(itu</strong></span> <span class='ocrx_word' id='word_1_538' title='bbox 838 5030 878 5104; x_wconf 75' lang='lat' dir='ltr'><strong>t,</strong></span> <span class='ocrx_word' id='word_1_539' title='bbox 893 5026 989 5098; x_wconf 71' lang='lat' dir='ltr'><strong>oum</strong></span> <span class='ocrx_word' id='word_1_540' title='bbox 1002 5048 1088 5113; x_wconf 77' lang='lat' dir='ltr'><strong>prse-</strong></span> <span class='ocrx_word' id='word_1_541' title='bbox 1142 5029 1238 5108; x_wconf 73' lang='lat' dir='ltr'><strong>tdco</strong></span> <span class='ocrx_word' id='word_1_542' title='bbox 1248 5030 1462 5100; x_wconf 62' lang='lat' dir='ltr'><strong>tuberculum</strong></span> <span class='ocrx_word' id='word_1_543' title='bbox 1475 5035 1771 5108; x_wconf 64' lang='lat' dir='ltr'><strong>umerorum</strong></span> 
     </span>
    </p>
   </div>
   <div class='ocr_carea' id='block_1_3' title="bbox 0 0 2233 5825">
    <p class='ocr_par' dir='ltr' id='par_1_3' title="bbox 0 0 2233 5825">
     <span class='ocr_line' id='line_1_52' title="bbox 0 0 2233 5825; baseline 0 0"><span class='ocrx_word' id='word_1_544' title='bbox 0 0 2233 5825; x_wconf 95' lang='lat' dir='ltr'><strong> </strong></span> 
     </span>
    </p>
   </div>
  </div>
 </body>
</html>
