4442 5825
444 598 516 666 666
957 586 1190 642 consumantes
1208 586 1239 640 66
1256 587 1323 642 666.
1338 587 1366 643 n.

440 766 498 826 hoc
514 765 615 826 dicere
630 773 751 844 propter
766 764 974 837 Judaiaantes,
995 765 1045 845 qui
1068 785 1132 824 cor·
1189 772 1233 825 est
1248 765 1279 824 in
1293 763 1388 838 nobis,
1403 762 1517 824 scilieet
1527 763 1679 826 habitans
1692 785 1746 846 per
1757 768 1877 846 gratim

442 862 549 932 ruptae
564 858 690 912 naturas
711 854 893 930 pravitatem
918 873 978 912 666
994 871 1134 930 agnosce·
1189 851 1302 912 Verum
1326 851 1487 931 simplicior
1510 850 1561 910 hic
1584 870 1699 914 sensus
1722 862 1784 914 est:
1815 857 1877 914 Ver·

441 939 522 1000 bant.
546 937 734 1018 Quamquam
752 946 782 998 st
797 941 878 1018 prior
901 958 1008 999 666666
1024 946 1069 998 666
1085 937 1134 997 ed·
1189 938 1263 998 bum
1285 939 1349 999 sire
1372 957 1478 1010 sermo,
1501 957 1592 1018 qnam
1615 959 1677 1000 nos
1694 941 1796 1001 aDeo
1815 943 1878 1000 min?

443 1045 547 1086 versus
574 1029 647 1084 istos
670 1035 796 1086 naturus
815 1027 879 1103 jam
904 1033 1061 1104 corruptae
1084 1025 1135 1083 im·
1188 1026 1276 1086 vobis
1306 1025 1517 1086 annuntiamus
1544 1025 1585 1086 dc
1612 1027 1746 1088 01661666
1771 1028 1878 1088 redem-

442 1113 554 1191 peritos
569 1112 748 1172 laudatores.
1185 1119 1289 1188 ptore,
1314 1113 1402 1190 cujus
1424 1113 1575 1190 sanguine
1598 1133 1709 1174 omnes
1729 1135 1749 1173 a
1764 1116 1879 1194 percotis

484 1200 528 1260 Et
553 1199 683 1258 verbum
704 1200 785 1271 Ejus
810 1218 878 1258 66666
905 1207 948 1259 666
974 1203 1010 1257 in
1035 1199 1134 1259 nobie.
1188 1197 1353 1258 mundandi
1369 1218 1481 1268 sumas,
1504 1217 1576 1260 non
1598 1204 1707 1261 estin
1730 1202 1817 1262 vobis
1834 1221 1879 1277 per

448 1287 600 1359 Verbum,
633 1283 760 1345 Graece:
792 1278 903 1360 λόγος,
935 1285 1017 1363 quod
1046 1287 1136 1345 etiam
1189 1285 1304 1361 fldem3
1327 1283 1359 1344 id
1385 1294 1440 1357 666,
1470 1285 1647 1365 Evangelio
1674 1288 1736 1348 Dei
1764 1308 1816 1366 per
1838 1307 1878 1346 acc

441 1390 542 1433 terme
556 1372 632 1432 verti
644 1371 748 1450 potuit
766 1370 897 1450 Quidam
909 1374 952 1430 sic
965 1380 1135 1452 exponunt:
1189 1373 1363 1431 annuntiato
1380 1393 1440 1431 non
1455 1371 1586 1445 creditis,
1610 1372 1697 1453 quod
1713 1382 1769 1446 666,
1792 1376 1878 1434 Deam

442 1456 589 1532 Christus,
606 1459 658 1538 qui
673 1467 718 1517 est
734 1457 864 1518 Verbum
877 1458 937 1518 Dei
953 1459 1060 1531 Patris,
1076 1479 1135 1518 non
1186 1460 1292 1536 facere
1308 1458 1502 1519 mendacem.

1010 1683 1107 1692 --——v
1115 1683 1312 1691 ..m-..am

900 1889 1073 1974 ttttt
1120 1888 1429 1973 titutuutt.

545 2060 656 2126 Filioli
683 2059 764 2144 mei,
797 2059 882 2124 16666
918 2056 1028 2123 scribo
1055 2056 1172 2146 vobis,
1206 2063 1243 2125 ut
1270 2079 1336 2125 666
1362 2060 1521 2146 peccetis.
1578 2058 1649 2126 Sed
1688 2067 1725 2127 et
1759 2062 1788 2126 si
1821 2060 1879 2146 quis

440 2165 649 2250 peccaverit,
686 2162 883 2227 advocatum
911 2160 1073 2228 habemus
1100 2163 1189 2251 apud
1216 2163 1368 2248 Patrem,
1404 2163 1520 2230 Jesum
1550 2162 1724 2232 Christum
1748 2168 1877 2250 justum

443 2270 476 2333 2.
505 2271 636 2354 etipse
666 2274 717 2333 est
744 2267 939 2353 propitiatio
975 2287 1035 2352 pro
1072 2269 1221 2353 peccatis
1249 2270 1388 2351 nostris,
1423 2289 1487 2333 non
1524 2289 1585 2355 pro
1624 2271 1755 2335 nostris
1782 2276 1876 2335 auten

442 2378 587 2457 tantum,
626 2371 685 2437 sed
722 2372 822 2436 etiam
857 2390 918 2457 pro
952 2372 1055 2436 totius
1083 2372 1206 2438 mundi.
1262 2373 1293 2436 3.
1331 2372 1373 2437 Et
1404 2373 1436 2436 iu
1464 2373 1527 2437 hoc
1556 2374 1698 2459 scimus,
1740 2373 1877 2462 quonian

441 2477 655 2561 cognovimus
681 2470 776 2560 Eum,
805 2475 833 2539 si
862 2473 1020 2539 mandata
1046 2476 1127 2560 EJus
1155 2474 1379 2542 observemus.
1435 2478 1468 2540 4.
1508 2473 1573 2560 Qui
1602 2477 1699 2563 dicit,
1731 2497 1769 2544 66
1796 2495 1877 2543 nosse

441 2581 544 2664 Eum,
573 2585 606 2645 ct
634 2577 793 2643 mandata
819 2579 900 2663 Ejus
925 2599 990 2644 non
1020 2579 1185 2661 custodit,
1215 2580 1356 2646 mendax
1385 2587 1436 2646 666
1448 2571 1489 2666 ¹),
1527 2588 1560 2646 et
1587 2581 1621 2646 in
1660 2582 1729 2647 hoc
1767 2584 1877 2648 verius

439 2705 504 2750 non
533 2690 594 2748 est.
650 2683 683 2747 5.
722 2680 787 2766 Qui
822 2688 934 2748 autem
970 2690 1082 2749 servat
1110 2682 1248 2751 verbum
1274 2684 1372 2770 Ejus,
1408 2704 1487 2750 vere
1515 2686 1548 2750 in
1575 2685 1641 2750 hoc
1670 2687 1799 2751 caritas
1823 2684 1876 2749 1161

439 2787 590 2874 perlecta
616 2793 667 2852 est
676 2777 714 2870 ²),
744 2787 836 2851 6616
865 2786 928 2850 hoc
956 2788 1086 2870 seimus,
1116 2788 1270 2877 quoniam
1297 2791 1330 2854 in
1357 2788 1434 2875 Ipso
1463 2808 1583 2854 sumus.
1636 2791 1671 2854 6.
1702 2788 1772 2874 Qui
1800 2788 1878 2870 dicit¹

439 2911 475 2959 66
503 2893 536 2957 16
562 2890 638 2977 1666
666 2908 820 2976 manere,
848 2886 970 2978 debet,
1006 2893 1091 2958 sicut
1117 2893 1179 2960 Ille
1214 2890 1412 2979 ambulavit,
1451 2894 1581 2980 etipse
1610 2891 1799 2961 ambulare.
1850 2893 1875 2956 i.

440 2995 619 3080 Carissimi,
646 3015 711 3060 non
734 2994 924 3060 mandatum
948 3017 1068 3063 novum
1093 2996 1203 3063 scribo
1226 2996 1333 3083 vobis,
1361 2997 1420 3063 sed
1443 2996 1636 3063 mandatum
1660 3006 1774 3081 vetus,
1802 2993 1876 3084 quod

438 3098 603 3167 habuistis
637 3097 679 3164 eb
716 3099 829 3184 initio;
870 3099 1061 3168 rnandatum
1096 3107 1195 3168 vetus
1232 3106 1283 3166 666
1318 3099 1475 3185 verbum,
1517 3100 1605 3187 quod
1643 3100 1799 3168 audistis.
1848 3103 1875 3166 6.

440 3204 563 3270 lterum
591 3202 782 3270 mandatum
809 3223 931 3269 novum
968 3202 1079 3271 scribo
1105 3203 1218 3288 vobis,
1256 3204 1344 3293 quod
1370 3224 1483 3270 verum
1513 3211 1563 3269 est
1591 3211 1627 3269 et
1655 3208 1689 3270 in
1719 3206 1816 3291 Ipso,
1849 3213 1876 3267 66

437 3310 471 3374 in
499 3305 612 3391 vobis,
647 3309 724 3394 quia
758 3305 918 3373 tenebrae
953 3308 1171 3394 transierunt,
1209 3313 1244 3374 66
1270 3328 1384 3374 verum
1412 3308 1531 3373 lumem
1556 3310 1626 3392 jem
1655 3299 1798 3390 lucet³).
1849 3311 1876 3372 9.

439 3408 504 3495 Qui
531 3411 622 3497 dicit,
651 3430 686 3476 se
714 3413 746 3476 in
774 3411 848 3477 luce
878 3430 950 3477 6666
960 3402 997 3498 ⁴),
1027 3418 1060 3478 et
1081 3412 1215 3478 fratrem
1237 3430 1328 3477 suum
1355 3411 1435 3497 odit,
1462 3412 1496 3476 in
1524 3408 1673 3476 tenebris
1704 3420 1876 3500 estusque

437 3514 557 3580 adhuc.
618 3518 672 3580 10.
716 3511 780 3598 Qui
808 3515 918 3599 diligit
945 3514 1078 3581 fratrem
1106 3536 1220 3600 suum,
1247 3517 1281 3582 in
1307 3516 1429 3581 lumine
1459 3522 1589 3598 manet,
1628 3522 1664 3580 et
1693 3516 1875 3583 scandalum

437 3621 471 3685 in
499 3638 632 3685 66666
660 3624 722 3685 666.
779 3622 837 3685 11.
876 3617 941 3702 Qui
968 3626 1080 3685 autem
1108 3620 1180 3685 odit
1206 3618 1342 3686 fratrem
1370 3638 1482 3703 suum,
1509 3619 1543 3683 iu
1570 3617 1727 3685 tenebris
1755 3630 1825 3706 666,
1850 3629 1877 3684 66

437 3725 471 3788 16
499 3720 647 3788 tenebris
673 3721 841 3807 ambulat,
877 3729 911 3788 66
936 3724 1062 3808 666616,
1099 3743 1164 3811 quo
1193 3728 1266 3810 eat,
1304 3724 1382 3810 quia
1418 3719 1577 3788 tenebrae
1613 3721 1877 3790 obcaecaverunt

439 3826 555 3892 oculos
583 3828 665 3911 ejus.
723 3828 780 3891 12.
819 3824 937 3892 Scribo
965 3825 1078 3912 vobis,
1106 3827 1216 3912 lilioli,
1252 3829 1405 3916 quoniam
1433 3827 1650 3892 remittuntur
1680 3826 1781 3894 vobis
1804 3846 1876 3915 666·

437 3926 515 3995 ‘cata
541 3935 679 4015 propter
706 3949 826 3996 666666
852 3928 943 4015 11166.
1003 3932 1060 3997 13.
1098 3929 1217 3997 Scribo
1252 3930 1368 4015 vobis,
1404 3936 1534 4016 661666,
1571 3930 1733 4017 quoniam
1763 3950 1875 4019 cogno·

439 4034 533 4099 vistis
560 4033 664 4119 Eum,
706 4035 762 4123 qui
798 4032 841 4099 ab
877 4035 972 4100 initio
1008 4040 1069 4099 est.
1125 4032 1243 4100 Scribo
1278 4033 1394 4119 vobis,
1436 4032 1689 4120 adolescentes,
1736 4037 1874 4125 quoniam

438 4137 566 4203 vicistis
593 4137 783 4223 malignum.
841 4140 899 4203 14.
929 4136 1046 4205 Scribo
1075 4135 1190 4222 vobis,
1218 4138 1372 4223 infantes,
1401 4137 1553 4225 quoniam
1583 4141 1795 4223 cognovistis
1818 4140 1874 4206 Pa·

439 4248 534 4308 trem.
570 4239 688 4307 Scribo
710 4240 818 4325 vobis,
843 4244 994 4327 juvenes,
1024 4243 1177 4329 quoniam
1204 4240 1308 4308 166666
1335 4243 1425 4325 66616,
1454 4247 1489 4308 66
1515 4239 1658 4307 verbum
1682 4242 1752 4310 Dei
1780 4249 1873 4309 maaet

437 4348 471 4412 in
498 4342 605 4430 vobis,
634 4351 669 4412 66
695 4346 823 4412 vicistis
851 4347 1039 4432 malignum.
1097 4345 1155 4411 15.
1192 4345 1304 4412 Nolite
1332 4346 1470 4431 diligere
1497 4344 1671 4427 mundum,
1699 4368 1809 4437 neque
1833 4363 1872 4422 66,

437 4469 522 4538 quae
550 4450 584 4515 in
611 4448 732 4515 mundo
760 4455 846 4515 suut.
901 4448 937 4516 Si
974 4451 1047 4538 quis
1082 4448 1192 4535 diligit
1228 4450 1402 4535 mundum,
1435 4468 1501 4514 non
1534 4454 1587 4515 666
1623 4453 1754 4517 caritas
1780 4447 1871 4517 Paris

436 4554 470 4618 in
497 4573 537 4618 66
548 4544 594 4639 ⁵),
626 4555 683 4618 16.
713 4554 866 4640 quoniam
895 4573 1009 4639 omne,
1038 4553 1127 4642 quod
1155 4555 1264 4621 estin
1291 4552 1432 4637 mundo,
1471 4553 1756 4640 concupiscentia
1782 4553 1870 4621 cuuis

437 4662 507 4741 est,
536 4664 570 4721 et
606 4656 876 4743 coucupiscentia
903 4658 1090 4742 6661666666,
1119 4663 1153 4723 66
1190 4656 1348 4745 superbia
1382 4658 1493 4740 vitae,
1531 4676 1619 4744 quae
1658 4679 1727 4725 non
1762 4667 1813 4727 cst
1838 4673 1869 4722 cx

435 4759 555 4845 Patre,
590 4760 650 4826 sed
677 4780 719 4826 ex
745 4759 866 4825 mundo
894 4767 955 4825 est.
1013 4764 1070 4827 17.
1105 4762 1150 4827 Et
1186 4760 1326 4828 mundus
1362 4761 1500 4846 transit,
1537 4767 1573 4827 66
1610 4760 1868 4851 concupiscent·

435 5018 451 5067 ὅ
478 5020 511 5071 24
540 4947 563 5016 ¹]
588 4954 700 5015 Cupi,
722 4952 763 5002 20.
798 4948 1044 5017 ²]Joau.13‚st.
1083 4953 1183 5015 1615.
1217 4949 1243 5012 ⁸)
1261 4952 1332 5004 Rom.
1353 4954 1398 5014 13,
1419 4953 1458 5004 ll.
1492 4949 1614 5018 4)1(6611.
1637 4958 1711 5020 1,5.
1749 4956 1775 5023 ⁵)
1798 4951 1864 5009 ttoni
