4442 5825
435 585 507 651 ⁷28

432 754 510 832 gerit
526 755 557 813 in
573 753 681 812 animo.
710 752 790 810 Nem
813 761 845 809 ut
861 750 912 811 illa
927 749 1009 812 dicta
1024 758 1094 812 sunt
1110 770 1129 811 ι

431 841 564 900 Domino
576 849 679 900 contre
692 836 813 899 Scribas
825 849 855 897 et
867 837 1057 910 Pharisaeos,
1074 839 1129 917 qui

433 947 518 988 reum
532 925 686 986 homicidii
707 925 775 1003 lege
791 927 876 985 vetiti
893 926 1044 985 neminem
1060 944 1127 984 oen-

432 1014 556 1084 sebont,
578 1012 638 1072 nisi
661 1014 715 1093 qni
737 1010 929 1071 homicidium
952 1012 1018 1090 ipso
1037 1031 1130 1090 opere

432 1106 651 1182 perpetrasset:
671 1101 713 1159 its
730 1107 760 1158 et
775 1098 833 1158 huc
848 1119 867 1158 ι
883 1098 1003 1159 Joonne
1019 1098 1129 1158 dictum

434 1185 577 1247 adversus
602 1185 683 1246 illius
699 1187 842 1264 temporis
857 1184 1023 1245 haereticos
1038 1204 1128 1264 quos·

432 1272 520 1343 dom,
543 1274 678 1353 ejusdem
701 1271 897 1331 Pharissicee
915 1272 1069 1332 doctrinae
1085 1290 1129 1330 se·

435 1369 574 1420 ctatores.
607 1362 676 1440 Qua
692 1360 728 1418 de
744 1378 777 1417 re
791 1357 913 1418 consule
928 1360 1131 1438 Augustinum

434 1445 485 1507 lib.
503 1448 551 1507 19.
568 1458 673 1507 eontra
689 1447 844 1515 Faustum,
860 1464 925 1523 cap.
943 1447 992 1507 23.

476 1535 615 1595 Breviter
637 1534 737 1611 itaqua
759 1532 847 1592 reddi
869 1540 967 1610 potest
989 1531 1038 1592 hic
1061 1552 1129 1592 sen·

432 1640 499 1681 sus:
549 1620 742 1700 Quicumque
779 1618 898 1678 fratrem
935 1638 1019 1678 suum
1057 1618 1129 1690 odit,

433 1718 540 1787 optans
564 1717 617 1767 ant
638 1705 743 1768 volens
767 1707 793 1766 ei
817 1714 955 1778 mortem,
979 1704 1130 1765 homicide

432 1803 489 1854 est.
527 1793 596 1853 Hac
624 1794 701 1853 onim
728 1794 844 1853 ratione
870 1793 961 1854 etiam
990 1792 1129 1852 diabolus

430 1880 584 1942 homicida
612 1880 687 1950 fuit,
723 1889 884 1959 antequam
911 1881 1048 1940 suasione
1074 1898 1129 1937 sus

430 1966 612 2048 propelleret
626 1967 774 2026 hominem
794 1967 826 2025 in
841 1974 980 2040 mortem,
1004 1976 1035 2024 et
1050 1963 1128 2025 Cain

431 2053 589 2128 homicida,
609 2052 731 2133 quondo
745 2056 849 2113 iratus
864 2051 929 2125 suit,
952 2064 987 2112 ut
1000 2052 1130 2112 habetur

432 2139 508 2203 Gen.
525 2144 571 2214 4.,
596 2139 728 2202 nondum
750 2141 872 2200 mittens
889 2159 1007 2199 monum
1022 2140 1052 2198 in
1068 2137 1127 2199 fra·

431 2235 517 2287 trem.
555 2226 642 2288 Prior
672 2227 820 2304 expositio
846 2234 1004 2306 propterea
1030 2229 1129 2287 minus

431 2314 545 2394 placet,
572 2316 644 2394 quis
669 2311 896 2391 comprehendit
918 2314 1007 2372 etism
1031 2322 1130 2373 motus

432 2401 495 2462 odii
510 2400 633 2462 fraterni
648 2400 792 2470 veniales,
816 2407 921 2478 utpote
937 2400 1129 2479 disponentes

949 572 1231 629 commeantem
1249 573 1316 629 cm.
1332 574 1372 627 ut

1181 748 1333 811 homicide
1354 757 1416 825 est,
1439 769 1514 830 ergo
1535 767 1631 810 nemo
1649 749 1771 808 ιιιιιιιι
1784 745 1870 808 odins

1182 836 1274 899 habet
1296 837 1327 897 in
1348 856 1381 896 se
1403 839 1515 911 vitam,
1540 834 1596 897 sed
1618 845 1727 896 manet
1741 835 1772 893 in
1784 843 1870 905 morte

1182 925 1298 1003 majore
1313 925 1403 984 etiam
1419 926 1552 997 ratione,
1573 942 1673 1002 quem
1689 922 1744 1002 qni
1757 918 1870 990 ιιιιιιι,

1183 1031 1276 1090 quum
1293 1008 1463 1089 diligerere
1476 1013 1545 1089 ipsa
1560 1008 1705 1082 deberet,
1720 1027 1780 1069 noa
1791 1007 1871 1085 diligi

1182 1118 1217 1158 re
1232 1106 1261 1158 ιι
1277 1097 1390 1157 affectu.

1228 1188 1277 1245 16.
1318 1185 1357 1244 ln
1388 1185 1444 1245 ιιι
1474 1185 1690 1261 coynuvimm
1721 1185 1870 1241 menses

1184 1273 1261 1346 Dei,
1284 1273 1437 1346 quoniam
1460 1272 1516 1332 ille
1539 1272 1693 1333 enimam
1716 1287 1805 1330 mom
1822 1286 1870 1344 pro

1183 1357 1273 1419 nohis
1284 1361 1401 1434 posuit.
1425 1358 1611 1419 Hortatur-us
1629 1356 1741 1416 fideles
1756 1354 1794 1416 ad
1808 1356 1867 1415 cari

1184 1446 1254 1506 totis
1278 1463 1350 1522 erga
1367 1444 1475 1506 fratres
1489 1445 1598 1518 officia,
1622 1441 1743 1504 Christi
1765 1441 1871 1502 Domini

1182 1531 1324 1611 proponit
1349 1531 1534 1612 exemplum,
1561 1533 1618 1612 qui
1642 1549 1792 1590 ιιιιιιιιιι
1815 1548 1872 1606 erge

1182 1638 1237 1678 nos
1254 1619 1410 1679 caritstem
1425 1617 1567 1693 ostendit,
1584 1618 1723 1678 animam
1739 1634 1820 1675 suan
1830 1634 1870 1694 pc

1182 1725 1257 1766 nens
1280 1724 1333 1784 pro
1355 1706 1451 1766 nohis.
1489 1705 1559 1785 Quo
1584 1724 1642 1765 suo
1667 1701 1807 1782 exemplo
1820 1704 1872 1781 ipsc

1182 1792 1330 1852 Dominus
1346 1791 1508 1873 discipulos
1523 1793 1666 1853 hortatus
1682 1799 1746 1862 est,
1769 1788 1871 1850 dicens:

1182 1881 1252 1939 Hoc
1268 1885 1311 1939 ιιι
1323 1887 1531 1957 praeceptum
1546 1897 1668 1952 mcum,
1692 1884 1733 1938 ιιι
1748 1876 1872 1951 duone

1182 1969 1328 2040 inuicem,
1345 1969 1424 2027 sicut
1439 1966 1538 2027 dilexi
1552 1984 1622 2041 vos,
1639 1963 1738 2027 Joan.
1756 1963 1802 2023 15.
1824 1960 1870 2023 Ge

1182 2054 1298 2111 nitivus
1325 2054 1386 2114 Dei
1413 2055 1444 2114 in
1470 2053 1600 2114 Graecis
1638 2050 1797 2112 ecdicium
1823 2068 1871 2109 ιιι

1182 2139 1320 2212 habetur,
1344 2160 1405 2200 uno
1421 2150 1558 2220 excepto,
1575 2140 1631 2220 qui
1646 2139 1689 2198 sit
1704 2133 1869 2198 matrrnol
1912 2140 1914 2169 ¹

1182 2235 1287 2299 torum,
1304 2227 1516 2305 complutensi.
1543 2226 1644 2307 Syrus
1661 2224 1872 2304 quoqneiuto·
1911 2190 1914 2309 l

1182 2332 1252 2414 pres
1275 2333 1336 2374 non
1352 2315 1508 2393 expressit
1539 2311 1602 2374 Sed
1620 2330 1684 2372 nco
1699 2310 1914 2390 samsona

1184 2402 1215 2459 in
1227 2407 1309 2460 textu
1320 2402 1429 2480 posuit,
1445 2419 1535 2480 quern
1547 2398 1708 2474 declaret,
1699 2393 1872 2458 dieasse

433 2486 473 2549 sd
503 2487 604 2548 odium
634 2485 770 2547 mortale.
809 2486 936 2547 Constet
965 2497 1063 2547 sutem
1091 2507 1129 2547 ex
1181 2485 1293 2565 aliique
1315 2488 1416 2549 Latini
1439 2487 1554 2567 legant,
1579 2495 1613 2546 et
1636 2505 1678 2546 ex
1701 2503 1739 2545 eo
1761 2460 1914 2562 probet*
1911 2512 1914 2545 t

432 2573 691 2654 praecedentibus,
713 2574 861 2636 omnnem
885 2573 969 2653 loqui
992 2574 1031 2634 de
1051 2573 1129 2646 odio,

1183 2571 1295 2634 Christi
1319 2573 1514 2635 divinitatem.
1551 2572 1747 2653 Argumento
1774 2579 1833 2639 ιιι,
1856 2587 1871 2626 ι

433 2661 514 2741 quod
530 2671 656 2722 mortem
673 2659 798 2721 adferat
822 2660 974 2720 Posterior
989 2680 1062 2720 vero
1078 2680 1129 2720 ex·
1181 2660 1302 2722 Joanne
1321 2663 1464 2742 scriptum
1486 2681 1547 2722 non
1569 2659 1690 2732 fuisse,
1714 2655 1812 2756 qnod
1817 2657 1870 2716 luco

432 2749 544 2828 positio
561 2748 724 2828 adjuvatur
739 2749 836 2807 etiam·
844 2747 905 2820 illo,
926 2745 1007 2826 qnod
1022 2746 1131 2807 docent

434 2833 594 2915 Theologi,
612 2844 710 2895 actum
727 2835 905 2894 exteriorem
922 2836 1040 2913 peccati
1056 2833 1132 2895 nihil

433 2922 569 2983 malitiae
584 2924 704 2983 moralis
720 2922 830 2983 uddere
847 2923 990 2994 interiori,
1005 2924 1131 2982 caeteris

434 3010 565 3090 paribus.

477 3099 520 3158 Ει
542 3100 642 3170 scitis,
664 3100 819 3172 quoniam
846 3098 949 3156 omnis
972 3096 1131 3156 homicida

434 3204 501 3246 non
531 3185 623 3244 dohet
654 3186 753 3244 vitem
783 3188 947 3242 aeternam
974 3187 1010 3242 in
1036 3190 1131 3242 semet

433 3275 502 3348 ipso
519 3279 709 3333 nronentcm.
730 3270 798 3329 Hoc
810 3269 888 3329 scire
900 3289 951 3329 eos
964 3270 1043 3343 dicit,
1060 3271 1133 3346 quia

435 3363 479 3419 sic
495 3360 622 3419 instituti
638 3364 735 3428 erant,
758 3356 845 3415 etsie
861 3356 1013 3417 tenebant.
1059 3358 1132 3417 Vita

433 3454 567 3507 aeterna
598 3454 695 3526 potest
726 3443 855 3521 intelligi
885 3442 934 3504 vel
961 3446 1071 3505 caritas
1102 3453 1134 3504 et

430 3534 557 3613 justitia,
580 3553 634 3611 per
657 3552 745 3612 quam
768 3531 933 3591 certissima
948 3530 1081 3593 tenditur
1096 3552 1133 3591 ιι

436 3623 609 3697 percepitur
624 3619 662 3678 od
678 3621 770 3681 vitam
787 3626 952 3683 aeternnm.
976 3619 1033 3677 imo
1050 3638 1131 3697 quse

435 3707 541 3767 salutis
556 3727 592 3766 ac
607 3708 690 3767 vitae
707 3716 849 3766 aeternae
862 3707 980 3765 initium
994 3715 1047 3775 cst,
1062 3726 1130 3765 con·

435 3795 661 3854 summationem
677 3793 820 3854 habitura
835 3793 866 3852 in
881 3791 981 3852 futuro
994 3792 1133 3868 saeculo;

435 3882 486 3941 vel
509 3881 575 3959 ipsa
598 3881 689 3941 heato
704 3879 797 3939 futuri
813 3880 926 3939 saeculi
942 3880 1019 3951 vita,
1043 3899 1131 3956 qnam

436 3969 466 4028 in
494 3987 526 4027 se
554 3974 724 4027 monentem
755 3966 867 4026 habere
898 3967 1007 4027 dieitur
1036 3967 1133 4027 onmis

434 4054 542 4131 justus,
563 4055 636 4130 quin
652 4056 832 4114 constitutus
848 4054 939 4113 estin
955 4062 1034 4112 statu
1050 4052 1133 4113 illius

436 4138 649 4218 adipiscendae
669 4159 708 4200 ex
732 4140 837 4199 merito
862 4140 1031 4219 praesentis
1042 4140 1130 4217 justi·

436 4227 507 4285 tine.
524 4227 611 4307 Quae
627 4224 747 4305 quidem
758 4226 878 4304 justitia
892 4228 923 4285 in
936 4227 1001 4304 ipso
1013 4245 1133 4286 manere

437 4313 544 4372 dicitnr
560 4311 663 4373 eodem
678 4331 776 4385 seusu,
801 4332 861 4389 quo
884 4314 1024 4392 superius
1047 4313 1132 4383 dixit,

437 4419 538 4459 semen
564 4399 623 4459 Dei
650 4400 681 4458 in
707 4418 742 4459 eo
769 4419 896 4471 monere,
924 4401 976 4479 qni
1003 4419 1042 4460 ex
1064 4399 1133 4459 Dec

438 4497 527 4545 natus
552 4494 613 4561 est,
641 4488 714 4563 qnia
737 4487 876 4546 nimirum
901 4487 932 4546 in
954 4505 990 4545 eu
1013 4485 1132 4556 residet,

438 4591 492 4631 ceu
518 4591 694 4649 permanens
720 4571 856 4650 aliquid,
883 4573 977 4633 instar
1003 4572 1133 4633 habitus.

439 4656 581 4718 Continet
605 4656 682 4717 haec
708 4678 778 4737 pers
805 4658 1038 4737 propositionem
1071 4658 1132 4740 syl·

438 4741 572 4819 logismi,
596 4764 655 4823 quo
681 4744 786 4824 probet
805 4744 969 4825 Apostolus
986 4765 1073 4805 suurn
1090 4748 1132 4806 in·

439 4831 590 4897 stitutum,
617 4840 650 4889 ut
676 4831 860 4909 praecedens
887 4835 1133 4933 assumptionem.

439 4914 559 4985 Nullus,
583 4918 687 4993 inquit,
709 4916 858 4977 homicide
880 4916 973 4977 hahet
995 4921 1023 4978 in
1040 4938 1074 4978 se
1091 4920 1133 4978 vi·

440 5012 501 5061 tom
517 5011 687 5079 aeternnm,
714 5005 818 5079 omnis,
845 5004 897 5084 qui
918 5006 982 5065 odit
1004 5005 1134 5077 ιιιιιιιι,

1182 2748 1366 2826 pronominis
1385 2750 1439 2809 illc
1461 2769 1522 2809 non
1536 2749 1576 2809 sit
1590 2747 1624 2807 in
1639 2744 1767 2807 Graeco
1781 2735 1870 2814 (ὠτὸς,

1184 2833 1236 2894 ιιι
1265 2824 1409 2910 ἐκεῖνος,
1436 2835 1518 2917 quod
1544 2831 1584 2895 ad
1610 2834 1759 2894 remotius
1782 2829 1872 2891 ιιιιιιί

1183 2922 1277 2996 solet,
1291 2931 1325 2981 ut
1340 2922 1476 2983 videntur
1489 2922 1628 2984 Josnnes
1642 2920 1687 2982 ad
1703 2917 1780 2982 illud
1793 2917 1870 2997 resp‘r

1184 3028 1260 3079 cere,
1276 3007 1358 3084 qnod
1374 3012 1495 3071 dixerat
1508 3029 1538 3068 ι.
1553 3009 1601 3067 8.:
1633 3009 1678 3069 Ιιι
1702 3010 1761 3069 ιιι
1782 3023 1871 3085 oppe-

1183 3100 1250 3156 ruit
1265 3097 1369 3157 Filius
1384 3100 1456 3171 Dei,
1480 3103 1534 3157 etc.
1564 3096 1655 3156 Hoec
1671 3095 1810 3167 efficiunt,
1823 3111 1870 3174 qur

1184 3184 1283 3243 minus
1304 3183 1356 3243 hie
1375 3183 1461 3244 locus
1479 3185 1520 3244 sit
1536 3180 1667 3243 evidens
1685 3176 1718 3243 et
1733 3192 1872 3263 promptu

1184 3269 1222 3329 ad
1251 3269 1510 3331 demonstrandam
1538 3266 1658 3329 Christi
1692 3268 1871 3336 divinitate.

1184 3368 1219 3417 ut
1233 3366 1303 3416 sunt
1317 3359 1377 3418 ulia
1392 3357 1486 3417 multe
1498 3356 1676 3436 Scripturas
1689 3356 1767 3418 locs.
1781 3356 1873 3435 nequ

1184 3461 1309 3505 necesse
1326 3454 1379 3514 est,
1396 3447 1510 3505 ineerta
1524 3455 1578 3503 ant
1594 3443 1732 3504 obscuro
1743 3444 1782 3505 od
1796 3444 1871 3503 ricto

1183 3534 1259 3592 riom
1288 3550 1396 3609 urgere
1425 3531 1622 3603 testimonia,
1654 3532 1713 3593 ubi
1744 3537 1873 3593 certost

1184 3626 1289 3698 apertu
1304 3620 1426 3679 minime
1441 3618 1559 3678 desunt

1228 3706 1333 3766 Potest
1341 3715 1442 3766 nutem
1451 3704 1618 3766 secundum
1626 3703 1873 3768 Gnecamleair

1185 3813 1253 3852 nem
1268 3791 1395 3872 intelligi
1411 3794 1522 3853 coritas
1537 3790 1691 3865 obsolute,
1713 3794 1772 3854 hoc
1786 3808 1874 3853 seut

1184 3880 1245 3939 Per
1260 3879 1317 3938 hoc
1332 3879 1418 3940 nohis
1440 3878 1613 3940 declaratur
1627 3878 1769 3941 debitum
1785 3877 1873 3940 carih·

1185 3967 1223 4026 tis
1247 3985 1320 4045 erga
1341 3966 1465 4038 iratres,
1488 3964 1570 4042 quod
1594 3962 1743 4027 Christus
1765 3966 1873 4028 anim

1186 4073 1267 4112 susm
1284 4074 1338 4133 pro
1355 4053 1441 4113 nobis
1456 4053 1562 4131 posuit
1604 4052 1679 4113 Ηιι
1704 4055 1785 4114 ιιίιι
1805 4065 1874 4111 sm

1186 4139 1355 4216 exemplum
1372 4139 1468 4200 voluit
1483 4159 1538 4199 uos
1552 4139 1678 4198 imitnri
1710 4140 1768 4201 Vel
1783 4139 1874 4199 carii!

1186 4224 1296 4286 Christi
1312 4224 1469 4305 desiguate
1485 4233 1585 4303 potest
1601 4228 1719 4303 accipi,
1736 4235 1770 4287 ut
1783 4237 1873 4285 rem

1187 4315 1241 4371 sit:
1272 4312 1340 4373 Hoc
1363 4318 1537 4392 argumento
1559 4330 1618 4371 nos
1634 4309 1804 4374 Christiani
1818 4325 1872 4388 erg·

1186 4400 1336 4460 noscimus
1348 4398 1458 4460 Christi
1470 4400 1625 4459 caritatem
1639 4418 1719 4478 erga
1734 4419 1797 4472 nos,
1809 4387 1873 4478 qni

1186 4487 1250 4585 ipse
1273 4485 1437 4565 pronubis
1459 4494 1581 4545 aeterna
1606 4495 1711 4547 ιιιιιιι
1733 4478 1872 4547 lihesi

1187 4573 1317 4633 animam
1333 4592 1416 4633 suam
1432 4574 1542 4651 posuit
1558 4571 1686 4632 Dicitur
1702 4583 1800 4634 nutu
1812 4568 1870 4631 ni·

1187 4678 1272 4719 mom
1298 4678 1388 4719 ersom
1413 4662 1578 4734 posuisse,
1608 4658 1759 4720 Hebraea
1781 4651 1870 4739 plm'

1187 4748 1261 4823 quia
1276 4745 1446 4807 voluntarie
1467 4753 1604 4806 mortuus
1620 4754 1685 4817 est,
1709 4748 1868 4807 eninm

1187 4833 1301 4892 stinens
1330 4853 1349 4891 ι
1378 4851 1504 4911 corpore
1534 4833 1773 4911 separationem.
1815 4826 1867 4906 Q!

1187 4920 1278 4979 etiarn
1305 4938 1394 4979 sensu
1423 4926 1574 4997 martyres
1606 4917 1752 4980 dicuntur
1775 4916 1878 4977 M

1187 5025 1258 5066 suas
1273 5008 1420 5086 posuisse,
1436 5003 1579 5066 videlicet
1593 5004 1623 5066 id
1634 5004 1794 5078 facientes
1802 4992 1861 5082 ¹1¹¹
1904 5031 1915 5080 ι
