4442 5825
432 621 508 691 Mb
809 607 811 609 ·
947 611 1364 669 ummmmmncmr.

431 810 502 853 cum
518 791 737 868 beneficentia,
754 791 874 870 patiens
888 809 941 870 pro
956 792 1018 850 auis
1033 791 1125 850 eruci·
1178 789 1235 850 hoc
1252 791 1416 851 animarum
1436 791 1612 871 depositum
1635 776 1700 852 bon
1715 810 1735 851 a
1749 798 1867 872 pecuale·

431 877 593 950 fixoribus,
617 886 647 937 et
663 897 751 938 orans
766 899 819 958 pro
841 879 894 938 eis.
933 876 1124 957 Quamquam
1178 877 1261 937 ribus
1277 880 1385 957 recipit
1399 879 1500 951 Deus,
1524 878 1581 939 aad
1605 898 1625 938 a
1636 878 1752 955 justis,
1773 881 1824 959 qui
1843 899 1869 939 se

432 972 534 1044 potest
549 984 602 1042 per
627 954 828 1040 ἀγαθοποιῗαν
851 965 883 1025 in
906 983 1015 1043 genere
1037 964 1124 1024 iutel-
1178 965 1260 1043 ipsos
1275 967 1359 1043 prius
1374 985 1427 1047 per
1442 966 1522 1026 bona
1539 983 1634 1044 opera
1649 964 1722 1025 Deo
1736 984 1868 1026 comm

431 1053 484 1129 ligi
499 1050 630 1112 studium
653 1051 799 1111 bonorum
822 1071 961 1131 operum,
985 1053 1063 1111 siout
1078 1072 1125 1112 ao·
1178 1048 1326 1111 darerint.
1363 1052 1474 1132 Neque
1500 1054 1582 1112 enim
1611 1053 1808 1130 injustorum,
1826 1051 1870 1113 aul

431 1138 547 1217 cepisse
576 1136 695 1198 videtur
724 1139 870 1218 interpres
899 1146 1015 1211 nomer,
1054 1136 1125 1198 dum
1173 1141 1334 1211 justorum
1362 1143 1493 1200 animae
1518 1141 1555 1200 ia
1580 1156 1690 1201 mam
1712 1141 1776 1201 Dei
1796 1146 1868 1214 uui,

430 1226 534 1285 vertit:
556 1227 593 1284 in
609 1224 796 1304 benefactis,
820 1224 851 1284 id
866 1234 913 1285 est
928 1228 963 1285 in
980 1227 1127 1302 operibus
1178 1224 1247 1303 Sap.
1265 1225 1293 1283 3.

431 1312 537 1388 boica,
564 1312 642 1372 sicot
657 1311 749 1372 habet
769 1310 859 1372 editio
875 1312 1009 1391 Syriaca.
1047 1313 1126 1372 Nam

1237 1520 1243 1525 -
1259 1521 1302 1528 —-

908 1674 1081 1759 bleT
1126 1672 1392 1761 uuinton

534 1835 689 1903 Seniores
724 1855 823 1921 ergo,
865 1837 920 1924 qui
956 1837 990 1902 in
1024 1833 1122 1901 vobls
1162 1840 1256 1920 sunt,
1298 1833 1454 1919 obsecro,
1495 1835 1674 1900 consenior
1712 1840 1748 1900 et
1787 1836 1869 1901 testis
1915 1910 1917 1917 ,

432 1941 555 2011 Christi
582 1940 790 2026 passionum,
828 1941 882 2028 qui
911 1945 945 2005 et
972 1933 1071 2025 Eius,
1109 1941 1255 2026 quaein
1283 1938 1393 2005 futuro
1433 1936 1616 2004 revelanda
1643 1945 1718 2021 est,
1755 1936 1870 2025 gloriae

432 2045 710 2112 communicator:
739 2045 772 2109 2.
800 2045 948 2130 pascite,
977 2045 1031 2131 qui
1060 2046 1092 2110 in
1122 2041 1217 2109 vobis
1244 2048 1313 2127 est,
1345 2062 1481 2129 gregem
1512 2041 1577 2108 Dei
1589 2034 1634 2129 ¹),
1663 2041 1871 2129 providentes

430 2171 497 2216 non
524 2154 658 2234 coacte,
694 2147 754 2214 sed
781 2155 964 2236 spontanee
999 2148 1179 2216 secundum
1207 2149 1334 2232 Deum;
1376 2167 1482 2234 neque
1511 2145 1617 2233 turpis
1644 2147 1734 2214 lucri
1760 2147 1871 2234 gratia

432 2253 491 2320 sed
526 2252 732 2337 voluntarie,
776 2254 810 2318 3.
837 2273 945 2340 neque
982 2258 1019 2320 ut
1055 2241 1296 2332 dominantes²i
1332 2254 1366 2318 in
1405 2251 1521 2335 oleris,
1561 2249 1622 2316 sed
1661 2249 1772 2317 forma
1803 2249 1872 2317 iacti

432 2359 545 2445 gregis
573 2376 614 2422 ex
642 2357 762 2421 animo.
817 2359 851 2421 4.
879 2357 924 2423 Et
951 2377 1023 2423 curn
1053 2358 1247 2443 apparuerit
1273 2358 1428 2442 princeps
1457 2358 1649 2440 pastorum,
1687 2355 1873 2442 percipietis

431 2458 743 2529 immarcescibilem
781 2461 908 2547 gloriae
954 2478 1121 2527 eoronam.
1177 2459 1210 2525 5.
1239 2458 1417 2545 Similiter,
1459 2456 1715 2543 adolescentes,
1758 2455 1872 2525 subditi

432 2572 540 2634 estote
579 2562 777 2632 senioribus.
832 2563 955 2633 Omnes
990 2570 1100 2632 autem
1135 2565 1276 2630 invicem
1317 2563 1538 2630 humilitatem
1573 2561 1766 2649 insinuate,
1807 2559 1874 2652 quia

431 2671 525 2739 Deus
560 2667 714 2756 superbis
749 2669 892 2755 resistit,
932 2667 1111 2737 humilibus
1147 2674 1258 2735 autem
1296 2668 1355 2734 dat
1381 2668 1534 2754 gratiam.
1589 2667 1623 2733 6.
1652 2664 1873 2735 Humanum

431 2776 533 2860 igitur
570 2771 631 2840 sub
668 2762 825 2864 potenti,
835 2793 934 2841 manu
961 2774 1046 2858 Dei,
1088 2780 1124 2839 ut
1151 2793 1211 2839 vos
1248 2772 1376 2839 exaltet
1409 2773 1443 2837 in
1479 2777 1639 2871 tompore·
1655 2771 1872 2853 visitationm

434 2882 467 2947 7.
496 2897 623 2946 omnem
661 2876 918 2945 sollicitudinem
954 2885 1097 2945 vestram
1142 2877 1357 2965 projicientes
1403 2879 1437 2944 in
1473 2876 1572 2959 Eum,
1615 2875 1776 2963 quoniam
1814 2874 1873 2963 lpa

433 3004 513 3052 cura
540 2989 592 3049 est
620 2980 660 3046 de
690 2978 797 3046 vobis.
847 2985 880 3050 8.
909 2981 1019 3049 Sobrii
1049 2989 1156 3049 estote
1185 2989 1219 3049 et
1246 2984 1395 3068 vigilate,
1425 2982 1500 3069 quia
1527 2978 1743 3047 adversarius
1770 2985 1873 3047 vester

433 3087 587 3156 diabolus
615 3090 782 3172 tamquam
808 3088 862 3153 leo
889 3090 1023 3175 rugiens
1051 3088 1187 3173 circuit,
1225 3106 1405 3174 quaerens,
1440 3104 1535 3173 quem
1564 3082 1727 3169 slevoret3
1768 3084 1803 3151 9.
1829 3082 1874 3150 cui

432 3194 579 3262 resistite
608 3190 711 3256 lortes
739 3190 880 3279 infide,
914 3193 1074 3277 scientes,
1110 3191 1248 3259 eandem
1276 3190 1464 3276 passionem
1493 3189 1543 3275 ei,
1582 3208 1668 3275 quae
1696 3189 1733 3255 in
1761 3186 1874 3257 munic

433 3304 502 3384 est,
529 3300 662 3363 vestrae
691 3293 895 3363 fraternitati
922 3298 1003 3364 fieri.
1061 3298 1118 3363 10.
1147 3296 1238 3363 Deus
1274 3302 1384 3361 autem
1413 3294 1517 3360 omnis
1543 3294 1697 3379 gratiae,
1736 3295 1796 3381 qui
1820 3311 1873 3358 vo·

433 3405 524 3470 cavit
549 3420 610 3466 nos
636 3399 670 3464 in
707 3404 878 3466 aeternam
912 3421 1003 3467 suam
1039 3402 1177 3488 gloriam
1212 3401 1245 3466 in
1273 3397 1405 3465 Christo
1433 3397 1532 3483 Jesu,
1570 3395 1738 3463 modicum
1768 3413 1875 3484 passos

432 3510 503 3595 ipse
540 3503 714 3593 perficiet,
755 3503 979 3591 confirmabit,
1020 3502 1253 3592 solidabitque.
1314 3507 1369 3569 ll.
1396 3502 1465 3589 Ipsi
1501 3502 1609 3587 gloria
1644 3505 1681 3567 et
1708 3501 1873 3591 imperium

432 3615 465 3680 in
489 3610 624 3677 saecula
648 3606 873 3676 saeculoruml
901 3612 1018 3677 Amen.
1057 3611 1114 3675 12.
1138 3609 1203 3675 Per
1228 3607 1397 3677 Silvanum
1408 3596 1434 3689 3)
1456 3604 1586 3673 fidelem
1610 3603 1751 3673 fratrem
1776 3601 1874 3689 robis,

432 3724 470 3785 ut
497 3714 657 3796 arbitror,
700 3710 849 3782 breviter
875 3716 1008 3802 scripsi,
1045 3712 1225 3780 obsecrans
1252 3721 1287 3781 et
1313 3716 1523 3792 contestans,
1550 3709 1638 3776 hano
1666 3730 1742 3778 esse
1771 3727 1874 3778 veru

432 3823 573 3908 gratiam
610 3815 692 3899 Dei,
733 3816 768 3882 in
804 3839 869 3907 qua
904 3820 1010 3885 statis.
1069 3821 1126 3884 13.
1155 3816 1287 3885 Salutat
1327 3836 1386 3883 vos
1423 3814 1594 3898 Ecclesia,
1637 3834 1726 3901 quae
1762 3823 1814 3881 est
1847 3813 1875 3879 ia

432 3925 607 4011 Babylone
642 3920 810 4010 coelecta,
853 3930 886 3991 et
923 3925 1054 3991 Marcus
1090 3923 1175 3989 lilius
1210 3942 1312 3990 meus.
1381 3923 1437 3986 14.
1472 3917 1624 3985 Salutate
1665 3918 1811 3986 invicem
1847 3919 1875 3983 b

434 4033 548 4097 osculo
576 4031 692 4094 sancto
705 4014 896 4120 ’)1ἷ(111ιῐία
922 4027 1019 4094 vobis
1040 4025 1203 4113 omnibus,
1232 4030 1287 4115 qui
1314 4027 1394 4093 ostis
1417 4025 1451 4090 in
1472 4020 1605 4090 Christo
1632 4020 1739 4091 Jesul
1766 4023 1874 4091 Amen

933 4411 1136 4481 sonantiori
1159 4409 1285 4477 atritis
1307 4407 1425 4483 tillut.

433 4545 596 4608 Praepositae
615 4542 735 4597 instituit.
760 4540 889 4603 quomodo
913 4547 1021 4602 pascere
1045 4535 1156 4587 debemt
1177 4543 1286 4596 gregem
1305 4532 1351 4584 sibi
1378 4531 1550 4583 commissum.
1586 4529 1715 4585 Hortatur
1733 4532 1766 4584 aa
1785 4528 1875 4585 acn'i·

536 4618 623 4666 tatem.
659 4612 758 4672 llonct,
778 4615 804 4660 ut
822 4608 926 4671 vigilent
946 4606 1073 4658 adversus
1092 4604 1200 4656 iusidias
1217 4601 1318 4654 diaboli.
1354 4602 1467 4653 Gratiam
1486 4600 1530 4651 Dei
1548 4600 1599 4653 illis
1618 4607 1759 4664 precatur,
1780 4597 1877 4665 alit&

537 4680 742 4734 adulatoribus.

479 4797 506 4851 1.
528 4792 674 4852 seniores
689 4804 779 4864 erqo,
803 4787 860 4862 qai
881 4787 917 4843 iu
941 4782 1028 4842 vobis
1041 4787 1126 4854 sunt,
1181 4788 1292 4851 stores,
1309 4777 1337 4838 id
1355 4789 1403 4838 est
1420 4779 1586 4858 Episcopus
1602 4777 1672 4838 sive
1687 4778 1875 4859 presbyteras

434 4878 557 4939 obsecro
565 4922 575 4953 ,
591 4876 766 4938 consenior.
789 4872 838 4937 Ad
852 4869 1060 4932 Ecclesiasum
1075 4886 1126 4949 pa·
1181 4866 1420 4926 exhortationem
1429 4867 1587 4937 convertit,
1602 4865 1652 4924 aui
1663 4883 1781 4928 memor
1799 4860 1875 4926 saei

538 5055 562 5124 ¹)
579 5061 632 5112 Act.
651 5056 694 5122 20,
711 5055 752 5110 2&
786 5050 812 5121 ²)
829 5053 890 5107 Luc.
909 5053 951 5116 ²2,
969 5050 1010 5104 25.
1028 5063 1083 5117 seq.
1119 5048 1143 5112 θ)
1163 5052 1215 5102 tet.
1236 5050 1276 5114 lo,
1296 5049 1337 5100 22.
1373 5042 1489 5114 *Jrrom
1511 5046 1612 5111 11111.
