4442 5825
401 611 475 703 535
900 600 1310 675 commrmmsutcaru

399 781 440 849 ad
453 781 553 843 locum
564 780 673 855 Exodi.
696 780 774 840 Nam
794 788 823 841 et
837 781 867 842 in
882 778 991 839 Exodo
1006 779 1092 843 Chal·
1147 782 1248 840 sertim
1265 781 1474 855 idololatriae,
1487 789 1677 860 segregatus,
1692 789 1723 842 et
1733 782 1815 863 legale

400 867 476 947 daea
491 868 588 931 versio
604 867 710 928 habet:
727 886 813 943 repes
826 866 1010 928 sacerdotes.
1044 865 1094 927 Ex
1146 866 1329 942 munditiae,
1356 889 1435 948 quae
1456 869 1487 928 in
1514 867 1637 929 delectu
1662 867 1817 931 cihcruntt

400 954 509 1035 quibua
523 968 654 1035 apparet,
671 956 759 1014 etiam
771 954 806 1013 B.
819 955 943 1014 Petrum
954 951 985 1014 id
997 955 1093 1033 ipsum
1146 952 1309 1016 lotionibus
1331 957 1458 1036 aliisque
1481 954 1632 1016 similibus
1657 955 1817 1031 comiatahat,

398 1040 479 1102 velle
493 1042 682 1120 significare,
701 1039 815 1102 scilicet
832 1060 934 1101 omnes
951 1038 1094 1101 Christia·
1147 1040 1304 1101 studiosus.
1336 1041 1418 1120 Quo,
1442 1041 1608 1102 secuudum
1625 1039 1753 1115 literam,
1771 1061 1818 1121 per

398 1148 453 1189 nos
470 1148 537 1189 esse
553 1147 641 1208 regas
657 1134 687 1187 et
702 1126 880 1188 sacerdotes.
916 1127 954 1185 Et
971 1126 1093 1206 quidem
1148 1127 1264 1187 tinebat
1278 1126 1352 1199 illud
1369 1129 1527 1209 aliquoties
1542 1131 1574 1188 in
1589 1127 1821 1209 legerspstitunt

399 1235 459 1295 quo
485 1234 575 1277 sensu
602 1214 775 1275 sacerdotes
798 1215 859 1274 sint
885 1233 1000 1286 omnes,
1026 1214 1094 1292 ipse
1147 1214 1537 1299 &aetteatotaqooatam
1551 1223 1821 1294 epoauacttattttts5

397 1303 507 1362 Petrus
519 1302 584 1379 jam
599 1310 667 1361 anta
682 1302 836 1380 exposuit,
852 1299 970 1360 dicens:
988 1316 1093 1359 accer-
1147 1309 1180 1359 ut
1195 1301 1379 1365 ostendimus
1395 1305 1494 1384 capite
1506 1303 1665 1383 superiori.
1688 1301 1822 1363 Christiani

398 1389 520 1449 dotium
537 1396 682 1450 sanctum
705 1389 818 1466 offerre
840 1387 1022 1464 spirituales
1036 1386 1093 1445 to·
1147 1407 1218 1449 vero
1234 1386 1374 1449 dicuntur·
1395 1407 1473 1465 pens
1494 1397 1627 1463 sanata,
1651 1397 1681 1450 et
1695 1389 1770 1470 apud
1784 1388 1822 1451 la

399 1478 482 1536 sitas.
1148 1476 1241 1534 seiam
1258 1495 1321 1555 cap.
1340 1479 1390 1539 62.
1404 1477 1709 1553 populandam,
1726 1484 1823 1556 pcepta

441 1563 540 1641 Repea
554 1582 628 1621 vero
644 1571 716 1621 suut
730 1581 831 1621 omues
847 1558 1021 1632 Christiani,
1044 1557 1094 1618 vel
1146 1561 1291 1622 internam
1317 1573 1348 1625 et
1375 1583 1476 1624 veram
1504 1564 1711 1638 sanctitatem,
1739 1562 1767 1624 id
1790 1570 1824 1623 td

399 1649 621 1728 quatenusDeo
635 1647 756 1722 subditi,
769 1650 1093 1723 cuiseroircrepaare
1147 1649 1308 1725 puritatem
1343 1671 1362 1711 a
1399 1652 1655 1711 contaminatione
1698 1651 1824 1711 vitiorum

398 1743 460 1812 est,
485 1745 518 1796 ut
536 1734 628 1796 habet
649 1736 744 1795 oratio
761 1734 932 1811 Ecclesia03
954 1734 1005 1794 vel
1022 1733 1094 1809 quoia
1146 1736 1233 1795 Haec
1249 1737 1327 1797 enim
1351 1756 1387 1807 ea
1411 1746 1456 1798 est
1479 1738 1644 1810 sauctitas,
1669 1759 1688 1796 a
1702 1755 1822 1817 quapra-

399 1842 521 1885 suorum
536 1821 695 1883 affectuum
710 1822 830 1881 Domini
854 1831 922 1881 suut
947 1838 1093 1897 satages,
1147 1824 1211 1901 pris
1227 1822 1366 1887 Ecclesia
1379 1832 1484 1885 sancta
1510 1833 1637 1885 vocatur
1662 1826 1694 1886 iu
1708 1821 1823 1904 symbola

397 1919 498 1972 mente
515 1929 598 1969 suum
616 1911 647 1968 in
663 1910 703 1969 eis
719 1907 871 1968 obtinente
886 1908 1093 1989 principatum,
1146 1907 1226 1969 fidei.

396 1995 575 2075 etquidem
600 2004 770 2073 exponunt3
794 1995 845 2055 vel
869 1995 937 2056 ideo
959 1995 1092 2067 maxime,
1189 1995 1268 2054 Nam
1284 1997 1335 2077 qui
1351 1996 1540 2057 sanctitatem
1564 1996 1643 2057 hanc
1667 1995 1824 2057 definiente

396 2087 470 2163 quia
486 2081 757 2162 praedestinatione
778 2103 814 2142 ac
835 2083 992 2143 vocatione
1007 2097 1093 2158 reges
1146 2082 1306 2160 religione,
1329 2081 1479 2155 doctrine,
1506 2085 1705 2144 sacramentis
1728 2082 1823 2142 serch-

396 2179 482 2243 sunt,
498 2178 603 2249 utpote
618 2169 670 2228 tilii
688 2176 719 2229 et
733 2169 878 2230 haeredes
894 2169 970 2240 Dei,
986 2165 1090 2226 cohae·
1146 2189 1205 2247 quo
1222 2170 1305 2230 cultu
1327 2178 1464 2240 externo,
1492 2191 1553 2231 non
1575 2171 1753 2231 sufficienter
1773 2187 1823 2229 aaa

395 2256 482 2319 redes
497 2264 598 2316 sutem
615 2255 737 2330 Christi,
760 2264 870 2317 etcum
886 2276 922 2316 eo
938 2253 1092 2333 regnaturi
1146 2254 1316 2335 explicant,
1331 2278 1385 2318 nec
1401 2260 1567 2336 attingunt,
1591 2256 1722 2336 quodie
1735 2257 1823 2318 sancti

396 2347 612 2419 inueternum3
640 2345 718 2402 sicut
742 2345 809 2422 ipse
823 2351 963 2415 testatur,
990 2340 1091 2401 diceus
1145 2350 1207 2403 tate
1230 2344 1383 2405 Ecclesiae
1405 2345 1604 2425 praecipuum
1627 2351 1682 2405 e'at.
1719 2342 1824 2424 opaea

396 2432 436 2492 ad
462 2450 532 2491 suos
562 2429 724 2509 discipulos
754 2430 827 2489 Luc.
859 2433 926 2492 22:
965 2430 1007 2489 Et
1037 2445 1092 2502 epo
1145 2432 1223 2489 enirn
1253 2449 1318 2490 eam
1349 2430 1476 2510 intelligi
1506 2432 1715 2503 sanctitatem,
1750 2449 1823 2507 quau

396 2519 532 2594 dispono
544 2518 641 2591 vohis,
653 2520 733 2578 sicut
745 2517 900 2593 disposuit
912 2516 989 2575 mihi
997 2515 1093 2573 Pater
1145 2514 1284 2576 Christus
1300 2518 1446 2596 sanguine
1466 2536 1522 2577 suo
1546 2518 1677 2577 contulit
1690 2517 1824 2578 Ecclesiae

395 2624 493 2680 metas,
509 2622 642 2680 requam
649 2627 662 2681 ,·
686 2613 717 2665 et
733 2602 866 2664 dicturus
881 2601 1018 2663 omnihus
1031 2600 1093 2660 suis
1145 2602 1309 2665 secundum
1325 2603 1509 2685 Scripturas,
1525 2612 1561 2663 ut
1575 2603 1600 2664 J
1601 2625 1668 2665 can.
1688 2608 1750 2665 lia
1774 2605 1824 2665 Pa

396 2691 502 2751 electis
518 2693 547 2750 in
563 2698 697 2751 extremo
714 2689 838 2767 judicio:
868 2692 996 2762 Venite,
1017 2706 1091 2764 pos·
1144 2692 1188 2750 eis
1204 2709 1260 2767 epo
1281 2691 1443 2767 sanctifico
1466 2711 1514 2751 me
1530 2695 1655 2768 ipsam,
1678 2699 1715 2753 ast
1736 2693 1823 2754 asta

395 2779 491 2838 sidete
511 2785 665 2853 pascuam
687 2776 774 2838 vobis
789 2796 931 2853 aeonum.
970 2776 1025 2834 Est
1040 2795 1089 2835 au·
1144 2778 1205 2854 ipsi
1230 2778 1420 2854 sonatsonat
1446 2779 1481 2837 in
1509 2781 1663 2858 veritate3
1694 2777 1765 2858 Eph
1787 2781 1822 2838 l.:

395 2874 454 2926 tem
470 2874 500 2925 et
514 2865 593 2925 alius
608 2866 724 2937 modus,
745 2865 911 2926 secundum
928 2882 1014 2943 qoem
1030 2882 1088 2922 om·
1144 2867 1250 2943 Elepit
1265 2885 1323 2928 nos
1339 2867 1374 2936 ia
1389 2868 1458 2942 ipso
1466 2909 1476 2941 ,
1499 2872 1535 2926 cat
1550 2884 1685 2928 essemus
1699 2866 1824 2927 anae

395 2972 448 3013 ues
465 2950 627 3022 Christiani
643 2951 702 3011 dici
726 2954 843 3030 possint
867 2960 897 3012 et
911 2948 1090 3022 sacerdotes,
1145 2955 1361 3032 immaculati,
1378 2960 1408 3013 st
1424 2972 1489 3033 cap.
1506 2956 1553 3015 a:
1578 2954 1720 3015 Christus
1734 2953 1823 3014 attat

396 3048 425 3099 et
435 3058 539 3118 reges3
555 3049 704 3117 quatenus
718 3039 946 3098 scilicetomnes
960 3035 1092 3096 membra
1145 3041 1319 3100 Ecclesiam
1327 3086 1337 3116 ‚
1358 3047 1386 3100 et
1402 3058 1432 3099 se
1447 3041 1551 3116 ipsunt
1568 3041 1707 3101 tradidit
1719 3058 1775 3117 pre
1786 3055 1822 3114 tt,

395 3135 466 3188 sunt
480 3124 594 3187 Christi
609 3126 775 3187 sacerdotis
791 3133 822 3186 et
836 3126 931 3203 regis,
951 3133 1014 3183 cum
1031 3142 1090 3202 quo
1143 3133 1181 3187 ut
1206 3129 1295 3186 illam
1323 3127 1555 3202 sanctificaret,
1585 3128 1749 3190 mundana
1769 3141 1823 3187 esa

395 3233 485 3273 uuum
502 3232 612 3291 corpus
629 3216 822 3272 constituunt.
861 3211 958 3289 Quem
973 3229 1090 3269 sensum
1144 3214 1277 3275 ἰαυαονο
1299 3233 1402 3291 aquae
1423 3216 1459 3275 io
1487 3214 1602 3292 verh03
1631 3223 1663 3275 et
1681 3214 1758 3276 Hah.
1773 3213 1822 3274 tt:

395 3298 530 3380 pluribus
557 3300 748 3379 prosequitur
775 3298 933 3359 Hesselius
960 3296 1091 3358 scribens
1144 3305 1258 3374 Jecur,
1284 3309 1321 3360 at
1343 3300 1558 3376 reedificaret
1578 3320 1640 3378 pes·
1661 3320 1752 3363 susam
1765 3316 1822 3372 aaa

397 3388 427 3448 iu
450 3386 528 3447 hunc
549 3387 653 3446 locum.
687 3386 767 3447 Vide
788 3385 817 3446 S.
839 3385 1037 3465 Augustiuum
1054 3384 1091 3442 de
1143 3390 1271 3463 quinem
1287 3389 1462 3464 populum,
1483 3394 1575 3448 extre
1589 3396 1721 3466 portum
1735 3401 1823 3466 puts!

395 3474 474 3534 civit
491 3472 543 3533 lih.
562 3473 612 3533 20.
629 3492 694 3550 cap.
713 3475 761 3533 10.
800 3472 868 3551 Quo
889 3479 985 3531 autam
1003 3489 1091 3531 sensu
1145 3482 1195 3535 est.
1220 3472 1285 3534 Nec
1302 3474 1418 3546 obstat,
1435 3474 1516 3550 quod
1530 3476 1609 3537 haec
1626 3477 1767 3538 sanctitas
1778 3491 1822 3535 uta

397 3568 484 3621 vetus
500 3559 550 3621 ills
571 3558 700 3640 populus
717 3559 899 3619 Isradlitieus
923 3556 1090 3638 appellatus
1144 3561 1182 3620 sit
1205 3562 1235 3620 in
1257 3561 1391 3621 omnihus
1413 3560 1571 3622 Ecclesiae
1589 3564 1750 3636 memhris,
1772 3577 1822 3621 nan

394 3644 485 3707 fuerit
500 3667 518 3706 a
534 3648 599 3707 Deo
615 3665 749 3722 requam
763 3645 965 3720 sacerdotale,
993 3643 1089 3706 Eaed.
1144 3668 1200 3708 nec
1222 3647 1273 3708 illa
1297 3650 1408 3708 veteris
1432 3648 1536 3727 populi
1565 3651 1731 3721 sanctitas,
1754 3661 1823 3729 qua!

398 3738 462 3806 19..
482 3734 642 3813 petendum
659 3753 698 3794 ex
722 3732 803 3793 illius
822 3733 994 3814 Scripturas
1013 3753 1087 3792 com·
1145 3734 1411 3813 dixi,insingulis
1429 3743 1500 3794 erat.
1536 3735 1598 3798 Sed
1614 3748 1722 3797 sancta
1736 3735 1823 3797 dicitu

394 3823 560 3882 mantariis.
1143 3821 1281 3888 Ecclesia
1297 3843 1314 3882 a
1330 3823 1491 3884 sanctitate
1502 3826 1739 3903 praecipuorum
1753 3837 1821 3884 m*

437 3908 530 3969 Porro
541 3909 605 3988 jam
626 3926 664 3967 ex
685 3908 734 3969 his
758 3915 855 3987 patet,
885 3904 971 3966 valde
988 3906 1090 3983 inepte
1142 3910 1270 3981 brorum,
1287 3917 1480 3986 quaetamsn
1498 3909 1824 3978 omniumoraatabat

393 3996 539 4074 quosdam
570 3993 655 4055 abuti
684 3994 740 4055 hoc
766 3993 938 4071 Scripturas
965 3992 1031 4051 loco
1059 4000 1089 4063 et
1143 4004 1177 4055 ut
1191 3997 1342 4057 attentioni
1358 3994 1570 4074 respondeant.

392 4081 552 4152 similibus,
569 4088 603 4139 ut
618 4078 760 4153 doceant,
786 4100 887 4140 ornnes
904 4078 1088 4140 Christianos
1186 4083 1329 4158 Populus
1344 4085 1571 4159 acquisitionis.
1609 4083 1745 4147 Graece:
1767 4071 1826 4154 itit

393 4186 465 4227 vere
494 4178 525 4228 et
551 4169 672 4248 proprie
698 4187 765 4229 esse
792 4165 972 4227 secerdotes.
1010 4165 1087 4225 Nam
1142 4160 1188 4237 εἷς
1203 4164 1411 4245 περιποίησιν,
1426 4170 1585 4245 populata,
1603 4174 1641 4232 iss
1663 4170 1826 4250 ‹tractactio-¹

392 4253 570 4331 Scripturas
597 4264 758 4332 utrumque
781 4256 827 4315 eis
851 4253 1030 4326 attribuunt,
1060 4261 1088 4312 et
1141 4275 1225 4331 nem,
1242 4257 1308 4318 sive
1322 4260 1358 4318 ira
1376 4256 1646 4320 vendicationem.
1671 4257 1710 4319 Id
1726 4267 1827 4336 quoq!

391 4340 474 4421 quod
489 4360 577 4421 reges
593 4342 668 4414 siut,
691 4350 723 4401 et
738 4339 819 4420 qnod
836 4338 1015 4401 sacerdotes.
1038 4340 1087 4400 Ex
1141 4350 1293 4423 sumptum
1310 4363 1348 4403 ex
1364 4342 1470 4402 eodem
1488 4363 1554 4425 cap.
1573 4348 1625 4408 19.
1655 4344 1771 4417 Exodi,
1787 4337 1827 4404 ali

391 4446 451 4503 quc
461 4447 526 4489 cum
538 4448 598 4488 non
611 4431 650 4487 sit
661 4446 856 4506 consequens,
869 4429 987 4506 proprie
999 4445 1087 4502 reges
1141 4437 1211 4490 aute
1227 4429 1318 4489 verba
1340 4432 1496 4509 superiora
1519 4431 1564 4491 sic
1583 4431 1717 4492 hahetur
1739 4427 1827 4496 iud}

391 4532 465 4588 esse,
481 4513 613 4592 proiecto
629 4533 683 4574 neu
700 4515 909 4593 consequitur,
938 4533 1004 4574 esse
1019 4533 1085 4593 pro·
1140 4516 1249 4577 hraeo:
1268 4518 1368 4578 Eritis
1383 4517 1462 4577 mihi
1476 4520 1512 4578 in
1526 4517 1695 4594 peculium
1712 4519 1752 4585 de
1765 4529 1829 4588 mr

390 4599 457 4677 pria
472 4599 652 4660 secerdotes.
1140 4606 1195 4663 ctis
1219 4603 1356 4680 populis.
1395 4603 1538 4682 Proque
1563 4583 1828 4680 Lxxa’ttosd

436 4685 651 4748 Geasaoacto.
686 4687 755 4747 Hoc
781 4696 929 4767 sumptum
952 4694 999 4745 ast
1017 4705 1086 4746 con·
1139 4706 1189 4767 μοι
1205 4683 1285 4758 λαὸς
1306 4682 1498 4766 suspiciosae,
1530 4690 1561 4755 id
1586 4700 1635 4754 eat
1659 4695 1749 4754 eritis
1768 4683 1831 4754 suff

390 4780 553 4849 sequenter
569 4791 606 4832 ex
624 4772 728 4833 eodem
745 4773 810 4833 loco
826 4771 933 4836 Exodi.
964 4772 1085 4834 Israeli·
1138 4777 1278 4855 papates
1291 4778 1474 4851 peculiaris.
1500 4775 1549 4846 Ad
1568 4797 1663 4857 quam
1679 4779 1831 4854 tersisti¹

390 4863 440 4916 tae
457 4856 579 4936 qtridem
596 4857 671 4917 dicti
685 4878 760 4935 psas
774 4867 886 4920 sancta
901 4868 1023 4939 propter
1036 4878 1085 4919 sx-
1138 4865 1276 4943 respexit
1291 4862 1405 4923 Paulus
1420 4863 1452 4924 iu
1468 4863 1612 4941 Epistola
1627 4863 1666 4927 ad
1684 4863 1833 4942 '1'th

389 4950 505 5002 temam
518 4952 550 5003 ti
561 4941 688 5019 legalem
702 4947 899 5020 sanctitatem·
922 4945 995 5006 Erat
1008 4945 1086 5016 anim
1139 4947 1257 5013 diceus:
1284 4951 1328 5012 Et
1342 4950 1516 5014 mandarat
1538 4947 1599 5024 'atha'
1611 4953 1773 5030 papatum
1785 4963 1832 5028 φ·

390 5028 520 5111 populus
542 5029 738 5108 agantano
758 5032 971 5112 motta
998 5050 1083 5130 sees
1138 5037 1343 5116 assoles,
1364 5035 1497 5114 Graeco
1528 5031 1723 5136 modest.
1743 5049 1831 5121 Μ
