4442 5825
391 576 465 645 030
904 569 1331 628 corurmrmrusnrorrm

390 746 435 807 nti
458 744 547 825 paulo
568 752 636 825 poet
657 746 796 827 explieat
826 747 918 808 Dixi:
943 748 1084 808 Domino
1136 768 1192 809 reo.
1218 746 1303 808 Beda
1321 748 1446 828 exponit
1460 745 1499 808 de
1520 755 1651 828 quatuor
1670 749 1708 810 eie

390 834 435 893 od
455 831 615 908 judicium
642 840 785 894 uenturo.
824 833 974 914 Quemvie
1004 834 1083 894 enim
1135 837 1215 914 igne,
1230 840 1306 908 uere,
1323 854 1405 915 rqua
1417 842 1448 895 et
1458 843 1547 909 terre,
1562 836 1708 912 quibueo

391 921 491 999 opinio
503 918 690 998 quorundum
700 921 746 993 rit,
762 920 863 999 ignem
875 920 1082 1000 conflagratio·
1137 924 1193 981 tete
1209 924 1356 982 oomirrit.
1381 924 1469 1000 Quae
1484 930 1616 997 cuncta,
1632 924 1707 1004 inqu

391 1009 438 1068 nio
453 1005 566 1078 mundi,
588 1015 711 1085 perroto
726 1004 844 1067 domum
859 1007 1021 1068 univereeli
1035 1008 1081 1086 ju·
1137 1009 1191 1069 ille
1214 1011 1373 1069 maximoe
1399 1009 1550 1069 obmmet.
1582 1011 1647 1071 Neo
1670 1017 1708 1070 tar

390 1093 476 1166 dicio,
491 1094 633 1153 oriturum
649 1112 723 1168 esee,
743 1112 802 1173 quo
819 1103 850 1155 et
865 1093 996 1154 mundus
1013 1103 1084 1154 tune
1138 1101 1264 1156 tontum
1276 1103 1449 1173 consumet,
1464 1102 1503 1156 ut
1512 1097 1667 1173 funditur
1678 1117 1708 1159 m

390 1182 556 1252 innovetur,
580 1186 610 1239 et
632 1179 716 1261 impii
734 1180 862 1241 involuti
880 1182 1036 1258 rapientur
1052 1182 1083 1240 iu
1136 1181 1189 1242 eod
1216 1182 1280 1242 duo
1306 1189 1432 1243 tontum
1455 1191 1641 1258 consuunt,
1677 1187 1708 1261 ip

389 1274 503 1326 turture
523 1264 690 1326 oruoiuudi:
714 1269 897 1328 communior
917 1275 1016 1326 temen
1039 1276 1084 1327 est
1138 1268 1357 1345 opetom3duo
1375 1271 1501 1330 veroin
1516 1270 1708 1341 meliorem

390 1353 535 1413 sententie
551 1346 644 1432 (quoe
660 1362 690 1414 et
705 1353 879 1433 Soriptnrue
894 1373 998 1414 eeorue
1014 1375 1081 1415 oon-
1135 1356 1263 1431 sociem,
1285 1353 1450 1434 dequibus
1467 1355 1547 1416 inira
1564 1356 1707 1418 Petruer

389 1435 532 1516 formior),
556 1440 654 1519 iguem
677 1439 759 1501 illum
780 1447 1001 1501 onteoeoeurum
1018 1459 1084 1501 eene
1139 1459 1192 1502 voe
1214 1443 1314 1501 coeloe
1335 1449 1365 1501 et
1386 1461 1506 1504 novom
1529 1449 1655 1504 terram
1680 1463 1708 1506 ιι

390 1525 537 1599 Judioem,
561 1545 619 1606 quo
643 1546 739 1605 genus
763 1526 936 1595 humanum,
964 1526 1042 1606 quod
1066 1547 1084 1586 a
1137 1546 1215 1588 mue.
1249 1528 1336 1589 Haeo
1361 1529 1463 1590 Bedee
1489 1532 1641 1590 sententie
1668 1530 1708 1611 pir

389 1611 489 1693 plagio
504 1610 754 1692 praecedentibus
768 1612 915 1695 reliquum
931 1614 992 1688 erit,
1014 1634 1081 1674 oon·
1137 1633 1244 1674 oeueue
1263 1634 1322 1675 nou
1346 1616 1453 1694 plnoet.
1477 1617 1622 1689 Primum,
1639 1618 1708 1697 quir

390 1709 540 1779 sumptum
562 1699 706 1774 intereat,
728 1700 816 1760 eimul
839 1710 869 1760 et
889 1699 991 1760 muudi
1014 1721 1081 1780 pur·
1136 1702 1234 1781 gratio
1259 1701 1425 1780 perignem
1441 1701 1553 1773 futuru,
1578 1705 1617 1764 do
1632 1724 1695 1784 qun

389 1786 470 1866 gotio
486 1806 522 1847 uo
536 1788 691 1847 renovatio
706 1787 765 1859 fini,
781 1787 857 1847 utin
874 1806 984 1848 novum
999 1808 1083 1846 mun·
1137 1796 1185 1848 tur
1201 1786 1382 1866 Scripturee,
1406 1795 1522 1848 tontum
1546 1791 1604 1849 erit
1626 1791 1708 1851 muni

390 1872 460 1933 dum
473 1871 1082 1946 eleoti,rooueoitetieedimmortalitatem
1137 1875 1245 1946 infimi,
1271 1877 1323 1953 qui
1350 1875 1502 1954 quondam
1527 1875 1646 1937 diluvio
1670 1897 1707 1957 pe

389 1962 452 2021 snio
464 1958 648 2039 corporibus,
659 1958 902 2036 introdumntur3
919 1961 971 2040 qui
984 1971 1083 2020 tumen
1136 1960 1357 2040 supradictum
1374 1971 1428 2021 est.
1452 1961 1541 2022 Unde
1554 1966 1708 2025 censenti

388 2048 475 2127 ignis,
503 2044 630 2107 durante
648 2046 774 2125 judicio,
801 2048 839 2107 eit
861 2067 1081 2128 permansurus,
1136 2067 1192 2106 nue
1215 2055 1243 2107 et
1258 2048 1319 2121 ulii,
1341 2050 1416 2109 inter
1438 2069 1515 2128 quoe
1530 2058 1562 2109 et
1577 2051 1642 2129 ipee
1657 2051 1708 2110 Bet

390 2133 487 2194 donee
508 2130 554 2209 (ut
573 2131 685 2194 dietum
704 2129 763 2212 est)
785 2133 893 2212 impioe
916 2135 947 2195 in
970 2140 1083 2194 tartaro
1136 2134 1225 2194 eltiue
1258 2133 1473 2195 adscensurum
1490 2137 1591 2215 ignem
1608 2137 1708 2209 illum,

390 2240 490 2280 seeum
515 2219 651 2299 abripiet.
673 2220 738 2282 Nee
759 2221 829 2281 huie
853 2224 1020 2281 sententiae
1035 2239 1080 2281 re·
1136 2241 1196 2302 quo
1222 2223 1409 2300 pertigerunt
1434 2241 1532 2300 equae
1561 2222 1680 2283 diluvii.

389 2314 511 2388 pugnat,
528 2305 610 2386 quod
621 2308 669 2368 hio
682 2306 808 2368 dieitur:
824 2309 866 2368 In
879 2325 951 2383 quo,
967 2306 1083 2368 ecilioet
1136 2328 1191 2369 neo
1204 2310 1234 2367 in
1250 2308 1408 2387 Scripturie
1424 2305 1547 2389 quidem
1564 2318 1669 2370 notum
1685 2330 1708 2369 et

389 2393 439 2455 die
456 2393 645 2456 advenientis
660 2393 791 2467 Domini,
812 2396 890 2454 coeli
904 2397 1062 2455 transient
1068 2415 1080 2471 ;
1135 2394 1323 2467 elementum,
1338 2413 1394 2454 neo
1406 2395 1545 2455 sensibus
1559 2396 1708 2476 exploratu

390 2492 543 2561 tamquam
566 2488 719 2554 nonanto,
740 2481 794 2542 eed
818 2483 847 2543 in
870 2482 935 2560 ipeo
958 2481 1080 2540 Domini
1135 2501 1173 2542 ex
1190 2481 1255 2541 sole
1271 2483 1386 2541 ratione
1409 2482 1536 2562 physion
1558 2485 1708 2561 positum:

389 2569 522 2629 adventu
534 2567 726 2648 conflagratio
738 2569 902 2648 perignem
914 2566 1082 2628 exercende
1135 2568 1246 2648 sophis.
1270 2567 1337 2628 Neo
1352 2566 1426 2628 iilud
1441 2578 1576 2648 apparet,
1593 2589 1708 2648 quomo·

389 2658 436 2717 eit.
460 2653 541 2716 Nem
557 2655 621 2715 dier
637 2657 780 2729 Domini,
797 2675 878 2715 more
894 2655 1080 2735 Scripturae,
1135 2656 1235 2736 iguem
1248 2655 1394 2728 ubeumut,
1410 2655 1657 2733 conflagrationis
1669 2655 1708 2716 el<

390 2763 450 2804 non
465 2742 601 2822 preeoioe
617 2741 765 2822 signifieat
779 2740 854 2802 iilud
869 2748 997 2821 tempus,
1020 2761 1080 2822 qno
1136 2762 1205 2815 rom,
1222 2761 1351 2821 eumque
1366 2749 1478 2817 totum;
1495 2762 1563 2802 oum
1579 2752 1708 2820 praeseri

390 2835 521 2889 mortuos
530 2827 750 2889 viteeredditoe
762 2829 910 2890 Dominus
917 2827 1081 2908 judicabit3
1135 2838 1263 2889 mentum
1283 2829 1361 2907 ignis
1384 2830 1500 2889 nonsit
1522 2829 1553 2890 in
1576 2829 1708 2891 elienor

390 2916 441 2977 eed
457 2936 517 2977 uno
538 2914 764 2996 comprehendit
785 2925 877 2978 totum
902 2916 1081 2988 immutatio·
1136 2936 1215 2997 quae
1227 2917 1264 2976 eb
1277 2914 1336 2975 ulio
1349 2917 1419 2994 igno
1434 2926 1525 2996 queat
1537 2917 1668 2977 absumi
1691 2918 1708 2979 S

389 3024 457 3065 nem
473 3004 585 3076 mundi,
608 3022 688 3082 quoe
705 3004 855 3065 Dominiri
876 3001 1022 3065 adventus
1038 3012 1080 3061 et·
1136 3002 1214 3063 solet
1228 3004 1307 3082 ignis
1319 3004 1415 3082 major
1425 3005 1572 3063 minorem
1586 3004 1708 3065 absume

391 3111 452 3172 que
469 3091 578 3170 judieii
601 3091 737 3171 proxime
759 3092 898 3152 inetuntio
920 3092 975 3151 erit
998 3109 1081 3170 prae·
1135 3091 1290 3151 materiem
1320 3088 1450 3151 alienam
1480 3090 1683 3171 deposcendo.

390 3180 503 3240 nuntia.
1137 3176 1225 3257 quod,
1242 3196 1277 3238 eo
1293 3185 1478 3257 consumpto,
1504 3179 1644 3257 epatium,
1661 3197 1708 3257 qm

433 3265 568 3337 Caetera,
592 3284 670 3345 quoe
686 3262 724 3325 de
740 3266 811 3343 igne
833 3262 1083 3343 conflagrationis,
1138 3272 1266 3342 occupet
1296 3259 1390 3344 (quod
1420 3263 1539 3343 quidem
1571 3265 1708 3344 ampliori

391 3354 517 3434 ejusque
532 3350 659 3426 effectio,
680 3360 773 3431 etque
789 3349 827 3410 de
842 3350 946 3411 horum
970 3347 1082 3421 ordine,
1136 3352 1348 3431 Peripateticis
1364 3351 1409 3410 illi
1425 3349 1522 3422 datur,
1538 3359 1569 3410 et
1584 3348 1689 3425 reete),

390 3460 451 3519 quo
467 3440 528 3502 eint
541 3447 695 3513 eventura,
714 3458 733 3498 e
749 3437 913 3517 Theologie
937 3436 1084 3517 dieputeri
1137 3458 1225 3498 ouum
1240 3438 1469 3516 relinqueretur,
1494 3444 1549 3497 aut
1564 3437 1623 3497 elio
1640 3458 1708 3517 eorp

389 3528 494 3601 nolent,
516 3526 609 3587 eonio
628 3524 705 3587 looie
728 3531 878 3604 petantur.
900 3525 1028 3603 ligimus
1052 3530 1084 3583 et
1137 3524 1280 3604 piendum
1296 3532 1385 3585 esset

390 3635 446 3678 noe
461 3613 498 3674 de
513 3612 560 3673 hio
576 3613 607 3672 in
623 3616 651 3674 4.
668 3620 745 3673 rent
762 3610 828 3672 diet.
844 3613 895 3672 47.
912 3619 942 3671 et
957 3612 989 3672 in
1004 3629 1081 3670 oom-
1179 3613 1276 3691 Igitur
1287 3611 1346 3684 alii,
1362 3612 1439 3689 ignis
1451 3607 1601 3670 elemento
1614 3618 1708 3689 prrett

390 3709 479 3763 ment.
503 3698 611 3779 priorie
626 3700 722 3780 Epist.
746 3696 785 3759 ed
800 3696 869 3759 Cor.
885 3718 952 3776 nep.
969 3702 1007 3773 3.,
1030 3696 1083 3756 ubi
1136 3700 1195 3759 trie
1215 3699 1339 3778 relique,
1363 3716 1441 3776 queo
1463 3696 1558 3776 vulgo
1582 3698 1708 3758 notimin

391 3789 429 3849 de
451 3788 502 3848 die
516 3788 652 3848 Domini
674 3794 705 3847 et
724 3788 796 3862 ione
818 3784 938 3846 diruerit
960 3784 1083 3846 Peulue.
1138 3787 1364 3848 elementorum
1387 3785 1507 3846 nomine
1528 3784 1707 3864 significari

391 3876 460 3938 Jum
477 3871 557 3955 quod
572 3873 651 3935 hune
672 3873 770 3934 locum
786 3871 942 3954 Epistolee
958 3869 998 3933 ad
1013 3871 1083 3932 Plu·
1137 3881 1245 3946 nerem,
1271 3892 1399 3951 equum,
1426 3878 1458 3930 et
1484 3880 1604 3931 terrem.
1643 3870 1708 3931 Hae

391 3964 507 4023 tonieee
522 3961 627 4022 mundi
645 3961 847 4024 revolutiones
863 3960 1012 4041 pertinere
1028 3977 1082 4039 pu·
1137 3961 1223 4040 equit
1255 3958 1361 4019 diluvii
1386 3959 1554 4038 perierunt,
1581 3977 1672 4020 renen
1695 3975 1708 4019 t

390 4050 468 4110 tevit
483 4046 642 4128 Didymus,
665 4069 702 4109 ex
721 4067 782 4127 quo
806 4053 1027 4127 consequenter
1041 4046 1083 4105 in·
1138 4046 1299 4125 explicato.
1324 4044 1429 4124 Quare
1444 4052 1475 4104 et
1489 4045 1560 4123 igne
1583 4044 1708 4124 contegi

390 4134 514 4207 ferebat,
530 4142 583 4195 eut
598 4134 702 4195 tultum
715 4143 768 4194 eut
778 4131 918 4195 talentum
933 4151 1000 4194 ereo
1011 4132 1083 4211 Epi·
1139 4141 1235 4204 erunt,
1251 4140 1285 4193 ut
1298 4131 1347 4192 hio
1361 4130 1478 4203 dicitur,
1496 4128 1699 4193 disolveris

389 4221 514 4294 etolrm,
537 4220 669 4302 ideoque
691 4242 710 4280 e
729 4241 844 4282 oenone
866 4219 1084 4301 seripturarum
1180 4219 1301 4291 Verum,
1318 4220 1391 4299 qnia
1405 4217 1518 4292 coeloe,
1543 4217 1576 4278 id
1593 4227 1639 4279 eet
1654 4224 1708 4279 neu

390 4308 604 4372 resecandam:
627 4307 658 4369 id
673 4328 733 4387 quo
756 4307 821 4368 loeo
844 4308 883 4369 nit
904 4305 1085 4377 habendum,
1138 4313 1200 4367 true
1211 4307 1276 4386 jum
1292 4306 1456 4365 nominavit
1475 4304 1505 4364 in
1521 4305 1615 4384 priori
1631 4322 1708 4366 mem

391 4397 521 4459 diximus
538 4396 568 4454 in
584 4393 814 4477 prolegomenis.
1139 4413 1217 4467 oeno,
1233 4412 1284 4453 eos
1301 4393 1487 4463 transituros,
1502 4410 1653 4453 eorunm
1665 4392 1708 4453 int

433 4484 690 4546 momentaneo
706 4481 810 4544 caton
825 4481 998 4543 solventur.
1022 4480 1081 4539 Pro
1139 4479 1218 4540 tibur
1233 4481 1334 4542 ooelor
1345 4480 1382 4541 ab
1395 4479 1557 4540 clementie
1571 4486 1707 4560 repar-etr

390 4572 495 4632 oolore
511 4568 628 4631 Greeoe
643 4577 690 4632 ent
704 4568 892 4650 perticipium
914 4568 1085 4649 peeeivurn:
1139 4568 1248 4627 reotiue
1263 4567 1437 4628 existiment
1458 4563 1518 4637 elii,
1539 4573 1653 4628 terrem
1676 4571 1705 4627 et

390 4649 600 4736 καυσούμενα,
627 4654 658 4716 id
684 4664 731 4717 eet
752 4658 949 4730 aeotuontto,
981 4655 1086 4715 colore
1139 4653 1220 4715 soluo
1250 4653 1308 4713 hoe
1340 4661 1425 4727 perte
1455 4654 1576 4714 nomine
1609 4652 1708 4714 elem

390 4750 549 4821 correpto,
574 4764 627 4823 pro
644 4763 705 4821 quo
721 4741 796 4823 legit
809 4742 1012 4820 Augustinus:
1029 4759 1085 4800 or·
1140 4739 1365 4819 eomprehendi3
1389 4740 1564 4819 prueeertim
1588 4758 1679 4821 quum
1696 4757 1708 4802 ι

391 4834 511 4894 dontio.
538 4829 630 4910 Quod
644 4830 725 4891 idern
740 4829 931 4911 participium
945 4827 1022 4889 intre
1040 4847 1082 4889 ro·
1140 4835 1218 4901 tum,
1247 4825 1380 4888 Graece:
1408 4827 1577 4904 στοιχεῖον,
1604 4826 1691 4907 quod

390 4920 518 4999 petitum
532 4918 677 4998 interpret
693 4918 798 4979 vertit:
814 4918 898 4994 poe
915 4915 1040 4977 ardore.
1139 4914 1218 4975 diule
1239 4912 1465 4974 fundumentum
1487 4913 1649 4993 signifieet,
1671 4927 1708 4998 q!

434 5005 484 5067 De
499 5023 589 5067 renen
603 5003 696 5084 hujur
710 5006 806 5087 portio
829 5003 1084 5085 veriunteeripto·
1138 5002 1220 5064 xime
1242 5000 1435 5064 uanioribus
1458 5001 1534 5077 irtio,
1557 5008 1656 5064 term
1676 5005 1707 5063 ot
