4442 5825
792 602 956 659 missores
973 603 1013 659 so
1032 601 1198 657 semesos.
1231 602 1316 657 rsus.
1336 601 1376 655 rs.
1758 609 1805 679 99

368 776 508 853 habendo,
535 778 616 839 sieut
635 777 808 841 imbuerunt
826 777 976 851 Leritioi,
1002 776 1056 839 sed
1110 799 1170 861 qno
1186 776 1275 839 modo
1289 782 1470 857 repugnant.
1507 774 1598 839 Unde
1618 776 1725 838 exhoc
1739 776 1806 837 loco

368 864 458 940 nobis,
471 867 523 947 qui
539 884 594 929 eas
608 864 772 940 hebemus,
792 864 989 927 condolendo.
1109 888 1170 927 non
1191 866 1339 946 sequitur,
1367 862 1521 924 Christum
1544 862 1638 924 fuisse
1659 870 1806 925 tentatum

403 950 552 1031 Quaeres,
577 952 727 1034 quomodo
746 952 876 1033 compati
891 952 988 1032 possit
1003 959 1057 1012 aut
1109 976 1129 1015 a
1144 972 1249 1025 carne,
1272 949 1355 1032 quod
1376 970 1415 1010 ne
1432 949 1497 1010 fieri
1521 950 1644 1030 quidem
1663 953 1806 1033 potuisse,

366 1039 521 1111 condolere.
537 1059 606 1100 cum
622 1040 664 1099 sit
679 1039 784 1101 beatus
797 1050 827 1103 et
838 1036 1055 1120 impassibilis?
1109 1049 1192 1100 recte
1205 1037 1312 1099 docent
1325 1037 1475 1115 'l'heologi
1487 1039 1518 1096 in
1530 1041 1558 1098 2.
1572 1036 1638 1100 dist.
1654 1040 1705 1098 21.
1728 1038 1807 1098 Nam

364 1123 553 1208 despondeo,
575 1129 604 1187 si
620 1129 750 1208 compati
764 1129 886 1207 proprie
900 1127 1055 1205 accipitur,
1108 1148 1127 1187 a
1142 1124 1256 1186 mundo
1272 1132 1304 1186 et
1315 1122 1434 1184 disbolo
1447 1131 1595 1184 tentatum
1611 1124 1711 1199 luisse,
1723 1123 1808 1185 nulla

364 1211 506 1275 cuneum
527 1233 589 1274 non
613 1231 704 1294 posse
726 1215 857 1295 compati
884 1214 995 1274 uostris
1010 1214 1054 1272 in·
1112 1212 1260 1275 dubitatio
1276 1218 1331 1272 est.

309 1322 314 1329 ·
363 1300 560 1376 irmitstibus,
580 1302 638 1362 nisi
652 1301 799 1382 ampliata
813 1300 973 1371 locutione,
986 1300 1057 1380 quis
1153 1301 1218 1361 Pro
1233 1297 1450 1361 similitudine.
1474 1294 1605 1357 Graece:
1626 1298 1808 1360 Secundam

364 1388 470 1449 scilieet
492 1386 659 1469 eliquando
682 1406 857 1468 compassus
881 1394 942 1458 est,
969 1387 1054 1445 nimi·
1108 1387 1361 1448 similitudinem.
1385 1385 1528 1464 Syrisce:
1545 1385 1709 1446 Sicutrros.
1733 1384 1806 1447 Sen-

365 1494 418 1535 rrm
433 1476 464 1535 in
480 1494 574 1537 cerne
588 1474 715 1535 mortali.
738 1475 829 1535 Nunc
843 1474 921 1535 enim
936 1473 1055 1553 proprie
1109 1494 1161 1535 sus
1178 1484 1241 1535 cst:
1258 1472 1411 1535 Christum
1425 1473 1605 1552 peremnia,
1624 1470 1760 1532 similiter
1774 1480 1809 1531 ut

366 1563 625 1643 roucompatitnr,
647 1581 705 1622 nec
719 1560 875 1633 condolet,
898 1579 953 1621 nec
966 1561 1054 1621 mise·
1108 1582 1180 1635 nos,
1211 1567 1355 1622 tentatum
1386 1577 1459 1619 esse.
1502 1557 1618 1617 Debuit
1647 1559 1725 1618 enim
1755 1577 1810 1639 per

366 1657 442 1709 retur.
465 1647 528 1709 Sed
543 1657 646 1710 tumen
661 1650 750 1710 etiam
764 1649 841 1709 lraec
856 1646 976 1709 Christo
988 1647 1055 1725 jam
1111 1647 1210 1708 omnia
1237 1644 1378 1707 fratribus
1403 1644 1547 1717 similari,
1577 1652 1612 1704 ut
1639 1645 1808 1706 misericors

365 1734 390 1794 in
403 1734 494 1795 coelis
508 1736 649 1816 regnanti
659 1735 826 1797 tribuuntur
837 1730 989 1795 interdum
1002 1752 1055 1813 per
1109 1736 1192 1795 fieret
1206 1732 1366 1805 Pontifex,
1382 1733 1459 1792 sicut
1474 1730 1583 1791 dictum
1601 1738 1646 1793 eat
1662 1751 1728 1812 cap.
1746 1733 1775 1790 2.

368 1830 492 1902 tropum,
516 1832 666 1903 qmtenus
681 1820 721 1882 ad
736 1831 855 1886 nostres
870 1821 1055 1883 infirmitates
1153 1821 1276 1899 Absque
1287 1827 1427 1897 peccato.
1450 1817 1498 1878 Ne
1514 1818 1585 1898 quis
1600 1838 1639 1878 ex
1654 1838 1706 1891 eo,
1728 1816 1808 1899 quod

368 1908 507 1970 emundas
522 1910 701 1991 propensior
717 1919 816 1970 estex
832 1929 877 1985 eo,
893 1906 975 1990 quod
991 1910 1055 1988 ipse
1110 1906 1203 1983 dixit,
1233 1909 1391 1971 Obsistum
1414 1908 1553 1982 compoti
1568 1902 1809 1983 infirmitatibus

370 1996 459 2057 iubae
472 1998 538 2059 rite
552 1997 672 2059 mortali
691 2016 752 2074 per
767 1999 877 2059 omnia
885 2041 895 2071 ,
918 1997 997 2056 sicut
1011 2013 1055 2054 se·
1109 1999 1227 2058 nostris
1233 2041 1244 2073 ,
1262 1994 1441 2075 suspicetur,
1458 2011 1525 2052 eum
1541 1991 1684 2065 similiter,
1700 2000 1734 2051 ut
1744 2012 1807 2067 nos,

372 2085 473 2165 quitur,
500 2085 765 2163 emarcescere
803 2082 902 2162 Quem
916 2081 1056 2162 Apostoli
1109 2083 1273 2144 obnoxium
1303 2080 1482 2152 infirmitati,
1520 2086 1552 2140 et
1588 2080 1632 2139 sic
1660 2079 1811 2162 intelligat

371 2189 475 2233 emaum
489 2191 577 2247 esse,
604 2172 700 2253 liquet
723 2191 761 2234 ex
783 2170 844 2232 illis
865 2170 966 2232 verbis
989 2189 1055 2249 cap.
1109 2177 1266 2231 uocatum
1283 2188 1343 2230 esre
1355 2185 1417 2244 per
1433 2169 1561 2242 omnic,
1587 2174 1623 2226 ut
1638 2169 1808 2229 tonationi-

374 2258 410 2318 2:
429 2259 470 2320 ln
483 2278 520 2321 eo
536 2261 643 2337 enbn,
664 2264 701 2320 irs
721 2277 784 2336 quo
803 2275 918 2335 passus
933 2265 976 2318 est
990 2259 1056 2333 ipss
1110 2258 1167 2318 bus
1182 2258 1272 2318 etiam
1288 2256 1318 2316 in
1333 2260 1459 2337 peccata
1473 2253 1563 2313 fuerit
1577 2251 1733 2313 inductus:
1756 2252 1809 2315 ad·

375 2352 513 2424 meror,
536 2354 653 2424 potens
669 2354 713 2408 eat
727 2354 757 2407 et
772 2349 831 2420 eie,
854 2347 910 2423 qui
925 2352 1056 2405 uetare·
1110 2342 1156 2404 dit
1179 2341 1343 2424 Apostolus
1372 2341 1450 2404 hanc
1474 2338 1666 2421 particulam:
1693 2340 1810 2419 absque

378 2440 432 2509 ter,
451 2434 622 2499 auxiliari.
658 2433 772 2515 Liquet
791 2434 882 2493 etiam
904 2450 942 2493 ex
957 2430 1057 2492 verbis
1109 2438 1246 2509 peceato.
1271 2432 1361 2511 Ques
1375 2426 1499 2507 quidem
1518 2425 1636 2487 dnobus
1651 2424 1746 2487 modis
1762 2447 1810 2489 so·

381 2517 612 2602 bicmbjunctis:
1111 2519 1171 2599 cipi
1194 2525 1312 2598 potest:
1342 2512 1451 2575 velut
1477 2514 1516 2574 sit
1538 2515 1676 2593 exceptio
1700 2514 1738 2575 ab
1766 2534 1810 2588 eo,

416 2607 575 2672 laetatum
590 2615 699 2669 cuum
711 2625 772 2684 per·
786 2608 906 2669 omnic.
941 2602 1058 2667 Olarior
1111 2602 1192 2687 quod
1221 2604 1362 2664 universe
1394 2599 1530 2675 dixerat,
1567 2608 1724 2663 tenurtum
1750 2619 1811 2681 per

383 2694 423 2753 uit
435 2698 594 2770 tutantia
611 2696 637 2757 ri
657 2695 741 2775 leges
761 2693 968 2755 adversative:
996 2692 1058 2755 Sed
1111 2694 1242 2769 omnic,
1266 2687 1417 2771 quomodo
1441 2686 1578 2769 plerique
1599 2699 1716 2769 partem
1733 2688 1811 2751 hunc

380 2787 515 2846 Matrem
533 2801 597 2862 per·
612 2786 740 2858 omnic,
765 2780 916 2863 quomodo
935 2788 1058 2840 vertunt
1110 2779 1279 2858 accipiunt;
1296 2775 1810 2856 velhocsensu‚quem'1'heophy·

377 2864 421 2928 elsi
452 2871 501 2934 De
516 2890 580 2953 qus
595 2872 771 2933 tentatione
785 2870 824 2930 sit
836 2888 941 2942 sermo,
967 2866 1056 2929 relin-
1110 2864 1207 2928 lactus
1222 2865 1350 2939 indicet,
1367 2864 1408 2924 ite
1423 2869 1540 2937 tamem
1562 2870 1596 2924 ut
1609 2861 1684 2924 nihil
1700 2882 1812 2937 eorum,

377 2957 459 3035 quitur
480 2957 714 3039 intelligendum
737 2977 776 3018 ex
797 2957 852 3029 iis,
878 2975 957 3035 qnae
976 2953 1058 3016 dicte
1110 2971 1189 3036 quse
1202 2971 1308 3033 pessus
1322 2958 1382 3025 est,
1405 2958 1434 3010 et
1450 2951 1559 3031 quibus
1574 2959 1726 3026 tentatus,
1742 2970 1811 3012 eum

376 3053 430 3102 surr
454 3065 508 3126 pro
539 3045 744 3125 explicatione
773 3042 946 3115 verborum,
980 3060 1058 3124 quae
1109 3038 1263 3103 induxerit
1277 3040 1308 3099 in
1324 3046 1489 3120 peccatum.
1513 3037 1613 3118 Quem
1629 3057 1751 3100 sensum
1765 3057 1810 3098 ar-

376 3129 448 3192 xodo
462 3133 632 3196 titubemus
644 3151 681 3192 cx
694 3151 759 3210 cap.
776 3131 805 3191 2.
828 3128 898 3189 Non
913 3130 993 3192 enim
1008 3127 1058 3188 lric
1109 3127 1204 3188 bitror
1218 3127 1314 3207 mergis
1326 3145 1513 3206 germanum.
1534 3125 1615 3187 Nem
1626 3122 1812 3205 praecedens

377 3219 468 3282 tauri
481 3229 529 3281 ast
543 3220 585 3282 ad
599 3218 784 3299 peccandum
807 3216 977 3290 sollicitari,
1004 3213 1056 3276 sod
1110 3216 1278 3286 sententia,
1305 3214 1349 3275 sic
1375 3210 1541 3285 intellecta,
1567 3210 1719 3293 quomodo
1745 3230 1812 3272 eam

377 3303 495 3367 edictum
510 3307 602 3368 rebus
618 3304 771 3381 adversis3
794 3310 956 3383 propterea
977 3299 1057 3382 quod
1111 3301 1320 3381 exposuimus,
1343 3321 1404 3361 non
1425 3318 1500 3379 opus
1520 3298 1614 3360 habet
1627 3299 1812 3360 restrictione

376 3389 561 3456 irsdssrsis
592 3392 691 3453 soleat
717 3391 871 3453 hominum
901 3391 998 3450 virtue
1029 3394 1059 3448 et
1110 3407 1165 3450 seu
1193 3387 1386 3468 exceptione,
1413 3384 1466 3447 sed
1489 3384 1657 3446 absolutam
1680 3386 1813 3447 continet

377 3481 529 3542 muntia
543 3478 671 3562 probari
708 3479 877 3540 'lentatum
896 3496 967 3555 ergo
983 3474 1059 3535 dicit
1110 3476 1279 3536 veritatem.

375 3569 561 3642 mamam,
589 3566 645 3626 boc
658 3574 721 3640 est,
747 3584 834 3626 omne
853 3582 949 3644 genus
965 3560 1057 3624 malo·
1154 3560 1323 3641 Distinguit
1344 3558 1510 3639 Apostolus
1537 3559 1593 3619 hac
1617 3565 1703 3640 parte
1730 3556 1813 3618 Chri-

377 3653 533 3734 mmbujus
555 3656 638 3715 vitre
661 3660 825 3732 expertum.
862 3651 1001 3712 Ermaia
1016 3648 1058 3708 in·
1111 3657 1191 3710 stum
1211 3647 1387 3710 Pontificem
1412 3654 1544 3708 nostrum
1566 3665 1586 3707 e
1608 3647 1736 3707 caeteris
1758 3641 1811 3706 ho·

377 3735 480 3820 talbqs,
503 3759 585 3821 ques
607 3740 664 3800 toti
678 3739 783 3820 generi
797 3746 868 3798 sunt
882 3736 1060 3810 communis,
1112 3735 1258 3807 minibus,
1283 3744 1313 3796 et
1335 3732 1465 3815 proinde
1486 3735 1576 3794 etiam
1591 3753 1610 3793 u
1623 3751 1815 3814 quocumque

378 3822 458 3888 nturi
473 3836 546 3889 sunt
560 3829 669 3900 umes,
691 3827 773 3900 sitis,
793 3824 955 3899 lassitudo,
969 3821 1060 3883 mole·
1112 3823 1174 3883 alio
1205 3821 1363 3903 pontifics,
1394 3822 1432 3882 de
1459 3841 1518 3901 quo
1551 3821 1697 3899 sequenti,
1716 3821 1814 3900 cepite

379 3911 426 3972 stix
450 3933 490 3974 ex
516 3912 712 3976 immoderato
735 3911 836 3972 calore
860 3919 913 3973 sut
938 3907 1059 3991 trigore,
1113 3917 1255 3981 testetur,
1286 3927 1356 3968 eum
1384 3908 1512 3983 debere,
1545 3906 1814 3985 quemadmodum

379 3999 487 4062 tristitia
509 4001 550 4063 de
570 4000 675 4073 melis,
697 4008 796 4060 metus
815 4000 920 4059 mortis
935 4005 968 4057 et
981 4015 1061 4057 mors
1109 4013 1174 4074 pro
1194 3995 1338 4072 populo,
1365 3999 1412 4055 ita
1435 3998 1529 4055 ettam
1550 4012 1613 4070 pro
1636 4002 1730 4055 temet
1745 3997 1813 4072 ipso

380 4082 441 4164 ipu-
1115 4084 1228 4161 offerre
1236 4100 1300 4158 pro
1311 4084 1454 4158 pcccatis.
1474 4081 1623 4144 Christum
1634 4089 1735 4144 sutem
1747 4080 1815 4142 ideo

319 4245 321 4254 Ι
411 4172 510 4252 Quare
538 4174 597 4234 etsi
617 4193 679 4236 non
699 4190 858 4252 negamus,
883 4180 917 4232 ut
939 4168 1061 4251 quidam
1115 4171 1181 4230 sine
1195 4174 1320 4250 peccato
1336 4188 1402 4230 esse
1417 4170 1556 4251 oportuit,
1573 4168 1646 4247 quia
1659 4177 1815 4248 peccatum

379 4271 487 4339 efflant,
513 4259 641 4322 mortale
663 4258 773 4320 Christi
796 4277 903 4337 corpus
926 4258 1063 4338 potuisse
1113 4255 1299 4317 reddidisset
1315 4275 1382 4318 enm
1404 4258 1539 4337 ineptum
1561 4252 1601 4314 ad
1623 4253 1813 4337 interpellan-

380 4347 475 4408 sorbis
489 4347 586 4421 affici,
610 4348 690 4407 sicut
711 4347 810 4426 potuit
833 4353 987 4407 senectute
1002 4341 1060 4403 dis·
1115 4343 1184 4404 dum
1197 4363 1250 4423 pro
1265 4344 1491 4423 peccatoribus,
1515 4363 1551 4403 ac
1565 4343 1665 4424 potius
1681 4344 1747 4422 ipse
1762 4360 1814 4401 uo·

380 4433 456 4510 stri,
484 4456 544 4495 non
574 4443 674 4494 tamen
704 4442 768 4493 eret
798 4433 997 4505 conveniens,
1027 4438 1062 4489 ut
1113 4429 1246 4504 hiscum,
1263 4432 1289 4489 si
1304 4439 1444 4510 peccator
1460 4440 1557 4503 esset,
1577 4432 1710 4509 eguisset
1724 4431 1814 4488 inter-

380 4519 479 4584 uorbos
494 4529 666 4600 peteretur,
693 4538 786 4599 quum
805 4520 861 4579 hoc
876 4518 988 4578 melum
1004 4535 1062 4576 nec
1115 4535 1232 4579 cessone
1256 4516 1295 4577 ed
1315 4517 1423 4578 Deum.
1459 4515 1551 4578 Unde
1573 4535 1638 4597 esp.
1656 4518 1699 4576 7.:
1729 4513 1816 4573 Talis

381 4607 499 4670 omnibus
528 4610 567 4668 sit
596 4607 769 4680 commune,
806 4626 861 4668 nee
891 4605 1061 4666 ordinatum
1115 4603 1814 4680 decebat,rrtnobisesrstPorsts'fcc:sanctus,

382 4690 493 4756 sedium
522 4693 562 4756 ad
592 4694 683 4756 finem
720 4694 911 4753 oeconomiae
942 4691 1061 4753 Christi.
1114 4692 1280 4766 innocens,
1297 4692 1496 4767 impollutus,
1512 4695 1692 4766 seqreqctus
1707 4705 1727 4745 a
1739 4704 1815 4763 pee-

382 4773 460 4840 lulto
473 4781 572 4842 minus
593 4780 654 4840 huc
673 4782 822 4861 pertinent
843 4780 1016 4859 ignorantia
1032 4783 1063 4836 et
1114 4777 1282 4838 catoribrrs.
1320 4777 1386 4837 Nec
1410 4786 1509 4836 tamen
1531 4775 1612 4835 idem
1635 4773 1691 4833 erit
1704 4775 1813 4842 incom-

383 4869 622 4947 oncupiscentia,
644 4866 778 4947 bonique
793 4863 959 4927 difficultas.
983 4864 1061 4924 Nam
1114 4864 1252 4937 modum,
1278 4871 1313 4922 ut
1335 4863 1504 4923 haereticus
1531 4860 1650 4939 objicit,
1677 4860 1704 4920 si
1729 4857 1813 4919 chri-

384 4944 500 5016 bustis
514 4974 591 5035 pure
607 4951 785 5034 poenalibus
800 4953 850 5013 hic
864 4953 978 5031 egitur,
1001 4970 1061 5011 non
1114 4952 1281 5010 stianorum
1296 4950 1451 5030 pontifices
1467 4946 1528 5006 sint
1539 4945 1662 5007 obnoxii
1672 4945 1815 5027 peccatis.

383 5030 460 5114 boiis,
473 5060 553 5123 quse
569 5039 650 5102 bono
665 5038 835 5100 virtutisne
849 5039 967 5120 gratiae
984 5056 1057 5118 quo
1112 5035 1184 5098 Non
1205 5037 1285 5097 enim
1306 5056 1362 5117 per
1385 5053 1418 5092 se
1440 5033 1523 5110 ipsos
1547 5052 1583 5093 ac
1605 5052 1662 5112 suo
1683 5032 1814 5113 ipsorum

1558 5137 1576 5165 ἢ
1588 5128 1606 5165 0
1673 5132 1681 5144 “
