4442 5825
878 596 1096 654 msusronm
1114 600 1154 653 ao
1172 598 1337 656 mensos.
1797 556 1825 681 '3

378 770 435 830 nisi
451 767 527 830 duas
541 766 663 832 tabulas
676 768 832 852 lapideas,
847 792 920 854 quas
935 783 1079 852 posuerat
1132 775 1209 837 Cum
1239 777 1316 836 euim
1345 776 1550 857 Hieronymus
1580 778 1610 838 iu
1635 777 1828 857 praefatione,

379 858 460 916 inea
475 856 588 917 hlosas.
1133 882 1223 940 quam
1253 862 1391 942 praefixit
1419 864 1493 923 libro
1523 863 1648 937 Jodith,
1682 865 1830 945 significet

421 943 559 1003 &nuno
594 941 712 1003 Eodem
736 946 835 1026 capite
853 953 1079 1025 argumentatur
1131 949 1257 1008 Nicaeui
1280 948 1406 1009 concilii
1423 950 1529 1009 Patres
1553 952 1742 1011 constituisse
1765 971 1827 1012 cer·

378 1048 416 1088 cx
444 1029 593 1090 uocabulo
616 1033 803 1104 testamenti,
826 1031 990 1093 secuudum
1014 1052 1079 1091 eam
1133 1044 1194 1095 tum
1208 1054 1362 1095 numerum
1375 1039 1828 1116 scripturornmcanonicorum3

378 1115 642 1194 significationem,
669 1135 759 1197 quam
785 1116 863 1199 apud
891 1116 1025 1178 Graecos
1050 1125 1079 1178 et
1133 1129 1250 1181 constet
1279 1130 1376 1181 autem
1407 1122 1602 1182 Athanasium
1634 1123 1676 1183 illi
1703 1123 1827 1184 concilio

379 1201 507 1261 Latinos
529 1200 635 1272 hahet,
657 1201 774 1263 diceus:
803 1203 862 1264 Ubi
884 1207 968 1263 coim
983 1212 1079 1264 testo·
1133 1206 1318 1282 interfuiss03
1359 1227 1550 1286 nequaquam
1579 1210 1740 1269 verisimile
1774 1218 1828 1282 est,

379 1295 522 1347 meatum
537 1296 593 1363 cst,
612 1306 698 1348 more
712 1308 832 1350 occcesc
847 1297 890 1350 cst
903 1291 1080 1351 intercedat
1133 1293 1213 1353 huuc
1229 1294 1389 1354 relaturum
1414 1294 1506 1353 luisse
1522 1294 1691 1372 Epistulam
1711 1295 1749 1354 ad
1765 1296 1827 1357 He·

378 1376 540 1434 testatoris
565 1384 622 1435 etc.
658 1375 796 1454 Respicit
821 1384 922 1436 autem
948 1376 987 1437 ad
1013 1376 1080 1436 loca
1133 1378 1240 1439 braeoa
1270 1381 1347 1439 inter
1377 1382 1538 1459 scripturas
1569 1383 1740 1453 canonicas,
1772 1383 1829 1442 nisi

378 1460 444 1519 Jer.
477 1465 528 1521 31.
556 1470 589 1521 et
613 1460 710 1521 Exod.
741 1463 807 1534 24„
835 1462 886 1522 ubi
915 1462 1079 1523 secundum
1129 1466 1218 1542 juxta
1234 1467 1448 1545 praescriptum
1472 1475 1501 1524 ct
1523 1468 1731 1526 auctoritatem
1750 1469 1829 1545 ejus·

380 1549 540 1606 acritatem
563 1546 744 1607 Hebraicam
773 1568 834 1607 non
859 1555 1078 1610 testamentum
1133 1550 1200 1612 dem
1217 1551 1342 1611 concilii.
1366 1553 1446 1611 Sane
1457 1551 1495 1609 D.
1509 1553 1645 1611 Thomas
1657 1554 1688 1611 iu
1703 1552 1828 1632 prologo

380 1634 569 1705 nominator,
606 1633 660 1693 sed
695 1635 809 1711 foedus
846 1653 900 1694 seu
927 1643 1078 1711 poctom3
1133 1639 1181 1697 sui
1196 1638 1411 1708 commentarii,
1438 1657 1527 1717 quum
1547 1639 1619 1696 dicit
1642 1646 1712 1698 onte
1740 1658 1829 1718 syuo-

382 1719 637 1797 qucmadmodnm
664 1727 695 1779 et
723 1720 926 1801 Hieronymus
951 1730 1080 1800 utroque
1134 1724 1204 1783 dum
1220 1724 1384 1782 Nicsenam
1401 1723 1493 1782 fuisse
1513 1723 1827 1803 aquibnsdamduhi·

383 1804 449 1864 loco
475 1808 581 1877 vertit,
611 1804 716 1865 foedus
746 1818 930 1881 autemseu
958 1816 1079 1887 pactum
1133 1819 1226 1869 tatum
1239 1808 1278 1867 de
1291 1810 1347 1868 hae
1359 1809 1509 1888 Epistola3
1526 1811 1693 1888 siguificare
1709 1811 1830 1873 videtur

382 1891 553 1970 generalem
582 1891 676 1952 habet
704 1892 956 1970 significationem.
989 1892 1080 1953 Unde
1134 1915 1198 1955 eam
1215 1894 1432 1954 dubitationem
1454 1898 1556 1974 aliquo
1572 1916 1687 1955 canone
1702 1895 1829 1958 Nicaeni

383 1997 502 2057 prorsus
533 1978 669 2037 invalida
701 1978 822 2037 videtur
852 1981 1079 2057 argumentatio,
1133 1981 1259 2043 concilii
1285 1984 1377 2040 fuisse
1400 1980 1555 2040 sublatam.
1594 1981 1685 2059 Quod
1709 1983 1830 2061 quidem

383 2083 443 2142 qua
467 2083 506 2123 ex
521 2067 642 2124 nomine
664 2067 832 2125 testamenti
855 2065 962 2145 probat
976 2084 1078 2126 ncces·

382 2153 500 2209 sitatem
516 2152 619 2210 mortis
633 2147 753 2209 Christi.
787 2151 876 2211 Haec
890 2150 950 2211 duo
965 2161 1094 2230 pectre·-

382 2257 429 2295 ma
446 2246 624 2315 argumenta
640 2236 778 2311 eiusdem
795 2247 864 2297 sunt
879 2236 1028 2315 Cajetsni.

425 2323 554 2393 Verum,
577 2323 634 2383 hac
657 2323 890 2383 contradictione
912 2332 972 2382 tam
991 2323 1078 2402 Oaje·

381 2412 461 2481 tani,
476 2428 568 2487 quam
583 2410 710 2469 aliorum
725 2429 785 2469 nou
801 2411 955 2482 obstante,
981 2413 1080 2470 certis-

382 2496 455 2554 sime
481 2495 569 2555 nobis
591 2495 754 2555 tenendum
770 2505 823 2569 est,
846 2496 1019 2582 Epistolam'
1040 2496 1079 2557 ad

383 2581 542 2640 Hebraeos
560 2600 627 2641 esse
650 2584 826 2660 scripturam
846 2601 976 2654 sacram,
1003 2602 1079 2642 eam·

383 2687 440 2745 que
453 2670 534 2727 inter
545 2669 704 2728 canonicas
716 2669 753 2728 ab
765 2669 906 2728 Ecclesia
918 2678 1080 2746 receptam.

381 2753 543 2833 Quotquot
565 2756 646 2813 enim
668 2761 771 2813 extant
793 2756 859 2814 sire
880 2756 911 2813 in
940 2756 1081 2825 conciliis,

379 2842 445 2899 aire
462 2842 493 2899 in
516 2840 645 2901 decretis
660 2839 856 2909 Pontificum,
878 2842 942 2900 sire
963 2842 994 2899 iu
1010 2843 1080 2901 scri·

381 2929 441 3006 ptis
465 2927 602 2998 Petrum,
631 2925 750 2987 Iudices
772 2947 825 2987 sen
849 2926 989 3004 Oetalogi
1007 2926 1080 2986 divi-

381 3032 488 3072 narum
504 3016 737 3093 scripturarum,
762 3014 840 3074 hanc
855 3014 1022 3093 Epistulam
1038 3015 1081 3072 in·

382 3111 429 3158 tar
443 3118 497 3160 eas
511 3108 676 3159 recensent.
700 3100 748 3158 Ea
763 3100 890 3161 concilia
905 3106 989 3166 sont,
1005 3101 1081 3159 Lao·

381 3183 523 3245 dicenum
546 3193 617 3245 anta
644 3186 823 3265 Hieronymi
849 3196 985 3264 tempora
1006 3184 1082 3245 cele·

381 3269 501 3332 brutum
522 3293 587 3332 can.
614 3272 678 3345 ult,
705 3267 939 3350 Carthaginense
958 3272 1081 3330 tertium

382 3377 449 3416 can.
481 3358 548 3431 41,
589 3358 677 3435 cnjus
714 3360 836 3418 canonis
874 3360 1082 3418 auctoritatem

381 3443 499 3522 allegat
525 3449 654 3522 August.
681 3444 780 3522 Epist.
807 3445 897 3516 236„
923 3443 1082 3503 concilium

382 3530 561 3590 Romsmum
584 3530 685 3590 LXX.
709 3532 916 3609 episcoporum
942 3529 998 3590 sub
1021 3527 1082 3589 Ge-

381 3615 460 3676 lasio
475 3617 501 3676 1.
518 3616 675 3677 Pontifice.
714 3616 858 3696 Denique
881 3614 995 3676 Concil.
1010 3614 1081 3674 Flo-

381 3704 538 3763 reutinum
565 3703 596 3762 iu
622 3702 743 3762 decreto
769 3702 906 3762 Armenia
933 3701 1018 3774 doto,
1052 3707 1084 3759 et

382 3787 501 3850 Concil.
517 3787 604 3850 Trid.
620 3807 692 3848 sess.
709 3790 738 3847 4.
772 3789 830 3847 His
845 3786 923 3847 adde
937 3788 1081 3847 Innocen-

382 3875 459 3934 oum
473 3876 602 3954 primum
623 3875 654 3933 in
668 3875 766 3954 Epist.
783 3879 811 3936 3.
829 3872 866 3933 ad
881 3875 1082 3952 Emporium,

384 3960 587 4021 Athanasium
603 3961 632 4020 iu
646 3963 770 4039 synopsi
781 3961 953 4038 Scripturas
964 3979 1082 4034 socrsc;

384 4046 568 4126 Gregorinm
594 4047 815 4106 Nazianzenum
840 4048 869 4104 iu
889 4048 1019 4105 carmine
1046 4044 1084 4104 de

383 4135 542 4212 scripturis
565 4131 765 4208 authenticis3
789 4132 1031 4209 Amphilochium
1054 4132 1083 4189 in

383 4219 518 4280 cumino
532 4218 573 4278 ad
584 4218 759 4294 Seleucum3
776 4218 978 4297 Augustinum
990 4217 1042 4275 tib.
1055 4218 1083 4274 2.

1134 2071 1269 2148 apertius
1285 2089 1303 2126 a
1317 2069 1428 2127 Lirano
1452 2069 1651 2145 significatum
1667 2075 1720 2135 est,
1737 2089 1830 2147 quum

1134 2155 1258 2213 affirmat
1286 2157 1315 2211 iu
1341 2173 1394 2211 suo
1421 2157 1581 2232 prooemio,
1599 2154 1768 2215 Ecclesiam
1799 2156 1830 2216 in

1134 2239 1249 2319 synodo
1258 2241 1393 2299 Nicaeuo
1404 2239 1481 2299 hanc
1489 2241 1654 2318 Epistolaru
1667 2244 1829 2319 recepisse.

1135 2324 1225 2404 Quod
1247 2326 1326 2384 idem
1348 2333 1477 2384 testatur
1492 2327 1598 2385 Sixtus
1614 2326 1755 2385 Senensis
1778 2326 1829 2387 lib.

1137 2416 1163 2471 1.
1186 2410 1257 2470 bibl.
1281 2419 1420 2481 sanctae,
1450 2420 1480 2469 ot
1501 2411 1666 2489 Dionysius
1689 2410 1830 2472 Oarthus.

1135 2502 1166 2557 iu
1182 2500 1402 2556 commentario.

1178 2565 1305 2643 Accedit
1319 2583 1356 2641 ad
1373 2584 1463 2656 haec,
1487 2581 1566 2663 quood
1583 2583 1689 2642 Patres
1713 2584 1744 2642 in
1768 2584 1831 2644 suis

1135 2673 1254 2749 scriptis
1269 2671 1379 2748 possim
1396 2679 1519 2729 utuntur
1531 2671 1708 2729 testimoniis
1721 2689 1760 2728 ex
1775 2669 1832 2731 hac

1135 2755 1273 2835 Epistola
1300 2754 1500 2834 depromptis,
1530 2767 1673 2833 tanquam
1704 2754 1831 2816 divinis:

1135 2864 1193 2903 non
1217 2841 1328 2901 Graeci
1351 2841 1455 2913 ruodo,
1481 2842 1520 2900 de
1546 2862 1605 2921 quo
1628 2842 1832 2920 Hieronymus

1135 2930 1173 2988 ad
1190 2930 1358 3007 Evagrium
1374 2928 1506 2989 scribens
1519 2936 1646 2987 testatur
1661 2946 1713 2987 eos
1729 2947 1832 2989 omues

1136 3016 1303 3094 Epistulam
1319 3014 1358 3073 ad
1382 3015 1534 3074 Hebraeos
1557 3014 1708 3091 recipere;
1730 3032 1832 3074 verum

1136 3104 1225 3161 etiam
1241 3101 1419 3159 Latinorum
1442 3102 1613 3179 praecipui,
1636 3107 1671 3156 nt
1686 3099 1833 3171 Hilarius,

1136 3188 1329 3257 Ambrosius,
1354 3184 1497 3265 Optatus,
1520 3186 1705 3263 Augustinus
1724 3195 1756 3246 et
1769 3186 1834 3265 ipse

1137 3274 1358 3351 Hieronymus,
1385 3292 1419 3330 sc
1443 3273 1569 3347 caeteri,
1595 3270 1645 3349 qui
1672 3288 1723 3328 eos
1738 3271 1833 3331 secuti

1136 3370 1215 3419 sunt.
1250 3357 1311 3418 Sed
1336 3367 1365 3417 et
1390 3367 1459 3416 ante
1488 3358 1542 3416 lres
1566 3374 1668 3415 omnes
1691 3354 1833 3418 Clemens

1136 3447 1288 3506 Romanus
1303 3444 1513 3522 Apostolorum
1533 3441 1697 3520 discipulus
1713 3442 1743 3499 in
1759 3460 1832 3520 qua·

1136 3531 1205 3590 dam
1220 3531 1332 3609 Epist,
1354 3548 1444 3605 quatu
1469 3528 1506 3587 ad
1530 3526 1752 3588 Corinthiorum
1775 3526 1834 3588 Ea·

1137 3618 1256 3676 clesiam
1273 3616 1404 3693 scripsit,
1424 3613 1570 3674 referente
1585 3611 1719 3672 Eusebio
1734 3612 1785 3673 lib.
1803 3615 1833 3676 8.

1137 3704 1204 3762 hist.
1222 3721 1284 3780 cap.
1301 3703 1367 3770 32„
1382 3701 1476 3759 multa
1491 3700 1597 3770 habet,
1621 3701 1651 3758 in
1668 3698 1778 3776 quibus
1795 3697 1835 3760 ad

1138 3810 1190 3860 ea,
1213 3807 1292 3866 quae
1314 3788 1342 3846 in
1359 3785 1498 3865 Epistola
1517 3785 1556 3844 ad
1571 3784 1727 3846 Hebraeos
1749 3803 1834 3865 pras·

1138 3876 1237 3934 sertim
1255 3894 1319 3951 cap.
1339 3876 1386 3931 11.
1403 3873 1515 3950 scripta
1530 3881 1614 3945 sunt,
1631 3870 1747 3930 alludit.

1180 3962 1285 4019 Restat
1309 3978 1402 4026 nnuc,
1429 3967 1462 4015 ut
1484 3956 1523 4015 sd
1545 3978 1598 4030 eo,
1622 3976 1702 4035 quae
1720 3959 1751 4016 iu
1766 3976 1835 4030 cou-

1139 4048 1261 4105 trorium
1278 4044 1470 4112 adferuntur,
1495 4043 1737 4122 respondeamus.
1774 4046 1835 4105 Ita-

1139 4151 1199 4211 que
1223 4131 1377 4190 dicendum
1402 4138 1461 4198 cst,
1488 4150 1526 4189 ex
1552 4148 1587 4188 eo
1613 4127 1693 4206 quod
1717 4139 1837 4192 veteres
1920 4125 1923 4130 ’

1139 4218 1261 4295 atridam
1299 4216 1494 4276 ecclesiastici
1532 4220 1693 4294 scriptores
1730 4218 1836 4295 partim

385 4302 522 4366 dedoct.
536 4303 646 4365 Christ.
662 4324 727 4383 cap.
744 4309 788 4375 8.,
816 4324 872 4363 uec
888 4326 947 4363 oon
963 4306 992 4363 iu
1009 4303 1082 4381 Spe·
1139 4306 1217 4364 hauc
1232 4303 1398 4382 Epistulam
1417 4323 1476 4361 nou
1500 4310 1703 4381 agnoverunt,
1727 4305 1837 4382 partim

384 4391 464 4452 aulo.
496 4392 576 4452 Item
599 4391 725 4450 Avitum
748 4390 947 4451 Viennensem
970 4392 1000 4448 in
1024 4409 1084 4448 cer·
1141 4392 1176 4450 dc
1193 4392 1258 4467 ejus
1275 4391 1455 4448 auctoritate
1471 4388 1689 4460 dubitaverunt,
1708 4391 1838 4447 maxime

384 4479 480 4554 mine,
494 4477 647 4538 Isidorum
658 4476 708 4536 lib.
726 4480 754 4539 6.
778 4475 952 4554 Originum
969 4476 1085 4535 Cassio·
1140 4488 1240 4535 erotem
1262 4496 1301 4535 ex
1324 4495 1372 4545 eo,
1402 4473 1483 4553 quod
1506 4476 1710 4553 Hieronymus
1729 4472 1836 4533 identi-

384 4563 491 4624 dorum
514 4563 567 4624 lib.
584 4566 613 4624 1.
635 4561 729 4622 divin.
752 4563 820 4622 lect.
844 4583 907 4642 cop.
931 4564 959 4620 4.
977 4570 1007 4621 et
1022 4561 1083 4620 Do·
1141 4562 1207 4621 dem
1224 4564 1333 4632 scribit,
1350 4564 1525 4621 Latinorum
1541 4558 1755 4620 cousuetudine
1772 4579 1838 4620 eam

384 4667 557 4712 massenum
580 4648 631 4710 lib.
659 4649 688 4707 4.
711 4647 748 4708 de
771 4647 831 4708 fide
852 4668 919 4727 cap.
944 4650 990 4707 18.
1025 4647 1086 4725 Qui
1142 4647 1491 4724 nonfuisecrcceptom3
1519 4644 1837 4726 sotisosteudi,quod

384 4755 490 4798 omues
512 4738 727 4816 scripturarum
750 4733 918 4812 catalogum
938 4742 1086 4804 texentes,
1141 4756 1199 4793 neu
1216 4754 1334 4811 semper
1348 4733 1429 4811 apud
1453 4734 1613 4792 catholicos
1634 4749 1736 4793 omues
1752 4732 1835 4792 indu·

383 4823 558 4904 Epistolam
581 4819 622 4882 ad
644 4818 800 4881 Hebraeos
822 4821 866 4879 illi
889 4822 1085 4880 inseruerunt.
1140 4820 1235 4879 bitsta
1259 4817 1350 4878 luerit
1373 4820 1439 4896 ejus
1465 4817 1635 4876 auctoritas.
1674 4818 1783 4897 Neque
1806 4815 1837 4878 id

382 4909 449 4972 Ima
468 4909 529 4970 hoe
549 4907 632 4968 idem
653 4906 763 4967 sactum
786 4906 878 4966 fuisse
900 4926 920 4965 a
946 4905 1087 4966 Patribus
1140 4907 1263 4982 mirum;
1300 4903 1543 4982 qnandoquidem
1575 4911 1605 4961 et
1634 4903 1685 4963 olii
1715 4902 1836 4983 quidam

381 4994 516 5069 Consilii
550 4994 682 5055 Nicaeoi
718 4992 809 5054 valde
845 4991 1004 5071 probabile
1034 4999 1088 5052 est
1141 4990 1210 5050 libri
1230 4992 1307 5050 sacri
1331 5010 1392 5049 non
1414 4990 1514 5048 statim
1536 4990 1666 5049 omnium
1688 5007 1837 5050 consensu

1584 5085 1632 5151 1*
