4442 5825
667 593 830 652 mistotst
853 596 893 652 sn
911 595 1076 652 nmmos.
1111 595 1196 650 ints.
1214 597 1239 648 l.
1260 594 1285 648 5.
1618 598 1692 669 m

378 778 411 833 at
424 770 551 853 Syriaco
566 772 677 836 locutio
697 784 742 836 est
757 775 865 849 activa,
888 774 943 834 sed
995 774 1070 854 pitio
1095 766 1143 835 ec'
1158 793 1264 836 sereno
1292 769 1381 833 vultu
1410 771 1564 851 respicere
1589 768 1693 851 digne·

371 858 472 920 rudem
486 878 608 920 sensum
623 858 730 923 faciet:
747 861 943 939 Impossibile
996 869 1059 935 tur,
1082 869 1113 921 et
1138 881 1174 921 ee
1200 869 1321 942 eccepto
1344 857 1470 933 hebere,
1499 860 1579 920 sicut
1608 876 1693 918 acoe-

371 965 398 1007 nr
418 949 609 1023 sanquinem
632 955 801 1010 taurorum
824 957 853 1008 st
875 950 943 1008 leir-
997 957 1050 1030 pte
1071 947 1185 1009 hebere
1207 948 1414 1028 dignatusest
1436 944 1693 1018 sacrificishbel,

385 1034 519 1112 erescere
546 1043 686 1110 peccato.
727 1036 767 1095 Et
797 1038 838 1096 its
867 1034 944 1114 legit
997 1033 1151 1095 Abraham
1185 1045 1214 1096 et
1249 1032 1481 1095 Melchisedech.
1526 1032 1593 1093 Neo
1626 1031 1694 1093 ideo

371 1140 452 1193 mus
468 1122 500 1182 in
514 1139 620 1182 comm.
637 1121 793 1184 Miohseee
810 1124 838 1182 6.
854 1120 943 1182 Cum·
998 1120 1194 1183 contunditur
1213 1118 1370 1182 discrimen
1393 1119 1606 1182 smrfficiorun
1628 1119 1696 1180 sire

394 1207 427 1269 in
453 1207 566 1269 Latino
595 1210 750 1269 minimum
775 1208 945 1280 discrimen,
999 1217 1249 1270 sacramentorum
1274 1208 1388 1270 veteris
1417 1227 1453 1268 sc
1481 1226 1580 1269 novoe
1601 1204 1695 1286 legis3

371 1293 501 1356 *sisimile
515 1303 570 1368 est,
593 1296 683 1357 etiem
705 1304 839 1356 nostrum
854 1297 944 1356 inter·
998 1312 1068 1356 nem
1116 1303 1305 1357 sacrementa
1350 1295 1464 1355 vetoris
1515 1293 1609 1374 legis,
1662 1300 1697 1353 nt

386 1382 431 1441 ita
456 1383 594 1443 vertisse
631 1381 773 1444 Probstio
801 1390 845 1442 est
870 1382 945 1460 ejus,
1000 1381 1090 1458 talis,
1111 1381 1144 1444 id
1169 1391 1229 1456 est,
1251 1388 1400 1463 quatenns
1426 1380 1466 1442 ad
1487 1390 1578 1441 vetus
1602 1386 1694 1440 testa·

371 1466 435 1541 ixit,
452 1467 601 1530 inhostiis
617 1468 676 1530 illis
691 1489 751 1530 non
767 1467 861 1528 tuisse
876 1486 944 1547 peo-
999 1477 1129 1530 mentum
1159 1470 1364 1549 pertinebant,
1394 1468 1470 1528 nihil
1499 1465 1696 1528 conferebsut

371 1575 379 1615 ι
406 1556 631 1629 remissionem,
654 1555 710 1616 sed
731 1554 842 1616 nudem
866 1573 945 1615 com·
999 1557 1116 1634 gratiae
1138 1556 1322 1637 spiritualim
1348 1553 1402 1615 sed
1424 1555 1544 1635 siquis,
1565 1560 1601 1613 ut
1622 1550 1696 1625 dixi,

371 1642 503 1705 ιιὶοιιοιιι.
529 1641 599 1702 Non
614 1643 692 1703 enim
711 1642 777 1703 fieri
792 1649 900 1723 potest,
914 1648 947 1699 ut
1000 1641 1040 1702 ad
1056 1662 1094 1702 os
1107 1642 1266 1703 accederet
1281 1651 1314 1703 nt
1329 1642 1407 1703 filius
1429 1643 1501 1702 novi
1516 1639 1696 1713 tentamenti,

371 1748 417 1791 rm
445 1728 621 1789 snimslinm
651 1731 801 1810 sanguine
822 1735 947 1809 peccate
999 1729 1168 1809 respiciens
1190 1731 1222 1790 in
1241 1727 1452 1802 mediatorem,
1476 1729 1603 1808 gretiam
1626 1745 1695 1788 cou-

371 1824 447 1876 ntur.
480 1816 627 1876 Nominat
653 1826 756 1877 entem
782 1822 892 1878 tauros
918 1821 948 1874 st
1001 1815 1191 1897 sequebatur.
1223 1817 1416 1898 Quemquam
1439 1815 1594 1888 sacrificis,
1618 1830 1696 1895 quse

376 1904 453 1984 quia
467 1912 630 1983 utrumque
644 1902 703 1964 hoc
718 1903 828 1965 enimal
843 1901 945 1962 offere·
1000 1902 1087 1977 Abel,
1110 1903 1263 1965 Abraham
1286 1911 1318 1964 et
1339 1901 1563 1964 Melchisedech
1580 1899 1696 1963 obtule-

371 1988 454 2052 odie
473 1990 662 2071 expiationis.
694 1990 804 2052 Posset
826 1988 948 2070 quidem
1001 1999 1077 2064 runt,
1100 2009 1159 2051 neo
1180 1991 1298 2064 veteris,
1320 2009 1375 2050 nec
1395 2010 1492 2052 nosse
1513 1989 1591 2070 legis
1613 1995 1698 2050 erant

371 2077 516 2150 estimem,
532 2077 558 2138 si
574 2074 676 2151 vellet,
690 2085 725 2137 ut
739 2079 863 2157 sanguis
878 2074 946 2135 bru·
1001 2078 1154 2155 instituta3
1191 2077 1259 2138 Deo
1296 2085 1398 2138 tamen
1425 2077 1541 2159 placite
1575 2085 1699 2157 propter

371 2163 501 2225 sufmret
514 2172 649 2243 peccate,
664 2165 741 2225 sicut
752 2165 783 2224 in
799 2163 947 2244 baptismo
1002 2163 1194 2225 offerentium
1215 2164 1414 2224 devotionem
1445 2165 1489 2224 Δι
1509 2170 1697 2225 sacrnmema

378 2269 481 2331 aqua3
506 2249 560 2311 scd
582 2250 770 2332 impossibile
794 2250 851 2311 hoc
877 2248 950 2310 dicit
1003 2251 1213 2332 novaelegis,
1239 2259 1273 2311 ut
1298 2250 1373 2312 talia
1394 2261 1482 2325 sunt,
1507 2251 1547 2311 sd
1568 2253 1697 2330 gratiam

371 2337 417 2400 lus
430 2357 468 2398 so
482 2357 581 2410 sensu,
601 2357 661 2417 quo
676 2338 803 2420 putebat
817 2335 949 2398 carnalis
1002 2337 1214 2419 praestandam
1228 2337 1342 2398 velent

371 2444 401 2498 rs,
421 2424 538 2486 scilicet
553 2425 786 2487 immolationem
802 2421 950 2503 ejusmodi
1046 2424 1104 2485 Est
1126 2432 1227 2486 summ
1249 2423 1423 2501 notandum,
1448 2423 1698 2504 qnsmsdmodnm

371 2523 426 2573 mm
448 2513 492 2573 ite
513 2531 566 2593 per
587 2531 621 2572 se
643 2519 760 2593 gratem
783 2530 850 2572 esse
872 2510 949 2584 Deo,
1002 2514 1034 2574 in
1048 2510 1195 2592 Epistolis
1218 2510 1258 2573 sd
1280 2511 1376 2586 Rom„
1397 2511 1465 2574 Gal.
1481 2522 1512 2573 et
1526 2511 1603 2574 Phil
1619 2512 1699 2592 Apo-

371 2606 426 2660 rter
438 2618 504 2658 sam
515 2606 642 2678 peccate
656 2599 820 2659 remitteret
834 2599 880 2672 iis,
895 2616 948 2677 pro
1004 2596 1100 2661 stolus
1116 2596 1212 2673 docet,
1236 2618 1275 2660 ex
1290 2598 1359 2681 legs
1380 2619 1442 2661 non
1463 2619 1530 2661 esse
1540 2599 1698 2678 justitiam,

383 2685 597 2747 offerebantur.
630 2683 744 2747 contre
765 2705 856 2766 quem
882 2703 949 2744 sen·
1005 2688 1050 2748 its
1073 2686 1106 2746 iu
1128 2685 1337 2766 hachistols
1357 2705 1426 2748 eum
1442 2706 1481 2749 ex
1496 2686 1631 2767 protenso
1647 2685 1698 2748 do-

371 2780 464 2834 rmant
480 2772 667 2851 Prophetae:
691 2771 856 2849 Numquid
876 2788 950 2831 cos·
1004 2793 1081 2847 cere,
1096 2793 1137 2836 ex
1151 2773 1307 2835 ucrificiis
1322 2773 1399 2854 legis
1413 2773 1519 2835 haberi
1534 2794 1595 2836 non
1610 2791 1700 2855 posse

371 2866 452 2922 selec
467 2860 616 2937 auferent
631 2878 652 2921 o
667 2867 697 2921 te
712 2859 853 2921 malitias
867 2865 949 2932 tuos,
1003 2863 1213 2945 purgationem
1226 2869 1427 2943 peecatorum.
1443 2859 1557 2941 Quare,
1568 2881 1607 2923 ex
1617 2864 1698 2943 epo·

371 2965 415 3010 ιιι
424 2948 565 3024 ploriuto
576 2948 631 3008 cs?
641 2946 666 3009 J
667 2966 757 3007 erem.
768 2950 832 3007 11.:
849 2946 951 3007 Num·
1003 2950 1074 3011 stoli
1084 2951 1244 3021 sententis,
1259 2951 1337 3011 sicut
1351 2949 1402 3010 lex
1416 2969 1476 3010 non
1487 2949 1641 3028 justificat,
1657 2950 1700 3009 ita

371 3034 482 3095 locari
499 3041 604 3111 potest
617 3035 778 3095 Dominus
799 3036 836 3094 in
850 3033 950 3093 milli·
1004 3036 1152 3098 sacrificia
1175 3034 1251 3115 legis
1273 3057 1334 3098 non
1356 3037 1534 3116 propitieut3
1556 3037 1700 3097 nimirum

371 3124 476 3197 mm,
491 3123 598 3182 autiss
607 3121 715 3182 multis
729 3120 869 3181 millibus
883 3122 951 3180 his·-
1003 3144 1059 3205 psr
1080 3131 1159 3198 seot
1180 3122 1343 3184 secundum
1366 3123 1517 3203 propriam
1538 3122 1700 3183 institutio·

374 3209 575 3286 pinprsirsm?
596 3207 752 3269 Miohaese
763 3208 792 3268 6.
815 3206 884 3267 Hoc
897 3226 951 3267 an·
1004 3230 1073 3272 nem
1088 3208 1287 3271 considerate
1312 3209 1396 3270 Sicut
1406 3229 1479 3289 ergo
1491 3208 1530 3270 de
1544 3209 1611 3289 lege
1622 3207 1701 3270 dixit

371 3313 428 3358 aas
448 3314 507 3356 nec
527 3314 609 3376 sque
627 3302 729 3375 potest
750 3292 869 3356 snserre
883 3312 953 3374 pec·
1005 3297 1091 3357 Rom.
1104 3296 1145 3369 8.,
1162 3294 1464 3376 impossibilet'uisse,
1480 3304 1515 3355 ut
1524 3295 1700 3375 justificatio

1005 3403 1060 3463 per
1074 3402 1141 3444 eern
1157 3382 1333 3462 impleretur
1346 3384 1378 3443 in
1392 3381 1495 3452 nohis:
1510 3384 1554 3442 its
1564 3382 1614 3442 hic
1625 3380 1701 3442 dicit

371 3487 411 3530 rm
431 3467 487 3530 tilii
509 3467 717 3547 novaelegis,
744 3465 953 3529 sdscribentes
1006 3469 1045 3532 de
1068 3468 1221 3530 sacrificiis
1242 3467 1335 3549 legis,
1357 3467 1543 3548 impossibile
1565 3487 1646 3544 esee,
1667 3476 1701 3530 ιιι

380 3555 589 3635 purgationem
614 3562 822 3634 peccatorum,
854 3556 951 3616 consi·
1006 3577 1059 3638 per
1073 3576 1110 3617 ea
1124 3555 1300 3618 colerentur
1314 3564 1449 3635 psccsts.

374 3659 450 3716 um,
472 3650 507 3701 ut
520 3660 561 3701 ex
576 3642 765 3702 institutione
780 3639 886 3702 divine
900 3640 951 3701 sd-
1050 3643 1078 3703 ὁ.
1110 3643 1188 3704 Ideo
1216 3642 1398 3720 inmodicus
1427 3642 1585 3704 mundum
1614 3642 1700 3703 dicit.

371 3735 430 3788 ret
442 3727 526 3789 valet
546 3728 587 3790 ad
605 3725 789 3789 abluendum
804 3727 953 3789 hominem
1005 3730 1067 3792 Hic
1078 3731 1143 3810 jem
1159 3731 1330 3791 testimonio
1348 3728 1526 3810 prophetico
1547 3728 1702 3790 confirmat

371 3815 418 3875 rtis
432 3816 464 3875 in
475 3814 753 3894 sanguinantem.
777 3813 848 3894 Quo
862 3834 952 3878 sensu
1006 3825 1116 3878 statum
1131 3836 1205 3878 ense
1228 3817 1449 3897 disputationis,
1471 3835 1581 3896 nempe
1595 3824 1702 3877 vetars

371 3899 495 3964 drehoc
510 3902 616 3963 eodem
628 3902 744 3981 capite:
760 3901 953 3964 Abluticor·
1006 3902 1152 3964 sacrificia
1172 3912 1297 3983 propter
1314 3904 1444 3983 ipsorum
1466 3901 1701 3963 imbecillitatem

371 3989 560 4063 comendo,
577 4008 639 4068 qus
651 3988 787 4049 nimirum
800 3991 953 4051 conscien·
1007 3990 1146 4069 abrogari
1175 3988 1329 4062 debuisse,
1366 3988 1547 4051 succedente
1581 4008 1642 4051 uno
1671 3995 1703 4049 et

371 4073 484 4138 udctm
506 4095 525 4135 a
545 4075 688 4156 peccetis.
726 4073 819 4154 Quod
845 4078 871 4137 si
896 4076 920 4137 J
922 4099 952 4135 n·
1007 4076 1119 4137 efficsci
1155 4075 1300 4137 secudcio
1338 4075 1459 4137 Christi.
1503 4077 1701 4154 lopredicns,

372 4161 494 4242 aliquis,
516 4162 709 4242 spiritualiter
730 4163 862 4241 sapione,
885 4182 953 4223 oum
1008 4162 1124 4224 Graece
1149 4153 1372 4241 ιῖςερχόμενος,
1399 4162 1480 4244 qnod
1507 4165 1597 4226 etiam
1623 4163 1703 4224 verti

371 4247 657 4329 sdiatorisillalegis
671 4247 815 4309 sacrificis
827 4250 954 4321 offerret,
1007 4256 1123 4329 potest:
1146 4251 1366 4328 inpressorum
1389 4253 1466 4311 sicut
1484 4250 1613 4333 simplex
1634 4269 1702 4311 ver·

392 4335 523 4398 fructum
551 4336 734 4397 remissionis
763 4344 953 4415 peccatorum
1007 4335 1093 4396 burn:
1125 4328 1350 4415 ὄέρχόμενος,
1380 4341 1436 4414 pei
1465 4347 1619 4401 ventum
1648 4345 1702 4412 cst,

371 4421 453 4486 ebat
476 4421 567 4485 Unde
590 4430 651 4484 tres
673 4423 759 4500 pueri
776 4425 807 4484 in
830 4423 956 4483 fornace
1008 4422 1117 4484 Metth.
1136 4427 1185 4485 11.
1205 4434 1236 4486 et
1250 4424 1330 4485 alibi.
1358 4425 1516 4487 Mundum
1539 4433 1629 4488 vocet
1649 4424 1702 4486 ha·

371 4511 426 4572 mis
441 4512 485 4571 sic
501 4518 603 4571 orant:
619 4510 708 4571 Sicut
722 4512 758 4570 ιἰι
773 4510 954 4571 holocausto
1007 4509 1183 4572 bitstionem
1214 4513 1335 4592 generis
1360 4511 1500 4585 hnmani,
1530 4512 1577 4572 vel
1605 4512 1703 4591 ipsum

371 4616 394 4660 π
407 4605 439 4660 et
453 4604 635 4671 umorum,
658 4600 782 4658 stridet
803 4601 839 4658 ιἰι
855 4597 955 4658 milli-
1008 4616 1101 4677 genus
1117 4597 1291 4676 humnnnm3
1316 4602 1361 4659 sic
1375 4600 1454 4660 enim
1469 4597 1642 4678 frequenter
1655 4616 1703 4658 ac·

371 4703 490 4748 mm
509 4686 695 4762 piaculum,
718 4686 761 4745 sic
783 4684 841 4761 flat
856 4684 956 4745 sacri·
1008 4684 1117 4763 cipitur
1131 4684 1209 4766 apud
1224 4686 1445 4767 Evangelistas.
1468 4685 1586 4745 Dicitur
1599 4693 1702 4745 sutem

379 4780 525 4834 mosem
541 4774 577 4832 io
597 4779 765 4848 conspectu
780 4778 836 4833 ιιιο
851 4772 955 4847 lodie,
1008 4772 1165 4833 mundum
1188 4775 1346 4850 inprecans
1367 4772 1467 4833 Filios
1489 4771 1556 4844 Dei,
1581 4770 1703 4853 qnando

371 4867 435 4922 rent
449 4858 518 4933 tibi,
537 4858 660 4920 Daniel.
676 4858 704 4917 3.
1009 4877 1065 4937 por
1080 4860 1318 4922 incarnationem
1330 4860 1428 4939 coepit
1442 4877 1509 4919 esse
1524 4859 1612 4920 homo
1626 4860 1705 4919 inter

371 4948 492 5009 tetiam
511 4946 653 5007 sacerdos
669 4944 769 5010 Deum
788 4946 821 5007 in
843 4966 957 5008 renone
1008 4945 1152 5008 homines.
1187 4946 1354 5027 Quoniam,
1379 4946 1492 5026 inquit,
1517 4945 1704 5026 impossibile

371 5077 379 5109 ,
400 5041 438 5098 tt
450 5051 544 5117 super
557 5033 712 5116 proposita
726 5034 872 5114 mysteria
889 5052 957 5115 pro·
1009 5040 1082 5106 erat,
1096 5052 1151 5113 per
1163 5034 1311 5097 sacrihds
1328 5032 1407 5115 legis
1420 5034 1520 5096 Deum
1533 5032 1705 5108 hominihus
