4442 5825
751 602 915 660 teutolus
933 603 1019 658 selu
1036 601 1149 658 tuconi.
1182 601 1267 657 vste.
1288 605 1327 657 11.
1348 605 1386 658 12.
1726 610 1799 681 397

409 788 450 848 11.
463 774 658 847 Eronm‘en
672 783 757 843 enim
771 784 818 844 sol
833 801 902 842 eum
920 782 1047 858 ardore,
1103 788 1175 842 aute
1189 782 1286 841 virum
1310 779 1458 862 duplicem
1478 781 1578 845 animo
1595 781 1671 845 dixit
1686 785 1800 844 incon·

378 872 530 951 suaserit
542 872 678 951 {cenum
686 892 698 947 ,·
721 877 750 930 et
764 871 822 949 tica
839 872 906 944 ejus
921 869 1048 943 decidit,
1104 875 1241 929 stantem
1257 886 1318 929 erre
1333 870 1370 929 in
1381 867 1527 930 omnibus
1541 873 1603 932 viis
1617 875 1688 932 auis.
1711 869 1801 931 Unde

377 960 493 1021 eidem
505 960 613 1020 uultur
628 961 694 1032 eine
709 957 853 1034 deperiit.
875 956 1051 1036 Descriptio
1105 956 1185 1016 sieut
1199 955 1340 1016 Hebraea
1363 955 1465 1036 phrasi
1487 959 1656 1039 prosperari
1673 958 1742 1038 quis
1758 956 1800 1016 di·

376 1054 410 1108 ret
426 1045 504 1108 doris
526 1044 639 1107 herbae
656 1047 715 1106 rito
731 1043 923 1105 transeuntis.
946 1043 983 1103 In
997 1065 1048 1105 vo·
1106 1045 1184 1103 citur
1199 1045 1230 1102 in
1244 1044 1308 1114 viis,
1322 1042 1352 1104 id
1366 1051 1420 1116 eet,
1437 1044 1606 1105 actionibus
1623 1047 1694 1120 suis,
1710 1051 1803 1124 atque

376 1132 579 1196 ubulcwitut
589 1131 766 1213 metaphora
774 1139 827 1203 est,
839 1150 915 1211 quae
923 1130 1051 1191 Erasmo
1106 1131 1137 1190 in
1152 1130 1189 1190 iis
1205 1151 1224 1190 a
1240 1130 1306 1190 Dec
1326 1129 1414 1210 dirigi
1430 1137 1460 1190 et
1475 1131 1635 1192 custodiri:
1658 1133 1711 1206 ita,
1734 1150 1802 1191 con-

375 1218 557 1301 stGaignaec
580 1217 713 1280 subdura
728 1218 855 1290 videtur,
881 1216 963 1297 quod
987 1218 1051 1277 vol·
1106 1225 1246 1296 grueutcr
1268 1217 1439 1297 Scripturis,
1463 1237 1482 1276 a
1496 1218 1531 1277 B.
1548 1218 1666 1280 Jacobo
1690 1219 1803 1280 dictum

373 1312 421 1369 tua
447 1305 559 1369 tribuat
588 1305 707 1366 herbae.
749 1303 879 1366 Proinde
908 1305 1053 1365 Erasmus
1106 1310 1171 1377 est,
1198 1303 1279 1384 quod
1302 1304 1390 1365 dives
1415 1307 1450 1365 in
1477 1306 1645 1367 itineribus
1666 1325 1720 1368 seu
1747 1304 1804 1365 viis

372 1402 516 1471 aspectum
528 1401 648 1455 vertere
659 1391 774 1453 maluit.
798 1391 1052 1470 Gaignaeuscen-
1106 1393 1172 1451 auia
1193 1399 1368 1451 marcescet.
1403 1390 1500 1470 Quasi
1523 1392 1618 1454 dicat:
1643 1392 1729 1453 Adeo
1744 1411 1804 1453 nou

371 1488 414 1557 set,
430 1480 595 1543 molliorem
618 1479 683 1540 fors
706 1479 924 1559 metaphoram,
950 1480 975 1538 si
999 1499 1053 1558 pro
1107 1477 1331 1558 prosperabitur
1342 1479 1373 1539 in
1385 1479 1554 1541 actionibus
1566 1488 1597 1540 et
1608 1478 1717 1540 studiis
1732 1480 1804 1555 suis,

371 1568 452 1631 uultu
466 1568 588 1649 legatur
601 1567 710 1645 fades,
735 1564 814 1646 quod
837 1565 913 1626 haec
930 1586 989 1626 vox
1005 1585 1051 1624 so·
1107 1573 1143 1624 ut
1162 1563 1283 1625 taudem
1307 1567 1475 1626 cumomni
1498 1587 1551 1647 spe
1574 1587 1639 1640 sua,
1663 1588 1751 1648 quam
1772 1567 1805 1627 in

371 1654 518 1717 lutetiam
529 1652 814 1716 adresiuanimatas
822 1651 985 1714 transferri.
994 1651 1054 1713 Sed
1108 1650 1222 1712 divitiis
1246 1653 1424 1726 collocavit,
1448 1663 1631 1717 emarcescat
1646 1663 1677 1715 ct
1690 1663 1804 1737 pereat

371 1760 401 1803 aa
419 1741 628 1823 reprehensio,
652 1742 677 1801 si
695 1740 779 1819 justa
801 1747 861 1814 est,
883 1742 1054 1820 interpretis
1107 1739 1199 1798 Hunc
1225 1758 1343 1800 sensum
1370 1738 1456 1800 Beda
1482 1741 1585 1816 tradit,
1614 1744 1733 1802 itinero
1756 1761 1805 1802 ex·

371 1838 418 1903 ut,
441 1849 501 1891 non
525 1828 679 1909 Apostoli,
706 1827 758 1907 qai
782 1825 898 1889 Graece
919 1830 1054 1907 scripsit:
1108 1844 1225 1906 ponens
1251 1834 1347 1887 anus.
1392 1826 1512 1889 Similes
1540 1828 1713 1910 Scripturas
1742 1828 1805 1890 Job

371 1908 530 1995 πρόςωπον,
546 1914 635 1976 idest
648 1916 776 1994 furiem,
792 1932 863 1975 usus
877 1914 1055 1993 metaphora
1109 1914 1176 1972 24:
1214 1913 1445 1975 subverterunt
1475 1934 1660 1994 pauperum
1698 1919 1805 1994 uiam,·

371 2002 511 2065 Hebraeis
527 2001 676 2076 familiari,
692 2021 752 2082 qua
765 2002 864 2080 socies
880 2001 1056 2062 deexterna
1109 2000 1219 2059 Thren.
1253 2000 1296 2061 s:
1340 2002 1475 2064 Semitas
1512 2022 1598 2064 meua
1634 2003 1805 2083 subvertit,

371 2092 459 2173 speeie
471 2091 618 2171 cujusque
630 2090 674 2150 rei
686 2089 746 2149 dici
761 2088 847 2149 solet
870 2089 950 2150 Hinc
964 2086 1055 2148 facies
1108 2085 1217 2146 Psalm.
1259 2093 1302 2148 1.:
1350 2089 1417 2148 Iter
1460 2092 1634 2167 impiorum
1675 2091 1804 2168 peribit,

371 2176 447 2252 nali,
461 2186 570 2251 terrae,
585 2176 699 2257 templi,
715 2185 744 2236 ut
757 2176 853 2236 multa
863 2176 1008 2255 ejusmodi
1026 2177 1056 2235 in
1109 2180 1140 2233 et
1163 2177 1230 2235 34:
1266 2176 1343 2237 Fiet
1365 2179 1419 2236 viu
1447 2176 1578 2238 iliorum
1604 2179 1751 2240 tenebrae
1778 2187 1807 2239 et

371 2264 533 2346 deiptnris.
563 2264 664 2345 Igitur
677 2261 768 2324 decor
783 2263 883 2323 vultus
899 2283 952 2324 seu
966 2262 1055 2323 faciei
1110 2261 1285 2338 lubricum,
1316 2272 1346 2324 et
1370 2266 1456 2325 145.:
1500 2265 1575 2326 Viae
1600 2272 1805 2342 peccatorum

371 2350 441 2413 luris
456 2360 504 2414 est
518 2350 710 2433 pulchritudo
726 2352 802 2431 ejus,
828 2370 890 2431 qua
904 2350 1057 2411 blanditur
1110 2347 1277 2426 disperdet.

371 2437 459 2500 oculis
474 2438 636 2500 homiuum.
659 2436 842 2511 Notandum,
865 2440 896 2498 in
911 2439 982 2512 sole,
1005 2439 1057 2518 qui
1157 2437 1205 2495 12.
1229 2438 1349 2499 Beatus
1366 2440 1427 2512 uir,
1451 2441 1507 2516 qui
1527 2440 1639 2518 suffert
1653 2443 1808 2501 tentatio·

371 2534 486 2589 nunus
502 2544 569 2587 cum
585 2524 691 2587 ardore
703 2527 823 2602 foenum
837 2536 868 2587 et
878 2524 981 2586 florem
994 2527 1057 2605 ejus
1112 2543 1193 2585 nem.
1216 2524 1308 2584 Suam
1324 2524 1363 2584 ad
1378 2526 1551 2606 patientiam
1570 2527 1807 2588 exhortationem

371 2632 547 2675 numere
569 2611 651 2685 lacit,
672 2614 776 2693 typice
796 2610 950 2673 Christum
972 2613 1056 2674 intel·
1113 2630 1193 2671 nnnc
1213 2613 1299 2672 velut
1320 2611 1474 2693 paradoxo
1498 2613 1630 2695 quodam
1649 2613 1808 2689 concludit,

371 2696 419 2783 lki
432 2718 532 2781 posse,
555 2701 607 2780 qui
621 2700 749 2780 igniicro
771 2699 931 2779 splendore
946 2701 993 2761 sni
1008 2698 1058 2761 ad·
1112 2699 1232 2758 beatum
1244 2701 1442 2780 pronuntians
1454 2719 1531 2773 eum,
1547 2702 1600 2782 qui
1611 2703 1731 2782 patitur,
1747 2722 1809 2762 non

371 2795 472 2849 mna
493 2779 591 2863 (iunii
606 2790 691 2847 enim
713 2793 788 2847 unte
803 2789 906 2864 iprum
927 2805 1060 2864 proece-
1113 2795 1214 2845 autem
1229 2784 1350 2847 divitem
1365 2786 1459 2861 illum,
1475 2787 1585 2868 dequo
1600 2787 1688 2849 modo
1703 2787 1807 2870 loque·

371 2872 427 2951 ies,
449 2872 565 2935 Psalm.
582 2869 646 2951 st.)
670 2891 786 2935 omnem
809 2872 913 2936 muudi
935 2875 1058 2956 opuleu·
1111 2872 1209 2948 batur,
1233 2874 1282 2934 cui
1303 2876 1400 2935 omnia
1423 2883 1567 2955 putantur
1593 2895 1632 2937 ex
1653 2883 1726 2937 voto
1742 2895 1806 2937 suc·

371 2961 437 3023 tiam
451 2971 482 3021 et
495 2960 621 3041 gloriam
638 2962 668 3021 in
682 2960 814 3023 favillam
830 2963 956 3041 rediget.
1113 2958 1226 3020 cedere.
1253 2963 1474 3023 Tentutionem
1490 2963 1635 3044 intellige,
1658 2972 1807 3043 utsupra,

407 3049 460 3109 ltu
484 3056 514 3109 et
536 3049 625 3110 diues
646 3050 682 3108 in
704 3048 870 3110 itineribus
891 3052 956 3109 suis
970 3065 1060 3107 mur·
1113 3045 1145 3106 id
1161 3054 1208 3106 cst
1223 3048 1422 3121 affiictionem,
1437 3051 1686 3128 persecutionem,
1703 3048 1807 3111 adver·

371 3143 468 3198 uret.
491 3135 675 3210 Itineribus,
692 3133 823 3196 Graece:
839 3130 990 3213 πορείαις,
1007 3154 1060 3215 pro
1113 3134 1219 3194 citatas
1234 3134 1323 3213 hujus
1338 3135 1457 3210 saeculi,
1477 3137 1586 3217 quibus
1601 3145 1762 3210 tentantur,
1778 3136 1809 3197 id

371 3239 426 3306 pua
439 3222 575 3283 nonnulli
591 3220 720 3295 codices,
741 3221 827 3283 litera
842 3239 857 3280 s
874 3221 1003 3303 dempta,
1018 3221 1059 3282 le·
1114 3228 1166 3294 est,
1182 3222 1344 3299 probantur
1359 3223 1504 3283 homines.
1526 3224 1644 3303 suffert
1659 3226 1809 3285 tentatio·

371 3317 457 3390 gant:
482 3304 613 3386 aspicie.
644 3309 685 3370 Et
707 3309 749 3368 ita
770 3308 874 3370 haberi
889 3310 920 3370 iu
934 3311 1062 3389 antiquo
1114 3325 1198 3382 nem,
1215 3308 1266 3389 qui
1281 3328 1348 3371 cum
1363 3330 1418 3390 spe
1434 3318 1463 3369 et
1480 3311 1707 3390 exspectatione
1723 3330 1808 3392 prae

371 3393 471 3458 uudlce
496 3394 697 3456 bibliothecae
722 3396 943 3476 Dionysianae,
970 3394 1063 3456 refert
1115 3395 1168 3455 mii
1198 3393 1339 3456 coelestis
1372 3396 1499 3457 sustinet
1529 3396 1719 3470 afflictiones,
1750 3418 1811 3459 non

371 3479 549 3563 Halgnaeus
565 3481 837 3562 Significatautem
849 3477 942 3560 πορία
955 3482 1062 3560 socul-
1116 3480 1357 3555 obmurmurans,
1384 3501 1439 3544 uec
1464 3481 1628 3544 vindictam
1656 3485 1810 3564 cogitans3

371 3573 477 3643 mm,
489 3569 737 3630 abundantium.
750 3569 846 3631 Juxta
858 3589 949 3649 quam
961 3568 1062 3630 lectio·
1117 3568 1171 3628 sed
1187 3567 1225 3628 de
1248 3588 1338 3628 mann
1353 3571 1412 3631 Dei
1435 3588 1502 3631 cum
1523 3570 1743 3652 approbatione
1758 3591 1809 3633 vu

371 3673 434 3719 m
444 3655 625 3717 vertendum
638 3664 729 3717 essct:
742 3656 790 3717 Ita
800 3655 1061 3717 ctdiuesinabun·
1115 3653 1240 3715 luntatis
1256 3657 1320 3735 ejus
1336 3657 1510 3737 suscipiens,
1526 3657 1673 3738 quidquid
1690 3656 1811 3720 aduersi

371 3739 470 3804 haia
481 3760 537 3802 sua
547 3751 722 3817 marcescet,
737 3744 834 3815 idest,
850 3744 881 3804 iu
895 3744 1002 3823 opibus
1015 3744 1063 3804 vel
1115 3743 1215 3802 visum
1238 3745 1266 3804 ei
1286 3742 1388 3818 fuerit,
1410 3746 1477 3804 sive
1499 3763 1552 3824 per
1566 3763 1599 3803 ee
1614 3747 1721 3824 ipsum,
1744 3747 1810 3806 sive

371 3827 805 3910 fumupibnssnisevaneeoen
821 3829 1064 3891 nihileidivitiae
1116 3847 1171 3907 per
1185 3829 1320 3890 homines
1341 3831 1436 3891 malos
1460 3831 1519 3908 ipsi
1533 3831 1698 3891 immittere.
1721 3831 1812 3893 Hunc

371 3933 448 3991 nae,
458 3915 569 3997 quibus
578 3915 649 3988 fidit,
662 3917 702 3977 ad
711 3915 882 3978 felicitatum
891 3916 1063 3998 proderunt.
1118 3914 1243 3976 beatum
1259 3916 1331 3977 dicit
1344 3917 1382 3978 ob
1395 3937 1479 3997 apem
1495 3915 1646 3979 felicitatis
1663 3926 1811 3992 aeternae,

371 3999 651 4066 hhanclectiunem
658 4004 1062 4085 Erasmosquoquepropen-
1117 4003 1202 4081 cujus
1214 4004 1278 4082 jam
1293 4004 1401 4084 pignus
1416 4002 1565 4085 quoddam
1581 4006 1697 4087 accepit
1715 4005 1811 4087 ipsam

371 4083 428 4152 det
457 4088 610 4170 Equidem
633 4111 652 4151 a
675 4089 804 4152 lectione
827 4091 960 4171 vulgata,
986 4110 1064 4170 quae
1116 4090 1305 4168 patientiam3
1329 4098 1363 4150 ut
1377 4092 1435 4152 hac
1450 4092 1568 4153 ratione
1589 4112 1650 4152 non
1664 4092 1760 4153 solum
1779 4093 1812 4152 in

371 4177 502 4238 natan
526 4196 623 4256 paens
646 4177 782 4238 codicum
806 4190 859 4250 est,
886 4177 969 4238 haud
991 4186 1064 4256 puto
1118 4192 1172 4256 spe
1194 4175 1336 4237 dicendus
1360 4179 1397 4238 sit
1420 4178 1534 4252 beatus,
1556 4181 1764 4240 verumetiam
1779 4200 1813 4240 re

371 4261 579 4325 medendum.
615 4264 695 4325 Nam
725 4264 927 4326 abundantio
953 4258 1065 4340 nupia<
1118 4262 1190 4344 ipsa
1205 4261 1433 4343 quadantenus3
1456 4272 1488 4325 ut
1511 4266 1564 4346 qui
1578 4266 1718 4327 meritum
1734 4268 1766 4327 in
1780 4284 1813 4326 se

371 4351 490 4412 nmine
512 4349 688 4432 significata,
710 4353 820 4424 neseio,
844 4373 883 4412 an
907 4349 1018 4411 alicubi
1034 4353 1065 4410 in
1112 4347 1176 4427 jam
1191 4348 1312 4424 babeat,
1335 4372 1389 4432 pro
1412 4371 1472 4434 quo
1496 4353 1663 4434 praemium
1682 4352 1811 4415 beatitu-

371 4439 462 4498 saeris
484 4436 580 4497 literis
605 4439 783 4499 inveniatur.
818 4439 860 4498 Ar
882 4432 1008 4516 stupeis,
1033 4436 1065 4497 id
1117 4436 1197 4497 dinis
1218 4436 1257 4496 sit
1277 4446 1465 4519 accepturus.
1490 4438 1582 4519 Quod
1597 4437 1732 4500 declarat
1746 4437 1813 4501 sub·

371 4531 422 4598 tat,
435 4523 499 4584 iter·
509 4542 564 4585 ssu
575 4528 641 4600 uic,
657 4525 769 4605 legitur
780 4524 859 4605 apud
870 4525 985 4587 Lucam
998 4545 1063 4604 cap.
1117 4541 1246 4604 sequens
1260 4523 1414 4603 probatio:

371 4609 418 4672 13.
446 4609 491 4671 Et
514 4609 641 4673 verbnm
667 4605 850 4689 πορεύομαι,
881 4614 942 4672 iter
964 4613 1063 4689 socio,
1161 4612 1331 4689 Quoniam,
1354 4631 1425 4675 eum
1445 4613 1600 4690 probatus
1619 4614 1730 4692 suerit,
1756 4632 1813 4674 uc·

371 4699 477 4780 passim
501 4695 622 4758 obvium
645 4708 699 4760 est.
722 4698 788 4759 Nec
809 4718 880 4759 voro
901 4696 1064 4779 quidquam
1118 4698 1212 4773 cipiet
1226 4715 1378 4760 eoronam
1395 4702 1486 4761 vitoe.
1511 4701 1680 4777 Probatus,
1697 4699 1813 4765 Graece

371 4783 549 4846 laeommodi
563 4784 657 4846 hahet
670 4786 746 4846 haec
761 4785 857 4859 lectio,
874 4785 925 4847 sed
938 4804 1063 4846 consue·
1118 4774 1254 4862 δόκιμος,
1270 4805 1388 4859 nomen,
1404 4807 1464 4847 non
1478 4788 1678 4869 participium.
1700 4787 1813 4870 Itaque

371 4869 464 4933 attat
502 4869 724 4952 seripturarum
769 4874 880 4953 optimc
917 4872 1064 4953 congruit
1119 4889 1227 4933 seusus
1250 4881 1312 4933 est:
1340 4871 1415 4935 Cum
1438 4875 1469 4933 in
1491 4872 1547 4934 hoc
1571 4877 1733 4937 conamine
1759 4896 1811 4956 pa-

371 4955 445 5020 dam
467 4959 540 5018 uiue
562 4979 615 5039 pru
638 4960 817 5021 actionibus
832 4970 864 5022 ct
878 4960 990 5023 studiis
1004 4957 1062 5020 irs·
1117 4960 1239 5020 tientiae
1262 4957 1350 5023 fortis
1373 4969 1404 5024 et
1426 4967 1566 5026 constans
1586 4975 1678 5044 atque
1699 4965 1730 5025 iu
1753 4963 1813 5024 tide

371 5045 597 5126 pantinimnm
612 5045 1065 5129 eatindcripturis.1tapaulo
1117 5065 1315 5128 perseverans
1344 5051 1484 5113 iuventus
1520 5049 1628 5128 merit,
1662 5058 1814 5134 tamquam
