4442 5825
431 582 504 651 662
1029 568 1267 626 communius

429 749 562 810 fidelium
577 766 644 808 sese
659 749 824 821 miscentes,
846 767 913 809 esse
933 766 1035 808 eorum
1051 763 1123 806 mn·
1174 753 1321 827 torquent.
1356 743 1624 825 Quemadmodum
1650 742 1806 806 inciehsnt
1826 746 1862 807 illi

430 837 535 911 culos,
560 835 702 914 quonium
724 835 881 907 convivia,
904 833 942 894 ad
964 832 1123 895 fovendum
1174 830 1426 914 pseudoapostoli,
1449 830 1622 912 dequibus
1645 830 1764 893 Paulus
1778 836 1795 894 2
1810 832 1865 895 Cor.

431 925 587 985 caritatem
613 920 768 995 instituta,
795 921 1047 982 commacularent
1069 938 1124 979 oua
1178 923 1244 980 11.:
1260 920 1424 980 Sustinctis
1440 920 1535 993 enim,
1551 921 1578 979 si
1594 922 1668 996 quis
1686 919 1827 995 dcuosot,
1846 924 1866 980 si

431 1010 579 1091 spurcitie,
603 1006 673 1067 dum
690 1008 721 1066 in
736 1009 773 1067 iis
788 1026 848 1068 non
863 1007 1046 1070 serebantur
1065 1016 1124 1066 tur
1177 1010 1246 1083 puis
1269 1008 1392 1082 accipit.
1425 1004 1476 1065 Ad
1500 1005 1581 1066 huno
1609 1006 1734 1086 quippe
1760 1007 1864 1068 modom

433 1097 485 1177 pio
509 1093 657 1175 quasdam
680 1093 778 1154 dicere
801 1102 830 1153 et
854 1113 953 1173 agere.
982 1092 1126 1154 Maeuius
1178 1091 1274 1152 istud:
1288 1111 1417 1170 poscere
1432 1100 1526 1152 semet
1541 1095 1638 1168 ipsos,
1656 1095 1792 1153 sumitur
1802 1093 1868 1174 apud

431 1184 522 1243 etium
537 1183 645 1241 Petrus
660 1181 835 1240 nominavit.
858 1182 906 1242 Ex
921 1200 981 1260 quo
994 1180 1028 1239 B.
1042 1178 1125 1239 Petri

431 1267 499 1330 loco
514 1264 678 1330 Sasboldus
693 1266 769 1326 bene
784 1267 901 1346 probat,
925 1267 973 1327 hic
989 1287 1043 1346 per
1058 1281 1125 1323 ont-

432 1347 531 1422 λάδες
554 1350 681 1432 intelligi
705 1354 862 1429 macutus,
893 1354 1009 1414 etiamsi
1032 1350 1126 1412 Oecu·

432 1443 551 1503 menius
567 1439 598 1500 id
614 1438 794 1498 vocabulum
817 1438 908 1521 longe
930 1439 1018 1500 aliter
1038 1439 1126 1498 inter·

432 1535 574 1610 pretetur.

477 1615 689 1678 convivantes
704 1613 772 1672 sinc
787 1615 910 1672 timore.
934 1612 1127 1690 Partioipium

433 1701 466 1765 in
488 1699 607 1762 Graeco
627 1698 823 1758 mascnlinum
847 1707 908 1758 est:
934 1690 1128 1774 αυνευωχοό·

434 1803 527 1866 μενοι.
562 1785 666 1865 Qnare
692 1786 825 1845 construi
851 1806 912 1846 non
938 1793 1037 1864 potest
1062 1803 1129 1842 cnm

434 1894 523 1936 voce:
554 1872 714 1947 macutus,
743 1870 823 1950 qnod
852 1870 1048 1932 foemininum
1076 1878 1129 1942 est,

436 1952 595 2026 σπιλάδες.
619 1958 744 2018 Rectius
767 1966 865 2017 sutem
890 1959 966 2036 legit
985 1958 1128 2035 Augusti·

436 2066 508 2108 nna:
531 2045 742 2121 coepulantes,
768 2064 875 2125 nempe
896 2044 1073 2120 vobiscum‚·
1097 2051 1131 2102 ut

436 2133 584 2213 expressit
611 2132 645 2191 B.
675 2131 797 2203 Petrus,
828 2130 880 2190 ubi
906 2151 959 2192 nos
987 2130 1129 2209 legimus:

435 2221 654 2283 Luxuriantcs
669 2217 835 2278 vobiscum.
860 2217 950 2296 Quod
974 2218 1131 2278 uobiscum

437 2307 526 2367 stiam
550 2304 600 2366 hic
615 2305 647 2365 in
661 2303 813 2364 nonnullis
828 2301 952 2365 Graecis
976 2303 1131 2364 codicibus

436 2391 562 2453 additur.
585 2391 700 2452 Sensus
714 2391 878 2470 igiturest:
894 2392 964 2452 Unn
977 2391 1132 2452 vobiscum

437 2480 633 2542 convivantur
649 2487 680 2537 et
694 2476 863 2555 epulantur,
886 2498 945 2537 non
967 2496 1049 2537 more
1065 2497 1131 2536 san·

438 2575 564 2638 ntorum,
586 2563 691 2643 quales
714 2563 769 2638 illi,
796 2563 834 2623 de
857 2564 968 2644 quibus
991 2562 1070 2625 Tob.
1095 2567 1132 2636 9.,

438 2651 519 2734 quod
545 2671 617 2711 cum
643 2654 756 2710 timore
783 2652 915 2712 Domini
942 2653 1132 2727 nuptiarum

438 2740 623 2800 convivium
640 2737 825 2797 exercebunt
833 2763 845 2815 ,·
861 2738 923 2809 scd,
940 2738 1060 2817 abjecto
1073 2735 1132 2795 Dei

438 2827 559 2896 timore,
589 2823 713 2883 licenter
740 2833 832 2902 atque
858 2843 963 2885 secure
989 2832 1131 2883 vacantes

438 2911 589 2991 voluptati
619 2910 730 2969 ventris
762 2919 794 2970 et
821 2913 925 2971 carnis.
965 2911 1132 2971 Dictionem

441 2990 581 3076 ἀφόβως,
596 2998 664 3058 sinc
680 3000 802 3070 timore,
819 2997 954 3058 nonnulli
967 3004 1134 3058 annectunt

438 3083 571 3146 membro
585 3085 733 3163 sequenti.
756 3083 868 3144 Verum
885 3085 1026 3145 cohaeret
1041 3084 1133 3143 multo

439 3170 549 3233 melius
576 3190 642 3231 curn
668 3168 830 3231 vocabulo:
855 3174 1077 3246 convivantes,
1102 3181 1135 3230 ut

439 3261 502 3340 jorn
519 3260 687 3338 expositum
704 3266 757 3317 est.

484 3347 690 3420 Semetipsos
711 3349 881 3419 pascentes.
914 3341 1031 3404 Graeco
1052 3362 1133 3403 vox:

441 3424 662 3508 ποιμαίνοντες,
683 3429 831 3508 significat
846 3430 950 3488 etiam:
973 3436 1134 3506 repentes,-

1178 1178 1367 1241 Euechielem
1380 1199 1444 1260 cup.
1459 1182 1518 1252 34.
1534 1178 1587 1238 ubi
1600 1180 1634 1239 in
1646 1179 1869 1259 reprehensione

1178 1275 1331 1347 pastorum
1356 1265 1453 1327 Israel
1482 1267 1569 1327 tertio
1601 1267 1772 1345 repetitur,
1801 1264 1869 1346 qood

1178 1353 1345 1433 pascebant
1359 1361 1454 1413 semet
1468 1353 1558 1431 ipsos.
1581 1351 1651 1411 Nec
1668 1352 1780 1426 obstat,
1802 1351 1870 1432 qood

1180 1459 1216 1500 eo
1237 1440 1304 1500 loco
1327 1439 1424 1500 LXX.
1446 1459 1505 1498 non
1528 1446 1657 1498 utantur
1683 1438 1794 1499 verbo:
1814 1454 1870 1497 not·

1180 1520 1313 1605 μαίνειν,
1337 1526 1407 1587 sed:
1431 1516 1560 1601 βόσκειν.
1584 1524 1668 1585 Nam
1685 1544 1780 1586 unum
1794 1524 1870 1586 idn·

1182 1633 1242 1692 que
1264 1612 1431 1693 significare
1452 1612 1624 1683 voluerunt,
1650 1631 1751 1692 quum
1771 1613 1801 1672 in
1821 1611 1870 1672 lle

1181 1699 1271 1761 braeo
1291 1720 1409 1780 semper
1430 1697 1508 1760 idem
1531 1699 1569 1757 sit
1592 1696 1781 1759 vocabulum
1803 1695 1872 1778 opud

1182 1786 1372 1848 Ezechielem
1387 1794 1418 1847 et
1433 1785 1465 1846 in
1481 1782 1620 1845 Psalmis.

1225 1874 1329 1936 Nubes
1350 1875 1416 1934 sinc
1439 1890 1536 1949 aquo,
1559 1890 1645 1948 quac
1666 1889 1689 1930 a
1706 1872 1873 1932 ommissis·
1918 1908 1920 1925 .

1183 1962 1415 2038 sumseruntur.
1439 1958 1593 2038 Deinceps
1616 1958 1796 2019 seductores
1818 1955 1874 2017 illos

1184 2047 1319 2127 depingit
1331 2046 1432 2107 colore
1443 2043 1674 2105 similitudinum
1689 2041 1874 2125 quarundsm

1183 2132 1367 2214 Hujusmodi
1391 2133 1470 2192 enim
1496 2140 1627 2211 quatuor
1652 2129 1791 2203 adducit,
1813 2148 1874 2210 qus·

1183 2240 1249 2279 rum
1265 2219 1340 2281 hoec
1362 2220 1458 2300 prima
1473 2228 1527 2293 est,
1551 2236 1651 2299 eaque
1674 2217 1745 2279 sols
1767 2219 1876 2278 etism

1184 2306 1274 2367 Petro
1298 2304 1438 2377 adducta,
1460 2303 1558 2365 verbis
1584 2303 1729 2365 nonnihil
1751 2303 1876 2373 diversi,

1186 2392 1235 2452 ubi
1260 2394 1315 2453 ait:
1346 2395 1392 2454 Hi
1411 2396 1486 2452 runt
1506 2391 1614 2468 sontes
1634 2393 1709 2452 sinc
1731 2397 1877 2469 opum

1183 2480 1318 2541 nebulus
1333 2475 1400 2555 (seu
1415 2474 1525 2551 nubes)
1540 2478 1727 2539 turbinibus
1742 2480 1875 2554 scopitu-

1185 2574 1244 2626 ιρι.
1267 2568 1344 2626 Pro:
1359 2566 1642 2643 circumferuntur,
1660 2564 1781 2644 Regius
1795 2562 1876 2624 codor

1185 2652 1274 2712 habet
1284 2675 1290 2712 :
1302 2654 1524 2731 conseruntur,
1537 2650 1621 2732 quod
1632 2659 1784 2712 consensi
1798 2648 1875 2711 Grae·

1186 2760 1236 2799 co:
1253 2729 1512 2817 παραφερόμεναι,
1526 2736 1607 2817 qnod
1618 2737 1650 2798 in
1663 2737 1775 2799 eodem
1788 2735 1876 2797 codice

1185 2827 1283 2904 Regio
1296 2825 1412 2906 legitur,
1429 2831 1459 2885 ot
1471 2826 1501 2884 in
1513 2823 1579 2884 aliis
1593 2825 1761 2885 nonnullis.
1778 2824 1875 2906 Quam·

1187 2932 1277 2993 quam
1286 2911 1317 2973 in
1327 2913 1459 2992 plurimis
1472 2919 1534 2972 est:
1545 2903 1875 2991 repromittentium

1186 3001 1471 3077 circumferuntur,
1503 3018 1593 3078 qnsm
1621 3019 1681 3060 nec
1712 2999 1876 3060 dubitamus

1186 3088 1333 3147 veriorem
1341 3105 1407 3147 esse
1416 3084 1581 3146 lectionem.
1598 3085 1705 3147 Nubes
1713 3090 1784 3146 sinc
1794 3102 1877 3162 nouo,

1187 3171 1309 3252 quidam
1326 3174 1563 3253 interpretantur
1578 3171 1648 3231 illos
1666 3173 1738 3244 dici,
1760 3170 1840 3252 qnod
1852 3189 1878 3230 ιι

1188 3258 1289 3319 dicant
1318 3257 1495 3339 Apostolos,
1526 3278 1619 3337 quum
1649 3258 1728 3319 nihil
1760 3258 1880 3319 habssct

1188 3346 1311 3425 spiritns
1335 3345 1500 3425 apostolici.
1523 3344 1603 3405 Nom
1619 3343 1767 3425 Apostoli
1783 3342 1879 3405 alieubi

1188 3433 1220 3493 in
1244 3430 1397 3511 Scriptura
1421 3451 1473 3513 per
1495 3431 1594 3492 nubes
1616 3431 1835 3512 significantur,
1853 3438 1879 3488 ut

440 3516 589 3598 quomodo
612 3517 701 3577 vertit
725 3514 871 3575 interdum
886 3516 1028 3595 vulgatus
1045 3519 1131 3576 inter·
1188 3518 1252 3580 Jes.
1274 3516 1302 3590 ό,
1319 3521 1347 3579 6.
1371 3526 1401 3577 et
1425 3521 1453 3592 6,
1469 3519 1497 3576 8.
1529 3516 1598 3591 Alii,
1622 3518 1707 3597 qnod
1730 3539 1816 3580 mure
1836 3535 1879 3576 ιι-

440 3624 519 3684 pres,
542 3603 700 3664 utPsalm.
718 3607 761 3663 2:
789 3603 888 3678 Rupes
911 3621 961 3661 eos
984 3604 1018 3663 in
1044 3607 1133 3680 uirpu
1187 3604 1278 3678 bium,
1302 3606 1431 3683 quaein
1455 3604 1590 3683 pluvium
1611 3625 1674 3665 non
1688 3605 1879 3670 resolvuntur.

439 3692 558 3768 ferreo,
582 3698 613 3749 et
635 3692 700 3750 22:
728 3690 889 3752 Dominus
910 3692 990 3766 repit
1012 3710 1078 3765 mc,
1105 3697 1135 3749 ct
1188 3690 1332 3751 inducant
1348 3690 1513 3771 caliginem,
1528 3690 1678 3753 videlicet
1691 3694 1814 3765 erroris,
1836 3708 1879 3751 oss

441 3777 522 3840 nibil
533 3778 612 3837 mihi
622 3778 729 3837 deerit.
746 3775 836 3855 Quod
848 3785 970 3836 secutus
984 3778 1133 3849 Erasmus,
1188 3785 1339 3858 praestent
1353 3775 1541 3858 refrigerium
1557 3778 1788 3842 consolationis.

442 3866 484 3925 ita
519 3865 745 3943 paraphrastice
779 3865 869 3923 vertit
906 3863 984 3924 hunc
1021 3862 1133 3923 locum:
1232 3863 1327 3925 Nobis
1357 3883 1463 3924 sensus
1492 3863 1544 3924 ille
1571 3866 1708 3926 maxime
1737 3866 1880 3946 probator,

441 3954 558 4027 Suopte
582 3951 679 4011 ductu
701 3950 897 4027 arbitrioque
921 3952 1077 4025 oivcntcs‚·
1103 3948 1133 4009 id
1188 3969 1277 4029 quom
1295 3950 1492 4011 indicavimus
1514 3950 1709 4031 insuperiori
1731 3953 1776 4014 sd
1794 3951 1880 4012 locun

441 4039 520 4098 enim
537 4045 591 4111 est,
613 4045 707 4097 semet
722 4039 805 4112 ipsos
820 4042 969 4112 repentes,
994 4035 1134 4096 videlicet
1189 4037 1223 4096 B.
1249 4037 1333 4097 Petri
1358 4038 1584 4109 commentario,
1608 4046 1777 4118 propterea
1799 4037 1881 4099 ialsos

439 4122 553 4183 nullius
576 4142 715 4203 parentes
738 4124 877 4203 imperio,
899 4122 962 4197 sed,
986 4121 1134 4203 quidquid
1188 4125 1347 4202 magistros
1363 4123 1463 4183 vocari
1478 4122 1576 4183 nubes
1588 4128 1658 4185 sinc
1674 4144 1778 4203 aquo,
1794 4126 1881 4192 idest

440 4210 514 4290 ipsis
540 4208 712 4270 collnhitum
740 4218 798 4281 est,
826 4217 957 4290 egentes.
996 4209 1133 4268 sivero
1188 4209 1281 4269 nubes
1296 4210 1381 4270 leves
1396 4229 1432 4270 ac
1443 4208 1566 4282 steriles,
1582 4211 1659 4290 quia
1671 4212 1812 4291 pluviam
1824 4230 1879 4295 pro

439 4295 594 4378 plerisque
609 4298 706 4377 magis
725 4296 842 4375 placet:
862 4302 1036 4372 poscentes,
1061 4316 1132 4375 quo·
1188 4297 1310 4356 mittunt
1326 4316 1416 4358 verae
1432 4315 1469 4354 ac
1484 4294 1623 4357 salutaris
1640 4296 1812 4370 doctrinae,
1835 4315 1880 4358 nec

439 4381 528 4444 modo
547 4392 652 4443 noster
667 4381 828 4454 transtulit,
850 4381 930 4462 quod
946 4402 1066 4444 sensnm
1082 4381 1132 4441 ha·
1188 4390 1287 4441 tamen
1318 4383 1468 4443 exhibent
1512 4382 1592 4443 Nom
1622 4383 1797 4447 doctrinam
1826 4403 1881 4446 cun

438 4469 490 4530 bet
505 4470 642 4546 obrium3
665 4470 741 4529 acsi
758 4468 836 4527 dicat
854 4468 1033 4547 Apostolus:
1057 4468 1134 4529 Cum
1188 4487 1270 4547 aqna
1292 4476 1322 4528 et
1338 4469 1440 4545 pluvia
1464 4475 1494 4526 et
1508 4468 1592 4530 lonte
1615 4476 1799 4553 comparari,
1819 4469 1881 4533 satit

441 4555 638 4635 profiteantur
668 4575 700 4615 se
730 4556 884 4626 doctores,
922 4575 1049 4633 quorum
1080 4562 1134 4628 est,
1187 4554 1327 4634 frequens
1337 4563 1383 4615 est
1395 4556 1425 4615 in
1437 4556 1527 4615 sacris
1538 4554 1657 4634 literis3
1674 4560 1812 4621 ntDeut
1825 4562 1881 4623 32:

439 4661 565 4722 pascere
573 4642 716 4722 populum
731 4640 823 4701 verbo
835 4641 902 4714 Dei,
918 4642 1000 4720 ipsos
1014 4641 1133 4721 quidem
1189 4643 1376 4704 Concrescut
1404 4648 1441 4702 ut
1466 4641 1583 4716 pluvio
1615 4644 1775 4708 doctrino
1805 4663 1882 4720 mso3

440 4726 591 4788 auditores
614 4747 685 4788 snos
706 4747 764 4787 non
788 4735 924 4806 pascunt,
949 4727 1005 4788 sed
1027 4737 1134 4788 nocant
1186 4729 1269 4806 flunt
1298 4735 1333 4789 ut
1361 4748 1414 4788 ros
1443 4727 1605 4805 eloquium
1637 4751 1772 4813 msum3
1806 4732 1883 4813 guoti

438 4833 592 4875 venenoso
627 4813 754 4893 pabulo;
790 4824 884 4873 semet
917 4815 997 4893 ipsos
1031 4823 1132 4874 autem
1187 4815 1285 4874 tmbcr
1311 4833 1406 4892 super
1431 4814 1578 4891 borbum,
1613 4826 1646 4880 ct
1673 4826 1770 4900 quusi
1795 4821 1883 4884 stillet

441 4900 600 4961 carnaliter
620 4918 656 4959 sc
675 4898 804 4962 delicate
826 4909 957 4981 pascunt
979 4902 1131 4979 impensis,
1185 4920 1280 4978 super
1294 4904 1466 4978 prumino,·
1482 4902 1554 4962 item
1571 4902 1671 4968 Josn.
1690 4913 1743 4972 4.:
1773 4912 1831 4993 Qui
1844 4908 1882 4967 bi-

440 5005 516 5068 quae
530 5007 549 5046 a
564 4986 625 5047 suis
639 4984 824 5048 auditoribus
845 4987 997 5069 accipiunt
1012 4995 1064 5047 aut
1080 5006 1130 5048 ex·
1156 5006 1159 5031 ¹
1187 4988 1267 5048 berit
1289 5006 1328 5050 cu
1350 5006 1448 5067 aquo,
1472 5006 1573 5068 quum
1597 5010 1660 5072 ιρο
1678 4997 1766 5062 dubo
1781 5002 1819 5078 si,
1839 4993 1881 5077 μ
