4442 5825
397 589 468 669 ηρ
854 645 858 653 ,
907 585 1339 644 meminissemus

393 758 478 819 doch
503 756 564 818 Sed
587 766 733 821 testantur
751 757 918 821 doctissimi
932 759 1085 822 Hebraeo·
1139 770 1172 821 et
1196 763 1300 822 riuum
1326 759 1471 821 obtulisse
1495 760 1562 823 Deo
1588 761 1621 822 in
1646 780 1714 823 seer

392 864 464 917 rum,
480 852 510 905 et
522 843 632 907 Sontes
642 845 806 923 Pagninue,
821 846 934 926 aliique
948 847 1016 925 ejus
1031 847 1085 906 lin·
1138 858 1232 928 atque
1246 848 1277 908 in
1293 867 1330 910 es
1345 865 1378 907 re
1392 857 1499 927 typum
1513 848 1646 927 gessisse
1659 845 1714 909 cto

391 949 471 1009 guae
485 931 583 1009 periti,
605 930 722 993 literam
738 938 748 981 t
765 925 861 1009 (Jod)
880 933 1007 992 otiosam
1022 951 1087 992 esse
1139 933 1275 1005 cerdotis,
1300 934 1353 1012 qui
1375 934 1415 994 ad
1438 933 1520 994 illius
1542 934 1714 997 sacrificiis

392 1036 428 1078 ao
443 1016 627 1094 redundsr03
650 1016 731 1097 quod
747 1026 778 1079 et
792 1019 893 1080 multis
915 1017 1087 1079 nominibus
1139 1019 1239 1081 dinem
1263 1019 1404 1080 obmlerit
1418 1020 1450 1080 in
1465 1038 1561 1096 coena
1575 1039 1714 1100 corpure

392 1103 551 1183 contingit,
573 1112 607 1163 nt
622 1103 726 1164 addite
741 1105 779 1164 sit
796 1104 967 1186 euphoniae
989 1105 1087 1185 gratia
1140 1107 1333 1185 sangninem
1357 1104 1450 1185 idque
1474 1106 1675 1185 significatum
1692 1126 1714 1167 e

392 1189 546 1262 duamur,
570 1192 747 1268 praesertim
770 1210 836 1251 eum
851 1191 965 1252 Psalmi
983 1192 1086 1252 metris
1140 1193 1185 1254 bis
1200 1190 1374 1253 Devidicis:
1394 1193 1444 1253 Te
1458 1211 1489 1253 es
1503 1194 1651 1254 comedet
1665 1212 1714 1255 see

391 1283 537 1348 constent,
558 1277 584 1336 ei
605 1276 795 1356 Hieronymo
817 1276 975 1339 eredimus.
997 1275 1086 1338 Unde
1140 1279 1286 1340 ordinem
1301 1279 1523 1339 Melchisedech
1537 1276 1634 1358 (quod
1649 1288 1714 1339 totu

391 1382 451 1422 non
466 1361 569 1423 habita
591 1364 707 1424 ratione
725 1362 805 1424 illius
828 1363 977 1447 literulae,
997 1365 1085 1425 inter·
1139 1367 1233 1439 retici,
1249 1363 1360 1444 quibus
1376 1363 1591 1425 abominationi
1608 1375 1654 1425 est
1666 1366 1713 1426 Mi

390 1456 490 1529 protes
512 1468 611 1528 paene
633 1468 736 1509 omnes
758 1449 799 1510 ita
816 1449 1014 1531 transferunpr
1037 1469 1085 1510 se·
1139 1450 1296 1523 orificium¹
1334 1445 1531 1529 pernegant),
1568 1471 1714 1513 asserere

390 1534 529 1596 eundem
545 1535 702 1610 ordinem,
721 1539 817 1610 jecta
833 1555 953 1598 morem
967 1554 1023 1597 seu
1038 1537 1085 1595 ri·
1139 1558 1246 1617 magno
1277 1554 1426 1597 consensu
1456 1535 1578 1597 madunt
1609 1539 1714 1600 Patres

391 1629 457 1683 tum
470 1621 700 1684 Melchisedech.
724 1620 813 1702 Quod
828 1625 905 1684 enirn
922 1621 1086 1702 Osjetsnus
1139 1623 1294 1689 Ecclesiae
1321 1620 1475 1695 doctores,
1505 1631 1566 1685 torn
1594 1623 1706 1685 Graeci

389 1709 422 1771 in
436 1709 647 1768 commentario
662 1707 848 1771 Psalmorum
864 1709 938 1788 legit
952 1718 1005 1770 aut
1019 1728 1083 1769 rer·
1139 1709 1249 1781 Latini,
1273 1716 1306 1769 ut
1324 1708 1502 1788 Cyprianus,
1524 1708 1710 1784 Ambrosius¹

389 1797 424 1855 tit
435 1813 472 1855 ex
484 1793 642 1855 Hebraeo:
658 1795 766 1872 Supra
777 1814 844 1856 rem
853 1796 1084 1870 Melchisedech,
1138 1815 1262 1877 nymus,
1285 1795 1490 1873 Augustinus,
1514 1794 1714 1875 Epiphanius,

391 1889 422 1943 et
444 1883 584 1960 exponit:
614 1881 716 1960 Supra
738 1880 937 1943 sacerdotium
960 1881 1083 1942 lielehi·
1139 1881 1525 1969 soetomus,'l'heodoretus
1549 1882 1664 1957 etalii,
1688 1903 1714 1964 qr

391 1965 508 2040 sedech,
532 1965 655 2029 audacis
678 1965 833 2046 eujusdam
855 1969 1022 2048 imperitiae
1042 1970 1084 2027 vi·
1139 1987 1311 2029 enumerare
1333 1966 1456 2047 longum
1479 1976 1538 2041 est,
1561 1976 1593 2028 et
1615 1989 1714 2030 nonu

392 2053 491 2126 detur,
514 2062 548 2113 ut
567 2056 619 2132 qui
642 2072 763 2115 sensum
788 2054 947 2133 ingesserit
962 2075 980 2115 s
996 2074 1086 2116 sensu
1139 2057 1223 2116 rium.
1246 2053 1417 2115 Sententiae
1439 2073 1541 2114 eorum
1561 2053 1669 2114 videre
1691 2075 1714 2116 er

391 2140 528 2221 Apostoli
543 2148 574 2201 et
585 2141 716 2201 omnium
733 2143 930 2221 interpretum
945 2141 1085 2202 alienum.
1139 2160 1199 2214 eos,
1215 2141 1267 2221 qni
1283 2138 1322 2200 de
1338 2140 1549 2201 controversiis
1564 2141 1714 2221 scripseru

434 2226 520 2288 Unus
537 2246 649 2301 eorum,
673 2247 751 2307 quos
766 2228 834 2307 legi,
850 2229 986 2290 Joannes
1001 2228 1084 2288 Cam·
1139 2227 1229 2288 unius
1255 2224 1404 2307 Cypriani
1434 2228 1593 2306 martyris,
1623 2230 1714 2308 sutiq‘

390 2314 492 2394 pensis
507 2323 517 2361 t
534 2305 629 2393 (Jod)
645 2315 749 2376 literae
760 2315 904 2376 rationem
915 2313 1085 2375 habendam
1139 2313 1394 2393 sanctissimique,
1424 2313 1518 2374 verba
1543 2311 1714 2395 adscripsisr

391 2402 519 2480 putavit.
542 2399 592 2461 Sic
603 2402 681 2461 enim
692 2400 785 2462 hebet
801 2403 867 2480 ejus
878 2401 1085 2482 paraphrasis:
1138 2401 1213 2462 tenti
1235 2402 1353 2460 erimus.
1381 2397 1413 2459 Is
1436 2400 1467 2461 iu
1490 2401 1575 2479 epist.
1598 2398 1638 2460 ad
1662 2398 1714 2462 Cur

394 2489 443 2549 Tu
465 2490 526 2548 eris
548 2488 694 2548 sacerdos
719 2491 967 2565 inperpetuum
989 2492 1085 2563 jecto
1139 2505 1218 2565 quae
1247 2505 1326 2546 unm.
1353 2494 1398 2547 est
1424 2489 1491 2558 63..
1520 2496 1682 2566 postquam
1712 2522 1713 2530 κ

390 2577 488 2634 situm
504 2592 524 2633 c
540 2592 588 2634 me
600 2578 837 2650 praescriptum
854 2574 1084 2636 Melchisedech.
1141 2572 1253 2633 Psalmi
1268 2572 1447 2633 versiculum
1463 2571 1512 2632 hie
1528 2573 1709 2652 allegatum:

392 2660 480 2739 Quae
506 2660 714 2740 interpretatio
744 2660 816 2722 mihi
844 2660 963 2720 videtur
987 2662 1085 2738 magis
1138 2660 1281 2720 sacerdos
1304 2662 1340 2720 in
1362 2667 1528 2720 oeternum
1549 2661 1714 2721 secundun

389 2755 494 2827 aperte
516 2745 640 2826 prodere
660 2748 838 2825 mysterium
860 2749 890 2807 in
913 2746 970 2806 hoc
993 2747 1085 2808 versi·
1139 2765 1210 2808 nem
1238 2745 1476 2818 Melchisedech,
1504 2747 1548 2807 ita
1573 2747 1714 2824 subjunxi

391 2831 460 2893 culo
477 2841 658 2906 contentum,
675 2851 765 2913 quem
782 2834 807 2894 si
822 2834 941 2894 literam
957 2842 967 2880 t
983 2833 1083 2913 negle·
1139 2832 1218 2894 ordo
1243 2835 1353 2909 utique
1379 2833 1429 2892 hic
1452 2839 1512 2907 est,
1540 2832 1579 2893 de
1602 2833 1714 2911 sacrifi«

391 2929 467 2982 ctam
482 2920 635 2982 ducamus.
658 2919 811 2999 Significat
822 2923 903 2982 enim
914 2923 1004 2980 ritum
1019 2922 1085 2980 sive
1139 2923 1268 2981 ueniens
1292 2927 1322 2979 et
1337 2920 1412 2980 inde
1428 2920 1628 2995 descendens,
1653 2940 1714 2999 qrsc

391 3007 528 3070 ordinem
544 3007 604 3068 Dei
621 3006 774 3067 voluntate
785 3011 980 3068 constitutum
995 3015 1086 3088 atque
1139 3006 1295 3067 chisedech
1306 3006 1451 3067 sacerdos
1463 3009 1524 3067 Dei
1534 3011 1650 3067 cummi
1660 3008 1714 3085 frti

391 3096 607 3177 praescriptum
630 3094 662 3154 in
676 3093 900 3155 Melchisedech
922 3092 1086 3165 secerdote,
1137 3112 1256 3170 ponem
1275 3100 1304 3152 et
1325 3096 1437 3155 vinum
1463 3093 1592 3169 obtulit,
1620 3094 1709 3171 quod

392 3201 482 3262 quem
497 3183 587 3241 ritum
599 3180 718 3242 elucere
731 3183 910 3261 oporteatin
922 3180 1085 3254 secerdote,
1138 3182 1213 3240 hcm
1229 3179 1396 3241 benedicit.
1420 3181 1502 3241 Nem
1524 3182 1594 3258 quis
1613 3184 1714 3257 mocio

392 3267 518 3332 Christo.
542 3267 652 3330 Verum
676 3269 748 3348 quia
763 3262 860 3348 neque
875 3267 983 3342 LXX,
1007 3287 1085 3349 quos
1139 3268 1195 3327 dos
1212 3268 1272 3328 Dei
1286 3269 1411 3341 summi,
1434 3285 1531 3344 quom
1547 3270 1710 3330 Dominus

391 3356 553 3437 Apostolus
575 3356 727 3437 sequitur,
749 3374 849 3434 neque
872 3356 1085 3434 Hieronymus,
1138 3356 1233 3419 Jesus
1264 3353 1427 3415 Christus?
1461 3357 1517 3430 qui
1542 3354 1714 3431 sacriflcius

392 3463 491 3523 neque
519 3442 573 3503 alii
604 3445 781 3524 interpretes
811 3463 865 3522 pro
892 3442 943 3503 illo
965 3450 976 3492 t
997 3441 1085 3504 affixo
1139 3442 1231 3502 Petri
1246 3440 1370 3516 obtulit,
1390 3449 1420 3501 et
1435 3441 1550 3502 obtulit
1563 3442 1620 3502 hoc
1636 3442 1714 3503 idem

392 3530 554 3613 quidquam
565 3528 773 3598 reddiderunt,
796 3527 850 3589 sed
865 3527 1005 3590 absolute
1019 3548 1083 3589 ver·
1139 3528 1359 3590 Melchisedech
1371 3527 1539 3603 obtulerat,
1554 3528 1655 3604 idest,
1669 3548 1714 3606 po

391 3626 488 3679 terunt
499 3640 505 3676 ι
517 3617 690 3677 secundum
700 3615 844 3677 ordinem
856 3617 1084 3689 Melchisedech,
1139 3618 1261 3690 vinnm,
1284 3633 1376 3675 suum
1391 3614 1506 3675 scilicet
1528 3633 1643 3692 corpus
1659 3624 1714 3678 etr

392 3724 454 3779 nos,
477 3724 515 3765 ee
528 3703 722 3765 translatione
744 3703 882 3775 contenti,
907 3722 1025 3764 sensum
1041 3701 1084 3763 di·
1138 3722 1221 3764 neor.
1244 3700 1376 3762 Sicilie.

393 3809 503 3862 camos,
527 3790 580 3869 qui
603 3789 725 3869 quidem
742 3787 844 3848 brevis
859 3809 895 3849 ac
911 3790 1085 3870 perspicuus
1183 3787 1301 3869 Quibus
1317 3808 1376 3849 non
1388 3806 1509 3867 possum
1522 3809 1583 3849 non
1598 3786 1712 3850 addere

393 3885 438 3939 eet
453 3875 641 3955 hujusmodi:
663 3875 842 3939 &mondum
859 3876 1004 3938 ordinem
1019 3878 1086 3936 sive
1139 3877 1253 3956 gostini
1276 3874 1373 3935 locum
1395 3893 1434 3935 ex
1449 3874 1501 3935 lib.
1527 3876 1575 3935 16.
1599 3876 1638 3936 de
1661 3877 1714 3937 civss

392 3964 634 4025 rimilitedinem
664 3962 904 4038 Melchisedech,
945 3963 1002 4024 hoc
1032 3972 1086 4035 eet,
1140 3966 1199 4035 22,
1222 3960 1273 4022 ubi
1295 3962 1427 4023 recitans
1445 3960 1609 4034 historiam,
1632 3981 1714 4041 quse

392 4069 475 4113 ruore
498 4071 534 4112 ao
555 4052 631 4126 ritu,
654 4052 707 4132 qui
729 4050 769 4110 sit
792 4050 895 4111 similis
918 4050 971 4123 illi,
997 4068 1085 4130 quom
1140 4046 1714 4122 Geues.14.devictoriahbrahse,b

392 4136 611 4200 Melchisedech
625 4136 766 4198 sacerdos
779 4135 955 4198 observasse
965 4135 1085 4217 legitur.
1140 4136 1199 4197 dit:
1219 4138 1309 4196 disne
1325 4133 1503 4195 benedictus
1514 4141 1557 4195 est
1568 4153 1589 4194 o
1601 4135 1714 4197 Melohi

436 4225 580 4307 Quaeres,
595 4225 663 4305 quis
679 4225 717 4283 eit
732 4223 785 4285 ille
801 4224 876 4285 ritus
891 4244 910 4285 a
925 4221 1084 4285 Melchise·
1139 4226 1195 4301 qni
1210 4230 1278 4282 eret
1292 4222 1436 4282 sacerdos
1453 4222 1514 4282 Dei
1528 4221 1651 4297 excelsi,
1668 4222 1709 4284 de

393 4310 468 4374 decb
490 4311 677 4386 observatus,
700 4310 739 4372 ad
761 4311 846 4390 cujus
861 4308 1086 4372 similitudinem
1140 4311 1226 4387 epist.
1257 4309 1300 4369 ed
1329 4308 1490 4369 Hebraeos
1525 4308 1628 4369 mutto
1658 4315 1690 4369 et

393 4399 526 4462 Christus
542 4397 690 4460 dictussit
706 4396 853 4461 sacerdos.
874 4397 1006 4459 Rursum
1021 4396 1084 4460 bre·
1139 4399 1318 4473 conscripto
1344 4401 1427 4456 sent.
1470 4394 1523 4455 Ibi
1549 4397 1714 4477 quippep

391 4488 469 4548 viter
483 4506 520 4547 ao
533 4486 625 4568 plane
640 4484 814 4565 respondeo,
830 4503 899 4547 eum
910 4502 978 4545 esse
988 4484 1086 4557 ritum,
1139 4486 1294 4560 oppones
1309 4483 1510 4558 socmflcium,
1527 4481 1613 4558 qnod
1628 4500 1714 4544 nunc

394 4592 452 4655 quo
476 4593 583 4655 panem
599 4580 630 4635 et
644 4572 749 4633 vinnm
772 4572 887 4633 obtulit
911 4570 994 4631 Huic
1009 4571 1086 4631 enim
1140 4570 1329 4632 Christianis
1345 4569 1479 4647 offertur
1493 4575 1559 4629 toto
1571 4568 1645 4629 orbe
1661 4576 1714 4630 ter.

393 4660 464 4722 ritui
486 4659 666 4722 simillimum
681 4667 736 4735 est,
758 4656 841 4740 quod
864 4655 1001 4720 Christus
1025 4657 1087 4738 egit
1140 4657 1350 4735 impleturque
1365 4655 1459 4727 illud,
1483 4655 1569 4732 quod
1583 4655 1714 4733 lonqep

394 4748 425 4810 in
451 4746 556 4809 ultima
577 4765 687 4820 coena,
714 4743 836 4827 quaudo
861 4746 918 4809 sub
945 4744 1032 4826 panis
1057 4751 1088 4805 et
1137 4745 1259 4822 sadum
1309 4760 1370 4819 per
1408 4743 1604 4819 Prophetom
1639 4742 1714 4806 dieii

393 4834 459 4895 riui
488 4832 645 4914 speciebus
670 4852 778 4916 eorpus
803 4851 890 4894 suum
919 4830 1029 4894 obtulit
1057 4837 1088 4892 et
1140 4832 1308 4903 Christum,
1324 4832 1380 4906 qui
1392 4828 1619 4907 somatodhec
1635 4836 1714 4892 vent

394 4920 580 4999 sunguinem.
1140 4936 1251 4980 corne:
1278 4919 1327 4979 Tu
1342 4935 1371 4977 es
1387 4916 1531 4977 sacerdos
1551 4918 1588 4976 in
1602 4923 1714 4982 oetam

436 5005 530 5068 Porro
544 5006 729 5071 sacerdotem
739 5004 962 5071 Melchisedech
976 5024 1086 5089 penem
1139 5005 1280 5069 eundum
1310 5002 1457 5067 ordinem
1486 4987 1712 5070 Melchisedech
