4442 5825
688 563 1092 647 monstruosissumam.
1125 564 1312 621 venua-⁷.
1632 570 1713 641 sei·

371 769 381 809 ι
399 745 496 811 videri
516 752 631 828 potsst3
658 743 712 806 sed
734 745 838 806 coristi
860 744 959 806 tuturo
1011 742 1087 804 hace
1109 742 1286 824 temporalia
1300 741 1416 805 meliori
1429 740 1509 803 bono
1525 750 1707 823 compenset

371 836 388 896 ri
408 833 574 896 servientes
597 835 628 894 in
650 831 739 893 modo
759 832 959 912 subjunctivo,
1013 829 1081 891 Non
1108 833 1188 891 euim
1215 839 1354 891 censetur
1376 829 1515 891 frustrari
1540 831 1708 911 promissio,

371 923 411 984 ite
431 921 543 982 Latine
566 929 684 981 vertere
706 920 809 981 liceat:
835 921 909 981 Non
931 926 960 978 te
1013 916 1134 997 quando
1157 936 1205 978 res
1227 920 1373 999 promissa
1396 918 1428 978 in
1443 916 1534 978 aliam
1553 916 1708 978 meliorem

371 1026 420 1084 eo,
443 1027 545 1086 neque
566 1014 596 1068 te
611 1007 818 1085 dereliquero.
842 1005 957 1066 Conve·
1012 1011 1220 1064 commutatur.

371 1095 497 1176 syriaca
510 1096 621 1167 versio,
637 1093 769 1155 futorum
785 1092 925 1154 reddens.
1056 1092 1085 1151 6.
1101 1093 1154 1152 Ito
1164 1099 1201 1152 ast
1213 1091 1410 1168 confidenter
1422 1090 1573 1153 dicomess.
1589 1089 1709 1153 Graece

371 1181 486 1256 andum,
510 1183 600 1243 stiam
617 1183 649 1242 in
664 1180 783 1242 Graeco
801 1177 956 1256 condupli·
1011 1179 1219 1259 participium:
1233 1166 1439 1258 bap’p‘oivcac,
1452 1179 1651 1256 confidentes.
1668 1179 1710 1239 Et

371 1273 521 1349 ustiones,
544 1288 605 1350 quo
620 1267 827 1328 vehementior
842 1267 882 1327 sit
896 1266 956 1345 pol·
1013 1267 1054 1325 ita
1069 1266 1226 1346 scripsisse
1247 1267 1448 1346 interpretem,
1471 1266 1636 1327 verisimile
1652 1273 1706 1326 eet.

371 1377 401 1434 cp
415 1364 572 1437 tamquam
584 1357 609 1416 si
623 1353 720 1415 dicat:
736 1353 830 1416 Nulla
844 1355 959 1414 ratione
1012 1351 1141 1412 Sensus:
1168 1352 1214 1413 lta
1228 1360 1263 1412 ut
1278 1372 1343 1413 cum
1366 1353 1446 1414 bona
1468 1370 1522 1433 spe
1545 1362 1576 1413 et
1596 1350 1710 1414 fiducia

371 1462 395 1503 m
419 1452 474 1515 est,
496 1451 530 1503 ut
551 1450 581 1502 te
605 1440 753 1502 deseram.
777 1440 855 1501 Nam
879 1439 958 1501 duae
1012 1441 1162 1519 possimus
1180 1438 1295 1500 dicere:

371 1547 404 1591 ve
418 1532 596 1610 negationes
612 1527 694 1608 apud
706 1528 836 1589 Graecos
851 1525 958 1588 fortius
1055 1527 1216 1587 Dominus
1231 1527 1310 1586 milti
1324 1527 1475 1605 adiutem
1497 1545 1566 1589 non
1581 1526 1706 1603 timebo,

371 1661 381 1675 ,.
412 1616 483 1697 Quo
507 1618 576 1678 item
599 1617 731 1697 pertinet
754 1613 889 1693 ejusdem
913 1633 958 1675 re·
1011 1612 1399 1691 quidfaeiotmibiltomo.
1416 1613 1707 1676 VersusestPealm.

391 1704 424 1765 in
439 1703 558 1765 duobus
581 1701 679 1764 verbis
696 1701 772 1762 idom
795 1709 849 1763 aut
862 1719 960 1783 paene
1014 1701 1093 1772 117,
1109 1719 1200 1781 quem
1214 1719 1250 1760 eo
1266 1699 1398 1775 adducit,
1413 1709 1515 1762 utnon
1527 1701 1625 1763 solum
1637 1721 1706 1762 eon·

371 1790 621 1872 significantibus.
670 1789 829 1850 Invenitur
861 1797 960 1849 autem
1011 1786 1114 1861 fidant,
1129 1788 1227 1848 Deum
1242 1789 1315 1867 ipsis
1327 1808 1387 1849 non
1403 1787 1576 1850 delaturum
1593 1790 1625 1849 in
1636 1806 1707 1868 sup·

371 1879 514 1939 rententia
543 1875 669 1937 totidem
700 1877 820 1937 omnino
845 1876 959 1946 verbis,
1011 1872 1185 1954 peditandis
1207 1874 1290 1935 vitae
1315 1877 1511 1953 necessariis3
1541 1875 1622 1958 quod
1648 1877 1711 1956 egit

371 1972 466 2025 tutata
488 1983 626 2045 persona,
649 1962 731 2044 apud
752 1962 853 2023 LXX.
869 1963 960 2022 Deut.
1012 1968 1099 2041 parts
1125 1961 1332 2042 praecedenti,
1361 1982 1465 2024 verum
1496 1982 1535 2023 ne
1562 1961 1710 2037 dubitent,

371 2051 407 2111 ibi
428 2051 529 2112 Moses
550 2051 573 2113 J
576 2068 650 2112 osus
672 2050 729 2111 sibi
753 2069 960 2112 successurum
1013 2049 1102 2108 etiam
1118 2047 1284 2129 adjutorem
1300 2067 1333 2109 se
1348 2069 1415 2111 euru
1430 2049 1595 2124 babituros,
1610 2068 1709 2112 exem·

371 2137 500 2219 npellet:
524 2139 692 2215 Dominus,
719 2140 774 2215 qui
788 2138 902 2198 desetor
917 2142 961 2196 est
1013 2134 1063 2214 plo
1078 2134 1209 2196 Doridis
1231 2131 1334 2213 (cujus
1356 2136 1409 2198 illa
1432 2146 1503 2198 sunt
1523 2135 1631 2206 verba)
1654 2135 1705 2197 ad·

371 2271 374 2291 .
389 2219 457 2303 ipise
472 2229 533 2286 erit
546 2233 647 2286 tecum
653 2246 666 2301 ,·
686 2243 754 2287 non
769 2224 905 2284 dimittet
919 2231 959 2300 te,
1012 2240 1121 2285 versus
1135 2241 1237 2284 omues
1259 2223 1405 2284 malorum
1429 2224 1580 2287 hominum
1595 2225 1709 2305 impug-

371 2313 544 2390 eeeliuqseet
565 2319 604 2373 te.
632 2311 773 2372 Habstur
794 2313 883 2372 etiam
907 2311 960 2373 Jo·
1013 2310 1158 2383 nationes,
1170 2311 1223 2390 qni
1236 2309 1606 2372 eumlacultatibusetism
1618 2312 1710 2371 vitam

393 2398 446 2460 abi
461 2400 608 2460 Dominus
631 2399 676 2460 sic
697 2417 764 2460 eum
781 2399 959 2480 alloquitur:
1012 2395 1133 2458 auferre
1148 2396 1318 2457 moliuntur.
1340 2397 1500 2478 singulare
1522 2398 1601 2458 enim
1616 2399 1709 2460 bomo

371 2486 546 2562 dimittam,
577 2505 635 2547 nee
664 2486 886 2563 derelinquam
912 2493 960 2563 te,·
1013 2504 1067 2566 pro
1093 2482 1203 2564 plurali
1227 2485 1359 2563 positum
1386 2493 1442 2545 ost.
1476 2483 1576 2545 Sentit
1601 2492 1712 2557 sutem,

371 2573 442 2635 nbis
464 2574 496 2634 in
518 2571 636 2634 Graeco
660 2573 798 2634 nonnihil
820 2570 960 2633 diversis.
1012 2590 1073 2634 non
1096 2571 1279 2644 timendum,
1305 2591 1344 2631 ne
1366 2572 1437 2633 meli
1463 2570 1598 2633 homines
1623 2571 1711 2632 nobis

371 2659 519 2741 thyleetus
534 2658 628 2722 relert
643 2658 682 2720 sd
697 2659 795 2720 locum
810 2658 834 2721 J
836 2678 878 2719 ee.
894 2663 961 2734 41.;
1014 2657 1220 2740 praevaleant,
1230 2656 1710 2740 etiamtemporeliteraffligeud03

371 2745 601 2809 itantnmmodo
620 2747 747 2826 legitur:
775 2748 847 2808 Nost
869 2746 961 2807 dere·
1015 2746 1102 2826 quasi
1126 2765 1180 2825 per
1200 2743 1258 2805 boe
1280 2744 1440 2808 admodum
1463 2747 1550 2807 nobis
1572 2752 1711 2807 noceant

371 2851 414 2894 ιιιι
429 2851 488 2895 eos.
512 2831 615 2914 Quare
634 2854 696 2895 non
718 2834 786 2908 alio,
810 2852 901 2914 quam
923 2831 962 2892 ad
1013 2832 1050 2894 Id
1071 2831 1150 2893 euim
1172 2852 1233 2892 non
1253 2831 1403 2906 futurum,
1425 2833 1493 2907 nisi,
1516 2832 1710 2915 quemadmo-

376 2920 605 2982 Deuteronomii
619 2920 809 2982 referendum
824 2929 907 3000 puto.
1015 2920 1085 2982 dum
1106 2938 1199 2999 snpra
1221 2918 1358 2995 diximus,
1382 2922 1625 3003 compensatione
1649 2939 1708 2986 me·

383 3025 523 3090 quaeres,
545 3006 696 3088 quomodo
719 3007 776 3069 buc
790 3015 871 3067 recte
887 3008 960 3068 cite·
1010 3009 1088 3086 jorie
1109 3026 1146 3067 so
1164 3006 1295 3067 melioris
1317 3006 1404 3086 boni,
1432 3007 1601 3087 cujusmodi
1623 3014 1710 3069 snut:

371 3113 445 3155 num
469 3094 532 3155 illic
554 3114 651 3158 sermo
674 3094 714 3155 sit
735 3093 774 3157 de
797 3093 907 3154 ducatu
931 3103 962 3154 et
1015 3093 1193 3155 exercitium
1215 3095 1387 3173 patientiae,
1411 3096 1550 3176 purgatio
1572 3102 1709 3176 peceato·

371 3201 410 3241 ne
431 3181 552 3263 populi,
578 3180 627 3242 bio
651 3200 724 3242 vero
749 3181 786 3242 de
807 3180 899 3241 rebus
922 3180 962 3241 ad
1015 3200 1088 3253 rum,
1103 3182 1219 3260 gratiae
1234 3190 1264 3240 st
1277 3180 1393 3260 glories
1407 3189 1607 3260 augmentum.

374 3268 560 3329 neeeemiie.
575 3266 766 3348 Respondes,
783 3266 962 3347 Apostolum
1060 3270 1087 3328 7.
1110 3266 1300 3329 Mementote
1317 3270 1575 3345 praepositorum
1589 3275 1711 3330 vestro·

371 3363 422 3414 ent
443 3353 518 3415 alibi
540 3352 653 3415 dictum
677 3362 731 3429 est,
757 3352 961 3415 accommode·
1015 3372 1100 3428 vum,
1116 3355 1173 3432 posi
1187 3355 1276 3415 vobis
1293 3355 1391 3416 locuti
1404 3363 1478 3417 suut
1494 3354 1624 3416 verbum
1638 3356 1710 3417 Dei.

371 3440 535 3522 lexipturae
545 3441 606 3515 vol,
621 3442 647 3502 si
658 3442 764 3516 mavis
776 3442 962 3514 extensione,
1016 3440 1098 3522 Quia
1128 3438 1260 3517 dixerat,
1289 3440 1428 3503 homines
1465 3460 1525 3503 non
1554 3440 1712 3517 timendos,

388 3529 494 3609 speeie
515 3530 659 3589 transitur
682 3526 721 3588 ad
742 3546 847 3609 genus.
871 3525 962 3608 Quod
1016 3530 1122 3591 iterum
1139 3529 1327 3589 occasionem
1343 3530 1445 3610 arripit
1460 3527 1639 3589 exhortandi
1650 3528 1711 3590 He

371 3611 464 3676 losse
486 3616 664 3696 promissum
684 3612 750 3688 tuit,
773 3633 834 3675 uon
856 3635 923 3675 eum
944 3635 963 3674 a
1015 3616 1125 3677 braeos
1156 3612 1195 3675 ad
1228 3614 1299 3676 fidei
1331 3617 1526 3678 comtautiam
1565 3613 1711 3677 adversus

371 3708 502 3762 mmm
525 3702 563 3762 iri
578 3703 609 3762 in
631 3700 744 3782 populo
765 3698 908 3780 regendo,
931 3700 962 3761 id
1017 3708 1243 3783 persecutores;
1265 3700 1357 3783 idque
1371 3702 1509 3784 exemplo
1525 3703 1711 3783 praeposito·

371 3786 440 3862 olus,
464 3788 502 3848 ob
518 3786 740 3849 similitudinem
756 3788 888 3863 rationis,
912 3808 962 3848 ex·
1016 3805 1226 3861 romanorum,
1243 3789 1296 3870 qui
1311 3788 1510 3852 decesserant.
1533 3789 1612 3849 Nam
1627 3787 1711 3869 qnod

383 3875 425 3935 sd
450 3893 555 3936 omnes
573 3876 689 3955 justos,
720 3881 752 3935 et
780 3873 821 3934 ad
846 3894 963 3935 omnem
1016 3877 1288 3937 mensuraverat:
1312 3877 1711 3952 Memoresestoteeomsm,

371 3959 461 4022 telem
482 3963 698 4023 necessitatem.
722 3960 869 4021 Omnibus
884 3963 963 4024 enim
1017 3964 1073 4040 qui
1092 3970 1247 4039 preessent
1263 3963 1359 4039 vobis,
1385 3982 1420 4023 ac
1442 3965 1467 4024 si
1484 3962 1523 4024 de
1539 3962 1711 4026 viventibus

377 4056 474 4128 atque
496 4049 528 4108 in
549 4049 617 4109 Deo
640 4046 860 4109 confidentibus
883 4047 962 4109 Scri·
1018 4056 1098 4110 esset
1112 4066 1220 4123 sermo,
1241 4059 1359 4130 pugnat
1372 4069 1439 4110 cum
1463 4058 1550 4130 parte
1564 4050 1712 4131 sequenti,

371 4134 963 4215 *premittuntDsuminneoessitetibus,
1017 4136 1062 4195 uti
1087 4154 1157 4196 mox
1181 4134 1357 4198 videbimus.
1388 4137 1426 4197 In
1452 4135 1568 4198 Graeco
1591 4136 1712 4217 quidem

371 4221 599 4303 temporalibus,
614 4221 789 4302 adjutorem.
814 4220 883 4302 Quo
898 4239 964 4301 per
1018 4221 1208 4303 perticipium
1220 4232 1264 4283 est
1275 4224 1441 4305 praesentis
1454 4224 1610 4304 temporis:
1622 4215 1712 4303 ἦγου·

372 4307 447 4382 llud,
470 4309 552 4390 quod
573 4308 679 4369 David
698 4310 743 4368 ait
764 4306 879 4369 Psslm.
896 4310 963 4370 3b:
1017 4299 1132 4387 μίνωνς
1155 4308 1208 4369 sed
1221 4319 1383 4391 usurpatur
1397 4309 1464 4371 loco
1479 4311 1616 4383 nominis,
1632 4312 1713 4373 sieut

371 4396 477 4474 esui3
501 4398 616 4456 etenim
632 4398 744 4473 senui3
767 4402 797 4454 et
812 4413 879 4456 noo
898 4394 964 4455 cidi
1017 4403 1049 4456 et
1070 4394 1153 4476 apud
1175 4396 1290 4458 Lucam
1313 4417 1377 4478 cap.
1399 4399 1449 4458 22.
1466 4396 1636 4477 Evangelii,
1659 4396 1712 4458 ubi

371 4480 595 4557 rdereltetssm,
607 4499 779 4544 neesemen
791 4485 963 4560 ejusquae·
1017 4502 1071 4543 nos
1085 4481 1247 4544 habemus:
1273 4485 1317 4546 Et
1332 4488 1388 4562 qui
1399 4501 1582 4561 proecessor
1596 4490 1650 4558 eet,
1667 4487 1712 4544 si·

371 4585 479 4630 senem
495 4568 538 4629 Et
549 4568 692 4631 Salomon
703 4568 794 4630 Prov.
807 4570 874 4629 10.:
890 4570 963 4629 Non
1016 4575 1069 4629 eset
1093 4570 1303 4632 ministretur.
1329 4570 1409 4632 Nam
1436 4577 1466 4629 et
1487 4569 1569 4651 apud
1594 4570 1710 4631 Plutar-

371 4661 390 4716 t
417 4657 576 4718 Dominus
598 4656 687 4734 some
708 4658 852 4719 onimom
873 4658 962 4730 justi.
1017 4654 1104 4716 chum
1137 4656 1169 4716 in
1191 4654 1292 4718 Galba
1316 4658 1359 4717 sic
1383 4655 1508 4738 iegitur:
1542 4648 1713 4736 ἡγούμενος

371 4743 467 4804 inus
477 4742 586 4804 naeth.
601 4745 645 4804 6.:
662 4745 812 4821 Quaerite
819 4745 961 4819 primum
1015 4742 1075 4822 τῆς
1094 4737 1277 4820 Γερμανίας,
1299 4743 1491 4807 Germaniae
1505 4744 1627 4805 ductos.
1649 4744 1713 4806 Hie

371 4847 398 4890 ιιι
414 4831 488 4905 Dei,
513 4838 543 4891 et
553 4832 712 4905 iustitiam
729 4833 796 4905 eius
802 4851 815 4906 ;
842 4836 872 4890 et
886 4830 962 4890 boec
1016 4838 1116 4890 autem
1139 4830 1283 4912 intelligit
1305 4831 1491 4912 Episcopos,
1514 4832 1596 4906 sive,
1618 4840 1652 4891 ut
1673 4850 1712 4893 ex

371 4915 586 4993 iedjteseasar
600 4916 695 4977 vobis.
717 4915 777 4978 Sed
792 4914 962 4996 hujusmodi
1015 4916 1142 4996 Syriaco
1168 4915 1305 4978 Gelonus
1326 4919 1432 4991 vertit,
1458 4920 1623 4980 onmes.
1658 4917 1711 4981 Sic

371 5003 480 5068 dones
490 5002 706 5084 intelligendae
712 5011 792 5078 eunt,
807 5003 866 5065 nisi
874 5003 961 5064 Deus
1016 5004 1096 5064 enim
1111 5012 1142 5064 et
1152 5002 1230 5066 infre
1244 5005 1401 5085 accipitur,
1417 5005 1470 5067 ubi
1480 5003 1567 5068 dicit:
1583 5005 1712 5069 oseam
