4442 5825
397 574 472 649 402
913 566 1313 624 commurmurantes

375 739 437 817 '8.,
465 744 518 805 ubi
539 745 635 820 heom
659 748 783 821 peceati
806 753 837 806 et
860 746 959 821 lesem
982 748 1093 806 mortis

398 852 465 893 eam
480 839 576 904 voest,
596 832 699 910 utique
722 833 825 893 mertia
842 840 991 905 aeternae,
1014 851 1092 911 quae

396 919 513 999 peceati
543 917 723 997 stipendium
753 927 816 994 est;
843 917 1092 999 quemadmodum

398 1003 460 1066 illie
475 1006 678 1085 exposuimus.

440 1089 536 1152 Porro
553 1090 635 1171 qnod
651 1090 730 1163 dixi,
753 1093 873 1152 nomine
894 1091 1010 1170 peceati
1025 1112 1091 1151 uon·

397 1179 550 1252 summati,
574 1177 652 1256 quod
669 1186 794 1238 mortem
815 1186 956 1257 generat,
979 1178 1090 1256 signiti-

397 1266 458 1325 eari
481 1273 635 1325 externum
658 1284 733 1344 opus
754 1267 888 1344 peceati,
916 1265 1043 1344 primum
1061 1264 1092 1324 id

397 1350 549 1431 colligitur
564 1370 604 1412 ex
627 1351 731 1412 eodem
747 1351 916 1430 Augustino
937 1370 1023 1410 serm.
1041 1352 1092 1413 43.

397 1437 436 1500 de
457 1437 558 1499 verbis
582 1436 719 1510 Domini,
746 1457 810 1517 cap.
837 1442 901 1510 11..
928 1436 997 1511 ubi,
1024 1456 1092 1497 eum

396 1534 466 1604 pest
480 1524 541 1586 alia
554 1524 694 1585 dixisset:
710 1525 751 1585 ln
763 1527 872 1593 auimo
884 1532 951 1599 tuo,
964 1525 1092 1602 fusien-

397 1612 474 1673 dum
490 1630 551 1672 esse
566 1612 777 1686 adulterium,
806 1611 993 1672 decrevisti?
1023 1610 1091 1670 sub·

395 1699 509 1777 junxit:
532 1702 610 1761 Jom
619 1743 630 1773 ,
654 1699 738 1775 quod
754 1699 850 1773 absit,
867 1700 893 1758 si
908 1706 937 1757 et
951 1701 1092 1758 orembra

395 1786 521 1864 [arrisit
534 1792 684 1862 operata,
710 1788 745 1845 in
769 1793 900 1846 mortem
926 1785 1092 1845 deuolutus

397 1891 435 1932 es.
473 1870 557 1931 Beda
585 1891 657 1932 voro
683 1872 715 1931 in
741 1870 829 1950 bujus
855 1871 914 1931 loci
936 1879 1091 1931 comment.

397 1980 456 2019 non
472 1958 568 2018 solum
581 1959 868 2030 consummationem,
885 1959 1091 2019 verumetiam

396 2056 511 2126 partum
527 2045 567 2105 ad
582 2063 657 2126 opus
673 2056 828 2106 externum
841 2046 952 2105 referre
964 2043 1091 2104 videtur.

397 2132 450 2191 A'it
465 2132 562 2192 enim:
590 2136 632 2193 At
655 2134 681 2192 si
696 2131 934 2193 delectationem
950 2133 1092 2207 concepti

395 2219 489 2279 eorde
501 2220 661 2297 facinoris
677 2223 771 2279 etiam
782 2227 896 2296 partus
905 2236 1029 2294 pravae
1044 2237 1091 2277 se·

396 2309 506 2383 quitur
521 2307 674 2377 aetionis,
702 2306 791 2366 uobis
803 2310 873 2381 jam
897 2308 1010 2365 mortis
1031 2308 1092 2365 reis

396 2395 497 2454 vetor
519 2394 613 2454 bostis
636 2392 780 2453 abscedit.
814 2396 916 2473 Atque
935 2391 1010 2452 haee
1026 2393 1091 2470 ejus

395 2480 489 2541 verba
505 2481 537 2539 iu
551 2481 680 2560 glossam
704 2478 885 2539 ordinariam
900 2477 997 2537 relata
1012 2486 1091 2538 sunt..

395 2567 456 2628 Sed
473 2573 505 2626 et
515 2566 614 2645 glossa
630 2565 826 2626 interlinealis
835 2573 1001 2643 perustum
1014 2584 1091 2624 aon-

395 2660 587 2716 summatum
604 2654 728 2732 exponit
743 2671 795 2731 per
810 2666 907 2712 aetum
923 2661 954 2711 et
969 2671 1089 2711 eonsue-

395 2738 539 2800 tudinem.
563 2740 691 2800 Liranus
704 2757 824 2819 quoque
837 2738 948 2799 diserte
957 2744 1089 2815 partum

393 2827 515 2904 peceati
530 2827 744 2905 interpretetur
757 2827 785 2885 in
797 2845 944 2885 consensu
952 2825 1091 2905 perlecto,

395 2917 697 2976 consummationem
714 2916 746 2973 in
768 2932 857 2992 opere
873 2911 1022 2974 exteriori.
1045 2911 1090 2973 Si-

395 2999 481 3061 milia
496 2998 588 3060 tradit
603 3001 830 3060 commentarius
846 3000 983 3060 Thomas
998 2999 1090 3078 Aqui-

394 3087 457 3148 nati
466 3084 644 3166 adscriptus,
652 3085 1090 3147 etinterreeentioresloanues

396 3172 578 3253 Gaiguueua‚
589 3172 767 3232 Franoiseus
780 3172 1009 3233 Ferardeutius.
1032 3171 1091 3231 His

394 3258 512 3322 secedit
534 3260 744 3339 antiquissima
758 3257 899 3339 Synodus
919 3259 1088 3319 Neocaesa-

393 3347 515 3421 riensis,
545 3366 624 3426 quae
653 3366 757 3406 canon.
783 3349 812 3406 4.
844 3354 1001 3426 peceatum
1031 3365 1091 3404 uon

394 3440 625 3496 consummatum
652 3434 738 3511 ponit
756 3433 788 3493 in
810 3451 862 3506 eo,
889 3432 957 3513 qui,
984 3451 1088 3491 eoncu-

396 3522 461 3600 pita
475 3520 614 3592 muliere,
630 3519 748 3579 etiamsi
765 3518 940 3579 concubitus
956 3519 1022 3595 ejus
1039 3517 1089 3578 de·

394 3605 535 3669 siderium
559 3604 687 3681 habeat,
714 3626 774 3665 nou
794 3606 934 3685 pervenit
956 3605 995 3664 ad
1020 3604 1087 3663 effe·

394 3702 482 3754 etum.
513 3691 590 3752 Nam
606 3691 712 3752 titulus
728 3693 849 3751 canonis
865 3699 925 3751 est:
949 3691 998 3751 De
1012 3709 1089 3751 eun·

393 3781 588 3856 cupiscentia
617 3798 684 3839 uon
721 3786 948 3839 consummata.
994 3776 1090 3837 Addit

393 3875 492 3926 autem
508 3885 619 3937 ennon,
643 3864 788 3944 ejusmodi
810 3864 956 3924 bominem
975 3884 1030 3943 per
1045 3862 1087 3923 di·

393 3954 493 4014 vinam
509 3953 638 4032 gratiam
653 3951 747 4011 luisse
767 3951 933 4012 liberatum.

439 4039 597 4099 Caeterum
614 4038 757 4099 adversus
769 4040 856 4098 istum
874 4037 1088 4117 expositionem

394 4135 497 4203 perata
520 4135 568 4184 eat
591 4125 731 4202 objectio.
769 4125 801 4185 Si
828 4126 908 4184 enim
931 4131 1087 4204 peecatum

393 4220 464 4272 tune
480 4211 599 4271 demum
618 4219 743 4292 generat
764 4219 904 4282 mortem,
927 4221 1087 4290 postquam

392 4317 484 4379 opere
504 4309 739 4359 consummatum
759 4297 863 4368 fuerit,
889 4307 957 4371 aut,
984 4317 1086 4357 seeun-

391 4386 462 4447 dum
493 4385 583 4457 ulios,
621 4386 652 4444 iu
682 4384 924 4445 consuetudinem
954 4385 1087 4443 venerit.

392 4490 579 4551 sensaquena
594 4469 763 4541 ridebitur,
786 4470 850 4530 solo
874 4489 1020 4530 consensu
1036 4492 1085 4529 vo·

390 4559 515 4622 luntatis
545 4557 630 4618 nulls
659 4558 803 4617 committi
841 4565 965 4636 peceato
993 4565 1086 4615 morte

391 4645 492 4725 dignu.
532 4644 621 4725 Quod
644 4643 683 4704 ad
706 4644 906 4723 pharisaicam
922 4641 1085 4703 doctrinam

390 4735 541 4812 pertinet,
563 4750 653 4811 quum
670 4748 709 4790 ex
724 4730 781 4790 hoe
797 4733 863 4808 ipso
881 4729 1026 4809 Apostolo
1042 4749 1084 4788 re·

390 4817 495 4879 tallere
511 4817 602 4878 iaaile
615 4829 667 4877 est.
704 4817 782 4876 Nam
799 4813 876 4875 infra
892 4835 956 4895 cap.
975 4819 1003 4879 3.
1020 4835 1084 4894 gra·

390 4905 466 4964 viter
482 4903 605 4965 damnat
627 4903 728 4965 zelum
754 4919 889 4962 avarum
911 4909 940 4962 et
954 4910 1084 4965 euerten-

1147 750 1176 808 4.
1207 747 1356 827 praeeipit
1385 745 1505 807 diceus:
1543 745 1714 821 Purifleate
1739 767 1745 807 1

1147 833 1287 909 duplices
1301 839 1420 894 animo.

1189 919 1385 1000 Respondent
1408 920 1518 999 aliqui,
1541 917 1745 998 propteread1

1146 1006 1208 1066 lum
1224 1015 1349 1086 peceato
1366 1013 1572 1066 consummato
1588 1006 1691 1065 martia
1706 1003 1745 1065 ed

1146 1093 1324 1166 attribuere,
1341 1092 1422 1174 qnod
1440 1094 1471 1153 in
1486 1111 1578 1172 opere
1593 1092 1731 1153 exteriori

1146 1189 1293 1260 appareat
1322 1183 1440 1259 peceati
1470 1178 1664 1252 deformitas,
1700 1198 1745 1258 qur

1147 1286 1200 1347 per
1215 1265 1289 1326 illud
1306 1270 1395 1327 etiam
1411 1266 1502 1346 eulpa
1514 1274 1665 1345 angeatur
1679 1275 1745 1327 etse

1147 1355 1207 1414 lum
1224 1353 1292 1413 aliis
1307 1352 1403 1414 detur.

1188 1439 1251 1500 Alii
1265 1441 1411 1499 rationem
1424 1439 1501 1499 hane
1516 1436 1664 1511 reddunt,
1688 1434 1745 1517 quit

1146 1535 1303 1606 steaquam
1318 1525 1410 1586 semel
1426 1528 1502 1606 quis,
1517 1525 1638 1602 abjeoto
1654 1523 1715 1585 Dei
1729 1525 1745 1583 6

1146 1633 1205 1694 quo
1221 1612 1441 1684 deterrebatur,
1469 1613 1499 1672 in
1515 1631 1591 1691 opus
1608 1612 1745 1692 peceatil

1146 1702 1236 1780 perit,
1264 1720 1324 1760 nen
1347 1708 1504 1760 contentus
1527 1708 1572 1759 est
1593 1698 1671 1759 illud
1693 1716 1745 1758 sen

1137 1789 1230 1859 aisse,
1246 1786 1299 1847 sed
1311 1785 1453 1847 audsoior
1467 1785 1565 1846 iaetus
1577 1783 1707 1846 subinde
1721 1803 1745 1844 11

1146 1873 1226 1933 unde
1253 1875 1283 1933 iu
1306 1872 1573 1951 frequentationem
1599 1883 1633 1933 et
1655 1890 1745 1931 consu

1146 1979 1211 2020 nem
1229 1959 1372 2039 peueandi
1392 1961 1493 2033 venit;
1517 1978 1578 2038 quo
1602 1959 1651 2032 fir,
1676 1965 1745 2020 utta

1145 2047 1272 2107 dueatur
1286 2046 1325 2106 ad
1340 2054 1472 2107 mortem.
1497 2044 1585 2125 Quod
1599 2066 1660 2107 uou
1676 2047 1745 2105 itae

1145 2135 1204 2212 git,
1230 2136 1256 2192 si
1278 2141 1434 2213 peceatum
1458 2135 1558 2192 animo
1581 2139 1745 2211 conceptue

1144 2230 1259 2293 matur,
1281 2240 1320 2280 ne
1335 2227 1426 2280 exeat
1445 2220 1476 2280 iu
1491 2239 1576 2299 opus.
1612 2218 1745 2280 Fauiliur

1146 2315 1268 2367 sanatur
1284 2315 1452 2386 peceatum,
1468 2308 1493 2365 si
1504 2305 1638 2366 noudum
1651 2305 1742 2367 inerit

1145 2402 1358 2472 perpetratum.
1388 2393 1514 2472 Legitur
1529 2391 1704 2472 hujusmodi
1720 2413 1745 2454 rt

1145 2481 1189 2539 sio
1211 2482 1242 2540 in
1265 2480 1493 2553 commentario,
1521 2482 1573 2560 qui
1596 2480 1628 2541 S.
1646 2479 1743 2540 Thom

1144 2568 1299 2627 scribitur:
1326 2577 1357 2626 et
1379 2576 1524 2627 eonsonut
1551 2568 1606 2639 iis,
1634 2585 1713 2646 quae
1737 2586 1745 2626 1

1143 2655 1334 2733 Augustinus
1350 2654 1381 2713 in
1405 2672 1490 2712 serm.
1506 2662 1673 2713 memorato
1691 2652 1745 2713 de·

1144 2740 1282 2813 Domini,
1306 2761 1371 2820 cup.
1388 2739 1440 2798 ult.
1479 2736 1628 2818 Congruit
1645 2742 1735 2800 etiam

1143 2828 1258 2902 sitioni,
1287 2846 1376 2907 quam
1392 2844 1483 2905 supra
1499 2825 1644 2886 dedimus.
1678 2825 1745 2887 Non

1143 2913 1265 2986 dieitur,
1287 2921 1452 2990 peceatum
1476 2922 1730 2974 consummatum

1143 3020 1218 3061 rare
1229 3007 1372 3074 mertem,
1386 3001 1458 3079 quia
1471 2999 1546 3060 facit
1559 3001 1710 3060 bominem
1718 3000 1745 3061 di

1144 3097 1253 3159 morte,
1280 3086 1334 3147 sod
1357 3087 1426 3167 quia
1448 3086 1597 3146 homiuem
1621 3088 1742 3168 reipsa

1143 3172 1181 3233 ad
1206 3182 1338 3234 mortem.
1377 3172 1467 3252 Quod
1496 3173 1534 3234 de
1556 3182 1683 3253 peceato
1710 3197 1745 3236 no

1143 3269 1345 3320 consummato
1361 3279 1420 3320 non
1432 3258 1558 3340 perinde
1569 3280 1676 3322 vorum
1692 3281 1745 3322 esu

1143 3345 1327 3406 declaratum
1343 3354 1397 3406 eat.

1186 3434 1279 3493 Porro
1295 3432 1376 3512 quod
1397 3431 1471 3492 dicit
1490 3452 1587 3494 eunou
1603 3432 1745 3496 Neaerae

1143 3519 1200 3591 sis,
1215 3539 1297 3593 enm,
1314 3522 1366 3600 qui
1381 3518 1535 3579 mulierem
1552 3523 1742 3602 concupivit,

1143 3626 1220 3684 opus
1235 3628 1295 3667 non
1318 3607 1471 3686 pervenit,
1499 3603 1605 3666 divina
1629 3609 1727 3688 gratia

1143 3691 1316 3765 liberatum,
1338 3712 1376 3753 ne
1392 3694 1440 3752 eui
1455 3691 1632 3772 scrupulum
1648 3695 1740 3755 faeiat

1142 3780 1184 3837 aie
1200 3787 1246 3839 est
1261 3779 1477 3859 accipiendum,
1494 3780 1580 3859 quusi
1592 3778 1646 3841 ille
1662 3781 1744 3842 talita

1142 3865 1320 3944 eupiseendo
1336 3886 1394 3925 non
1410 3866 1571 3925 incurrerit
1589 3876 1744 3944 peceatum

1141 3951 1218 4027 tate,
1241 3951 1294 4012 sed
1309 3971 1416 4013 sensus
1432 3955 1556 4013 canonis
1572 3963 1633 4026 est,
1648 3956 1745 4035 gratia

1141 4036 1345 4117 deputandum
1361 4056 1445 4110 esse,
1472 4038 1553 4119 qnod
1575 4062 1638 4100 non
1661 4041 1745 4102 trierit

1141 4126 1248 4184 missus
1260 4125 1370 4185 malum
1385 4125 1464 4184 malo
1477 4125 1647 4201 cumulare,
1662 4127 1693 4189 id
1709 4133 1745 4186 rel

1140 4220 1205 4271 nato
1223 4211 1320 4272 cordis
1336 4209 1540 4292 superaddere
1561 4226 1745 4292 peecatume

1140 4300 1271 4359 maxime
1286 4298 1363 4378 quoi
1388 4299 1556 4377 perpetrari
1579 4317 1744 4380 nauperes

1140 4385 1263 4445 alterius
1279 4392 1402 4464 peceato
1418 4384 1495 4444 vel'
1487 4385 1607 4462 injuria.
1631 4379 1745 4448 Undel

1139 4473 1242 4544 atinus,
1259 4472 1362 4531 volens
1374 4472 1544 4544 ostendere,
1561 4474 1652 4534 etiam
1664 4455 1745 4556 boeij

1140 4557 1220 4637 quod
1237 4560 1303 4637 quis
1315 4557 1353 4617 ab
1364 4577 1455 4638 opere
1467 4561 1586 4638 peceati
1603 4557 1744 4660 impedita

1139 4644 1177 4703 ud
1193 4646 1250 4704 Dei
1266 4647 1392 4723 gratiam
1410 4663 1474 4704 esse
1490 4665 1522 4704 re
1526 4629 1724 4721 erendum,
1712 4665 1740 4722 111Ι

1140 4732 1190 4791 22.
1206 4751 1270 4809 cap.
1289 4735 1316 4792 6.
1340 4731 1407 4790 Det
1411 4751 1438 4789 m
1451 4732 1492 4791 ita
1505 4731 1576 4792 fucit
1588 4691 1745 4808 1111111116

1138 4827 1212 4877 tem:
1246 4819 1285 4878 lt
1308 4817 1503 4877 adulterium
1526 4836 1594 4879 uon
1619 4799 1745 4908 commi}

1136 4922 1249 4964 suasor
1277 4905 1398 4983 defuit5
1425 4912 1461 4964 ut
1483 4923 1596 4966 suasor
1623 4905 1745 4994 11111111

391 4993 509 5068 uerter,
533 4991 755 5067 quaeruntur
771 4987 926 5050 cordibus.
963 4988 1083 5070 Eteap.
1134 4991 1207 5067 feei.
1242 4991 1344 5052 Locus
1365 4998 1394 5052 et
1417 4997 1540 5068 tempus
1562 4981 1692 5074 delui&
1698 4946 1745 5078 111
