4442 5825
865 591 1316 648 nnmmmmfflnmn
1734 601 1804 672 tw

356 766 522 847 praecipit,
548 774 581 827 ut
595 768 654 828 siut
669 765 800 828 faetores
823 766 923 841 serbi,
951 774 983 827 et
997 788 1057 829 non
1113 776 1226 829 storum
1255 788 1360 850 preces
1396 770 1557 850 plurimum
1594 770 1696 832 valere
1728 768 1807 850 apud

357 851 514 914 auditores
544 862 674 926 tantum,
714 861 745 914 et
774 872 854 933 qnae
883 866 1057 934 sequuntur.
1112 856 1230 928 Deum,
1257 857 1433 917 aberrantes
1457 859 1488 916 in
1509 858 1589 918 viam
1612 855 1808 932 revocandos,

358 939 486 1000 Plenius
509 953 609 1001 autem
633 950 724 1020 atque
747 941 917 1019 expressius
940 960 1004 1020 cap.
1028 941 1057 1000 2.
1112 951 1144 1002 et
1167 941 1198 1001 id
1219 962 1313 1022 genus
1338 943 1408 1003 alia.
1451 944 1518 1005 Nee
1540 944 1618 1003 male
1641 941 1807 1023 Oajetanns

357 1026 397 1086 ab
414 1045 452 1085 eo
467 1027 550 1088 loeo:
574 1027 659 1105 Quid
670 1027 835 1104 proderit,
849 1028 970 1104 fratres
985 1031 1057 1102 mei,
1111 1029 1278 1103 submonet,
1294 1028 1360 1090 libri
1373 1031 1504 1109 speciem
1520 1030 1619 1109 potins
1632 1049 1809 1111 essequam

357 1116 385 1174 si
400 1112 495 1189 fldem
512 1114 683 1192 quisdicat
699 1133 731 1177 se
745 1114 869 1189 hahere,
883 1132 980 1191 opera
996 1133 1057 1175 ou·
1110 1115 1280 1195 Epistolae3
1304 1119 1479 1197 praesertim
1495 1137 1561 1177 cum
1577 1136 1657 1191 eam,
1681 1115 1762 1197 qnod
1778 1118 1809 1176 in

356 1207 420 1259 tem
444 1220 512 1262 noa
533 1201 672 1261 haheat?
700 1211 730 1264 et
754 1211 872 1261 caetera
895 1220 993 1281 usque
1019 1200 1058 1261 sd
1110 1202 1256 1281 Epistolis
1271 1203 1335 1264 iere
1350 1213 1542 1284 perpetuum,
1566 1201 1651 1263 nulla
1667 1203 1808 1263 salutatio

356 1286 449 1347 finem
465 1290 586 1367 capitis.
620 1288 736 1350 Eodem
757 1290 887 1367 pertinet
902 1286 976 1348 illud
992 1307 1057 1368 cap.
1111 1288 1241 1350 claudat.
1279 1290 1451 1350 Verisimile
1477 1300 1537 1363 ost,
1571 1291 1712 1370 scriptam
1741 1309 1807 1349 esse

356 1375 404 1434 4.:
431 1375 549 1436 &isati
572 1375 688 1436 honum
711 1378 836 1454 facere,
863 1383 893 1435 et
912 1394 979 1437 auu
1001 1376 1057 1453 fo·
1110 1374 1323 1457 Jerosolymis,
1351 1377 1381 1436 in
1398 1397 1459 1455 qua
1475 1377 1548 1437 urbe
1564 1376 1701 1438 Jacobus
1717 1377 1805 1457 Epis·

357 1462 473 1538 otest,
486 1470 713 1538 peceatumest
728 1463 785 1522 illi.
1111 1481 1204 1541 copus
1220 1472 1301 1536 erat,
1323 1471 1353 1523 et
1368 1461 1430 1524 iere
1445 1464 1585 1524 continuo
1601 1461 1723 1524 resedit
1759 1464 1808 1524 De

1110 1555 1246 1628 tempore
1272 1549 1347 1609 nihil
1373 1551 1447 1610 eerti
1473 1549 1614 1624 hahetur,
1641 1550 1699 1610 nisi
1725 1546 1808 1629 quod

401 1632 561 1696 Caeterum
574 1634 735 1696 traduntur
747 1645 775 1695 et
788 1636 848 1696 alia
860 1635 1057 1704 saluberrima
1110 1637 1288 1710 existimem,
1305 1635 1342 1695 ab
1359 1656 1394 1696 eo
1406 1639 1547 1717 scriptam
1558 1657 1619 1696 non
1631 1636 1724 1695 multo
1736 1643 1808 1696 ante

355 1730 537 1802 praecepta3
564 1722 731 1801 cujusmodi
758 1731 841 1797 sunt,
869 1723 1056 1784 retinendam
1109 1741 1194 1782 sunm
1211 1722 1341 1794 obitum,
1364 1732 1398 1781 ut
1414 1724 1557 1785 haberent
1571 1722 1685 1783 Judaei
1699 1720 1805 1783 fideles

356 1810 389 1868 in
415 1807 550 1869 adversis
576 1811 766 1889 patientiam,
798 1810 863 1871 irae
888 1816 1056 1889 temperan—
1109 1811 1157 1869 sui
1168 1810 1306 1889 Apostoli
1318 1819 1349 1870 et
1360 1810 1504 1890 Episcopi
1515 1808 1681 1871 doctrinam
1693 1809 1806 1890 scripto

355 1893 445 1968 dam,
461 1915 656 1974 personarum
672 1897 876 1977 receptionem
891 1897 1056 1971 vitandam,
1109 1897 1329 1975 consignatam,
1352 1916 1411 1978 qua
1427 1899 1518 1958 etism
1535 1906 1604 1976 post
1620 1897 1716 1976 ipsius
1731 1917 1807 1955 mor·

356 1981 482 2060 linguae
497 1983 572 2043 vitis
587 1982 738 2055 cavenda,
758 1984 966 2064 reprimendas
989 2003 1055 2045 esse
1108 1992 1167 2044 tem
1186 1984 1413 2045 instruerentur.
1437 1985 1513 2044 Nam
1529 1983 1568 2042 sd
1580 1983 1603 2045 J
1606 1982 1718 2043 udaeos
1734 1983 1805 2043 seri·

355 2087 469 2148 pravas
496 2070 586 2131 enimi
612 2068 808 2148 cupiditates,
835 2071 966 2130 infirmos
989 2091 1053 2131 ora·
1107 2080 1191 2150 ptam
1219 2090 1300 2145 esse,
1331 2071 1427 2151 liquet
1453 2090 1492 2131 ex
1518 2073 1584 2150 ipso
1610 2072 1712 2130 statim
1740 2071 1806 2149 ejus

355 2157 437 2215 tione
452 2164 483 2215 et
499 2175 585 2218 secra
601 2160 742 2217 unctione
758 2157 984 2227 refocillandos,
1003 2158 1052 2236 jn·
1107 2156 1242 2218 exordio.

837 2523 1332 2608 111111111111.

458 2675 611 2745 Jacobus
637 2678 703 2744 Dei
731 2684 765 2744 et
792 2678 926 2744 Domini
960 2677 1066 2743 nostrl
1093 2675 1178 2743 ,lesu
1205 2674 1330 2743 Christi
1366 2693 1499 2760 servus,
1539 2672 1715 2741 duodecim
1741 2673 1802 2739 tri-

355 2780 476 2866 huhus,
506 2802 591 2869 quae
619 2789 695 2849 sunt
722 2784 757 2848 in
784 2782 1001 2868 dispersione,
1030 2781 1182 2848 salutern.
1221 2783 1254 2846 2.
1285 2779 1389 2848 Omne
1418 2778 1574 2866 gaudium
1602 2779 1802 2864 existimate,

355 2886 475 2952 fratres
502 2887 587 2972 mei,
631 2906 703 2953 oum
731 2888 996 2954 intentationes
1028 2887 1139 2952 varias
1166 2884 1350 2953 incideritis
1363 2878 1406 2972 ¹),
1449 2886 1482 2950 3.
1512 2885 1674 2970 scientes,
1715 2881 1805 2971 quod

353 2989 512 3079 probatio
554 2991 631 3058 fidei
670 2998 801 3057 vestrae
841 2991 1037 3079 patientiam
1074 2997 1242 3078 operatur.
1298 2994 1332 3055 1.
1362 2990 1530 3057 Patientia
1567 2995 1678 3056 autem
1720 3007 1803 3075 opus

353 3094 541 3184 perlectum
569 3094 684 3181 hahet,
713 3102 750 3163 ut
777 3097 850 3162 sitis
876 3094 1019 3184 perlecti
1048 3100 1082 3162 et
1108 3095 1249 3183 integri:
1277 3096 1312 3162 in
1338 3096 1429 3162 nullo
1458 3093 1661 3160 deficientes.
1705 3092 1737 3158 5.
1767 3091 1803 3158 Si

355 3201 429 3290 quis
458 3207 570 3267 antem
599 3207 743 3268 vestrurn
771 3201 899 3287 indiget
926 3200 1110 3287 sapientia,
1138 3200 1286 3287 postulet
1312 3221 1331 3265 a
1358 3199 1454 3285 Deo,
1482 3199 1537 3287 qui
1566 3197 1623 3263 dat
1652 3194 1803 3264 omnibus

355 3305 551 3390 affluenter,
593 3311 627 3371 et
662 3326 729 3372 non
765 3294 1022 3392 improperat²);
1060 3311 1094 3371 et
1122 3303 1257 3371 dabitur
1291 3306 1332 3371 ei.
1389 3306 1421 3370 6.
1450 3304 1605 3370 Postulat
1632 3306 1742 3369 autern
1770 3302 1804 3367 in

354 3409 420 3476 fide
448 3409 531 3475 nihil
558 3408 747 3494 haesitans3
789 3411 845 3497 qui
873 3410 958 3475 enim
987 3409 1153 3496 haesitat,
1191 3408 1306 3475 similis
1334 3414 1385 3475 est
1411 3408 1527 3475 fluctui
1555 3408 1671 3491 muris,
1700 3406 1756 3493 qui
1784 3425 1804 3470 a

353 3519 457 3581 vento
486 3519 638 3579 movetur
666 3520 700 3579 et
728 3514 975 3597 circumfertur3
1028 3515 1062 3579 ’1.
1089 3533 1156 3580 non
1184 3533 1263 3599 ergo
1292 3514 1447 3579 aestimet
1474 3511 1573 3577 homo
1601 3511 1676 3596 ille,
1712 3508 1801 3597 quod

354 3617 502 3704 accipiat
529 3617 655 3705 aliquid
683 3638 702 3683 a
728 3618 882 3684 Domino.
939 3621 971 3685 8.
999 3617 1061 3684 Vir
1089 3616 1215 3705 duplex
1235 3618 1343 3684 animo
1371 3618 1561 3683 inconstans
1589 3622 1640 3682 cst
1666 3616 1700 3681 in
1729 3633 1800 3679 om·

353 3720 455 3790 nibus
481 3722 544 3787 viis
580 3724 658 3788 suis.
715 3725 747 3789 9.
777 3720 947 3789 Gloriatur
975 3729 1084 3790 autem
1114 3722 1216 3789 irater
1243 3723 1374 3789 humilis
1410 3724 1443 3787 in
1479 3721 1683 3787 exaltatione
1721 3737 1800 3804 sua3

357 3828 417 3893 10.
447 3824 540 3891 dives
569 3832 679 3892 autem
707 3828 740 3893 in
768 3827 955 3894 humilitate
988 3846 1064 3913 sua,
1092 3828 1245 3914 quoniam
1275 3828 1361 3893 sient
1387 3826 1448 3891 tlos
1476 3825 1564 3891 foeni
1591 3810 1800 3907 transibit³);

359 3934 418 3997 11.
447 3935 582 3996 exortus
610 3936 661 3995 est
689 3933 775 3997 enirn
802 3932 852 3996 sol
879 3950 953 3998 cunr
981 3930 1117 4015 ardore,
1159 3937 1194 3997 et
1222 3930 1361 3997 arefecit
1389 3929 1540 4013 foenum,
1581 3934 1615 3994 et
1642 3928 1703 3994 flos
1730 3931 1802 4014 ejus

355 4032 485 4101 decidit
519 4039 554 4099 et
590 4032 692 4101 decor
727 4036 838 4102 vultus
876 4038 946 4122 eius
984 4034 1145 4123 deperiit3
1186 4035 1235 4101 ita
1272 4041 1306 4100 et
1343 4032 1436 4100 dives
1473 4034 1505 4099 in
1532 4030 1707 4099 itineribus
1735 4032 1802 4099 suis

354 4143 554 4205 marcescet.
612 4139 669 4204 12.
697 4139 824 4206 Beatus
859 4139 928 4226 vir,
969 4142 1025 4229 qui
1051 4139 1166 4207 suffert
1201 4141 1419 4206 tentationem
1429 4126 1472 4224 ⁴),
1514 4139 1686 4225 quoniam,
1729 4157 1803 4204 cum

353 4240 520 4332 probatus
547 4242 666 4329 luerit,
695 4245 839 4331 accipiet
868 4265 1021 4311 coronam
1048 4246 1161 4331 vitae,
1196 4264 1292 4333 quam
1321 4245 1510 4332 repromisit
1537 4242 1630 4310 Dens
1657 4240 1801 4329 diligen·

353 4345 448 4415 tibus
474 4336 557 4429 se⁵).
616 4348 673 4413 13.
701 4349 825 4435 Nemo,
854 4369 927 4417 cum
956 4353 1124 4434 tentatur,
1166 4348 1275 4435 dicat,
1304 4350 1457 4436 quoniam
1486 4367 1507 4413 a
1533 4347 1607 4414 Deo
1636 4350 1801 4430 tcntatur;

353 4452 451 4519 Dcus
488 4454 573 4518 enim
610 4452 793 4519 intentator
829 4453 986 4519 malornm
1016 4458 1085 4537 est,
1123 4454 1195 4540 ipse
1232 4458 1342 4520 autem
1376 4456 1539 4520 neminem
1568 4457 1686 4518 tentat.
1744 4454 1801 4513 11.

352 4556 591 4643 Unusquisque
624 4576 705 4623 vero
739 4563 888 4625 tentatur
922 4577 942 4623 a
976 4557 1247 4645 concupiscentia
1282 4576 1342 4622 sua
1382 4555 1572 4624 abstractus
1599 4562 1633 4621 et
1660 4554 1802 4621 illectus.

358 4664 419 4730 11.
447 4658 579 4727 Deinde
607 4662 894 4749 concupiscentia,
923 4681 997 4729 cum
1025 4662 1239 4750 conceperit,
1278 4662 1367 4748 parit
1393 4665 1589 4748 peccatum
1625 4663 1802 4745 peccatum

352 4785 455 4851 vero,
496 4784 569 4831 curu
599 4772 859 4833 consummatum
895 4766 1013 4853 luerit,
1047 4773 1189 4853 generat
1215 4771 1355 4832 mortem
1369 4754 1406 4849 ⁶).
1465 4767 1521 4832 16.
1550 4764 1661 4830 Nolite
1689 4762 1801 4849 itaque

462 4972 696 5042 ι)1111111.1,11.
720 4979 948 5043 Romanae.
983 4974 1115 5045 'Justth
1135 4979 1160 5037 7,
1182 4980 1221 5030 11.
1240 4978 1314 5031 llarc.
1336 4979 1376 5040 11,
1395 4980 1436 5031 24.
1471 4973 1669 5041 11111111.
1694 4974 1742 5025 sir.
1763 4975 1804 5040 14,

355 5046 654 5113 111111111111.
687 5044 713 5112 ⁴)
730 5048 820 5103 llatth.
838 5049 863 5113 1,
883 5049 923 5102 11.
946 5050 1023 5115 spec.
1041 5051 1066 5115 1,
1085 5050 1125 5101 19.
1144 5060 1198 5114 seq.
1233 5043 1366 5115 ⁶)tlim.
1385 5048 1453 5114 1,1.
1487 5043 1705 5115 1)11111.1,11.
