4442 5825
860 596 1313 657 umoremssssnncosr.
1729 605 1804 681 psi

373 774 436 856 Ιώ
447 782 498 837 ast
512 794 641 856 operas,
664 794 720 837 neo
734 777 903 856 praesentis
919 777 1059 851 instituti,
1110 795 1172 857 quo
1187 773 1329 837 studiosis
1351 794 1455 837 ansam
1471 774 1611 837 dumus
1629 772 1808 856 inquirendi,

374 868 475 925 mun
504 863 557 926 bio
581 861 669 925 uobis
698 863 829 925 sufficiat
856 863 1057 936 admonuisse,
1111 863 1189 944 quid
1202 862 1242 924 ad
1258 883 1295 924 aa
1309 862 1486 944 responderi
1500 871 1609 943 posset

664 1066 752 1136 uste
775 1064 960 1134 missotti!
983 1066 1063 1134 ESSE
1086 1064 1279 1133 emolluit!
1302 1065 1498 1134 sotrum.

404 1208 452 1270 Du
469 1208 529 1269 bac
543 1207 684 1289 Epistola
705 1208 803 1271 fuisse
825 1208 990 1289 aliquando
1007 1209 1060 1269 du·
1115 1209 1206 1280 ribus,
1222 1217 1252 1267 et
1264 1228 1326 1268 uon
1342 1228 1381 1268 ax
1396 1207 1454 1269 fide
1464 1217 1587 1283 tantum,
1600 1216 1703 1270 contu
1720 1229 1809 1288 qnam

371 1294 506 1368 weram,
534 1315 573 1357 su
595 1296 691 1356 saona
710 1296 796 1357 libris
818 1307 898 1357 esset
920 1314 1060 1355 anuume·
1114 1295 1246 1368 Paulus,
1273 1296 1388 1368 nteit,
1416 1295 1521 1356 docuit
1546 1298 1577 1356 in
1596 1296 1744 1376 Epistolis
1770 1294 1809 1355 ad

371 1381 474 1455 nuda,
484 1383 549 1461 hm
565 1381 767 1444 intelleximus
783 1403 821 1444 ex
837 1382 937 1443 verbis
951 1382 1058 1442 Hiero·
1113 1382 1199 1443 Rom.
1216 1390 1249 1442 et
1264 1380 1303 1441 sd
1318 1379 1435 1456 Galat,
1452 1383 1602 1462 justitiam
1624 1391 1756 1443 statuens
1771 1401 1810 1443 ex

371 1470 445 1551 ιμ’
473 1487 570 1549 supra
595 1470 710 1543 citatis,
740 1472 772 1531 in
801 1469 912 1549 quibus
939 1468 1060 1540 dicitur,
1114 1468 1256 1529 lidorius
1272 1467 1417 1548 oporibus.
1454 1470 1535 1531 Hinc
1558 1472 1649 1550 igitur
1670 1490 1736 1530 eum
1752 1489 1809 1529 uec

371 1574 427 1619 ιι
446 1557 611 1636 paulatim,
634 1564 770 1636 tempore
792 1554 985 1637 procedente,
1008 1557 1059 1616 ob·
1112 1555 1253 1635 Apostoli
1269 1555 1380 1616 Jacobi
1396 1574 1462 1616 esse
1476 1566 1591 1630 censet,
1607 1577 1663 1618 neo
1678 1559 1807 1637 Aposto-

371 1644 489 1705 baisse
513 1644 733 1704 auctoritatem.
767 1642 857 1726 Quod
883 1644 974 1702 etiam
991 1652 1060 1703 aute
1112 1643 1171 1702 lico
1187 1644 1294 1722 spirita
1310 1641 1440 1721 diguam.
1473 1643 1539 1705 Imo
1555 1645 1742 1704 stramineum
1759 1663 1812 1722 per

371 1748 429 1793 m
454 1738 586 1791 tutans
612 1738 659 1792 est
687 1731 834 1792 Eusebius
859 1730 910 1790 lib.
935 1733 963 1790 2.
989 1729 1058 1789 bist.
1113 1737 1316 1808 contemptum
1328 1729 1492 1809 aliquando
1503 1733 1626 1791 vocavit
1637 1739 1668 1791 et
1680 1730 1810 1810 scripsit.

371 1836 427 1899 up.
442 1819 496 1877 22.
518 1816 664 1877 Siceuim
680 1816 718 1878 de
733 1815 925 1896 eaEpistola
940 1817 1059 1876 scribit:
1111 1815 1309 1896 Respondeo,
1336 1817 1499 1877 Lntberum
1528 1818 1699 1897 hujusmodi
1722 1836 1809 1897 argu·

371 1904 432 1967 uror
445 1903 667 1981 operiburdom
692 1912 857 1981 tamquam
873 1903 1059 1963 adulterina
1111 1911 1212 1963 mento
1235 1923 1295 1963 non
1310 1903 1478 1982 Epistolam
1501 1904 1578 1965 banc
1599 1904 1726 1985 probare
1741 1923 1808 1984 spn-

371 1994 548 2053 anonimo
569 2008 727 2066 permotio
745 1988 1060 2068 propterca‘jnds‘ee·
1112 1992 1202 2061 riam,
1218 1988 1271 2049 sed
1288 2009 1321 2049 sa
1335 1990 1432 2068 ipsum
1448 1990 1631 2052 haereticum
1646 1990 1809 2065 declarare,

371 2088 433 2152 ν,
454 2077 543 2155 quood
555 2096 624 2139 reon
639 2079 720 2140 acteo
742 2080 836 2139 molti
851 2096 889 2139 ex
904 2077 1060 2138 ueteribus
1112 2079 1181 2159 qnia
1196 2078 1330 2137 sincerae
1346 2076 1499 2139 doctrinae
1520 2080 1549 2139 in
1567 2098 1605 2139 ea
1619 2078 1748 2139 traditus
1762 2098 1810 2140 us·

371 2164 448 2227 Eine
473 2166 656 2241 Epistulae,
683 2169 763 2226 sicut
788 2184 845 2227 nec
871 2167 955 2239 ejus,
978 2182 1060 2241 quae
1114 2184 1173 2244 que
1195 2163 1271 2223 adeo
1294 2173 1459 2242 repugnet,
1486 2175 1517 2225 ut
1541 2175 1699 2245 propterea
1713 2173 1808 2226 totam

371 2250 480 2313 licitur
495 2252 625 2327 Julius,
643 2256 835 2313 mentionem
847 2252 993 2328 sociant:
1007 2259 1059 2310 ta·
1112 2251 1280 2330 Epistulam
1296 2249 1422 2328 abjiciat
1445 2260 1476 2310 et
1497 2252 1682 2313 condemnet.
1717 2251 1809 2331 Quod

371 2356 432 2399 uera
457 2357 518 2401 not
544 2341 621 2401 istas
645 2358 716 2400 eum
743 2341 874 2416 reliquis
899 2341 936 2400 irs
962 2357 1058 2415 quo-m
1112 2358 1151 2398 ue
1181 2336 1281 2398 facore
1311 2345 1470 2417 cogeretur
1499 2337 1661 2413 Calvinus,
1694 2339 1810 2411 maluit,

371 2426 509 2488 Moris
523 2426 671 2487 Ecclesiia
691 2427 818 2503 publice
839 2434 979 2501 receptos
998 2444 1058 2502 ap·
1112 2424 1251 2504 Epistola
1271 2422 1374 2497 salva,
1396 2425 1557 2485 doctrinam
1576 2426 1714 2504 justitiae
1738 2445 1808 2505 ope·

371 2513 799 2590 votommaccopnovimar.
823 2512 911 2573 Haec
926 2513 986 2572 illa.
1009 2513 1058 2585 Ex
1112 2531 1177 2571 rum
1203 2513 1233 2571 io
1256 2531 1292 2570 ee
1314 2520 1485 2572 contentam
1511 2511 1548 2571 ad
1574 2512 1666 2572 alium
1690 2531 1809 2574 sonsum

371 2600 469 2681 puibus
485 2609 586 2681 patet,
605 2620 672 2662 sam
688 2599 904 2662 dubitationem
919 2599 970 2659 vel
986 2618 1058 2678 pso·
1112 2597 1302 2677 detorquere.
1325 2598 1385 2658 Sed
1398 2618 1561 2659 nosveram
1571 2598 1809 2660 conciliationem

371 2706 459 2748 nrum
475 2687 644 2760 bominum,
662 2687 713 2747 vel
730 2706 893 2767 paucarum
908 2686 1058 2747 Ecclesia·
1111 2685 1201 2765 bajus
1227 2683 1383 2746 doctrinae
1406 2706 1474 2745 oum
1498 2706 1549 2759 ea,
1576 2706 1666 2767 quam
1693 2686 1809 2748 Paulus

371 2792 423 2837 u
449 2774 560 2850 misso,
591 2793 666 2854 quas
692 2784 792 2835 tamen
818 2775 849 2834 in
874 2793 1058 2833 communem
1112 2771 1252 2844 tradidit,
1270 2770 1348 2831 infra
1364 2793 1417 2833 suo
1433 2773 1498 2833 loco
1514 2772 1694 2834 adferemus.

371 2858 489 2924 iliarum
512 2842 718 2923 Ecclesiarum
750 2862 928 2924 sententiam
953 2877 1057 2921 conve·
1157 2858 1296 2921 &condo
1309 2859 1808 2940 objiciantLutbersoi,bancEpi·

371 2947 453 3021 rina,
476 2967 516 3008 ex
532 2967 567 3007 eo
591 2948 691 3028 palam
715 2947 898 3019 ostenditur,
923 2947 1003 3027 quod
1020 2944 1058 3007 ab
1112 2947 1230 3019 stolam,
1244 2955 1278 3006 ut
1289 2955 1370 3007 reete
1382 2950 1567 3009 commendet
1579 2968 1681 3028 opera,
1697 2958 1807 3021 tamen,

371 3033 412 3096 llo
427 3045 565 3114 tempore
578 3044 609 3096 et
624 3034 782 3116 deinceps,
805 3033 937 3096 usculis
954 3033 1057 3094 Ecole·
1112 3042 1357 3114 praetermorem
1373 3035 1596 3114 Apostolicum,
1612 3045 1724 3095 mutam
1740 3052 1808 3094 esse

371 3123 420 3196 is,
447 3141 504 3183 nso
523 3120 606 3182 ullus
628 3121 849 3183 ecclesiasticus
873 3122 999 3201 scriptor
1014 3123 1056 3181 in·
1112 3119 1151 3181 de
1166 3120 1302 3181 doctrine
1325 3120 1412 3195 fidei,
1436 3132 1464 3182 et
1478 3130 1593 3182 tantum
1610 3123 1648 3183 de
1665 3120 1808 3202 operibus

371 3211 482 3272 mitur
507 3208 566 3269 bac
592 3210 631 3269 de
656 3230 691 3270 re
724 3210 853 3288 amplius
881 3208 1057 3270 baesitasse.
1112 3209 1292 3268 concionari.
1316 3208 1435 3286 Quibus
1450 3208 1626 3289 respondeo,
1642 3229 1701 3270 uon
1717 3226 1809 3289 opera

371 3294 445 3376 Quin
459 3315 479 3356 o
494 3297 640 3357 contrario
656 3316 759 3358 omues
779 3296 895 3356 iudices
917 3295 1059 3355 librorum
1112 3304 1243 3367 tantum,
1270 3293 1323 3354 sed
1347 3304 1377 3353 et
1391 3294 1478 3354 fldem
1500 3297 1558 3356 heo
1573 3295 1713 3374 Epistola
1725 3296 1808 3356 lucu·

371 3381 535 3464 bripturee
549 3402 672 3459 sacrae,
695 3387 761 3444 sive
784 3382 856 3443 editi
872 3401 890 3440 a
906 3379 1057 3453 Consiliis,
1112 3380 1193 3442 lente
1205 3381 1424 3458 commendari3
1440 3403 1498 3441 nou
1512 3381 1608 3443 solam
1622 3383 1653 3441 iu
1665 3403 1709 3454 eo,
1727 3379 1809 3461 quod

371 3487 423 3532 n
451 3470 661 3549 generalibus,
699 3490 789 3552 quam
818 3468 1059 3549 particularibus,
1112 3469 1153 3529 ad
1180 3468 1331 3546 justitiam
1369 3479 1531 3548 utrumque
1568 3470 1709 3548 requirit,
1748 3477 1809 3527 tam

371 3565 457 3638 stoue
479 3558 571 3618 edum
593 3578 614 3618 a
635 3558 778 3618 Romanis
792 3557 968 3636 Episcopis3
995 3556 1061 3616 sire
1112 3554 1218 3628 fidem,
1245 3574 1333 3634 qoam
1349 3575 1456 3636 opera;
1483 3557 1711 3631 verumetiam,
1737 3553 1807 3616 dum

371 3641 485 3706 tbaliis
499 3642 675 3706 ortbodoxis
690 3644 881 3723 scriptoribus
896 3641 1009 3714 traditi,
1028 3649 1061 3701 ut
1114 3642 1156 3703 ait
1171 3661 1237 3720 cap.
1255 3646 1298 3702 1.:
1321 3642 1508 3704 Voluntaria
1518 3645 1629 3719 pascuit
1640 3662 1698 3705 ποι
1712 3640 1808 3702 verbo

371 3727 599 3802 dodtlusuasio,
616 3730 761 3810 Gregorio
777 3730 981 3802 Neaiouaeoo,
1000 3730 1060 3789 Au·
1113 3731 1265 3794 veritatis.
1303 3725 1391 3805 Quas
1417 3731 1583 3802 saumatis,
1609 3731 1634 3789 si
1655 3749 1717 3810 qua
1738 3728 1809 3800 alia,

371 3818 501 3898 prino,
516 3817 704 3890 Cassiodoro,
720 3816 846 3890 Isidoro,
862 3816 1060 3889 Damasceno,
1115 3834 1233 3895 prorsus
1248 3815 1426 3892 Apostolioa
1439 3825 1493 3876 est.
1530 3815 1646 3877 Sensus
1661 3817 1738 3878 onim
1753 3821 1807 3885 est,

371 3921 440 3966 tuuc
464 3902 577 3965 Jaoobi
597 3904 768 3984 Epistolam
791 3924 846 3965 suo
868 3904 988 3964 nomine
1008 3923 1060 3962 ex·
1113 3921 1202 3983 quom
1218 3920 1254 3961 eo
1266 3902 1332 3960 loco
1344 3902 1461 3981 planias
1475 3903 1707 3980 explicabimus:
1726 3902 1809 3964 Gra·

371 4009 495 4068 mm
520 3999 551 4051 ot
578 3992 703 4051 caeteris
729 3991 880 4052 canonicis
906 3990 1060 4068 scriptoris
1112 3992 1153 4050 tis
1163 3988 1353 4065 laetificavit
1368 4007 1427 4049 nos
1440 4009 1499 4066 per
1513 3990 1615 4067 fldem.
1643 3991 1712 4051 Nec
1726 3986 1810 4049 aliud

371 4085 588 4138 numeratam
596 4077 749 4138 exhibent.
775 4077 862 4156 Quae
873 4075 1009 4157 probatio
1021 4074 1061 4134 ad
1113 4076 1194 4147 vult,
1209 4095 1301 4155 quum
1318 4074 1408 4154 paulo
1424 4086 1492 4157 post
1506 4078 1565 4137 ait:
1587 4079 1742 4155 sincipite
1757 4077 1810 4137 in·

371 4171 474 4226 utam
490 4163 578 4224 tidem
593 4163 763 4224 taciendam
779 4164 889 4243 cuique
904 4162 1060 4224 catholico
1113 4165 1206 4224 situm
1222 4160 1363 4237 verbam,
1380 4164 1465 4241 quod
1478 4171 1580 4241 potest
1592 4166 1718 4226 salvare
1733 4165 1808 4223 oni·

371 4249 499 4314 aficere
514 4250 615 4312 debet.
1112 4267 1181 4310 mas
1202 4256 1330 4309 vestros.
1368 4250 1429 4312 Sed
1456 4259 1486 4312 et
1509 4251 1600 4324 illud,
1630 4249 1713 4332 qnod
1738 4248 1812 4311 dicit

402 4336 521 4398 Verum
537 4338 608 4417 quis
622 4357 682 4398 uon
695 4336 852 4398 defuerunt
865 4336 922 4397 boo
933 4336 1061 4409 saeculo,
1114 4337 1213 4396 statim
1242 4335 1280 4395 ab
1308 4336 1432 4399 exordio
1455 4339 1629 4416 Epistulae:
1658 4337 1811 4399 Probatio

371 4424 414 4506 pai
448 4423 542 4503 hujus
572 4423 734 4504 Epistolae
769 4425 974 4484 auctoritatem
1010 4431 1062 4482 aut
1114 4423 1189 4499 fidei
1215 4429 1337 4483 vestrm
1363 4428 1555 4500 patientiam
1584 4433 1754 4502 operatum
1781 4431 1812 4484 et

371 4518 600 4583 numerem,
615 4518 648 4571 ut
663 4511 813 4572 Martinus
828 4511 979 4571 Luthorus
996 4529 1060 4570 oum
1114 4529 1200 4569 mox:
1220 4510 1358 4571 Postulct
1373 4515 1527 4574 antemio
1542 4512 1622 4588 fide,
1638 4511 1720 4572 nihil
1735 4513 1812 4572 hoe·

371 4596 514 4662 moui·
528 4598 591 4657 suis
614 4597 812 4677 mquacibus,
837 4605 889 4657 sut
908 4596 1062 4658 elevarent
1115 4600 1234 4671 citano
1258 4604 1289 4656 et
1304 4617 1368 4677 cap.
1386 4599 1429 4658 5.;
1454 4600 1565 4661 Oratio
1587 4598 1661 4674 fidei
1675 4598 1814 4659 salvabit

371 4681 550 4764 lubismqus
563 4682 736 4756 redderent,
752 4692 787 4743 ut
801 4683 948 4744 Erasmus
963 4691 994 4742 et
1005 4681 1061 4742 Ca·
1115 4682 1299 4758 infirmnm,
1328 4703 1428 4745 nonne
1451 4684 1639 4746 manifestam
1660 4686 1813 4747 continent

371 4779 497 4836 mus:
523 4769 634 4831 idcirco
656 4770 790 4831 breviter
812 4772 852 4831 sd
879 4778 1063 4849 argumenta,
1115 4768 1185 4829 fidei
1209 4770 1521 4833 commendationem?
1547 4771 1608 4831 Sed
1631 4769 1699 4832 ideo
1715 4773 1813 4852 magis

371 4877 440 4944 μ
463 4876 519 4918 eos
541 4866 717 4931 moverunt,
745 4865 792 4918 est
813 4855 1061 4938 respondendum.
1116 4865 1279 4935 occupatur
1315 4859 1346 4917 iu
1383 4859 1524 4938 operibus
1558 4857 1813 4932 commendandis,

371 4943 513 5010 m
539 4943 710 5024 Epistolam
737 4944 815 5004 bano
838 4944 877 5004 ob
900 4943 930 5004 id
957 4941 1063 5019 rejicit,
1117 4942 1199 5021 quod
1214 4939 1259 5019 (ut
1271 4955 1343 5005 aute
1355 4941 1498 5018 diximus)
1511 4943 1657 5006 adserens
1669 4966 1720 5006 eos
1732 4954 1811 5026 egat,

371 5031 444 5116 pod
457 5031 610 5094 bominem
623 5031 786 5109 justificari
809 5030 917 5093 doceat
939 5050 979 5091 ex
992 5049 1061 5110 ope·
1118 5031 1172 5110 qui
1183 5027 1331 5110 neglectis
1342 5032 1529 5112 operibusax
1540 5031 1605 5094 sola
1617 5031 1678 5094 tide
1688 5032 1814 5096 alutem

1531 5131 1606 5197 lb*
