4442 5825
441 611 513 679 tel
950 600 1377 660 conuuunmsusnon.

438 782 520 843 nihil
535 779 592 841 tibi
605 779 742 858 prodeat.
780 781 856 842 Alio
877 783 905 841 si
923 799 990 842 uon
1006 781 1132 856 totana,
1185 784 1241 858 qui
1255 800 1323 844 nou
1336 783 1420 858 feeit
1429 783 1615 856 luatr'ta'om3
1640 778 1696 839 sed
1719 781 1811 858 magis
1830 778 1868 838 le

438 870 495 930 too
514 869 603 943 tube,
628 875 658 929 et
680 869 818 943 implesti
833 869 939 944 leuem
971 871 1033 947 Qui
1048 873 1133 929 enim
1185 868 1271 927 cendi
1296 879 1327 929 et
1349 867 1523 948 explicandi
1545 887 1656 939 eausa,
1679 885 1718 926 ne
1740 867 1805 944 quis
1824 867 1870 925 sibi

439 956 544 1033 dilioit
573 955 711 1016 altarum
722 998 732 1030 ,
764 955 861 1031 laeam
890 956 1034 1032 implevit
1045 1000 1055 1030 ,
1087 963 1134 1014 et:
1184 955 1316 1034 placent,
1340 964 1492 1035 tamquam
1509 956 1668 1031 justitiam
1684 951 1812 1022 fatiens,
1831 954 1872 1030 qui

439 1042 610 1103 Plenitudo
626 1042 702 1118 lauis
721 1045 847 1102 caritas.
884 1042 970 1101 Haeo
989 1043 1134 1121 Augusti·
1184 1039 1305 1101 fratrem
1330 1061 1389 1102 non
1410 1041 1518 1121 diligit
1558 1040 1643 1099 Nam
1664 1041 1784 1117 justitia
1804 1037 1871 1099 cen·-

438 1148 504 1203 nus,
520 1148 598 1209 quae
613 1126 677 1190 iere
692 1126 796 1189 eadem
812 1149 851 1189 ex
867 1127 919 1189 illo
932 1126 1018 1189 Beda
1032 1129 1135 1188 retulit
1184 1129 1285 1188 stione
1300 1129 1506 1209 prineipsliter
1516 1129 1550 1188 in
1561 1125 1734 1188 dilectione
1748 1127 1873 1195 eonabut,

436 1217 569 1277 insnum
586 1217 837 1276 commentorium.
1184 1216 1314 1294 primum
1329 1215 1399 1288 Dei,
1415 1213 1525 1276 deinde
1539 1214 1684 1296 proximi.
1711 1209 1776 1273 Cur
1789 1220 1874 1272 utu

480 1303 529 1363 Ex
551 1302 610 1362 hae
632 1310 733 1362 autem
756 1301 895 1383 Apostoli
917 1301 1052 1363 doetrins
1073 1323 1133 1362 non
1185 1304 1356 1382 proximum
1379 1305 1478 1383 potins
1493 1303 1647 1371 nominet,
1673 1319 1767 1380 quam
1781 1299 1873 1369 Deum,

437 1397 483 1449 eet
513 1408 716 1468 eonsequens,
746 1390 777 1450 in
808 1388 865 1449 hoo
891 1389 1012 1449 soeculo
1038 1391 1132 1449 meni·
1185 1392 1253 1468 ipse
1269 1408 1388 1449 oensem
1403 1387 1503 1450 reddit
1516 1389 1623 1469 eapite
1634 1388 1786 1465 sequenti,
1800 1405 1873 1445 serso

436 1475 547 1536 festum
563 1475 650 1536 nobis
666 1495 742 1549 esse,
766 1477 819 1555 qni
834 1484 905 1536 sont
918 1476 973 1536 filii
989 1476 1056 1548 Dei,
1080 1477 1134 1556 qui
1184 1476 1357 1555 penultimo,
1373 1475 1483 1536 ibidem
1498 1496 1517 1535 a
1532 1476 1624 1534 nobis
1641 1473 1852 1553 explicandam

436 1561 491 1622 filii
521 1562 647 1638 diaboli3
678 1566 731 1642 qui
758 1564 854 1643 justi,
884 1572 913 1622 et
939 1565 993 1642 qni
1020 1562 1132 1641 injusti.
1229 1564 1376 1624 Fratrem
1400 1563 1523 1641 quidem
1544 1563 1788 1640 interpretentur
1803 1558 1873 1619 cut

435 1648 534 1710 Sentit
548 1650 625 1709 enim
638 1649 662 1710 J
663 1669 785 1723 oannes,
802 1669 847 1723 ea,
863 1668 943 1730 qnae
959 1649 1040 1709 dieta
1055 1657 1133 1722 sunt,
1185 1650 1323 1722 stiannm,
1340 1648 1471 1731 eoquod
1488 1648 1659 1709 Christiani
1674 1649 1767 1707 initio
1781 1666 1814 1707 se
1825 1666 1874 1705 au·

433 1755 565 1813 peceare
582 1745 614 1796 et
628 1755 696 1797 uon
707 1754 852 1813 peecare,
873 1738 1004 1813 ditique
1019 1745 1051 1796 et
1065 1753 1134 1797 non
1184 1743 1237 1795 tuo
1259 1737 1367 1797 iratres
1389 1735 1588 1816 appellarent.
1629 1733 1749 1795 Verum
1766 1735 1816 1793 ille
1827 1744 1874 1792 un

436 1823 567 1899 diliqare
575 1868 585 1898 ,
611 1825 791 1884 certissimas
814 1842 881 1883 esse
895 1832 984 1884 notas
999 1832 1031 1883 et
1046 1824 1133 1902 signa
1184 1824 1289 1883 stricta
1304 1825 1420 1902 fratria
1435 1824 1571 1902 suceptio
1588 1841 1652 1881 non
1663 1823 1808 1881 convenit
1818 1819 1874 1879 luit

436 1910 527 1989 hujus
542 1909 740 1987 discriminis3
755 1931 816 1970 non
831 1916 932 1970 temen
948 1928 1066 1990 semper
1080 1929 1131 1969 no·
1184 1908 1259 1971 loeo.
1274 1910 1412 1989 Respicit
1426 1911 1502 1970 enim
1518 1907 1660 1969 Joennes
1677 1907 1785 1986 proenl
1798 1906 1873 1967 dubio

435 1997 483 2057 bis
499 1996 670 2073 evidentia;
687 1995 740 2056 sed
757 2004 903 2077 quantum
919 1999 1007 2075 signa
1022 2016 1132 2075 eogno·
1183 2006 1246 2056 tum
1262 1996 1300 2057 od
1317 1996 1378 2056 Dei
1398 2005 1592 2076 preeeeptum
1610 1997 1642 2055 in
1658 1996 1746 2074 legs:
1769 1995 1874 2068 Deua

435 2102 521 2145 seete
543 2102 717 2162 possumus,
742 2091 860 2143 tantum
885 2084 973 2143 οείαω
992 2083 1133 2161 judicare
1184 2087 1323 2144 amicum
1345 2102 1398 2144 sen
1420 2087 1608 2160 proximum
1633 2090 1731 2142 tuum
1757 2085 1873 2142 aiant

435 2189 490 2232 nos
512 2189 602 2250 posse
625 2169 663 2230 de
681 2170 852 2231 hominibus
876 2189 930 2250 per
953 2169 1131 2231 illediseer·
1182 2174 1308 2245 ipsum,
1339 2172 1413 2231 Lev.
1442 2174 1507 2245 19.;
1539 2181 1605 2228 tum
1638 2168 1681 2229 sd
1712 2168 1873 2228 mmdrun

433 2256 549 2319 nendis.
1184 2257 1314 2329 Christi,
1337 2258 1420 2336 quod
1436 2259 1535 2337 eapite
1550 2254 1873 2337 praecedentius&

477 2346 598 2419 Omnia,
615 2346 670 2421 qui
685 2361 753 2404 non
768 2351 812 2404 aet
823 2347 938 2418 justus,
954 2361 1023 2404 uon
1038 2349 1082 2402 ast
1094 2361 1133 2404 ae
1183 2346 1307 2404 voosvit
1320 2362 1441 2406 novum
1452 2343 1660 2417 mundatum,
1678 2342 1821 2423 qnodque
1831 2359 1871 2401 ax·

434 2434 512 2493 Deo.
528 2429 647 2491 Graeca
663 2439 693 2490 et
708 2430 837 2511 Syrisce
852 2432 896 2490 sie
910 2429 1038 2490 hebent:
1055 2431 1131 2491 Om·
1184 2439 1242 2490 stat
1264 2433 1296 2492 in
1318 2430 1487 2510 Evangelio
1507 2428 1616 2489 Mattla
1633 2431 1663 2490 5.
1681 2439 1716 2490 et
1730 2430 1818 2492 Joan
1833 2431 1871 2490 1t

432 2521 483 2580 uis
498 2537 566 2579 uon
580 2519 875 2596 fouensjustitiom
891 2524 946 2576 ate.
977 2516 1131 2577 sedidem
1184 2527 1215 2578 et
1232 2518 1280 2577 15.
1312 2517 1441 2579 Constat
1456 2526 1567 2591 eutem,
1591 2515 1641 2576 his
1656 2517 1817 2589 mandatis,
1836 2533 1871 2575 aa

433 2613 480 2666 est
502 2623 618 2665 sensus.
653 2605 723 2666 Jam
747 2607 826 2664 enim
842 2623 932 2684 supra
948 2603 1061 2663 dictum
1077 2614 1132 2678 est,
1184 2604 1315 2664 eundum
1342 2624 1440 2665 veram
1467 2605 1728 2682 intelligentiam,
1755 2603 1871 2684 praecipi

432 2691 534 2772 quod,
563 2694 619 2769 qui
642 2693 724 2768 feeit
744 2693 927 2765 justitium,
950 2695 1056 2764 justus
1079 2698 1131 2749 ast.
1184 2689 1375 2752 dilectionem
1386 2711 1447 2752 non
1458 2710 1560 2752 eorum
1576 2699 1709 2764 tentum,
1725 2694 1777 2771 qui
1788 2689 1871 2750 nobie
1911 2702 1912 2709 ¹

433 2778 474 2839 Et
496 2787 597 2838 nostre
619 2777 710 2838 lectio
734 2779 865 2838 omnium
884 2786 930 2836 est
944 2777 1131 2850 Latinorum,
1184 2796 1252 2837 oum
1269 2778 1405 2857 ejusdem
1421 2785 1491 2840 sunt
1506 2778 1673 2856 religionis,
1700 2778 1756 2838 sed
1772 2784 1800 2837 et
1813 2775 1870 2836 ilie

434 2867 526 2927 etiem
541 2864 830 2944 antiquissimorum,
853 2862 1036 2925 Tertulliani
1051 2863 1130 2925 libro
1183 2883 1249 2925 rum
1279 2867 1431 2939 omnium,
1460 2865 1552 2926 etiem
1576 2862 1750 2925 infidelium
1780 2873 1808 2925 et
1829 2865 1871 2924 ini·

434 2951 642 3031 depudieitia,
663 2954 805 3031 osp.19.,
829 2959 857 3010 et
872 2950 1016 3030 Cypriani
1033 2951 1082 3011 lib.
1100 2953 1129 3009 3.
1182 2953 1344 3026 micorum,
1374 2971 1452 3033 quos
1478 2970 1583 3012 omnes
1616 2954 1751 3032 proximi
1779 2971 1870 3011 nomer

432 3038 473 3100 sd
489 3037 665 3117 Quirinum,
688 3040 857 3099 testimonio
872 3040 970 3100 tertio.
1008 3038 1131 3117 Spectat
1183 3039 1417 3119 comprehendit
1454 3039 1553 3118 Igitur
1576 3039 1724 3116 fratrem
1750 3037 1870 3115 intellige

430 3125 507 3186 tneo
532 3110 619 3204 pers'
637 3122 676 3184 od
702 3125 934 3185 declarationem
966 3122 1129 3204 supradicti
1181 3126 1366 3205 proximum,
1392 3126 1424 3186 id
1450 3134 1504 3197 est,
1530 3124 1707 3204 quemlibet
1734 3126 1869 3185 henim

431 3212 630 3272 discriminis:
659 3213 823 3290 Quisquis,
851 3212 965 3291 inquit,
991 3229 1058 3271 non
1086 3219 1129 3272 ast
1181 3211 1258 3272 Sunt
1273 3213 1352 3273 enim
1368 3231 1471 3273 omnes
1485 3211 1624 3272 homines
1638 3212 1869 3273 intersatrstrss

424 3303 540 3374 Justue,
569 3306 598 3357 at
619 3299 776 3372 justitium
804 3316 874 3359 non
898 3299 989 3376 facit,
1016 3297 1048 3358 id
1075 3309 1128 3372 est,
1180 3308 1303 3380 propter
1318 3316 1504 3359 eommunem
1523 3308 1686 3377 petentem
1703 3299 1817 3371 Deum,
1838 3294 1869 3356 al

429 3404 523 3465 opere
541 3386 680 3463 justitiae
701 3406 762 3445 oon
786 3394 916 3458 exercet,
938 3403 1006 3446 uon
1030 3392 1075 3445 est
1090 3403 1129 3447 ee
1180 3405 1270 3467 quem
1298 3386 1387 3446 etiem
1412 3386 1490 3457 ista,
1523 3403 1604 3463 quse
1631 3384 1722 3446 nobis
1749 3385 1869 3447 omnibu

429 3472 498 3533 Deo
520 3478 627 3547 notua,
651 3470 780 3551 proinde
801 3491 858 3533 neo
880 3472 958 3531 inter
976 3471 1053 3531 filios
1069 3471 1128 3532 Dei
1181 3474 1371 3552 praecipitur,
1393 3470 1493 3532 fratris
1515 3471 1640 3532 dileetio
1655 3472 1869 3534 refermdaest

428 3557 639 3618 numerandus.
662 3559 713 3619 Ex
728 3578 789 3637 quo
801 3558 945 3638 relinquit
958 3557 1126 3635 intelligen-
1180 3558 1261 3619 Vide
1283 3577 1377 3639 supra
1399 3557 1437 3617 ad
1461 3578 1527 3637 esp.
1551 3561 1579 3619 l.
1606 3578 1690 3620 vere.
1713 3564 1745 3623 9.
1762 3556 1868 3620 etim

427 3642 514 3716 dum,
538 3644 620 3724 quod
645 3646 684 3705 sit
707 3664 745 3706 ex
768 3644 897 3717 diabolo,
920 3644 950 3704 id
971 3655 1024 3719 est,
1046 3644 1126 3706 filius
1179 3646 1218 3706 nd
1233 3647 1351 3706 initium
1367 3664 1432 3725 esp.
1448 3645 1477 3705 5.

428 3730 550 3791 diaboli.
589 3730 687 3791 Simul
710 3733 822 3806 innuit,
846 3752 905 3792 non
928 3751 981 3792 eos
1003 3732 1082 3792 solos
1107 3752 1127 3792 a
1225 3736 1273 3792 11.
1298 3735 1460 3811 Quoniam
1483 3733 1559 3791 haee
1583 3740 1629 3793 est
1656 3735 1866 3801 manteau,

425 3818 541 3878 semine
565 3817 622 3877 Dei
645 3817 761 3879 alienos
785 3835 866 3890 esse,
896 3824 928 3877 et
952 3817 990 3878 ed
1014 3817 1125 3878 dioboli
1180 3837 1277 3895 quom
1308 3819 1442 3880 audistis
1467 3819 1507 3878 ab
1532 3821 1649 3893 initio,
1679 3829 1719 3881 ut
1746 3821 1867 3896 diliootit

425 3921 528 3966 semen
543 3906 701 3983 pertinere,
719 3907 772 3984 qui
786 3905 892 3983 grevia
908 3912 1032 3984 peccate
1048 3925 1125 3965 eom·
1178 3907 1379 3967 olterutrum.
1409 3905 1570 3981 Diliyotis,
1596 3904 1739 3969 Graece:
1755 3899 1865 3984 diud-

424 3992 565 4065 mittont;
591 4010 697 4051 verum
724 3992 814 4052 etiam
841 3992 894 4071 qui
921 3991 1019 4063 boue,
1046 4012 1124 4072 qnae
1177 4008 1242 4069 μεν,
1270 3994 1459 4070 dilioomua3
1486 3990 1751 4071 quemadmodum
1776 3993 1863 4055 etlr

424 4076 525 4137 iacere
550 4076 704 4149 deberent,
728 4079 868 4138 omittunt
891 4073 986 4158 (quod
1003 4089 1122 4138 estnon
1176 4081 1315 4158 guatinas
1329 4080 1413 4159 legit,
1430 4088 1460 4141 et
1474 4077 1613 4142 nonnulli
1628 4081 1757 4142 codices
1767 4081 1863 4150 latin

424 4163 523 4224 iecere
534 4161 716 4242 justitiam),
743 4174 837 4244 atque
852 4164 906 4225 hos
922 4166 1013 4225 etiem
1029 4184 1120 4244 gene·
1175 4166 1294 4225 tametsi
1309 4166 1341 4225 id
1357 4185 1477 4227 sensum
1492 4185 1553 4226 non
1563 4174 1673 4227 mutet.
1691 4170 1862 4231 Annam&-

422 4249 478 4311 rali
504 4252 672 4323 sententis,
699 4270 759 4330 qua
782 4251 919 4312 dixerut:
951 4253 1013 4330 Qui
1040 4252 1122 4329 facit
1175 4255 1295 4312 tionem
1310 4272 1383 4312 vero
1399 4253 1476 4313 dixit
1490 4258 1794 4334 prorsnnnuntiatt
1809 4252 1863 4315 Re

419 4344 596 4415 peceatum,
621 4354 660 4398 en
682 4338 809 4398 diabolo
826 4346 878 4412 eat,
899 4337 1119 4417 comprehendi.
1174 4338 1269 4413 vobis,
1292 4339 1400 4418 inquit,
1423 4342 1644 4414 annuntiatum,
1665 4342 1862 4407 traditnmn

421 4423 497 4486 Sunt
520 4425 599 4484 enim
623 4431 748 4505 peecata
771 4423 897 4503 grandis
912 4434 1003 4504 atque
1019 4426 1118 4484 morti·
1174 4444 1243 4486 eum
1269 4428 1398 4506 primurn
1424 4425 1498 4487 laeti
1522 4427 1594 4486 estis
1623 4426 1808 4502 Christiani,
1828 4428 1861 4486 sit

420 4510 485 4571 iera
515 4530 575 4571 non
606 4509 701 4571 solum
733 4512 968 4585 commissionis,
1003 4511 1056 4571 sed
1088 4520 1120 4571 et
1173 4513 1305 4574 instituti
1321 4515 1393 4573 estis
1409 4513 1447 4574 sb
1462 4514 1562 4588 initio,
1585 4523 1622 4573 ut
1640 4534 1750 4577 omnes
1763 4514 1860 4578 nmis

420 4598 597 4658 omissionis.
1171 4600 1267 4660 vitem
1292 4597 1473 4679 diligemus,
1494 4598 1571 4661 adeo
1594 4602 1735 4680 quidem,
1757 4611 1791 4663 ut
1809 4602 1858 4661 ἡ·

464 4684 508 4744 Et
537 4688 593 4760 que·
622 4701 690 4745 nou
720 4684 826 4759 dilioit
850 4683 988 4760 fratrem
1015 4703 1116 4745 suum.
1171 4705 1206 4747 so
1223 4685 1278 4747 lilii
1294 4686 1362 4757 Dei,
1378 4685 1552 4766 Christique
1567 4686 1717 4768 discipuli
1734 4703 1858 4751 essen

419 4768 536 4849 Suppls
560 4789 598 4829 ex
620 4790 671 4843 so,
694 4768 776 4849 quod
800 4770 967 4848 praeeedit:
991 4787 1058 4832 non
1073 4780 1117 4832 est
1170 4775 1327 4851 possimus.
1354 4774 1442 4833 Haeo
1457 4774 1532 4834 enim
1549 4784 1597 4834 est
1611 4783 1731 4837 tessera
1745 4776 1857 4856 dissip

419 4872 459 4916 ee
473 4857 551 4916 Deo.
578 4855 674 4916 Addit
688 4864 788 4916 eutem
804 4855 983 4935 Apostolus:
1003 4860 1045 4918 Et
1060 4862 1116 4935 qua'
1169 4857 1266 4920 lorum
1289 4860 1372 4938 ejus,
1399 4862 1466 4940 ipso
1481 4870 1615 4923 testante
1630 4862 1727 4927 Jotn.
1745 4869 1806 4927 lt:
1825 4861 1855 4921 le

417 4958 487 5003 uon
502 4942 754 5018 dilinittroteem
769 4960 872 5014 suum,
889 4951 1115 5022 nontamquem
1168 4947 1225 5008 too
1251 4955 1441 5023 eoonoaeeut
1467 4965 1592 5022 omnes,
1622 4953 1705 5029 quie
1727 4944 1854 5029 ὀωῌ

417 5026 533 5108 eliqnid
556 5028 706 5089 diversum
730 5048 749 5087 a
772 5029 886 5106 priore,
909 5028 961 5089 illo
983 5029 1114 5092 seilicet:
1167 5037 1229 5094 mei
1251 5037 1333 5109 aetia,
1357 5038 1384 5096 ei
1404 5035 1610 5097 einnonem
1632 5039 1807 5102 mmm
1821 5030 1853 5096 d
