4442 5825
718 585 881 651 trierem
896 586 926 643 11.
942 585 1029 641 ffll'l
1045 585 1141 641 tem.
1175 585 1259 641 ms·
1281 587 1320 641 lt.
1336 588 1379 641 20.
1674 594 1749 663 8⁰8

347 762 421 829 mite
434 772 558 829 lennem
572 772 603 827 et
617 765 785 827 tornielum
806 763 905 827 lucem
920 764 1002 827 exhi·
1055 761 1193 825 ridienee
1218 762 1279 824 luci
1303 771 1333 825 et
1355 762 1539 825 olmissimue
1562 762 1625 825 diei
1651 765 1752 843 potins

347 860 363 931 t,
389 872 453 933 qne
467 859 570 915 temen
592 853 709 913 interim
725 851 868 915 utendum
884 853 931 924 sit,
951 852 1002 912 do·
1055 850 1286 929 comperandum
1298 853 1345 912 sit
1369 851 1479 932 Itaque
1491 869 1597 912 seusus
1612 857 1674 911 est:
1690 853 1751 911 Do-

347 937 599 1012 tdiesedvenint,
607 939 720 1001 olerum
728 939 852 1021 lateque
860 937 1002 999 diffusum
1055 957 1123 1010 neo,
1145 936 1280 1015 depulsis
1296 938 1393 999 noctis
1412 935 1554 1011 tenebris,
1580 938 1691 998 elarius
1706 937 1750 998 lu·

347 1046 406 1089 nen
420 1025 606 1105 praebitura.
632 1024 760 1087 Sensum
781 1025 861 1086 huuc
882 1023 1003 1086 tradunt
1055 1043 1132 1097 meu,
1156 1023 1239 1086 velut
1254 1025 1417 1086 exorientis
1437 1025 1578 1098 Luciferi,
1601 1025 1752 1086 mentibus

347 1112 508 1189 roselanus,
526 1110 664 1176 Adnmus
678 1112 821 1173 etArius.
844 1111 894 1174 Ad
913 1131 1002 1194 quem
1057 1112 1167 1172 vestris
1192 1111 1347 1192 infulgeat.
1369 1109 1407 1171 Id
1430 1118 1485 1183 est,
1509 1110 1606 1172 donec
1628 1112 1672 1171 ite
1685 1113 1751 1172 sitis

347 1200 485 1281 rpomicr
507 1201 597 1261 etism
616 1208 664 1261 est
678 1200 816 1272 Lorinue,
839 1197 1001 1280 quodcum
1055 1196 1199 1258 illustrati
1215 1198 1326 1260 lumine
1340 1197 1418 1270 fidei,
1437 1206 1471 1259 nt
1485 1197 1577 1258 nullis
1594 1196 1751 1259 dubitatio·

347 1285 558 1349 leeedentibus
578 1293 611 1348 et
628 1286 885 1368 consequentibus
901 1287 1002 1366 aptius
1056 1305 1126 1346 unm
1149 1286 1299 1365 scrupulis
1321 1285 1416 1345 enimi
1439 1286 1533 1346 vestri
1556 1285 1686 1365 emplius
1709 1287 1750 1346 iu·

347 1392 471 1437 rnorem
481 1374 627 1436 videntur.
650 1372 784 1453 Quorum
797 1383 827 1433 et
838 1374 925 1433 nobie
936 1392 1002 1434 sen·
1056 1373 1235 1452 quietentur.
1259 1371 1307 1433 Ad
1322 1372 1400 1432 hanc
1414 1371 1494 1434 enim
1505 1370 1576 1433 fidei
1590 1369 1749 1453 perlectio-

347 1460 400 1523 rtin
420 1460 528 1543 pleoet
557 1460 734 1523 Scribuntur
760 1462 840 1521 enim
861 1461 936 1520 hoec
962 1458 1002 1520 ed
1055 1478 1125 1520 nem
1146 1459 1232 1520 multi
1255 1457 1453 1532 Judueorum,
1476 1461 1530 1539 qui
1552 1458 1751 1531 erediderunt,

347 1546 457 1621 dneos,
472 1548 525 1628 qni
539 1565 578 1609 ex
592 1546 714 1626 ecrIptis
727 1547 947 1627 Prophetarum
963 1545 1003 1608 ed
1054 1545 1187 1608 nondum
1203 1554 1411 1627 pervenerunt,
1438 1547 1614 1607 nominetim
1636 1545 1690 1619 illi,
1713 1547 1752 1607 de

347 1654 409 1697 nen
423 1633 588 1714 Evangelii
610 1633 723 1695 elarius
737 1641 768 1695 et
781 1633 944 1712 perfectius
959 1634 1002 1695 in·
1057 1633 1166 1713 quibus
1181 1635 1248 1695 Aet.
1267 1633 1332 1694 17.;
1359 1633 1543 1696 Serutontcs
1557 1634 1751 1710 Scriptores,

347 1719 453 1785 ndum
468 1728 555 1783 erent
568 1719 749 1782 adducendi.
771 1721 840 1782 Hoc
856 1721 934 1782 euim
949 1728 1003 1792 est,
1055 1723 1082 1781 si
1104 1721 1179 1780 hoec
1200 1723 1247 1780 ito
1270 1738 1301 1782 sc
1323 1720 1495 1798 heberent3
1518 1720 1657 1802 quumvis
1679 1739 1753 1782 ver·

347 1806 385 1869 ud
402 1809 557 1890 seqnitur:
1057 1808 1131 1868 bum
1154 1824 1224 1867 com
1249 1809 1337 1868 omni
1359 1808 1515 1868 aviditate
1536 1810 1751 1884 aesopicum,

347 1896 462 1959 nom
477 1895 543 1957 dier
557 1894 718 1957 elucescat.
742 1893 817 1956 Vel:
832 1894 1002 1969 illucescat,
1058 1903 1091 1955 ut
1106 1891 1217 1955 ibidem
1233 1892 1352 1954 dicitur.
1376 1894 1467 1954 Fecit
1488 1895 1568 1955 euim
1592 1895 1645 1956 ille
1666 1896 1752 1957 loeus

347 1980 428 2062 legit
439 1980 574 2044 Thomas
586 1980 742 2061 Anglieus.
762 1979 923 2043 Caeterum
936 1981 1002 2041 sub·
1057 2001 1117 2041 uon
1132 1999 1237 2060 perum
1253 1980 1292 2042 cd
1307 1979 1398 2060 hujus
1412 1981 1648 2061 intelligentium.

347 2068 393 2131 di:
418 2068 517 2145 vobit,
540 2067 591 2129 vel
610 2088 665 2148 per
686 2067 833 2148 syllepsin
856 2087 896 2130 ex
918 2075 1005 2147 perte
1100 2068 1152 2127 20.
1174 2068 1244 2128 Hoc
1265 2071 1406 2144 primum
1422 2069 1643 2144 intellipentes,
1668 2069 1754 2147 quod

347 2158 466 2239 pruenti:
480 2154 674 2219 tricordibus
686 2158 802 2217 oensis.
817 2155 1003 2236 Juxtsprio-
1057 2157 1161 2216 omnis
1168 2156 1339 2232 prophetia
1349 2156 1536 2232 Scripturas
1549 2159 1688 2233 proprio
1699 2159 1753 2217 in·

347 2262 370 2305 u
393 2241 581 2304 intellectum
607 2243 702 2322 portis
722 2241 933 2323 praecedentis
956 2240 1005 2303 hio
1056 2243 1285 2318 terpretotione
1309 2259 1378 2304 scon
1407 2242 1452 2319 pit.
1489 2241 1608 2304 Pendet
1632 2243 1752 2324 pertici·

347 2329 496 2409 purificetur
510 2337 627 2409 tempus
638 2327 732 2390 futuri
746 2328 867 2401 saeculi,
883 2327 1003 2409 quando
1057 2328 1155 2408 pium:
1166 2329 1387 2404 intellipentcs,
1396 2327 1528 2391 Graece:
1541 2320 1753 2405 γινώσκοντες,

347 2418 385 2477 rin
408 2415 448 2479 ed
471 2416 580 2477 faciem
598 2415 699 2477 Deum
722 2414 906 2490 videbimus,
931 2423 1003 2476 tcm-
1057 2423 1285 2490 coenosoentes,
1310 2416 1457 2477 everbo:
1484 2416 1670 2495 benefacitis
1677 2440 1689 2496 ,·
1716 2437 1753 2478 ec

347 2522 400 2563 nm
415 2505 448 2565 in
462 2503 546 2565 olere
559 2501 619 2576 die,
640 2502 693 2564 ubi
711 2504 776 2583 jem
797 2522 857 2563 non
873 2504 913 2563 sit
927 2522 1003 2581 opus
1057 2503 1082 2562 si
1099 2501 1196 2562 dicut:
1212 2501 1396 2564 Beuefeoitis
1411 2501 1602 2565 attendentes
1617 2502 1752 2585 Scriptu-

347 2591 493 2653 ninicnlo
515 2590 705 2670 Scripturas,
731 2589 780 2651 vel
803 2588 1004 2670 propheticae,
1056 2590 1096 2648 ris
1112 2589 1332 2669 prophetarum,
1355 2591 1382 2649 si
1405 2598 1505 2651 tumen
1528 2588 1603 2651 illud
1625 2593 1752 2670 primunr

347 2674 573 2759 lxpoetolicee
594 2675 635 2736 ed
649 2675 890 2756 cognoscendum
905 2677 1003 2737 Deum
1056 2677 1209 2749 noveritis,
1237 2677 1322 2754 quod
1345 2680 1448 2739 omnio
1471 2680 1643 2755 prophetia
1665 2680 1751 2742 Seri·

347 2782 420 2845 oque
434 2764 563 2828 divinae.
585 2763 684 2826 Juxta
705 2763 831 2825 alterum
849 2782 921 2825 vero
936 2782 1002 2824 seu·
1054 2769 1172 2840 ptores
1197 2767 1350 2840 propriae
1377 2766 1582 2842 expositionis
1606 2784 1674 2827 non
1699 2772 1752 2827 ert

347 2870 382 2926 ns,
407 2870 541 2934 eumque
565 2848 809 2931 probabiliorem,
839 2851 894 2910 hee
919 2859 1004 2930 purte
1055 2849 1107 2913 Sic
1123 2852 1201 2910 enim
1217 2850 1323 2913 melius
1340 2853 1474 2927 vertitur,
1490 2851 1572 2933 qued
1589 2854 1621 2915 in
1635 2852 1752 2915 Graeco

347 2938 494 3016 puifiestur
529 2936 685 3019 proiectus
722 2946 754 3000 et
789 2939 1020 2999 incrementum·
1057 2946 1121 2999 est:
1137 2930 1218 3005 ἰδίας
1234 2931 1405 3008 ἐπιλύσεως
1419 2933 1453 3000 oi
1470 2934 1593 3016 γίνεται.
1609 2943 1753 3020 Prophe·

347 3025 388 3102 ui,
414 3029 486 3090 dum
512 3025 658 3106 paulatim
684 3027 800 3098 certior,
825 3026 943 3106 purior,
968 3044 1004 3086 cc
1055 3028 1134 3085 tiam
1172 3026 1360 3102 Scripturas
1395 3028 1481 3088 multi
1518 3029 1754 3109 interpretantur

347 3115 461 3189 leerior,
482 3113 641 3193 magisque
663 3113 808 3193 explicite
827 3109 867 3173 de
889 3111 1003 3173 Christi
1057 3112 1262 3192 propheticum
1279 3112 1472 3194 Scripturum,
1496 3125 1528 3178 et
1542 3117 1584 3177 its
1599 3116 1753 3178 trnnstnlit

347 3201 463 3264 roteriis
493 3200 642 3278 accipitur
667 3200 813 3279 cognitio,
842 3199 926 3261 velut
955 3198 1005 3261 die
1056 3200 1215 3272 Erasmus,
1241 3206 1274 3259 ut
1306 3203 1477 3278 prophetie
1498 3203 1539 3263 sit
1560 3201 1666 3265 eedem
1686 3224 1752 3264 cum

347 3297 514 3350 uincente
537 3284 628 3365 Quod
650 3287 754 3367 ntique
775 3285 810 3347 fit
824 3289 854 3348 in
870 3288 927 3347 hoo
941 3306 1004 3346 see·
1056 3304 1195 3346 sermone
1210 3285 1384 3365 prophetico
1400 3289 1484 3368 prius
1497 3290 1659 3351 nominato.

347 3369 386 3450 lo,
411 3383 444 3436 et
470 3373 562 3438 debet
587 3374 619 3434 in
645 3372 789 3448 Judeeis,
816 3375 869 3456 qui
894 3372 1005 3436 christi
1100 3371 1163 3435 Sed
1184 3371 1353 3447 sciendum,
1380 3396 1489 3437 nomeu
1511 3378 1699 3454 prophetiae
1721 3378 1753 3437 in

347 3477 400 3522 om
414 3467 600 3541 receperent.
1057 3460 1150 3521 enoris
1176 3458 1271 3521 literis
1295 3480 1354 3522 uon
1376 3463 1547 3543 siguificare
1570 3464 1752 3543 Scriptnmm

347 3547 398 3610 Bt
410 3549 527 3627 lucifer
542 3550 670 3609 ortator
680 3550 717 3609 in
727 3547 875 3612 cordibus
886 3550 1004 3609 vestris.
1057 3547 1274 3627 propheticam,
1296 3558 1351 3609 eut
1366 3551 1529 3626 oraculum,
1551 3548 1634 3631 quod
1649 3551 1751 3612 scribi-

347 3637 441 3715 retro
461 3634 551 3697 stelle
569 3635 720 3696 matutine
735 3642 791 3708 est,
811 3635 904 3696 solem
920 3654 1004 3716 pree·
1057 3643 1106 3696 tur
1117 3645 1168 3695 eut
1183 3632 1347 3714 profertur,
1370 3635 1426 3698 sed
1437 3638 1533 3718 ipsum
1548 3639 1752 3719 propheticum

347 3737 439 3798 nmo,
454 3744 492 3786 ec
505 3741 560 3784 suo
575 3720 689 3784 lumine
705 3719 800 3801 (quod
811 3723 887 3784 iuter
901 3722 1006 3784 stelles
1057 3719 1303 3803 praedictionem,
1326 3725 1377 3786 vel
1392 3725 1481 3786 etiem
1497 3725 1671 3807 Scripturae
1685 3746 1751 3807 pro·

347 3812 503 3891 tesipnnm
525 3804 629 3885 hebet)
650 3828 711 3871 nne
733 3828 798 3870 oum
819 3808 912 3870 rediis
932 3809 1005 3871 eolis
1058 3808 1207 3890 photices,
1229 3815 1260 3871 et
1281 3812 1400 3872 omnino
1422 3812 1506 3873 verbi
1526 3812 1621 3874 divini
1636 3832 1752 3874 ssorum

347 3893 1005 3978 *dentibusqnoddsmdieiieoiensinitium3
1059 3896 1286 3976 expositionem
1317 3898 1376 3959 His
1397 3898 1493 3959 modis
1519 3901 1666 3979 accipitur
1686 3920 1752 3980 pro
1834 3965 1838 3974 ,

347 3998 402 4044 ιιι
428 3982 560 4065 gentiles
589 3982 709 4046 stellam
734 3981 862 4044 Veneris
888 3992 1005 4044 vocent
1057 3982 1162 4063 phetie
1185 3984 1270 4044 Rom
1295 3987 1353 4059 12,
1379 3983 1478 4046 litor.
1504 3988 1552 4047 12.
1579 3991 1704 4060 13.14.,
1734 3991 1750 4048 1

347 4063 408 4132 *lor
418 4090 481 4132 uon
490 4071 588 4134 minus
599 4067 714 4150 aliquid
726 4069 900 4131 diciturhso
911 4078 1005 4149 porte,
1059 4069 1166 4130 Thess.
1183 4072 1213 4133 5.
1229 4079 1260 4132 et
1273 4071 1369 4152 Apoe.
1387 4076 1451 4150 11.;
1466 4074 1536 4134 item
1551 4074 1639 4134 Prov.
1656 4077 1706 4137 29.
1722 4082 1754 4135 et

347 4171 399 4218 tm
427 4160 545 4238 priore,
573 4155 628 4220 sed
654 4156 734 4218 idem
763 4159 909 4237 repetitur
940 4177 1005 4218 cnm
1058 4156 1133 4218 Jud.
1149 4160 1178 4219 6.
1209 4156 1312 4237 Quere
1327 4166 1358 4220 et
1373 4159 1431 4219 hoc
1453 4159 1520 4221 loeo
1543 4161 1587 4221 sic
1602 4163 1751 4241 occipien-

347 4241 440 4308 mum
461 4243 708 4324 amplificatione.
731 4241 835 4323 Quare
849 4264 907 4306 nec
922 4242 1003 4304 Chri·
1058 4242 1130 4304 dum
1144 4243 1271 4317 videtur,
1294 4247 1469 4326 praecorum
1493 4267 1559 4308 oum
1583 4250 1753 4325 prophetie

351 4345 388 4394 n
410 4332 557 4412 Luciferi
581 4333 701 4392 nomine
726 4331 927 4411 significatum
949 4330 1006 4392 hoo
1057 4332 1301 4412 Scripturoepre
1310 4333 1753 4415 Scriptureprophetieesermo

347 4433 376 4478 o
389 4429 542 4498 putemne.
564 4417 638 4482 Junr
660 4418 739 4478 enim
761 4415 900 4480 Christus
922 4426 1004 4479 ortus
1058 4416 1150 4479 durus
1165 4419 1205 4480 eit
1219 4428 1250 4479 et
1264 4419 1411 4481 insolitus.
1434 4420 1497 4481 Sed
1511 4428 1541 4481 et
1556 4421 1631 4483 illud
1646 4431 1750 4482 noten-

347 4513 411 4566 snt
429 4504 492 4566 illis
512 4524 567 4586 per
581 4503 681 4578 fidem,
704 4503 813 4583 quibus
835 4506 911 4567 haee
933 4505 1003 4566 eori-
1058 4503 1138 4578 dum,
1161 4504 1279 4569 Graeco
1301 4506 1448 4569 vocabulo
1471 4499 1653 4584 ἐπιλύσεως,
1677 4517 1752 4569 tcm-

347 4599 428 4654 Μαι.
449 4590 500 4653 Ad
514 4591 647 4652 futurum
669 4597 769 4654 nutem
791 4591 943 4653 saecum
955 4612 1003 4653 ce·
1058 4593 1116 4652 etsi
1131 4599 1162 4652 et
1176 4593 1238 4655 elic
1252 4594 1458 4674 significentur
1472 4594 1629 4668 interdum,
1644 4596 1753 4657 melius

347 4680 493 4742 nmoduri
508 4678 592 4741 nullo
607 4677 694 4739 modo
708 4686 807 4756 potest
819 4680 1003 4758 comparatio
1057 4686 1156 4741 temen
1172 4688 1203 4739 et
1218 4682 1249 4740 in
1265 4683 1360 4742 seoris
1375 4680 1471 4743 literis
1492 4680 1682 4764 frequentius
1697 4686 1752 4743 in·

347 4766 458 4840 eiieri,
485 4785 578 4848 quum
602 4765 664 4825 illio
687 4764 830 4839 Christus,
854 4767 885 4826 iu
908 4765 1004 4846 glorie
1057 4771 1317 4843 terpretotionem
1333 4770 1399 4828 sive
1418 4772 1644 4844 expositionem
1661 4771 1751 4848 sigui·

347 4855 513 4927 eveniens,
536 4870 653 4913 omnem
669 4853 758 4912 etiem
774 4851 847 4913 solis
862 4850 1002 4932 splendo·
1055 4852 1146 4913 ficari.
1173 4854 1353 4933 Exemplum
1370 4857 1410 4915 sit
1430 4856 1526 4917 Mero.
1550 4860 1578 4930 4,
1603 4859 1660 4929 34,
1684 4856 1752 4917 Aet.

347 4941 425 5004 neit
435 4949 642 5019 superaturus,
656 4959 713 5000 uec
722 4945 842 5016 tempus
854 4939 930 5000 illud
943 4939 1003 5000 diei
1059 4943 1107 5014 19,
1121 4945 1170 5003 39.
1194 4941 1296 5023 Atque
1308 4942 1351 5002 ite
1361 4944 1418 5002 iste
1433 4944 1493 5003 erit
1507 4943 1599 5023 hujus
1614 4942 1671 5004 loci
1684 4963 1750 5004 sen·

347 5028 496 5091 nosocomi
511 5033 567 5087 ent
580 5025 720 5088 Lnoiiero
735 5027 853 5103 orienti,
873 5025 928 5090 sed
942 5047 1001 5088 me·
1055 5046 1123 5089 sue:
1140 5026 1244 5092 Omnis
1259 5028 1484 5112 Scriptururnm
1499 5032 1656 5114 expositio,
1672 5051 1752 5112 quse
