4442 5825
824 618 989 677 nutum
1005 621 1046 676 tu
1062 618 1228 676 limitat
1260 619 1346 675 vm
1362 621 1387 674 7.
1748 626 1826 694 10⁵1¹

386 818 462 860 m
483 815 506 858 o
525 804 666 876 peccatis
686 818 805 863 eonem.
842 798 905 860 Ubi
928 816 985 859 nco
1004 799 1071 879 ipse
1121 794 1608 877 rooemegneclemevitdieensz
1623 797 1819 869 Druemeter,

383 887 620 948 musenius
631 887 838 948 fuiti-eriere:
853 885 1000 959 semota,
1014 903 1071 946 nec
1123 885 1210 945 Deus
1230 902 1338 959 muer,
1363 890 1401 944 ut
1425 884 1503 961 quid
1528 883 1724 960 dereliquisti
1744 882 1821 942 me?

383 971 450 1033 siud
466 972 647 1035 vertendum
661 976 794 1055 putavit,
816 992 907 1053 quem
930 972 1011 1052 quod
1027 972 1068 1032 lc·
1123 979 1153 1031 et
1167 969 1303 1051 quondo,
1330 972 1436 1033 iterum
1452 990 1527 1031 voce
1548 990 1658 1048 megnu
1676 969 1819 1042 clemens,

380 1060 415 1140 git
440 1059 526 1139 epud
555 1061 751 1141 mterpretcm
779 1060 947 1139 vulgatum.
984 1059 1071 1119 Mens
1122 1059 1261 1137 spiritum
1276 1077 1362 1118 suum
1385 1059 1417 1117 in
1439 1077 1544 1118 manus
1560 1057 1660 1117 Petris
1674 1074 1821 1117 commen·

381 1166 440 1206 vero
453 1147 600 1228 Apostoli
621 1168 683 1209 non
705 1156 767 1220 est,
792 1147 944 1207 Christum
968 1165 1070 1207 cresse
1123 1144 1215 1204 davit.
1253 1145 1314 1205 Ubi
1337 1145 1474 1225 quamvis
1497 1144 1650 1224 lacrymae
1670 1146 1737 1223 ejus
1759 1162 1820 1204 uon

379 1233 505 1306 leuem,
534 1242 571 1295 ut
589 1243 762 1297 mrveretur
776 1254 795 1295 ι
808 1242 916 1306 morte,
943 1251 983 1293 ne
1002 1252 1070 1293 eam
1123 1230 1277 1311 legantur,
1293 1240 1409 1305 tamen,
1425 1232 1516 1292 sicuti
1530 1232 1629 1291 sitivit
1642 1230 1822 1291 natureliter

380 1319 500 1397 nbirat3
528 1320 644 1403 alioqui
658 1320 808 1402 quomodo
824 1319 987 1382 exauditus
1001 1317 1070 1380 esti
1123 1339 1198 1400 prae
1224 1319 1358 1381 siccitate
1385 1321 1517 1399 corporis
1544 1317 1698 1392 exhausti,
1725 1319 1769 1378 sic
1792 1324 1822 1376 et

380 1405 474 1468 bedut
489 1407 636 1470 celeriter
650 1410 814 1489 eriperetur
828 1419 963 1480 emorte,
980 1425 1070 1485 quem
1122 1407 1273 1487 lacrymer
1300 1408 1329 1468 ei
1362 1407 1539 1467 naturaliter
1565 1424 1638 1486 pree
1665 1401 1820 1465 doloribus

381 1502 614 1574 eripuerunt
638 1494 730 1575 Quod
749 1495 861 1555 iactum
876 1503 932 1568 est,
947 1493 1069 1574 qnando
1124 1494 1273 1575 erupisse,
1289 1492 1431 1554 credibile
1446 1502 1499 1555 eet
1521 1490 1819 1564 Permittebatsnim,

382 1590 517 1641 tmorte
550 1581 590 1643 ed
618 1585 713 1645 vitem
745 1581 941 1643 immortalem
973 1599 1069 1640 resur·
1119 1581 1208 1659 juxta
1225 1580 1406 1642 Damasceni
1429 1579 1546 1643 celebre
1561 1578 1686 1652 dictum
1706 1578 1821 1641 unicui·

383 1668 447 1728 ruit
460 1669 557 1729 cerri·
573 1668 633 1731 die.
1123 1687 1182 1749 que
1196 1666 1333 1729 facultati
1348 1669 1479 1729 naturali
1498 1667 1638 1747 proprias
1654 1667 1797 1728 actiones

413 1754 493 1818 (ium
504 1756 648 1816 &more
661 1756 772 1817 oolido
786 1762 817 1815 et
827 1757 975 1830 lucrymis
992 1755 1070 1833 ⁰ll⁶·
1086 1788 1089 1792 ·
1168 1753 1256 1835 Quod
1273 1762 1375 1815 autem
1390 1775 1428 1816 ee
1442 1753 1545 1827 verbu,
1561 1752 1671 1835 quibus
1685 1754 1717 1814 in
1732 1771 1820 1813 cruce

384 1856 451 1902 reae.
484 1842 646 1921 θήσων,
669 1845 799 1904 coriatus
820 1852 868 1904 eat
890 1845 922 1903 in
936 1840 1070 1903 Graeco:
1124 1842 1256 1922 pendens
1285 1842 1385 1902 Deum
1415 1840 1624 1923 compellavit,
1654 1839 1821 1922 precatoria

384 1944 441 1989 m
466 1928 638 1990 ubtulirret
670 1928 800 2010 Quendo
824 1929 962 1991 Christus
983 1928 1070 2002 hanc,
1123 1928 1249 2002 fuerint,
1287 1926 1376 1989 focile
1406 1929 1538 1990 docetur.
1582 1927 1696 1989 Dicens
1726 1928 1821 1988 anim:

385 2010 499 2096 laqus
528 2016 667 2096 loquitur
693 2016 872 2096 Apostolus,
905 2018 1069 2076 cretionem
1124 2021 1230 2096 Quare
1244 2036 1293 2078 me
1309 2016 1527 2095 dereliquisti?
1550 2035 1609 2077 non
1632 2017 1738 2097 utique
1753 2033 1822 2075 cum

386 2098 512 2164 obtriuit
527 2103 631 2178 Petri,
645 2111 706 2164 tres
719 2111 789 2163 eunt
801 2104 966 2184 opiniones.
1001 2101 1070 2162 Una
1124 2103 1217 2165 Putre
1247 2104 1465 2183 expostulavit,
1501 2123 1559 2166 nec
1586 2103 1715 2184 ,inanem
1744 2100 1824 2161 indit

387 2196 436 2249 ut:
460 2190 643 2270 Apostolum
664 2190 749 2270 loqui
770 2189 809 2250 de
826 2209 863 2250 ee
877 2188 990 2251 Christi
1005 2208 1069 2251 ora·
1124 2190 1292 2271 querelem,
1316 2190 1369 2252 ssd
1384 2192 1507 2271 petivit,
1521 2198 1554 2251 ut
1570 2189 1688 2251 emelia
1712 2190 1742 2250 in
1758 2188 1821 2270 qui·

388 2277 461 2349 tiene,
476 2295 542 2357 qua
552 2277 686 2358 passioni
697 2296 772 2338 sure
785 2277 938 2358 proximus
949 2276 1070 2337 Patrem
1123 2277 1180 2337 bus
1205 2275 1244 2335 ed
1269 2278 1373 2337 borum
1399 2286 1462 2338 eret
1488 2298 1506 2337 a
1533 2276 1623 2336 Putre
1653 2274 1822 2349 derelictus,

387 2365 456 2423 tutio
480 2371 627 2444 procetur
652 2372 716 2436 est,
741 2372 789 2437 ut,
816 2364 842 2424 ai
867 2364 936 2424 fieri
959 2371 1069 2442 posset,
1124 2363 1302 2445 eriperetur,
1336 2363 1448 2425 scilicet
1481 2383 1535 2446 per
1566 2364 1822 2434 resurrectionem,

390 2451 507 2511 busiret
522 2450 645 2531 abipso
661 2451 750 2511 culix.
789 2452 888 2532 Quam
903 2451 1069 2511 cretionem
1124 2470 1203 2530 quae
1224 2458 1349 2512 mortem
1371 2451 1491 2532 penitus
1514 2448 1695 2511 absorberet
1733 2446 1823 2509 Unde

391 2536 498 2599 suibus
514 2538 720 2617 Eveugelistis
733 2544 874 2598 accurate
889 2537 1070 2616 descriptam
1123 2538 1193 2598 buic
1216 2539 1380 2610 versiculo,
1408 2538 1558 2600 ePsalm.
1582 2538 1632 2596 21.
1657 2535 1822 2615 desumpto,

390 2620 521 2685 hbunm.
561 2623 624 2704 Qui
639 2626 697 2685 etsi
711 2625 914 2705 lacrymarum
932 2644 993 2684 non
1007 2642 1070 2683 me·
1123 2624 1223 2686 LXX.
1241 2627 1416 2706 interpretes
1431 2622 1625 2686 addiderunt:
1641 2625 1771 2701 Respice
1785 2625 1822 2683 in

389 2710 529 2785 uiuerint,
556 2720 592 2770 ut
605 2731 662 2773 nec
683 2711 820 2773 olrmoris
835 2710 942 2785 validi,
970 2719 1070 2770 temen
1127 2730 1183 2771 me.
1221 2710 1312 2791 Quod
1328 2713 1392 2772 sine
1407 2709 1499 2772 dubio
1518 2712 1633 2772 orantis
1649 2717 1701 2771 est.
1741 2708 1824 2791 Quin

389 2798 534 2859 misimile
568 2807 630 2872 est,
658 2798 808 2880 lacrymas
838 2819 897 2859 non
927 2796 1070 2870 doluisse,
1124 2818 1226 2859 omnes
1234 2799 1406 2877 hujusmodi
1419 2798 1457 2859 ud
1466 2801 1566 2861 Deum
1578 2798 1821 2872 exclamationes,

388 2884 494 2964 tundo
507 2904 584 2967 pree
604 2904 742 2947 moerore
764 2893 794 2947 at
815 2887 956 2967 angustia
978 2884 1068 2945 animi
1124 2905 1203 2966 quae
1241 2887 1273 2948 in
1301 2885 1431 2949 Psalmis
1468 2886 1642 2968 frequentes
1674 2885 1823 2966 leguntur,

387 2969 463 3034 nior
482 2972 670 3054 sanguineus
691 2976 719 3034 ei
745 2971 872 3034 defluxit
894 2993 911 3034 o
937 2988 1070 3053 corpore.
1125 2971 1293 3035 Hebraicee
1324 2975 1473 3055 quaedam
1503 2971 1645 3057 precandi
1675 2970 1823 3035 formulae

387 3057 634 3122 tuccetum
654 3081 715 3121 nou
730 3059 838 3122 eedem
852 3062 940 3122 rotie.
978 3060 1069 3121 Solus
1124 3069 1208 3135 suut,
1237 3070 1267 3121 et
1282 3062 1463 3142 plerumque
1486 3060 1631 3141 edjuncte
1645 3060 1758 3121 hebent
1772 3080 1822 3121 cx·

387 3146 448 3206 uim
472 3155 548 3207 tunc
578 3155 644 3209 eret
674 3145 826 3220 Christus,
857 3154 888 3207 et
916 3146 1070 3227 discipulis
1124 3165 1229 3229 presse
1245 3150 1428 3228 precationis
1443 3149 1550 3221 verbe,
1575 3147 1823 3209 u'tPsalm,12.:

387 3230 512 3308 mbos,
535 3243 570 3295 ut
585 3234 716 3296 clamore
731 3255 791 3295 non
805 3242 889 3295 esset
903 3255 995 3315 opus,
1018 3253 1069 3293 va·
1131 3236 1297 3313 Usquequo
1328 3236 1521 3299 contutum
1557 3237 1706 3297 inimicur
1735 3252 1823 3295 meru

386 3317 434 3379 ido
445 3322 635 3402 pracsertim.
657 3319 780 3382 Deinde
791 3339 848 3382 nec
858 3339 981 3402 pervum
996 3320 1069 3381 ditii—
1124 3341 1220 3399 super
1236 3325 1308 3383 me?
1333 3326 1452 3399 respice
1467 3332 1497 3384 et
1511 3324 1628 3384 eeoudi
1643 3341 1711 3400 me,·
1727 3321 1759 3382 id
1774 3329 1822 3381 est

387 3405 519 3469 uiuum
534 3408 642 3481 habet,
666 3406 817 3489 quomodo
833 3410 864 3469 in
879 3427 919 3471 ea
934 3411 1070 3471 oratione
1125 3409 1236 3470 excudi
1251 3430 1297 3469 me
1312 3418 1459 3483 orantem,
1486 3429 1524 3470 ne
1547 3408 1660 3469 diutius
1675 3408 1823 3471 exaltetur

386 3491 464 3557 terit
486 3494 666 3572 excuditur,
697 3495 777 3577 qnod
798 3496 837 3557 de
859 3495 904 3557 his
931 3497 1070 3577 precibus
1125 3515 1215 3577 super
1229 3515 1277 3557 me
1292 3498 1429 3559 inimicus
1443 3516 1540 3559 meus.

388 3581 498 3645 firmet
513 3582 687 3664 Apostolua
717 3583 787 3644 Non
803 3585 882 3644 enim
899 3586 1017 3647 transiit
1032 3583 1070 3645 nb
1169 3584 1270 3664 Quare
1285 3593 1324 3657 et,
1340 3604 1418 3665 quae
1433 3586 1464 3645 in
1480 3583 1583 3645 eodem
1598 3583 1719 3645 Psalmo
1735 3603 1821 3663 pree-

387 3671 517 3746 eocrli13
531 3690 590 3731 nec
605 3670 637 3730 id
652 3670 789 3731 absolute
804 3671 942 3751 petebat,
963 3673 1068 3746 sciens,
1125 3670 1253 3731 cedunt:
1286 3674 1469 3750 Usquequo,
1489 3673 1642 3747 Domine,
1660 3671 1823 3733 obliuisce-

389 3756 559 3820 roluntetem
573 3757 675 3819 Petris
690 3775 770 3831 etse,
798 3765 833 3817 ut
846 3757 962 3820 biberet
976 3758 1068 3820 illum.
1125 3762 1169 3819 rie
1178 3764 1271 3820 mein
1280 3761 1376 3837 flerem
1384 3783 1396 3837 ;
1413 3761 1824 3837 usquequoocertiesuciem

391 3842 440 3905 tut
453 3854 576 3924 putrnt,
592 3846 752 3919 cretionis,
768 3844 807 3905 de
822 3865 882 3926 quc
897 3847 1011 3907 Paulue
1027 3846 1069 3907 lo·
1126 3854 1217 3907 tuom
1232 3866 1252 3908 u
1267 3866 1317 3907 me
1333 3846 1413 3907 etc?
1437 3847 1622 3907 consimilem
1637 3865 1756 3907 sensum
1771 3846 1823 3906 ha·

389 3933 484 4010 thur,
512 3951 575 4012 qua
597 3931 714 3992 scilicet
737 3931 877 3993 Christus
899 3936 998 3994 oravit
1013 3934 1070 3994 Ps·
1125 3933 1210 4004 bunt,
1242 3942 1276 3993 ut
1291 3943 1323 3994 et
1339 3943 1459 3995 caetera
1473 3933 1654 4012 hujusmodi.
1691 3935 1823 3994 Rursum

389 4023 460 4094 tun,
483 4029 568 4081 utre
591 4027 720 4079 umortc
740 4018 857 4080 salvum
880 4019 1012 4092 feceret,
1038 4021 1070 4080 id
1126 4040 1194 4081 oum
1223 4021 1280 4079 ait:
1318 4022 1360 4080 In
1390 4038 1505 4082 monus
1538 4028 1610 4081 tuor
1639 4021 1824 4082 commendo

391 4111 425 4164 α
444 4125 481 4168 ex
501 4113 599 4166 morte
620 4107 827 4179 ruusciuree,
854 4107 966 4167 nullum
990 4106 1070 4188 apud
1125 4110 1273 4183 spiritum
1286 4125 1400 4184 meum,
1418 4117 1482 4168 crat
1493 4107 1622 4181 Putrem,
1638 4117 1672 4168 ut
1686 4109 1823 4187 spiritum

390 4189 582 4274 tungrim
598 4199 721 4253 exstrre
736 4194 932 4267 mentionem,
948 4193 1002 4255 red
1017 4202 1070 4255 rut
1124 4196 1221 4273 ipsius
1251 4196 1399 4274 suscipiat
1428 4197 1459 4255 in
1485 4214 1568 4256 suam
1595 4196 1821 4275 protectionem,

390 4279 671 4356 perrevelutiouem,
695 4288 748 4340 unt
761 4299 815 4360 per
828 4280 1018 4341 traditionem
1033 4280 1070 4341 do
1124 4280 1248 4353 honest,
1265 4281 1342 4342 bene
1356 4285 1386 4342 ei
1402 4282 1503 4356 leciat,
1519 4301 1586 4343 cum
1607 4284 1672 4344 sine
1687 4282 1823 4364 longiore

391 4365 559 4440 ttPrulum,
575 4364 658 4447 quod
670 4366 781 4439 scribit,
796 4368 957 4447 accepisse.
982 4367 1069 4447 Quae
1124 4387 1206 4427 mora
1236 4370 1351 4448 corpori
1381 4370 1543 4431 restituens
1572 4371 1742 4431 immortali.
1787 4367 1824 4429 Id

390 4445 577 4533 illuyrostorni
607 4462 639 4513 et
665 4452 889 4534 Theophylucti
919 4456 1070 4515 sententie
1124 4455 1206 4534 quod
1221 4457 1403 4534 precetionis
1419 4456 1515 4516 forme
1537 4465 1741 4537 protomartyr
1755 4456 1828 4535 ejus·

390 4543 430 4596 et
448 4539 508 4602 ded
522 4559 560 4604 ea
574 4537 738 4614 refellitur,
755 4543 782 4602 si
797 4541 954 4621 probatum
970 4540 1068 4613 luerit,
1124 4543 1306 4615 enuntiavit,
1348 4542 1467 4604 dicens:
1503 4546 1632 4621 suscipe
1671 4546 1821 4621 spiritum

389 4622 515 4700 emoti
541 4628 709 4687 cretionem
731 4627 841 4688 Christi
867 4629 905 4689 eb
929 4630 1067 4707 Evange·
1122 4647 1244 4703 meum,
1268 4631 1335 4691 Act.
1353 4629 1380 4690 7.
1415 4628 1569 4698 Christum
1580 4633 1672 4711 igitur
1687 4632 1717 4691 in
1732 4648 1819 4691 omne

389 4705 449 4774 ilis
462 4712 700 4796 beudqurquem
715 4714 807 4775 fuisse
820 4717 1022 4795 praeteritam
1122 4715 1242 4775 Putrem
1258 4733 1359 4777 cresse
1373 4737 1440 4777 cum
1462 4719 1590 4778 clamore
1613 4715 1716 4777 valido
1732 4717 1819 4778 etlu-

418 4798 469 4862 Fat
482 4803 577 4882 igitur
586 4802 702 4874 bertine,
718 4803 887 4862 etmuximc
903 4802 1068 4882 probabilia
1122 4805 1249 4883 crymis,
1276 4812 1366 4885 atque
1389 4804 1428 4865 ed
1452 4825 1517 4865 erm
1540 4803 1650 4864 Christi
1672 4806 1818 4884 preretio·

388 4889 618 4962 temnenteriue,
633 4907 722 4969 quem
735 4897 804 4970 post
817 4890 999 4971 Aquinatem
1015 4888 1066 4949 ed·
1121 4909 1187 4949 nem
1210 4890 1267 4950 hoc
1289 4891 1356 4950 loco
1380 4891 1509 4952 Paulum
1530 4885 1818 4968 respexissemus

386 4965 624 5055 meorumue,
647 4973 828 5056 Apoetolum
842 4978 986 5056 cgerede
1001 4997 1066 5038 ore·
1121 4978 1280 5056 probatum
1302 4977 1449 5038 existimo.
1484 4978 1574 5038 Fecit
1601 4987 1703 5038 temen
1730 4981 1819 5039 ctiam

386 5057 449 5123 ime
461 5059 579 5128 cuiun·
591 5061 753 5146 prudentie
766 5064 801 5126 iu
813 5081 918 5140 uoco,
940 5061 1064 5148 quando
1118 5063 1315 5128 admmulum
1321 5063 1507 5148 probationis
1515 5063 1812 5147 verbumoffercudi,
