4442 5825
813 598 977 655 erutum
993 601 1034 655 hl)
1051 601 1216 655 susumus
1250 600 1335 654 vute.
1354 604 1378 655 2.
1396 602 1422 654 i·
1765 610 1837 676 117

411 773 454 835 sed
472 782 502 834 ut
522 775 695 854 acciperent
709 775 855 856 Spiritum
878 785 1022 851 sanctum,
1046 779 1087 838 si·
1141 786 1171 838 et
1186 775 1225 838 de
1244 777 1359 856 judicio
1374 777 1457 840 locus
1480 776 1551 837 huic
1566 777 1672 838 similis
1688 785 1735 838 est
1747 776 1836 839 Joan.

408 863 457 922 euti
469 861 654 921 manifestum
666 862 850 924 estexlocis
862 864 927 941 jam
939 864 1087 943 allegatis.
1141 864 1184 924 u:
1207 866 1251 925 Et
1271 867 1463 940 procedent,
1489 868 1544 942 qui
1566 863 1651 926 bonu
1671 866 1837 943 fecerunt,-

406 946 489 1008 ieds
508 968 544 1009 eo
567 958 757 1009 sacramento
779 958 967 1029 praesentem
991 951 1087 1011 locum
1140 954 1176 1012 ιἰι
1197 955 1458 1012 resurrectionem
1481 953 1577 1025 vitoe,
1603 951 1719 1011 scilicet
1742 960 1836 1013 aeter·

403 1054 497 1113 magno
529 1052 677 1095 consensu
708 1044 866 1115 exponunt
901 1037 1087 1116 interpretes,
1139 1057 1205 1110 nae,
1229 1041 1285 1116 qui
1301 1057 1376 1098 vero
1392 1040 1482 1099 molo
1503 1045 1645 1113 coerect,
1669 1042 1705 1099 irs
1728 1055 1836 1100 resur·

402 1132 451 1181 tam
465 1120 583 1194 Graeci,
599 1140 692 1203 quam
705 1122 823 1198 Latini3
845 1142 901 1184 nee
914 1124 997 1184 aliud
1014 1123 1087 1203 quid
1140 1127 1308 1185 rectionem
1320 1125 1446 1200 judicii,
1463 1124 1495 1184 id
1510 1134 1557 1184 est
1572 1124 1782 1185 damnationis.

400 1209 621 1269 convenientius
637 1216 737 1289 potest
751 1209 887 1289 intelligi.
1183 1211 1351 1290 Hucusque
1388 1213 1575 1272 enumeratio
1606 1213 1834 1292 praecipuorum

433 1299 478 1356 Ae
492 1299 735 1358 resurrectionis
749 1296 957 1358 mortuorum.
974 1295 1086 1376 Quam·
1139 1298 1257 1377 aliquot
1286 1297 1440 1359 doctrinae
1471 1296 1661 1358 Christianae
1690 1300 1833 1378 capitum,

398 1383 436 1442 ris
461 1383 693 1443 resurrectionis
729 1392 909 1443 mortuorum
946 1402 1087 1462 expresse
1140 1404 1221 1464 quae
1243 1384 1383 1444 fidelibus
1403 1385 1488 1445 initio
1503 1382 1707 1445 tradebantur.
1730 1386 1835 1465 Atque

397 1469 499 1528 ιιιιίιι
516 1468 568 1528 fiat
593 1470 626 1528 in
649 1469 785 1550 symbolo
801 1468 879 1541 fidei,
903 1469 985 1548 quod
1000 1490 1019 1529 a
1034 1470 1084 1531 ba·
1140 1490 1177 1531 ea
1199 1472 1299 1532 omnia
1321 1469 1482 1550 diligenter
1505 1470 1543 1531 eb
1565 1470 1721 1549 Apostolis
1743 1472 1774 1531 in
1785 1472 1832 1550 js·

397 1553 538 1635 ptissndis
549 1556 745 1630 recitabatur,
761 1567 861 1617 tamen
873 1555 921 1615 hic
937 1576 1005 1617 eam
1020 1576 1084 1636 spe·
1140 1559 1254 1619 ciendis
1269 1556 1338 1616 fidei
1350 1557 1552 1618 fundamentis
1570 1557 1711 1617 inculcari
1728 1558 1832 1631 solers,

398 1641 504 1702 cialiter
527 1644 640 1721 repetit
655 1644 820 1723 Apostolus
842 1650 967 1723 propter
982 1643 1085 1703 haere·
1138 1654 1286 1705 testantur
1301 1663 1403 1704 eorum
1426 1645 1583 1705 conciones
1599 1664 1618 1703 a
1631 1644 1667 1703 Β.
1684 1643 1768 1704 Luce
1783 1643 1833 1705 de

398 1731 446 1788 sim
466 1726 720 1789 Sadducaeorum
742 1727 825 1809 spud
846 1727 980 1790 Judaeos
1002 1749 1083 1808 gras·
1138 1733 1268 1812 scriptae
1290 1731 1321 1791 in
1344 1732 1431 1793 Actis
1453 1731 1635 1811 apostolicis.
1658 1730 1834 1791 Nominavit

397 1825 518 1885 nutem,
545 1834 627 1895 quse
648 1818 898 1877 resurrectionem
921 1836 1084 1895 corporum,
1137 1827 1237 1879 autem
1252 1818 1366 1877 Paulus
1378 1819 1538 1892 judicium
1553 1825 1719 1877 ueternum
1734 1827 1834 1878 extre·

399 1901 448 1961 'mo
461 1909 491 1962 et
504 1901 602 1961 vitam
613 1903 781 1963 animarum
797 1911 1004 1983 postmortem
1021 1922 1083 1962 cor·
1137 1924 1185 1965 mo
1201 1906 1266 1965 loco
1281 1913 1403 1984 propter
1419 1925 1464 1978 es,
1488 1905 1682 1984 quaeystatim
1697 1902 1832 1965 dicturus

399 2007 500 2067 ριιιιι,
515 1989 639 2048 οιιιίιο
658 1990 796 2069 negabat.
824 1989 1015 2071 Quamquam
1029 2008 1085 2050 nec
1138 1999 1184 2051 est
1198 1991 1235 2051 de
1249 1992 1419 2068 prolapsis,
1441 2009 1576 2069 quorum
1596 1992 1671 2069 timis
1691 1995 1728 2051 ιιι
1748 2009 1834 2052 com·

400 2073 443 2135 elii
460 2073 649 2136 Judseurum
671 2078 742 2136 satis
764 2096 869 2138 sanem
893 2075 931 2136 de
953 2096 1083 2136 resurre-
1137 2077 1320 2139 brictionem.

401 2162 486 2222 &cna
499 2163 601 2222 carnis
616 2164 794 2223 senoentiam
809 2162 960 2237 tenebant,
977 2171 1007 2222 ιι
1022 2164 1085 2242 qui,
1181 2170 1209 2227 3.
1240 2167 1284 2226 Et
1309 2166 1366 2224 boc
1392 2166 1557 2241 sociemus.
1591 2165 1732 2225 Refertur
1758 2164 1834 2227 baec

402 2266 475 2309 ιιιιι
499 2247 636 2322 cernuli,
666 2251 914 2311 resurrectionem
941 2250 1085 2329 imagina-
1136 2270 1216 2331 pars,
1239 2271 1275 2311 ex
1292 2252 1422 2311 omnium
1438 2269 1534 2328 paene
1558 2252 1751 2332 interpretum
1765 2270 1830 2312 sen·

403 2345 489 2395 tantm
509 2334 551 2395 sd
573 2337 670 2396 vitam
692 2335 864 2408 animalem,
888 2334 1083 2415 quemadmo·
1136 2339 1237 2411 tentia,
1253 2357 1315 2397 nou
1330 2336 1369 2396 ad
1381 2337 1518 2416 proxime
1533 2336 1633 2411 dicta3
1649 2357 1720 2398 nam
1735 2337 1832 2399 dehis

407 2418 510 2482 inex
525 2421 702 2502 Evangelio
717 2430 809 2503 patet,
823 2421 875 2483 ubi
891 2422 1081 2483 Sadducaeo-
1131 2425 1197 2503 jam
1223 2424 1346 2503 negavit
1372 2442 1406 2483 ss
1431 2433 1583 2495 acturum,
1609 2422 1727 2484 dicens:
1757 2425 1832 2485 Nou

406 2509 625 2587 mohjeetioni
635 2506 676 2569 de
687 2508 812 2571 muliere
828 2509 1012 2590 heptagams
1024 2529 1084 2570 uon
1135 2530 1263 2571 rursum
1274 2512 1427 2585 ,incientes
1436 2509 1688 2586 fundumentum
1701 2517 1767 2582 etc,
1777 2508 1831 2570 sed

403 2602 548 2672 pstremnt
571 2594 727 2656 Pharisaei
753 2596 943 2678 respondere.
980 2597 1084 2678 Quare
1136 2596 1175 2659 ad
1200 2595 1276 2657 illud
1301 2595 1503 2676 praecedens:
1530 2597 1574 2656 od
1600 2598 1830 2674 perfectiorem

402 2678 533 2742 sdrersus
561 2684 639 2742 istos
669 2700 785 2744 errores
813 2681 1004 2764 peculiariter
1037 2684 1081 2744 in·
1132 2685 1289 2763 feramur.
1312 2684 1381 2744 Hoc
1396 2683 1475 2743 euim
1490 2683 1638 2744 iactrrrum
1657 2703 1691 2744 se
1701 2686 1767 2765 jam
1787 2681 1831 2744 di·

401 2768 517 2830 mendi
544 2776 634 2829 erant
655 2768 805 2844 Hebraei,
832 2769 886 2850 qui
908 2768 946 2830 ud
971 2769 1082 2831 Christi
1135 2773 1191 2845 eit,
1214 2769 1356 2850 idemque
1379 2768 1454 2830 iacit
1476 2790 1541 2850 cap.
1567 2775 1594 2832 7.
1610 2778 1640 2830 et
1655 2790 1738 2852 seqq.
1759 2769 1830 2831 Dis-

400 2851 472 2917 iiam
492 2853 691 2919 accedebant
717 2855 832 2919 liudem
854 2864 978 2938 spectat,
1001 2856 1083 2938 quod
1134 2859 1225 2920 sentit
1240 2856 1363 2939 quidem
1377 2855 1496 2930 Bibere,
1517 2857 1579 2933 sed,
1595 2865 1629 2919 ιι
1643 2859 1730 2919 nobis
1745 2855 1829 2921 vide-

400 2944 536 3023 aquus:
1133 2954 1190 3021 tur,
1205 2942 1286 3005 haud
1302 2943 1399 3005 solida
1413 2946 1504 3004 nixus
1518 2948 1644 3007 ratione.
1668 2944 1758 3027 Quod
1774 2965 1829 3024 pa·

431 3029 598 3105 usmitai·
618 3034 751 3093 ueterem
775 3031 844 3092 Hoc
858 3029 923 3092 lere
937 3033 1079 3111 inserpre
1134 3032 1209 3093 tebit
1222 3051 1262 3092 ex
1278 3030 1485 3110 sequentibus.

399 3123 486 3177 ιιιιιι
498 3116 540 3177 de
553 3124 689 3178 extrem
701 3117 838 3197 generali
847 3117 981 3192 iudicio,
999 3117 1081 3197 quod
1176 3120 1211 3181 Ei
1225 3118 1353 3196 quidem
1375 3121 1553 3195 permiserit
1569 3121 1664 3180 Deus.
1687 3119 1832 3180 Dubitari

399 3199 490 3264 &ms
509 3210 679 3265 amum
701 3206 820 3279 vocari,
842 3206 916 3284 quia
937 3203 1080 3265 decernat
1132 3214 1240 3286 potest,
1253 3204 1403 3284 quomodo
1416 3203 1681 3287 dicatApostolus:
1697 3208 1733 3268 St
1744 3208 1831 3267 Detss

398 3292 524 3365 mia,
536 3309 713 3371 poenasque
724 3301 869 3353 aeternas.
887 3289 983 3351 Iidem
993 3309 1080 3351 mor-
1129 3293 1319 3370 permiserit,
1336 3311 1429 3372 quum
1444 3294 1600 3373 permissio
1611 3293 1758 3354 malornm
1773 3294 1829 3372 sit3

399 3379 513 3439 herum
534 3382 797 3440 resurrectionem
814 3376 988 3458 intelligunt
1002 3396 1078 3450 eam,
1132 3379 1278 3440 bonorum
1301 3388 1402 3439 antem
1426 3398 1566 3458 operum,
1593 3379 1684 3460 quale
1704 3388 1767 3453 est,
1791 3377 1831 3439 de

399 3479 463 3541 tus
483 3464 573 3525 bonis
591 3465 742 3547 malisque
766 3467 930 3526 communis
953 3473 1007 3527 ost
1038 3465 1080 3526 Δι
1133 3486 1192 3546 qno
1215 3465 1266 3525 hic
1287 3467 1395 3545 agitur,
1417 3466 1483 3545 ipss
1504 3467 1589 3526 Deus
1612 3474 1715 3527 auctor
1737 3468 1777 3527 sit
1798 3472 1830 3526 et

401 3548 549 3624 sciendum,
569 3553 818 3613 resurrectionem
841 3560 1025 3612 mortuorum
1049 3553 1080 3611 iu
1133 3552 1265 3613 effector.
1288 3551 1462 3632 Respondet
1485 3552 1516 3613 S.
1533 3552 1677 3627 Thomas,
1701 3552 1828 3633 Aposto-

401 3638 481 3700 tscris
502 3637 600 3700 literis
622 3657 837 3719 saepenumero
851 3646 965 3699 ιιιιιιιι
980 3640 1011 3700 iu
1026 3638 1078 3699 bo·
1131 3639 1194 3700 lum
1210 3641 1254 3699 uti
1270 3639 1371 3718 figura,
1397 3659 1460 3718 qua
1474 3640 1574 3700 minus
1589 3638 1700 3699 dieitur
1715 3649 1746 3700 et
1761 3638 1829 3719 plus

399 3725 1079 3893 &mittimiizttti
1131 3724 1445 3874 {stilletis
1467 3727 1734 3889 iustitiis?
1750 3734 1829 3889 2522:

662 3858 670 3885 ι
1432 3856 1443 3887 5

400 3894 579 3978 intelligatur,
600 3918 681 3980 quae
703 3907 751 3960 est
773 3898 812 3960 ed
830 3900 925 3960 vitam
947 3899 1077 3972 beatam,
1131 3902 1257 3975 mirram
1272 3899 1327 3958 sed
1342 3905 1476 3976 oportet,
1492 3899 1577 3975 quod
1593 3902 1703 3960 omniu
1716 3900 1828 3978 foetet.

396 3981 538 4054 Misus
557 4002 632 4046 vero
654 4006 709 4066 pro
724 3984 916 4047 damnatione
932 3993 1076 4045 sumetur.
1131 3986 1248 4046 Eadem
1276 3993 1321 4045 est
1347 3988 1504 4064 responsio
1534 3983 1680 4064 Oajetani.
1716 3985 1828 4047 Similis

399 4064 474 4147 Qese
487 4073 647 4152 utriusque
660 4073 743 4133 vocis
758 4074 893 4153 acceptio
908 4071 988 4133 bene
1003 4091 1076 4152 qua·
1131 4081 1177 4133 est
1192 4073 1275 4133 locus
1291 4072 1430 4152 Apostoli
1448 4075 1464 4131 1
1479 4070 1545 4132 Cor.
1560 4075 1608 4140 16,
1622 4070 1649 4131 t.
1673 4072 1743 4153 Quo
1759 4073 1828 4133 loco

398 4145 542 4219 imbria
564 4158 641 4233 loco,
661 4168 696 4220 ut
718 4177 824 4220 sensus
846 4160 899 4221 sit:
921 4158 1078 4219 Hebraeos
1131 4157 1337 4239 respondimus
1367 4157 1538 4239 hujusmodi
1566 4157 1763 4233 dubitationi,
1792 4178 1830 4219 sc

398 4259 447 4302 ιιι
468 4245 572 4306 derum
589 4257 634 4306 'ae
657 4246 697 4307 de
720 4266 798 4307 noro
824 4244 976 4306 docendos
1002 4262 1078 4318 csse,
1131 4247 1227 4326 primo
1251 4246 1390 4318 diximus,
1414 4245 1592 4325 Apostolum
1608 4255 1770 4327 propteres
1784 4245 1828 4306 lc·

398 4329 463 4407 qaod
481 4329 578 4392 ιιιιιιι
597 4333 686 4394 besta
706 4334 886 4395 resurrectio
910 4349 1076 4411 consequa·
1131 4334 1184 4415 qui
1199 4332 1239 4394 ad
1262 4333 1341 4393 hunc
1363 4333 1492 4406 modum,
1516 4332 1596 4413 quod
1620 4334 1755 4395 actiones
1775 4351 1828 4392 no·
1852 4370 1855 4376 -

397 4423 443 4489 ιιι,
459 4417 555 4479 mdes
569 4427 671 4480 autem
686 4427 842 4481 aeternum
864 4426 984 4480 maneat
998 4416 1077 4498 judi·
1130 4429 1209 4481 strae
1224 4440 1284 4481 non
1301 4422 1342 4480 ita
1356 4419 1457 4480 Deum
1472 4420 1606 4481 habeant
1618 4427 1778 4494 auctorem,
1794 4424 1828 4476 ut

395 4501 468 4577 durs,
482 4503 514 4565 id
528 4513 586 4578 est,
600 4514 727 4567 aeterua
736 4506 888 4568 damnatio
899 4525 953 4567 seu
969 4524 1076 4587 poena.
1129 4527 1190 4567 non
1206 4508 1295 4568 etiam
1312 4526 1330 4566 a
1346 4516 1451 4568 nostra
1473 4505 1639 4586 procedunt
1661 4505 1825 4579 voluntate,

395 4584 476 4652 l'lsne
503 4591 660 4654 confirmet
687 4591 766 4654 banc
800 4594 1077 4674 interpretationem
1129 4595 1249 4654 temetsi
1278 4593 1346 4653 Deo
1376 4592 1587 4669 subordinata3
1625 4613 1661 4653 sc
1690 4590 1828 4672 proinde,

395 4670 464 4738 lctus
482 4679 692 4760 Evangelicus
714 4677 807 4741 hiare.
825 4684 862 4753 3.,
885 4679 937 4740 ubi
960 4699 1015 4759 pro
1030 4698 1076 4750 eo,
1130 4679 1202 4740 dum
1218 4681 1284 4761 quis
1298 4680 1369 4741 boni
1384 4680 1538 4762 quidpiam
1559 4681 1698 4761 proponit
1714 4697 1750 4738 ac
1764 4685 1824 4737 sta·

395 4762 463 4840 quod
476 4765 692 4848 reelegimus:
714 4767 777 4829 eso
791 4784 865 4828 resse
880 4769 940 4827 crit
954 4769 1077 4828 oeserm
1130 4769 1188 4826 tuit
1211 4786 1243 4827 ss
1266 4766 1424 4840 lacurrum,
1447 4769 1587 4839 incertus,
1611 4786 1650 4826 an
1672 4764 1757 4825 Deus
1772 4764 1824 4827 ob·

393 4845 496 4930 delicti,
518 4855 552 4915 in
567 4851 686 4914 Graeco
708 4853 852 4915 habetur:
876 4856 999 4914 ueterrsi
1020 4858 1077 4928 ju·
1125 4854 1265 4933 jecturus
1291 4856 1330 4913 sit
1355 4852 1617 4936 impedimentum,
1643 4872 1703 4933 quo
1729 4853 1828 4913 minus

390 4931 471 5018 licii,
497 4937 531 5001 id
556 4948 623 5015 est,
648 4947 792 5003 aeternae
807 4939 1019 5001 ¹titsmnaticnis
1042 4959 1077 5000 ae
1130 4939 1205 5000 illud
1221 4949 1410 5021 exsequatur,
1433 4946 1517 5000 recte
1532 4956 1600 4999 eum
1615 4937 1722 5015 dicere,
1747 4957 1781 5001 se
1796 4935 1828 4998 id

388 5024 528 5108 npplisii.
552 5025 606 5091 De
625 5028 846 5091 ιιιιιιιιιίοιι
865 5033 964 5089 sutem
986 5025 1076 5089 simul
1129 5023 1288 5104 iacturum,
1302 5028 1428 5091 silices
1439 5027 1630 5105 permiserit
1651 5025 1828 5099 Numerus,
