4442 5825
427 577 475 664 p'g
736 668 739 675 ¹
853 572 895 597 ”
946 578 1356 640 ὕοΜΜΕΝΤΔΒΙΰΜΝεΑΡ.ι
1408 585 1411 589 ’

425 761 713 842 brceadiscrepant,
729 762 786 821 nisi
800 758 945 842 quodpro
957 763 1120 840 [lammam
1174 758 1327 821 Christum
1351 767 1383 820 et
1405 759 1531 839 angelos
1557 779 1595 822 ex
1621 780 1656 821 eo
1682 763 1874 840 potissimum

426 852 520 927 iperio,
541 849 652 910 habent
676 852 780 924 ipncm
802 857 962 923 urentem,
987 848 1068 927 quod
1091 855 1123 907 ct
1174 849 1279 908 statuit
1294 846 1416 919 Paulus,
1432 845 1514 925 quod
1531 847 1585 908 illc
1599 850 1639 907 sit
1653 848 1714 909 Dei
1729 849 1826 923 filins;
1843 849 1885 921 hi¹

426 939 457 999 in
471 935 595 1016 uulgata
609 945 657 996 est
670 937 809 995 versione
824 934 1021 996 Psalmorum.
1041 934 1122 994 Nam
1174 935 1313 1006 ministri,
1336 933 1418 1013 quod
1434 943 1464 993 et
1480 934 1569 1015 paulo
1592 942 1662 1014 post
1676 934 1756 996 clare
1772 937 1871 1014 expri-

426 1022 508 1106 quod
537 1021 641 1083 eedem
671 1021 796 1101 vulgata
826 1021 992 1094 secundum
1021 1021 1123 1082 reddit
1174 1021 1236 1092 mit,
1251 1020 1367 1081 dicens:
1387 1023 1502 1083 Norico
1517 1040 1625 1082 omncs
1639 1029 1715 1082 eunt
1729 1023 1875 1082 admini-

427 1128 603 1191 porsoncm:
617 1109 701 1187 sacis
712 1118 742 1169 et
753 1117 834 1183 tuos,
851 1130 907 1169 nec
919 1128 986 1168 curn
1003 1108 1121 1170 Graeco
1163 1110 1320 1168 ‘stratoris‘
1329 1110 1462 1184 spirituc
1476 1107 1556 1168 etc?
1579 1109 1658 1169 Num
1671 1119 1702 1168 et
1714 1109 1793 1169 infre
1807 1129 1875 1188 cap.

427 1216 486 1259 nec
500 1215 565 1256 cum
577 1195 720 1256 Hebraeo
735 1196 885 1269 conuenit,
902 1197 1040 1274 quumvis
1055 1213 1122 1255 sen·
1175 1196 1204 1255 3.
1222 1194 1300 1256 idem
1318 1193 1478 1255 discrimen
1493 1197 1579 1275 ponit
1590 1196 1667 1254 inter
1678 1195 1831 1257 Christum
1847 1204 1878 1255 et

427 1283 550 1344 tentiam
562 1300 622 1343 non
633 1290 735 1343 mutet
759 1282 936 1343 Atverode
951 1302 1041 1343 sensu
1056 1301 1120 1341 ver·
1175 1283 1301 1342 Morem.

428 1365 516 1431 siculi
530 1371 569 1431 ab
581 1370 728 1448 Apostolo
741 1370 835 1439 citati,
851 1378 941 1449 prout
955 1370 985 1429 in
1000 1368 1123 1429 Psalmo
1219 1367 1281 1429 Sed
1296 1376 1396 1427 umen
1411 1367 1461 1428 hic
1483 1387 1589 1428 sensns
1609 1368 1678 1428 aliis
1693 1369 1876 1449 quibusdam

427 1455 561 1529 habetur,
577 1470 638 1516 nun
652 1455 730 1516 levis
745 1465 791 1517 est
806 1458 1019 1516 controversie
1048 1454 1122 1533 Qui·
1177 1475 1236 1515 nou
1252 1455 1361 1535 placet,
1378 1450 1471 1534 idque
1486 1464 1609 1535 propter
1623 1457 1765 1515 articulos
1782 1455 1875 1516 Grae·

428 1541 497 1603 dam
511 1543 599 1615 enim,
614 1550 647 1603 ut
661 1542 817 1615 Vutablns,
834 1542 997 1603 Jansenius
1013 1541 1124 1622 aliique
1177 1543 1273 1608 cosin
1288 1549 1417 1619 utroque
1440 1542 1582 1602 versiculi
1604 1542 1737 1603 membro
1753 1545 1875 1622 apposi-

428 1628 554 1690 literalis
569 1629 790 1709 intelligentiae
805 1629 994 1692 Psalmorum
1010 1629 1123 1689 studio·
1177 1639 1225 1689 tos
1239 1628 1332 1707 priori
1347 1627 1502 1699 vocabulo,
1522 1649 1583 1688 non
1598 1631 1766 1708 posteriori.
1794 1629 1875 1709 Quo·

429 1717 537 1789 eiures,
558 1715 664 1776 ordine
687 1718 916 1777 constructionis
942 1717 1059 1776 inverso
1080 1718 1125 1776 sic
1177 1717 1233 1774 ties
1249 1715 1328 1774 enim
1351 1723 1513 1776 occurrunt
1527 1714 1586 1775 duo
1601 1717 1722 1775 nomine
1736 1716 1876 1796 ejusdem

430 1809 600 1884 exponunt:
623 1805 685 1883 Qui
708 1805 856 1880 spiritur,
884 1803 916 1863 id
939 1811 986 1864 est
1007 1811 1124 1874 ventos,
1177 1820 1265 1862 casus
1294 1820 1359 1860 eum
1389 1801 1503 1876 verbo,
1533 1821 1660 1882 quornm
1686 1804 1816 1863 alterum
1838 1803 1877 1864 sb

428 1890 511 1968 facit
531 1890 663 1951 nuntios
684 1906 774 1964 tuos,
802 1890 860 1952 hoc
882 1897 944 1963 est,
971 1891 1064 1951 utitur
1087 1890 1125 1949 iis
1178 1888 1321 1949 anteriori
1343 1898 1434 1966 ports
1452 1890 1584 1949 construi
1603 1889 1723 1962 debeat,
1746 1891 1875 1950 alterum

430 1985 575 2056 tanquam
590 1976 709 2048 nuntiis,
725 1978 769 2036 itu
783 1983 817 2035 ut
831 1979 906 2039 iram
922 1977 1015 2056 ipsius
1030 1977 1124 2037 homi·
1178 1997 1197 2035 a
1211 1975 1384 2055 posteriori3
1398 1975 1472 2034 illud
1486 1977 1689 2055 praeconstrui
1704 1977 1816 2039 debere
1830 1975 1873 2036 di·

431 2061 518 2123 nibus
540 2059 722 2135 denuntient,
745 2065 865 2143 quoties
887 2064 976 2124 terrie
998 2083 1034 2123 ac
1052 2063 1127 2123 mari
1179 2062 1325 2133 cnutoni
1347 2060 1466 2122 additus
1489 2072 1534 2123 est
1548 2060 1700 2122 articulus.
1732 2063 1875 2142 Exempli

431 2147 641 2211 vehementius
663 2149 856 2224 incumbunt,
879 2158 909 2210 et
930 2156 1127 2229 tempestates
1179 2150 1291 2228 gretia,
1313 2147 1395 2227 quod
1417 2148 1491 2208 dicit
1512 2149 1665 2210 Joannes:
1696 2143 1779 2218 Θεὸς
1801 2141 1876 2227 ἧνό

433 2236 576 2296 excitent.
601 2236 678 2296 Item
700 2240 756 2314 qui
776 2238 941 2316 flammam
956 2239 1039 2312 ipris
1053 2230 1128 2297 sive
1180 2227 1286 2311 λόγος,
1308 2236 1397 2296 Deus
1411 2243 1481 2295 crat
1502 2236 1648 2311 Verbum,
1668 2247 1791 2316 propter
1805 2238 1877 2296 erti-

432 2325 537 2398 iprscm
560 2331 722 2398 urentem,
746 2322 802 2384 boc
825 2329 879 2395 est,
902 2321 1024 2402 fulgure
1045 2322 1127 2382 llum·
1181 2323 1278 2382 culum
1304 2320 1440 2382 additum
1467 2321 1512 2382 illi
1541 2323 1696 2397 Verbum,
1724 2344 1785 2384 non
1807 2324 1880 2383 huic

431 2409 546 2469 mantis
560 2413 722 2472 ministros
745 2428 817 2472 suos
836 2411 937 2491 facin
960 2430 1026 2471 cum
1043 2409 1126 2469 vide·
1181 2411 1278 2482 Deus,
1293 2409 1335 2468 ita
1345 2409 1578 2470 construendum
1590 2418 1648 2471 est:
1664 2410 1797 2471 Verbum
1813 2412 1881 2471 eret

431 2495 505 2557 licet
529 2495 566 2555 iis
589 2497 673 2558 velut
695 2498 839 2558 ministris
861 2498 968 2570 utitur,
995 2497 1128 2576 quoties·
1180 2496 1274 2555 Deus.

432 2600 552 2663 cunque
574 2583 719 2653 voluerit.
742 2583 781 2644 ad
803 2582 948 2644 ultionem
969 2583 1009 2643 de
1030 2584 1130 2662 impiis
1224 2582 1321 2662 Igitur
1345 2583 1512 2661 praesentis
1539 2584 1684 2644 versiculi
1707 2584 1787 2644 hunc
1810 2603 1877 2644 sen·

433 2667 625 2729 sumendam:
651 2669 801 2749 quomodo
827 2670 957 2749 legimus
980 2669 1130 2748 Psutspo-
1181 2687 1248 2730 snm
1264 2687 1331 2729 esse
1344 2667 1466 2728 volunt:
1490 2667 1554 2748 Qui
1575 2671 1698 2749 angelos
1720 2690 1790 2732 suos
1805 2672 1881 2731 iacit

432 2755 487 2816 lim
509 2753 722 2836 coelestiique
745 2764 962 2834 consumptam.
985 2757 1046 2816 Hic
1061 2775 1129 2816 sen·
1182 2757 1259 2815 sicut
1273 2763 1380 2816 ventos
1392 2764 1424 2814 et
1434 2757 1588 2818 ministros
1599 2777 1670 2820 suos
1681 2760 1758 2818 οἰοιοῖ
1768 2761 1878 2838 ignem

434 2845 487 2902 sus
502 2842 614 2922 optime
636 2844 776 2924 congruit
791 2863 858 2903 cum
874 2844 918 2917 iis,
940 2862 1020 2925 quae
1035 2844 1064 2902 in
1080 2862 1129 2903 eo·
1181 2844 1339 2922 Frequens
1355 2844 1436 2901 enim
1452 2843 1602 2904 Hebraeis
1617 2855 1663 2904 est
1678 2853 1780 2905 notam
1794 2845 1877 2904 simi·

434 2927 502 2989 dem
513 2927 639 2989 Psslmc
649 2929 832 3011 praecedunt
847 2929 885 2991 de
899 2931 1019 3004 lumine,
1035 2930 1130 3003 coelo,
1183 2928 1316 2989 litudinis
1347 2931 1468 2989 reticere
1499 2951 1535 2992 ac
1573 2931 1815 3012 subintelligere,
1847 2942 1881 2993 ut

416 3072 418 3076 ,
434 3016 532 3095 aquis,
547 3014 679 3077 nubibus
695 3026 727 3077 et
741 3020 846 3096 pennis
860 3026 1025 3090 ventorum,
1047 3016 1130 3078 volut
1181 3016 1295 3078 Psalm.
1313 3017 1372 3088 10,
1386 3016 1437 3076 nbi
1453 3037 1507 3077 nos
1522 3018 1685 3079 habemus:
1710 3022 1879 3080 Transmi-

434 3101 691 3164 subservientibus
714 3101 915 3164 ostendendae
936 3103 1129 3182 magnificen-
1182 3122 1242 3180 cru
1257 3106 1293 3163 irs
1309 3111 1447 3164 montem
1462 3107 1542 3166 eiust
1555 3123 1675 3181 passer,
1692 3107 1724 3166 in
1737 3108 1881 3167 Hebraeo

435 3189 496 3248 tiss
509 3188 578 3248 Dei.
608 3190 724 3269 Estque
739 3191 900 3270 persimile,
924 3189 1006 3270 quod
1021 3190 1134 3270 legitur·
1183 3199 1301 3252 unium
1330 3199 1391 3249 est:
1432 3192 1642 3267 Tecrumspra
1672 3197 1709 3253 irs
1738 3204 1880 3257 osonum

434 3274 549 3354 Psslrn
565 3278 634 3339 148.
652 3278 750 3353 Ipsis,
766 3279 902 3353 prendo,
919 3278 988 3352 uix,
1003 3278 1129 3353 pluries,
1180 3295 1298 3354 passer.
1323 3276 1418 3353 Ajunt
1440 3286 1539 3338 autem
1562 3280 1687 3359 angelos
1710 3283 1881 3361 comparari

434 3362 566 3437 spiritus
576 3363 805 3439 procellarum,
823 3365 1042 3442 pssucscciuut
1056 3382 1131 3424 vcr-
1183 3364 1282 3424 ventis
1305 3374 1427 3443 proptor
1449 3384 1592 3425 summam
1619 3367 1822 3440 celeritatem,
1850 3376 1881 3427 et

435 3447 510 3508 bum
526 3450 600 3523 ejus.
624 3449 687 3511 Sed
708 3451 757 3510 hic
780 3469 884 3512 sensus
903 3444 976 3512 nihil
991 3450 1029 3512 sd
1045 3452 1129 3512 insti·
1183 3452 1243 3529 igni
1268 3457 1391 3528 propter
1412 3470 1557 3512 summam
1581 3462 1706 3513 saurae
1733 3455 1880 3515 subtilita-

336 3552 338 3557 ‘
434 3540 533 3595 tutum
546 3534 694 3615 Apostoli.
1182 3545 1243 3597 tem
1266 3556 1302 3597 ac
1317 3538 1378 3596 sim
1401 3538 1552 3617 operandi.
1579 3541 1628 3600 Ita
1650 3540 1761 3600 docent
1778 3542 1881 3601 Theo·

478 3619 630 3700 Quocirca
653 3622 704 3683 clii
727 3621 866 3703 plerique
886 3622 984 3683 locum
1007 3622 1130 3697 Psalmi,
1182 3621 1304 3683 doretus
1317 3623 1731 3703 etEutlrymiusiuPsalmcs,
1744 3629 1879 3689 stlatius

432 3707 523 3785 juxta
545 3709 712 3769 citationem
729 3708 935 3788 Apostolicsm
958 3708 997 3770 de
1012 3711 1057 3781 iis,
1079 3711 1131 3790 qui
1183 3709 1316 3790 explicet
1330 3712 1499 3791 Dionysius
1519 3712 1571 3774 lib.
1595 3712 1634 3774 de
1658 3715 1781 3776 coelest.
1804 3715 1879 3776 lrier.

435 3796 558 3873 proprie
580 3795 745 3856 secundum
760 3795 945 3876 Scriptorum
967 3796 1069 3875 angeli
1085 3796 1129 3857 di·
1183 3817 1248 3877 cap.
1269 3797 1319 3857 15.

434 3890 553 3955 cuntur,
569 3890 599 3943 et
615 3881 653 3943 de
667 3883 778 3962 quibus
788 3883 965 3961 Apostolum
978 3883 1026 3943 hie
1040 3903 1131 3963 egere
1227 3885 1299 3944 Jam
1313 3902 1353 3945 ex
1367 3884 1448 3957 istis,
1461 3887 1486 3945 si
1503 3904 1643 3964 quaeras,
1668 3886 1743 3966 quid
1758 3897 1879 3948 senteu-

434 3976 563 4041 constat,
578 3969 826 4050 interpretantur:
850 3988 1024 4051 quenquam
1039 3969 1130 4032 iel-fa·
1184 3972 1228 4031 tia
1242 3972 1286 4031 sio
1298 3972 1437 4049 exposite
1450 3971 1541 4031 iaciat
1553 3971 1593 4032 ad
1603 3991 1666 4033 rem
1682 3983 1882 4053 praesentem,

434 4054 515 4116 olunt
536 4071 597 4115 non
617 4075 677 4117 uno
701 4055 797 4117 modo.
822 4057 901 4117 Nam
923 4057 975 4117 alii
997 4056 1131 4137 quidem,
1183 4078 1250 4118 cnm
1265 4058 1466 4136 proprietates
1488 4058 1559 4118 illae
1575 4061 1692 4138 angelis
1716 4061 1882 4121 attributae

434 4148 469 4201 ut
480 4142 668 4222 Augustinus
680 4144 711 4203 in
722 4143 859 4204 Psulmcs
871 4152 901 4204 et
912 4139 1037 4223 Gregor.
1050 4143 1129 4204 hom.
1183 4143 1303 4205 Ohristo
1327 4143 1489 4204 secundum
1513 4152 1650 4205 naturum
1677 4145 1810 4207 divinam
1831 4148 1882 4208 vel

434 4228 463 4288 tt
486 4246 578 4309 super
599 4228 781 4309 Evangelia,
806 4230 951 4310 multique
974 4239 1045 4310 post
1067 4250 1130 4303 ecs,
1181 4232 1313 4291 maxima
1334 4232 1523 4304 convenient,
1539 4239 1572 4292 ut
1586 4241 1670 4311 potet
1685 4254 1723 4293 ex
1738 4234 1882 4314 epithetis

433 4314 569 4377 similiter
591 4314 694 4378 ordine
708 4316 866 4377 verborum
890 4318 1046 4377 immutato
1062 4337 1129 4377 sen·
1182 4316 1358 4396 Sapientiae
1372 4316 1496 4378 divinoe
1509 4317 1580 4398 Sap.
1595 4322 1631 4392 7.,
1647 4340 1715 4380 nam
1732 4330 1762 4380 et
1776 4322 1808 4380 in
1822 4322 1882 4381 hae

432 4420 498 4461 sum
511 4402 592 4462 huno
607 4402 750 4464 reddunt:
774 4401 835 4482 Qui
851 4422 909 4477 eos,
933 4423 1060 4483 quorum
1075 4424 1128 4464 na·
1182 4404 1325 4484 Epistola
1350 4425 1415 4485 cap.
1440 4407 1470 4465 4.
1496 4425 1618 4484 prorsus
1646 4405 1756 4467 similia
1779 4408 1881 4469 Verbo

432 4495 501 4550 tura
516 4488 683 4567 spiritualis
703 4497 794 4551 estet
814 4492 912 4570 ignes,
933 4488 965 4551 id
980 4498 1025 4551 es't
1039 4490 1129 4551 vehe-
1183 4488 1243 4550 Dei
1258 4491 1444 4551 tribuuntur:
1467 4494 1566 4552 Vinus
1577 4500 1630 4567 cst,
1647 4494 1754 4574 inquit,
1769 4496 1882 4555 &rme

432 4584 549 4636 menter
570 4577 679 4648 cetius,
701 4575 775 4637 iacit
796 4578 915 4638 nuutios
935 4585 964 4636 et
978 4578 1129 4638 ministros
1183 4578 1244 4636 Dei
1265 4584 1296 4637 ct
1318 4577 1451 4655 efficere,
1478 4586 1508 4639 ct
1530 4580 1764 4655 penetrabilior
1789 4584 1882 4642 omui

432 4680 513 4722 suos.
537 4660 614 4724 Seu:
631 4662 691 4743 Qui
704 4683 758 4743 pro
773 4665 894 4737 nuntiis,
910 4662 1082 4725 cursoribus
1097 4670 1129 4723 et
1181 4664 1289 4738 plodio
1302 4668 1438 4741 ancipiti
1450 4675 1515 4738 etc,
1530 4667 1714 4745 respondent
1729 4687 1769 4727 ex
1785 4667 1880 4730 Grae·

431 4747 575 4810 ministris
596 4750 689 4810 utitur
711 4750 920 4830 spiritualibus
941 4758 972 4812 et
993 4753 1126 4811 immate-
1159 4755 1282 4812 'corum
1306 4753 1543 4826 commentariis,
1570 4752 1749 4832 Apostolum
1771 4773 1882 4835 urgere

431 4832 555 4895 mribus
578 4835 760 4911 substantiis.
784 4835 885 4916 Quem
908 4855 1030 4899 sensum
1045 4838 1127 4898 insti·
1180 4838 1305 4897 verbum
1326 4840 1416 4916 facit
1439 4839 1487 4899 Ex
1510 4860 1546 4899 ec
1565 4860 1695 4920 numque
1717 4843 1803 4920 sequi
1824 4864 1880 4903 an·

433 4926 497 4979 tuto
526 4920 657 4982 Paulino
687 4942 778 5001 quam
808 4924 937 4984 maxime
967 4924 1127 5004 quadrare,
1181 4924 1266 5003 gelos
1289 4943 1356 4985 esse
1375 4935 1542 5003 creaturam
1566 4934 1598 4986 et
1617 4946 1673 5006 per
1696 4929 1753 4987 lroc
1768 4948 1788 4987 a
1802 4928 1881 4989 Filio

431 5016 562 5071 nonest
586 5006 719 5071 dublum.
753 5009 833 5073 Nem
857 5007 1021 5075 discrimen
1046 5012 1128 5074 inter
1181 5009 1254 5086 Dei,
1277 5012 1407 5094 quinon
1421 5011 1519 5074 tamus
1540 5021 1591 5076 est
1605 5021 1659 5075 ant
1673 5023 1801 5091 orestus,
1823 5014 1882 5079 sed
