4442 5825
399 601 473 672 tho
828 638 831 642 -
908 595 1147 650 commentus
1165 597 1196 651 nt
1214 597 1279 653 Chl’.
1298 597 1327 653 ll.

395 792 453 837 uec
467 791 528 832 non
542 767 625 849 opud
641 768 842 851 Augustiuum
859 778 891 833 et
905 770 1027 833 Bcdsm.
1051 773 1094 833 Ut
1146 774 1309 835 uerborum
1338 773 1489 834 uolumine
1524 773 1706 854 mysterium
1732 774 1804 844 istum

397 868 497 920 sutem
520 877 579 918 non
601 857 695 916 suerit
718 858 852 919 additum
874 858 912 920 eh
936 859 1092 938 Apostolo,
1147 861 1230 942 quod
1246 863 1355 922 Petrus
1371 871 1473 940 spcrto
1493 861 1598 940 eloqui
1613 861 1747 937 noluerit3
1763 881 1806 942 ptr

397 956 479 1007 recte
494 955 592 1006 eursu
617 944 744 1025 intelligi
760 954 874 1026 potest:
898 949 933 1006 in
948 947 1091 1022 sulutem,
1147 948 1350 1025 ticipstionem
1380 948 1448 1008 dico
1482 967 1592 1007 sscrss
1621 948 1808 1019 Eucherium

397 1037 433 1094 tn
459 1037 565 1095 sirum
586 1031 775 1109 profectum,
804 1032 852 1093 rel
878 1032 995 1111 aliquid
1023 1032 1093 1093 tels.
1148 1053 1207 1114 qun
1230 1034 1359 1095 dulcedo
1383 1034 1524 1094 honitatis
1544 1043 1576 1094 ct
1597 1038 1712 1114 gratiss
1730 1034 1811 1095 Dsi‘n

397 1120 473 1180 Num
487 1129 584 1179 motus
608 1120 785 1180 incrementi
809 1119 905 1179 tendit
921 1119 959 1179 sd
975 1121 1091 1200 quanti·
1146 1140 1201 1181 suc
1216 1120 1299 1181 scote
1313 1128 1459 1201 griststur.
1480 1122 1606 1181 Etenim
1622 1123 1727 1200 primi
1737 1121 1811 1181 Erds

395 1217 486 1268 tutem
502 1204 677 1286 perfectum.
700 1207 810 1286 ltoqne
825 1225 930 1265 sensus
946 1215 1006 1266 est:
1031 1206 1093 1271 lm
1145 1209 1211 1268 sius
1226 1208 1413 1287 temporibus
1437 1207 1514 1267 solet
1530 1208 1696 1288 mphpuis
1710 1210 1813 1268 stetini

388 1290 776 1372 Evangelicsudoctrinse,
793 1313 882 1374 quem
898 1292 993 1352 semol
1008 1312 1092 1353 suce-
1146 1293 1297 1375 bsptismo
1320 1293 1385 1353 duri
1407 1314 1493 1355 sscrs
1513 1294 1716 1356 Euchsoistis.
1736 1292 1814 1355 Sedu

395 1383 502 1461 pistis,
532 1377 670 1459 quotidie
696 1378 796 1440 sdhuc
821 1398 905 1440 mure
932 1378 1091 1439 intentiurn
1146 1382 1225 1440 iuter
1248 1383 1330 1461 ipsos
1349 1380 1490 1460 baptismi
1514 1384 1723 1442 oneremini
1742 1380 1815 1439 less

396 1468 532 1548 sppsuits
551 1474 582 1526 st
598 1466 721 1544 semitm
744 1476 778 1526 ut
802 1486 853 1546 per
876 1465 952 1525 illud
974 1466 1091 1525 adoles·
1145 1468 1205 1526 mcl
1231 1466 1413 1544 gustandum
1438 1467 1662 1548 prsebshotur3
1684 1477 1718 1528 ut
1736 1467 1815 1529 serii

397 1558 481 1626 cstis,
501 1552 607 1623 idest,
629 1555 727 1631 megis
742 1555 889 1632 scmsgis
912 1553 945 1611 iu
959 1554 1022 1613 vitu
1038 1552 1093 1612 huc
1144 1554 1218 1615 mile
1232 1557 1278 1627 sit,
1296 1555 1473 1634 Apostolum
1485 1555 1609 1615 Petrum
1626 1555 1666 1615 ed
1682 1575 1716 1616 ss
1729 1562 1815 1634 mystea

397 1660 486 1713 nous,
502 1638 547 1699 ud
571 1658 663 1718 quum
685 1642 760 1699 estis
783 1641 897 1711 renuti,
920 1640 1093 1718 proficietis,
1144 1641 1189 1700 rie
1214 1643 1384 1721 respexisse
1407 1642 1463 1701 hoc
1486 1641 1562 1713 loco,
1590 1640 1815 1721 quemadmodu

397 1725 595 1789 donec-virile
617 1724 715 1800 robur,
739 1726 840 1799 idest,
863 1728 1027 1808 perlectum
1044 1744 1089 1786 ss·
1145 1736 1176 1786 st
1198 1728 1326 1788 Psulum
1344 1728 1482 1790 lichni.
1507 1728 1569 1787 illis
1583 1729 1704 1790 verbis:
1728 1729 1815 1790 Ceut·

396 1812 713 1896 sequeminissluten.
1143 1822 1261 1875 uerunt
1284 1818 1377 1875 etium
1403 1816 1524 1875 donum
1548 1817 1686 1876 coeleste.
1709 1813 1815 1876 Usdet

440 1903 468 1961 3.
493 1901 527 1961 st
542 1907 650 1959 tamen
664 1903 823 1976 pssstcstis,
846 1902 999 1978 quonium
1016 1897 1090 1958 dot·
1144 1901 1283 1962 Ecclesia
1299 1903 1398 1961 locum
1415 1903 1495 1961 bunc
1514 1905 1626 1963 recitet
1640 1904 1672 1963 in
1686 1899 1814 1963 officicii

396 1992 441 2049 cis
466 1995 509 2048 stt
535 1989 701 2047 Deuiiuus.
748 1987 902 2048 Perticuls
925 1995 1032 2046 tamen
1060 1986 1091 2044 in
1144 1988 1215 2048 vinc
1240 1988 1320 2048 illius
1338 1987 1522 2056 Dominicus,
1548 2008 1611 2069 qun
1625 1991 1815 2071 neophytum

397 2074 513 2137 Graeco
534 2084 567 2133 et
588 2073 715 2152 Syrisce
738 2096 798 2135 uon
819 2075 953 2145 hebetur,
979 2091 1034 2132 uec
1055 2072 1090 2131 iu
1144 2073 1265 2136 habitus
1280 2074 1350 2135 olim
1367 2077 1544 2135 commutari
1563 2076 1651 2149 solet,
1676 2074 1815 2157 qusudcst

396 2162 533 2224 omuibus
557 2160 742 2221 esthtinis.
766 2163 953 2241 Augustinus
968 2177 1090 2237 quoquc
1144 2160 1218 2221 illud
1247 2181 1286 2223 ex
1312 2163 1532 2241 neophytorum
1561 2182 1693 2243 persons
1717 2163 1814 2230 eruitur,

395 2270 456 2312 nou
483 2247 583 2325 eddit3
613 2249 749 2321 temetsi,
776 2247 857 2329 quod
884 2247 1002 2307 Graece
1028 2254 1090 2305 est:
1143 2248 1340 2319 hauddubie,
1363 2251 1437 2328 quin
1454 2249 1812 2310 deEuchsristisehsus·

396 2330 491 2416 εἴπερ
509 2328 698 2412 ἐγεύσασθε,
724 2338 751 2397 si
777 2336 904 2413 quidem
930 2336 1088 2409 certastis,
1142 2345 1260 2395 monto:
1288 2336 1387 2409 euim
1407 2355 1523 2412 corpur
1537 2336 1812 2409 sanctissimumis

395 2428 485 2487 etism
509 2425 583 2483 uerti
606 2425 719 2502 putuit:
746 2427 772 2482 si
798 2431 906 2482 tumen
932 2423 1088 2497 aestuetis,
1142 2441 1204 2482 cro
1218 2425 1320 2482 mucis
1339 2424 1509 2495 torridum,
1534 2428 1812 2499 monuissemus

395 2515 454 2574 uisi
468 2503 563 2588 εἴπερ
584 2510 641 2569 hoc
660 2510 728 2570 luno
745 2529 811 2570 enon
833 2518 894 2568 turn
910 2517 990 2567 esset
1005 2505 1088 2566 duhi·
1142 2510 1301 2585 prestando
1315 2511 1450 2570 vivimus
1464 2511 1540 2573 Deo.
1565 2511 1707 2591 Denique
1717 2514 1811 2578 ruunt,

395 2603 504 2671 tentis,
531 2617 619 2678 quum
639 2599 854 2677 supponentis,
881 2594 962 2675 quod
984 2613 1088 2653 verum
1144 2598 1319 2657 Dominum
1343 2595 1392 2656 hic
1413 2596 1543 2675 intelligi
1566 2595 1727 2658 Christum.
1754 2595 1810 2656 tiu

396 2696 458 2763 θοις
473 2686 515 2744 uti
530 2684 646 2764 putcbit
661 2702 700 2743 ex
713 2703 812 2743 scum.
836 2681 997 2741 Caeterum
1008 2700 1088 2739 mon·
1143 2685 1294 2764 sequitur:

396 2773 470 2834 dcse
496 2770 616 2851 quidum
647 2769 766 2835 codices
797 2769 915 2848 legunt:
946 2770 1088 2843 pustutis,
1186 2772 1214 2830 4.
1238 2771 1289 2830 Ad
1304 2789 1395 2846 quem
1419 2770 1611 2846 accedentes,
1636 2768 1811 2849 lapidemu-

395 2860 546 2943 praesenti
570 2866 713 2937 tempure.
737 2858 792 2917 Est
813 2865 913 2916 sutem
932 2853 1091 2915 manifesto
1142 2876 1225 2918 vent.
1258 2858 1505 2918 Exhortationem
1528 2854 1810 2937 superimmensus

389 2948 505 3008 ·sliusio
529 2945 568 3005 ed
591 2964 711 3007 versum
731 2943 844 3004 Psalm.
868 2945 937 3005 33.:
963 2942 1090 3003 Gustate
1142 2955 1205 3004 mut
1230 2945 1268 3003 ub
1295 2945 1460 3005 excellenti
1485 2944 1634 3025 dignitate
1660 2946 1809 3007 Christisrr

387 3043 427 3096 -st
439 3033 554 3104 videte,
570 3034 724 3110 quonium
741 3034 849 3094 scacis
864 3038 907 3089 est
923 3031 1090 3090 Dominus.
1143 3052 1217 3102 rum,
1241 3051 1330 3109 qnam
1353 3033 1454 3092 verbis
1477 3034 1660 3109 magnificis,
1683 3042 1719 3104 st,
1740 3029 1811 3090 otis

397 3121 514 3185 Gracco
535 3129 596 3179 tum
618 3120 647 3178 in
670 3118 799 3191 Psalmo,
823 3136 912 3195 quom
937 3116 1090 3187 hocloco,
1143 3118 1277 3188 dixerim,
1300 3119 1426 3179 heroicis
1450 3117 1657 3197 depraedicat,
1681 3121 1810 3180 immons

396 3209 521 3288 legitur:
536 3196 1090 3282 drtxpnordcissdptcmuinhenip·
1143 3204 1211 3263 huic
1231 3215 1407 3282 argumento
1429 3224 1526 3284 usque
1554 3205 1596 3265 sd
1617 3206 1703 3266 illum
1725 3205 1811 3264 locus:

396 3314 458 3357 nus
484 3296 651 3356 Dominus.
693 3293 734 3350 At
759 3291 912 3351 Hebraice
940 3298 998 3348 cst:
1026 3289 1089 3363 tob,
1144 3292 1316 3365 Carissimo,
1339 3292 1461 3352 obsecro
1485 3310 1540 3352 uos
1560 3299 1614 3353 etc.
1641 3291 1810 3360 decedente,

395 3383 504 3443 honus.
528 3381 607 3459 Ergo
618 3379 818 3438 dulcedinem
833 3377 959 3455 intelligi
972 3383 1091 3455 oportet
1143 3376 1173 3436 id
1190 3387 1236 3437 est
1250 3378 1319 3437 dum
1332 3380 1482 3438 acceditis.
1507 3380 1670 3440 Acceditur
1685 3369 1811 3439 sutsusi

394 3469 559 3534 bonitatem
582 3486 619 3525 ec
636 3465 856 3543 'benignitatem
871 3463 930 3523 liei
952 3483 1021 3541 erge
1037 3462 1088 3521 ho·
1143 3463 1292 3523 Christum
1310 3466 1399 3525 stium
1415 3466 1453 3525 ab
1470 3466 1515 3537 iis,
1532 3468 1585 3544 qui
1596 3467 1661 3545 jum
1677 3468 1707 3527 iu
1717 3463 1812 3526 curte

395 3558 501 3626 mines,
514 3572 599 3635 quse,
610 3552 681 3611 dum
694 3552 732 3611 sb
745 3552 805 3611 illis
817 3553 988 3630 agnoscitur
998 3561 1090 3629 atquc
1142 3552 1239 3610 renuti
1269 3560 1351 3622 sunt,
1383 3550 1452 3610 dum
1481 3551 1667 3631 quotidianis
1697 3553 1812 3614 viuum

396 3652 541 3723 gusmtcr,
557 3637 686 3699 dulcedo
701 3649 834 3697 vocetur.
859 3636 928 3698 Jsm
946 3637 1002 3695 buc
1016 3655 1089 3715 quo·
1143 3636 1326 3716 profectibus
1341 3638 1439 3716 magis
1451 3640 1608 3717 magisque
1624 3659 1659 3700 se
1673 3641 1703 3700 si
1717 3637 1812 3716 eoin

396 3726 516 3811 quood
539 3725 743 3805 mctophorsm
766 3725 853 3783 luctis
878 3731 908 3782 et
930 3723 1089 3783 iniuntiusn
1143 3734 1227 3803 gunt.
1262 3723 1413 3785 Christum
1437 3734 1528 3786 voest
1552 3726 1696 3803 lapidem
1718 3728 1813 3794 uiuum

395 3816 533 3896 pertinet.
563 3812 640 3872 Nem
662 3811 802 3882 inientes,
824 3808 983 3869 dulcedius
1002 3810 1090 3869 luctis
1143 3811 1281 3887 lapidem
1308 3820 1427 3891 propter
1449 3811 1636 3885 firmitatem,
1668 3811 1814 3892 metopio

396 3910 524 3983 guststs,
542 3918 646 3960 rursus
661 3900 757 3978 ipsum
773 3905 896 3977 μεθίετο
912 3897 1047 3975 cupiunt.
1142 3906 1262 3978 sumpts
1276 3918 1295 3957 a
1306 3897 1418 3976 lepide,
1434 3901 1612 3977 praesertim
1625 3891 1815 3980 sambuci

438 3989 496 4048 Est
516 3989 608 4066 igitur
630 3984 850 4046 exhortationis
870 3983 1055 4043 contlrmutio
1071 4001 1091 4041 s
1141 3984 1311 4046 firmitatem
1335 3992 1470 4063 praestet
1491 3983 1648 4063 aedificic,
1681 3987 1761 4066 cujus
1780 3977 1815 4042 ud

397 4073 554 4135 dulcedius
579 4075 662 4153 prins
688 4081 847 4151 perrepts3
878 4072 964 4150 qussi
991 4069 1088 4130 dicet:
1142 4072 1235 4130 iostsr
1256 4069 1395 4131 Christus
1419 4090 1501 4130 suum
1523 4071 1695 4134 Ecclesium
1717 4071 1816 4133 ΜΗ

395 4161 467 4223 Jurs
491 4170 560 4220 suto
582 4160 763 4240 percepistis
783 4169 873 4237 gustu
895 4156 988 4237 pslsti
1003 4157 1088 4236 spiri·
1142 4177 1178 4217 cc
1192 4158 1299 4217 firmet.
1323 4159 1489 4236 Acceptum
1511 4177 1623 4220 nomeu
1639 4179 1659 4219 s
1673 4155 1817 4240 Peplos

395 4247 488 4308 tuclis
511 4245 595 4324 (tuuc
616 4246 739 4318 scilicet,
754 4242 887 4325 ,quondo
908 4243 969 4305 fide
992 4262 1089 4302 susce·
1142 4263 1267 4323 quorum
1290 4246 1383 4305 verbs
1397 4246 1497 4316 refert,
1520 4248 1625 4322 paucis
1648 4243 1817 4329 interpcdtk

394 4337 483 4417 pistis
505 4333 711 4413 Eusspolium,
736 4340 889 4410 tsmqusm
912 4332 1017 4390 salotis
1040 4348 1089 4389 re·
1150 4333 1262 4391 Vicum
1285 4351 1337 4392 seu
1362 4334 1530 4405 viventem,
1554 4341 1590 4391 ut
1611 4340 1719 4414 tropus
1733 4345 1817 4412 ug*

395 4432 477 4484 struo
495 4422 633 4481 nuntium
658 4418 849 4480 laetissimum
865 4428 894 4476 ot
910 4418 988 4478 omni
1004 4435 1088 4476 cccc·
1142 4426 1232 4488 entur,
1256 4417 1403 4499 quomodo
1426 4437 1518 4497 supro
1540 4419 1635 4479 dixit:
1664 4419 1819 4482 &1er

395 4511 499 4591 ptions
524 4502 678 4587 (liguum),
696 4525 795 4586 -qusm
817 4505 912 4564 bouus
935 4511 967 4564 et
987 4504 1089 4563 suevis
1143 4504 1260 4579 nubile,
1280 4507 1351 4586 quis
1373 4525 1434 4564 nco
1453 4505 1547 4574 solum
1570 4507 1638 4585 ipss
1655 4509 1688 4568 iu
1702 4505 1819 4569 ruffi

395 4605 442 4658 sst
457 4597 621 4671 iiominus3
644 4594 738 4673 igitur
758 4592 848 4669 hujus
871 4600 931 4652 tum
947 4589 1089 4651 saluteris
1142 4590 1241 4662 hehet,
1263 4590 1317 4652 ssd
1334 4593 1424 4651 etism
1445 4612 1547 4652 omnes
1567 4593 1628 4653 sihi
1643 4589 1820 4656 etism

394 4682 549 4750 doctrinae
564 4677 1088 4760 succumsmpliuscdhucuppetite,
1141 4678 1287 4738 vivificst.
1803 4675 1806 4682 ’

395 4789 454 4852 quo
477 4769 574 4847 magis
589 4787 624 4826 co
644 4766 783 4827 delectati
806 4763 926 4845 plenius
945 4783 1088 4843 esseque·
1186 4765 1234 4826 Ab
1260 4765 1441 4825 bominibus
1465 4765 1594 4841 quidem
1619 4763 1819 4846 reperisti

394 4857 469 4918 mini
480 4854 693 4935 perlectionem
709 4852 882 4913 iuChn'sto.
1142 4850 1165 4911 J
1167 4852 1255 4911 oduei
1270 4852 1484 4931 significantur,
1501 4852 1553 4931 qui
1565 4853 1818 4916 morderentu-

438 4942 500 5023 Qui
517 4959 620 5003 seusus
634 4941 691 5001 etsi
709 4939 805 5000 bouus
820 4958 855 4998 sc
865 4955 959 4996 cerus
974 4937 1023 5007 sit,
1045 4942 1087 4995 st·
1140 4938 1285 5013 pentibus
1296 4940 1339 4997 ud
1350 4938 1550 4999 illudendum
1564 4947 1596 4999 et
1605 4937 1818 5019 docelini·

395 5036 497 5091 tonsu
511 5026 596 5089 hsud
610 5035 658 5090 sst
672 5023 877 5108 improbetis,
891 5020 949 5083 suh
965 5023 1088 5082 istorum
1135 5032 1171 5084 st
1196 5026 1461 5103 missilipmdssm,
1487 5025 1599 5087 Motth.
1619 5029 1677 5090 20.
1707 5019 1819 5106 Rffl
