4442 5825
435 607 509 673 710
952 594 1380 679 mnnnnmsncnnn

435 772 517 856 quod
540 770 649 832 accidit
664 772 695 833 in
713 769 804 832 rebus
825 771 980 848 humanis3
1004 770 1055 831 ubi
1080 790 1127 830 ru·
1178 774 1348 847 justitiam,
1372 769 1473 845 idest,
1497 772 1687 853 quicumque
1698 769 1786 847 juste
1800 769 1871 842 risit

432 862 505 922 bore
514 857 724 921 suffunduntur
735 857 969 938 dispensatores,
982 859 1034 939 qui
1046 857 1128 918 dam·
1182 861 1222 920 sit
1238 860 1302 939 ejus
1317 858 1402 931 filins,
1418 867 1508 938 atque
1523 875 1563 920 cx
1582 859 1656 934 ipso
1672 864 1780 918 notua
1803 854 1875 914 Haec

433 969 473 1010 na
488 945 674 1007 dominorum
690 964 812 1004 suornm
828 946 860 1004 in
872 946 1003 1006 rationes
1017 944 1129 1005 referre
1184 947 1261 1006 enim
1298 955 1345 1007 est
1381 945 1519 1006 secunda
1556 947 1722 1006 nativitus
1752 941 1875 1012 hominis

433 1041 589 1115 coguntur,
604 1031 723 1094 etiamsi
738 1032 851 1093 tuerint
865 1041 950 1093 extra
965 1032 1094 1111 cuipam.
1183 1052 1272 1114 quam
1284 1032 1456 1111 scripturae
1471 1033 1756 1108 numerationem
1772 1038 1876 1101 vocant,

1184 1140 1244 1200 qua
1255 1121 1422 1181 renascitur
1433 1120 1464 1180 in
1476 1119 1595 1180 Christo
1608 1125 1708 1197 atque
1721 1136 1761 1178 ex
1769 1113 1877 1176 Christo

476 1209 527 1270 29.
551 1207 587 1268 st
600 1207 692 1282 scitia,
715 1209 868 1284 quonium
880 1209 984 1280 jasua
999 1213 1052 1278 rat,
1068 1207 1130 1265 sci·
1184 1215 1339 1287 tamquam
1355 1226 1393 1267 ex
1409 1205 1540 1267 secundo
1557 1204 1662 1266 Adam
1679 1203 1721 1265 ad
1732 1203 1879 1282 justitian,

433 1304 510 1370 tote,
527 1296 679 1372 quoniam
696 1301 725 1353 et
741 1296 854 1369 omnia,
871 1295 926 1370 qut
939 1293 1021 1370 fucit
1032 1295 1129 1367 justi·
1184 1294 1342 1373 quiprima
1353 1294 1512 1353 nativitate
1524 1292 1630 1354 iuerat
1642 1300 1735 1352 natue
1749 1310 1787 1352 ex
1797 1290 1878 1370 primo

433 1386 525 1457 tiam,
549 1399 588 1441 cx
603 1382 676 1456 ipso
700 1387 797 1442 natus
820 1389 871 1441 est.
896 1380 971 1439 Post
995 1378 1128 1440 admoni-
1184 1378 1283 1440 Adam
1306 1381 1345 1440 ad
1368 1381 1576 1460 iniquitatem,
1603 1376 1779 1440 secundum
1802 1374 1879 1436 iliud:

432 1469 544 1530 tionem
568 1464 607 1528 de
629 1467 810 1529 antichristis
833 1465 996 1546 fugiendis,
1019 1467 1128 1525 transit
1184 1469 1275 1544 ane,
1303 1469 1340 1529 irs
1365 1467 1589 1544 iniquitatibus
1619 1473 1798 1541 cortoeptna
1821 1482 1879 1524 cnm

433 1553 598 1637 Apostolus
629 1552 667 1614 ad
697 1553 913 1616 describendos
944 1573 1033 1613 veros
1068 1553 1129 1613 Dei
1184 1562 1238 1614 etc.
1273 1553 1427 1633 Significat
1450 1554 1506 1614 hac
1534 1554 1692 1614 sententia
1716 1551 1880 1632 Apostolus,

433 1645 519 1715 filios,
544 1643 619 1701 etin
636 1660 673 1700 eo
696 1643 871 1701 immoratur
895 1647 959 1700 toto
982 1659 1047 1720 seq.
1065 1661 1128 1719 cap.
1185 1660 1272 1701 omne
1287 1661 1363 1720 opus
1375 1641 1512 1720 justitiae
1535 1640 1691 1720 proficisci
1716 1659 1779 1699 non
1799 1659 1833 1699 cx
1846 1638 1880 1697 vi·

433 1730 476 1791 Ut
498 1725 636 1810 proinde,
664 1727 914 1808 quemadmodum
938 1727 1016 1787 bane
1039 1725 1127 1804 Caje·
1183 1727 1265 1788 ribus
1287 1736 1418 1802 naturas,
1445 1747 1522 1808 quas
1545 1747 1584 1788 ex
1608 1727 1711 1807 prima
1734 1726 1882 1786 nativitate

366 1874 369 1883 ,
435 1826 524 1878 tanus
539 1813 688 1887 observat,
708 1816 746 1876 ab
761 1814 817 1875 hoc
833 1814 899 1875 ioco
914 1814 989 1874 sumi
1005 1812 1131 1874 deberet
1185 1817 1362 1893 accepimus,
1384 1813 1439 1875 sed
1459 1834 1495 1875 ex
1513 1814 1645 1887 Christo,
1668 1822 1795 1874 nomae
1809 1831 1881 1892 rage-

436 1904 555 1966 initium
580 1901 660 1960 tertii
684 1902 801 1981 capitis.
825 1903 946 1963 Summa
961 1910 1061 1959 autom
1078 1898 1129 1959 do·
1185 1903 1348 1963 uenationis
1364 1911 1493 1963 auctore.

437 1992 552 2053 ctrinaa
567 1996 621 2059 est,
637 2007 688 2048 eos
704 1990 837 2049 aaseDei
852 1988 940 2062 filios,
957 1989 1064 2067 utique
1079 2007 1132 2066 par
1229 1986 1342 2067 Quaeri
1358 1987 1406 2049 hic
1422 1996 1533 2070 posset,
1550 1985 1708 2069 quomodo
1726 2004 1830 2048 verum
1843 1986 1880 2057 tit,

436 2076 636 2157 adoptionem,
653 2075 703 2154 qui
711 2077 933 2154 justevivendo
947 2081 977 2135 et
988 2072 1131 2135 mandata
1186 2095 1301 2136 omnem
1317 2096 1393 2149 oum,
1413 2077 1464 2157 qni
1479 2076 1552 2137 facit
1563 2075 1732 2153 justitiam,
1757 2092 1821 2134 esse
1834 2072 1879 2133 Dei

436 2164 498 2226 Dei
521 2159 686 2235 servando,
709 2161 840 2224 reddunt
862 2182 895 2223 se
918 2163 984 2221 Doo
1008 2161 1130 2222 similes.
1185 2162 1297 2237 filium3
1335 2183 1403 2222 cum
1433 2164 1536 2237 multi,
1573 2170 1639 2223 tam
1670 2159 1877 2231 catechumeni,

435 2254 471 2315 St
485 2251 578 2323 seith,
595 2250 702 2328 inquit,
722 2249 778 2309 hoo
795 2257 851 2324 eat,
876 2269 941 2308 cum
957 2248 1058 2308 sciatis
1074 2245 1132 2324 (ost
1186 2269 1275 2330 quam
1306 2258 1375 2329 post
1402 2249 1521 2330 lapsum
1552 2249 1769 2329 poenitentes,
1800 2265 1876 2327 opert

435 2340 515 2400 enim
531 2354 580 2396 res
597 2333 825 2412 indubitabilis),
847 2335 944 2396 Deum
968 2355 1022 2398 seu
1038 2335 1131 2397 Chri·
1182 2338 1319 2414 justitiae
1345 2346 1521 2411 exerceant,
1551 2334 1688 2397 nondum
1718 2334 1875 2415 regenerati

435 2433 518 2487 stum
540 2420 621 2500 (nam
645 2421 683 2484 de
705 2422 824 2485 Christo
849 2424 985 2503 proximo
1011 2421 1130 2484 locutus
1184 2431 1236 2483 aut
1250 2422 1442 2496 reconciliati,
1465 2421 1661 2504 proindeque
1675 2442 1737 2485 nec
1752 2421 1805 2482 tilii
1819 2419 1875 2480 Dei

436 2508 495 2589 est)
511 2513 715 2584 narrantum,
740 2518 771 2571 et
794 2510 915 2592 quidem
939 2508 1130 2571 excellentis·
1185 2510 1246 2571 Sed
1262 2529 1326 2571 eam
1348 2530 1410 2571 rem
1426 2508 1599 2572 differemus
1624 2529 1729 2590 usque
1749 2508 1791 2570 ad
1804 2507 1873 2567 illum

436 2601 511 2659 sime
521 2598 646 2677 justum,
667 2598 723 2673 qui
738 2604 767 2657 et
783 2599 891 2676 factus
914 2602 957 2657 eat
972 2597 1062 2659 nobis
1073 2600 1131 2671 jn·
1184 2597 1283 2657 locum
1314 2597 1466 2678 sequentis
1497 2598 1606 2678 capitis
1638 2597 1715 2658 huic
1746 2590 1873 2669 similem}

436 2687 523 2747 stitia
546 2691 575 2745 et
597 2685 825 2761 sanctificatio,
851 2689 868 2744 1
893 2683 961 2744 Cor.
989 2690 1024 2757 1,
1047 2684 1131 2745 illud
1186 2688 1247 2763 Qui
1270 2686 1353 2763 fucit
1371 2686 1543 2761 justitiam,
1561 2688 1670 2760 raum
1686 2692 1744 2760 cat,
1768 2686 1871 2746 rieutd

436 2777 532 2834 etium
544 2773 663 2847 scitote,
680 2771 764 2850 quod
777 2774 890 2849 omnia,
908 2775 963 2849 qut
978 2780 1132 2849 operatur
1186 2771 1247 2832 llis
1257 2775 1363 2847 jnstur
1378 2779 1430 2832 ast.

923 3225 1097 3310 untur
1132 3224 1395 3309 tuntum

539 3395 675 3481 Videte,
703 3397 834 3483 qualorn
858 3398 1031 3462 caritatem
1059 3394 1154 3462 dedit
1179 3394 1276 3462 nobis
1298 3395 1410 3480 Pater,
1438 3401 1476 3461 ut
1504 3397 1562 3462 filii
1586 3395 1654 3463 Dei
1682 3397 1871 3461 nominemur

438 3509 473 3568 ct
499 3504 599 3568 simus
611 3493 645 3583 ¹).
689 3501 831 3587 Propter
858 3501 922 3565 hoo
950 3500 1090 3566 mundus
1118 3521 1184 3567 non
1211 3501 1305 3566 novit
1332 3520 1401 3582 nos,
1431 3500 1509 3588 quia
1536 3522 1601 3567 non
1630 3502 1729 3566 novit
1756 3488 1870 3574 Enn²t

440 3608 474 3671 2.
503 3605 691 3691 Carissimi,
733 3625 818 3671 nuno
845 3605 904 3671 filii
930 3605 995 3670 Dei
1023 3624 1152 3690 sumus,
1194 3612 1228 3671 ot
1254 3604 1398 3671 nondum
1427 3609 1598 3692 apparuit,
1638 3604 1720 3692 quid
1757 3604 1870 3669 erimus

437 3709 576 3796 Scimus,
606 3711 770 3799 quoniam,
800 3730 873 3776 curn
902 3710 1105 3796 apparuerit,
1135 3711 1258 3776 similes
1281 3708 1321 3775 Ei
1345 3711 1483 3793 erimns3
1512 3711 1668 3798 quoniam
1699 3705 1872 3774 videbimus

436 3813 531 3901 Eum,
561 3816 659 3883 sicuti
687 3804 784 3897 est³).
841 3815 874 3880 3.
903 3814 947 3880 Et
975 3814 1097 3899 omnis,
1135 3815 1190 3903 qui
1216 3812 1322 3880 habet
1348 3815 1432 3882 hano
1460 3834 1551 3901 spem
1579 3815 1614 3881 in
1642 3813 1707 3899 Eo,
1737 3810 1871 3879 sanctii·

437 3926 492 3985 cat
519 3910 610 4005 sc⁴),
640 3922 726 3987 sient
754 3925 788 3985 ct
816 3919 878 3986 Ille
905 3924 1040 3985 sanctus
1068 3925 1130 3986 est.
1186 3921 1219 3984 4.
1250 3918 1381 4003 Omnia,
1423 3920 1479 4005 qni
1505 3918 1586 3985 iacit
1613 3924 1815 4004 peccatum,
1846 3923 1872 3979 rt

435 4024 642 4112 iniquitatem
680 4024 779 4107 facit,
821 4030 855 4090 et
889 4030 1065 4109 peccatum
1101 4029 1153 4089 est
1189 4024 1357 4110 iniqnitas.
1414 4025 1447 4089 ὁ.
1488 4024 1532 4089 Et
1559 4024 1675 4107 scitis,
1720 4024 1800 4109 qnia
1824 4018 1873 4085 llic

436 4130 609 4214 apparuit,
637 4134 676 4194 ut
701 4133 845 4214 peecata
870 4132 985 4194 nostra
1013 4127 1163 4210 tolleret,
1207 4132 1239 4193 at
1272 4133 1449 4214 peecatum
1486 4129 1519 4192 in
1546 4127 1595 4192 Eo
1634 4146 1704 4192 non
1735 4132 1796 4192 ost.
1845 4124 1872 4186 6.

435 4231 559 4320 Omnis,
592 4233 706 4321 quiin
734 4232 784 4299 Eo
811 4221 978 4317 manet⁵),
1006 4251 1071 4297 non
1098 4238 1237 4318 poccat3
1267 4237 1300 4297 ot
1328 4232 1442 4317 omnis,
1471 4231 1525 4321 qui
1547 4236 1684 4319 peccat,
1715 4249 1782 4296 non
1802 4225 1873 4293 vidit

433 4338 528 4425 Eum,
555 4357 617 4405 nec
645 4337 803 4423 cognovit
830 4336 924 4404 Eum.
981 4338 1014 4403 7.
1049 4335 1179 4420 Filioli,
1208 4356 1304 4402 neoto
1331 4355 1391 4401 vos
1419 4336 1568 4403 seducat.
1626 4332 1695 4419 Qui
1724 4333 1804 4401 iacit
1825 4335 1871 4418 ju·

434 4431 617 4528 stitiam⁶),
650 4444 762 4527 justus
790 4447 859 4523 est,
893 4442 980 4506 sient.
1007 4447 1041 4506 et
1067 4441 1128 4507 lile
1151 4443 1261 4525 justus
1290 4446 1350 4506 est.
1408 4444 1440 4507 8.
1484 4438 1548 4524 Qui
1584 4437 1669 4506 iacit
1697 4445 1872 4526 peccatum,

434 4565 476 4611 ox
503 4545 638 4613 diabolo
667 4551 735 4630 est,
773 4545 925 4633 qnoniam
955 4542 998 4608 ab
1025 4546 1120 4610 initio
1149 4542 1303 4610 diabolus
1329 4534 1496 4630 poccat⁷).
1551 4543 1588 4608 In
1625 4543 1695 4609 hoc
1731 4541 1873 4632 apparunt

433 4648 537 4716 Filius
560 4651 636 4736 Doi,
665 4655 702 4716 nt
730 4649 891 4715 dissolvat
919 4668 1022 4733 opera
1049 4646 1186 4714 diaboli.
1230 4650 1262 4713 9.
1293 4647 1416 4732 Omnis,
1445 4649 1500 4735 qni
1528 4652 1708 4715 natusest
1737 4669 1779 4715 ex
1801 4648 1873 4728 Deo,

432 4760 608 4841 peccatum
635 4775 700 4821 non
729 4744 857 4839 faciti),
886 4754 1038 4840 quoniam
1068 4773 1180 4819 semen
1202 4753 1309 4839 Ipsius
1336 4754 1431 4818 inco
1460 4759 1582 4839 manet,
1613 4760 1650 4821 et
1677 4775 1748 4820 non
1773 4756 1873 4843 potest

540 4978 563 5046 ¹)
581 4982 651 5034 Rom.
669 4983 694 5036 8.
715 4984 754 5033 15.
773 4994 828 5045 seq.
864 4980 1041 5043 ²)toan.1tt,
1065 4985 1132 5032 Η.
1167 4978 1350 5045 ³)t‘ot.3,t.
1387 4981 1457 5032 ttoru.
1475 4977 1503 5045 8,
1525 4984 1564 5035 ra.
1597 4980 1825 5049 ⁴)2Cor.i.t.
1852 4979 1872 5044 ‘J

434 5051 496 5115 cap.
514 5052 541 5116 5,
561 5052 601 5105 ts.
635 5048 661 5118 θ]
680 5052 739 5116 can.
757 5054 783 5117 t,
802 5052 843 5118 Ἀθ.
880 5047 903 5118 ⁷)
920 5050 996 5108 toan.
1016 5052 1041 5116 8,
1059 5052 1101 5106 rt.
1135 5048 1161 5116 ⁸)
1180 5052 1250 5103 t'ers.
1268 5053 1292 5102 6.
1330 5050 1433 5116 capu,
1452 5051 1493 5104 18.
