4442 5825
735 624 898 683 muretus
915 627 933 681 l.
951 627 1039 682 limi
1055 627 1149 682 Peren
1167 627 1252 684 VERS·
1272 629 1312 683 12.
1332 629 1374 682 18.
1687 631 1759 703 581

339 820 406 866 ue:
430 804 542 885 Scripsi
567 804 741 866 mittendam
764 822 818 884 per
842 802 1009 864 Silvanum.
1063 803 1150 865 Certe
1177 812 1311 876 veteres,
1336 812 1372 865 ut
1397 804 1524 883 Papias,
1553 803 1762 883 Hierapolites

339 890 375 953 Ee
399 893 474 952 euim
511 890 625 952 babent
662 909 764 951 omnes
793 890 1010 970 hypographae
1062 891 1249 971 Episcopus,
1265 899 1293 950 et
1306 909 1344 951 ex
1360 911 1394 951 eo
1410 891 1563 950 Eusebius
1579 888 1629 949 lib.
1645 891 1674 948 2.
1692 889 1760 949 hist.

339 972 452 1043 Ιῐιοαο
465 976 669 1059 Epistularum
686 977 790 1038 Pauli:
810 978 937 1053 Scripta
950 996 1010 1053 per
1062 977 1177 1038 Boules.
1206 997 1270 1056 cap.
1299 978 1348 1037 15.
1375 986 1468 1057 atque
1497 978 1701 1054 ffieronymus
1729 977 1761 1035 in

339 1060 473 1141 haben,
489 1064 700 1136 Timotheum,
724 1063 908 1144 Tychicum,
933 1062 1009 1124 One·
1062 1063 1164 1125 Marco
1180 1073 1211 1125 et
1227 1065 1257 1124 in
1273 1065 1367 1144 Epist.
1386 1064 1451 1137 17„
1468 1066 1540 1124 item
1555 1062 1641 1124 Beda
1655 1070 1685 1122 at
1701 1060 1758 1122 Oe·

339 1146 421 1213 bum
435 1159 503 1225 ete,
516 1150 548 1212 id
560 1158 607 1212 est
616 1152 705 1212 missa
717 1171 771 1230 per
782 1171 841 1211 eos.
866 1149 1010 1211 Continet
1062 1152 1214 1211 eumenius
1229 1153 1261 1211 in
1272 1153 1498 1223 commentariis,
1511 1150 1645 1229 denique
1657 1168 1759 1209 receu-

339 1234 493 1313 tlturbaec
505 1257 576 1316 pars
587 1237 871 1298 commendationem
883 1237 1008 1310 Silvani,
1061 1239 1152 1298 tiores
1172 1258 1274 1298 omues
1297 1237 1470 1310 orthodoxi,
1494 1236 1684 1316 Babylonem
1699 1236 1757 1295 Ro

339 1323 571 1406 nquamfidelis
580 1325 611 1384 in
623 1324 790 1403 Evangelio
801 1325 937 1396 ministri,
954 1344 1009 1383 nec
1060 1342 1138 1384 mam
1160 1325 1399 1402 interpretantur.
1435 1323 1504 1403 Quo
1525 1324 1645 1383 nomine
1666 1323 1760 1383 etiam

339 1428 372 1472 su
401 1410 688 1471 commendationem
720 1411 815 1489 ipsius
845 1410 1007 1489 Epistulae,
1061 1411 1092 1470 in
1103 1411 1291 1491 Apocalypsi
1304 1430 1369 1490 cap.
1384 1412 1433 1471 17.
1446 1418 1476 1470 et
1489 1413 1536 1472 18.
1559 1411 1656 1470 Rome
1669 1407 1759 1488 signi·

339 1496 392 1559 sed
405 1516 542 1577 semper
551 1497 640 1558 talem
652 1497 747 1558 virum
761 1497 882 1557 miserit.
906 1495 1007 1569 Addit,
1060 1497 1150 1557 ficata
1179 1507 1241 1572 cst3
1269 1498 1375 1576 utique
1404 1504 1527 1577 propter
1553 1494 1759 1556 confusionem

339 1586 415 1647 uuis
430 1603 466 1644 se
484 1585 652 1664 scripsisse,
678 1603 715 1642 ne
735 1583 893 1643 molestum
915 1585 953 1642 sit
968 1583 1008 1643 le·
1062 1583 1264 1656 idololatriae,
1292 1603 1371 1663 quae
1386 1591 1458 1644 tunc
1472 1585 1504 1643 in
1519 1603 1556 1643 ea
1571 1581 1710 1663 vigebat,
1725 1588 1760 1639 ut

339 1688 393 1733 Ιο.
424 1669 586 1750 Quomodo
602 1679 632 1730 et
647 1668 778 1741 Paulus,
801 1670 880 1729 Heb.
898 1673 947 1731 13.
964 1667 1006 1728 di·
1061 1689 1140 1749 quae
1155 1673 1300 1730 emulum
1313 1673 1455 1745 acutium
1469 1670 1624 1730 seruiebat
1639 1670 1759 1728 errori-

339 1752 400 1843 p:
427 1758 520 1833 Boua
534 1775 608 1831 ves,
629 1757 766 1833 fratres,
793 1763 830 1816 ut
849 1757 1007 1834 sufferatis
1060 1757 1133 1831 bus,
1158 1758 1236 1816 sicot
1259 1758 1300 1817 ait
1320 1758 1351 1818 S.
1367 1759 1430 1818 Leo
1453 1759 1485 1816 in
1500 1776 1588 1818 serm.
1612 1754 1758 1816 donatuli

339 1842 442 1917 rcum
457 1844 574 1904 salutii.
596 1845 725 1905 Etenim
740 1845 913 1919 perpaucis
927 1845 1006 1902 scri·
1060 1844 1144 1902 Petri
1161 1852 1191 1902 et
1204 1844 1303 1904 Pauli.
1341 1843 1536 1923 Quamquam
1550 1853 1659 1923 postea
1677 1844 1757 1921 Apo·

339 1928 471 1995 doctu.
510 1930 588 1990 Illud
602 1948 691 1991 vero:
714 1937 750 1990 ut
765 1929 924 2003 arbitror,
947 1949 1008 1988 uon
1059 1930 1167 1989 stolica
1182 1930 1409 2009 praedicatione
1431 1938 1461 1990 et
1486 1931 1671 1991 institutione
1693 1937 1757 1988 tan·

339 2012 539 2093 lbdelitatem
555 2017 686 2087 Silvani,
708 2023 743 2075 ut
763 2017 887 2096 quidam
902 2016 1007 2076 volunt
1059 2018 1126 2078 dem
1142 2016 1279 2076 ellectum
1294 2026 1348 2088 est,
1363 2025 1397 2076 ut
1412 2036 1451 2077 ex
1466 2017 1625 2098 Babylone
1640 2017 1672 2076 in
1687 2034 1755 2074 san·

339 2098 468 2169 henim
489 2101 648 2164 dubitandi
671 2101 709 2161 de
735 2104 799 2182 ejus
824 2102 884 2163 fide
907 2103 1006 2180 potius
1059 2112 1139 2163 ctam
1155 2102 1324 2164 Jerusalem
1340 2111 1369 2162 et
1384 2123 1493 2164 noram
1509 2104 1582 2165 Sion
1598 2109 1753 2164 converte·

339 2188 498 2271 monem
528 2186 644 2264 daret),
673 2189 728 2248 sed
758 2188 797 2248 ad
827 2190 1006 2250 brevitatem
1058 2199 1148 2260 retur,
1160 2190 1258 2268 qualis
1269 2199 1425 2269 permanet
1435 2192 1467 2250 in
1480 2189 1655 2252 bodiemum
1669 2186 1756 2262 diem,

339 2270 471 2359 fistolae
491 2275 635 2349 refertur,
657 2273 852 2356 additumque
876 2282 923 2336 est
944 2295 1005 2334 mo·
1059 2274 1308 2357 quemadmodum
1330 2276 1361 2336 id
1383 2276 1510 2355 pulchre
1533 2276 1671 2338 declarat
1696 2276 1758 2335 Ru·

339 2362 428 2423 stica
443 2381 545 2423 eausa
1059 2371 1161 2443 pertus
1184 2361 1235 2421 lib.
1252 2364 1280 2422 8.
1304 2362 1343 2422 de
1365 2363 1490 2442 glorific.
1517 2364 1624 2423 Trinit
1646 2381 1710 2441 cap.
1727 2363 1756 2422 ὁ.

353 2448 528 2513 obsecrem
553 2456 583 2509 ct
608 2455 804 2523 comestam,
835 2450 917 2509 banc
944 2467 1005 2509 csse
1059 2450 1106 2509 Ex
1121 2449 1179 2509 hoc
1194 2451 1404 2510 commentario
1428 2470 1616 2530 consequeus
1631 2456 1684 2520 est,
1700 2447 1755 2506 Pe

339 2546 419 2605 nam
432 2538 576 2612 aratiam
591 2537 671 2610 Dei,
691 2538 728 2596 iu
743 2554 807 2612 qua
822 2537 918 2595 statis.
943 2536 1005 2596 Ob·
1058 2545 1134 2596 trum
1154 2537 1267 2596 Romae
1287 2535 1382 2596 inisse
1402 2546 1494 2617 atque
1518 2537 1648 2607 sedisse,
1674 2531 1756 2614 quod

339 2622 593 2698 merasce:
609 2618 806 2701 παρακαλῶν,
821 2622 1007 2703 quodetiam
1057 2623 1248 2701 impudenter
1267 2643 1287 2682 a
1308 2625 1439 2683 sectariis
1462 2623 1641 2704 quibusdam
1660 2641 1752 2700 nega·

339 2708 387 2771 {ti
402 2717 516 2791 potest:
531 2710 718 2784 actorum,
735 2717 769 2769 ut
779 2709 832 2768 alii
842 2717 1005 2781 verterunt,
1058 2717 1114 2770 tur.
1148 2709 1262 2770 Volunt
1286 2716 1389 2769 autem
1405 2710 1603 2785 Babylonem
1627 2707 1757 2788 intelligi

339 2794 459 2861 deloco
474 2817 536 2858 non
550 2797 650 2857 miuus
672 2797 895 2857 convenienter.
928 2796 1005 2856 Nam
1058 2796 1106 2856 vel
1123 2795 1214 2856 illam
1243 2796 1275 2856 in
1304 2796 1465 2875 Scripturis
1490 2797 1755 2858 nominatissimam

339 2876 447 2978 {Byrus
470 2883 513 2945 ita
532 2881 678 2945 reddidit:
701 2884 744 2945 Bt
765 2883 883 2944 suadeo
906 2901 944 2943 ac
959 2890 1005 2945 tc·
1059 2881 1232 2944 Chaldaeae
1253 2882 1456 2963 metropolim,
1479 2884 1527 2945 vel
1550 2884 1687 2964 ejusdem
1702 2902 1753 2944 no·

339 2981 390 3048 η,
406 2971 495 3049 quod
508 2971 586 3031 bace
601 2977 645 3031 cst
658 2972 766 3047 pratia
780 2988 859 3031 vcra
873 2971 945 3045 Dei,
968 2972 1005 3031 iu
1058 2971 1146 3031 minis
1169 2970 1272 3030 orbem
1294 2971 1325 3030 in
1348 2970 1507 3051 Aegypto,
1530 2991 1610 3051 quae
1633 2969 1755 3032 (laicum

339 3037 485 3134 fidutia.
517 3055 645 3137 Colligit
659 3059 709 3119 bic
725 3059 831 3138 paucis
846 3057 946 3117 verbis
961 3058 1004 3117 in-
1058 3056 1150 3117 bodie
1161 3056 1287 3132 dicitur,
1307 3077 1366 3136 que
1378 3056 1520 3119 videlicet
1528 3059 1651 3119 Petrum
1659 3058 1755 3118 Roma

339 3137 446 3212 htum
460 3164 550 3205 suum
564 3145 683 3220 Petrus,
699 3163 753 3205 cur
763 3144 917 3223 scripserit
927 3143 1005 3204 banc
1058 3144 1234 3222 longissime
1248 3142 1362 3204 facient
1377 3144 1540 3219 absentem,
1552 3145 1682 3206 mirabili
1693 3151 1754 3204 stu-

339 3231 488 3310 fistolam,
504 3238 536 3291 et
550 3231 623 3311 quid
639 3232 670 3292 in
686 3251 721 3291 ea
736 3231 921 3312 potissimum
938 3249 1004 3309 ege·
1057 3230 1106 3291 dio
1116 3229 1279 3291 Catholicis
1288 3229 1518 3292 contradicendi.
1534 3231 1657 3311 Negant
1664 3232 1754 3303 enim,

339 3333 361 3402 f-
378 3319 482 3392 Haec,
496 3317 601 3398 inquit,
617 3318 731 3398 scripsi,
754 3337 814 3398 que
829 3336 883 3376 vos
899 3315 1004 3377 adher·
1056 3318 1183 3377 Petrnm
1198 3317 1312 3378 Romae
1326 3316 1433 3392 tuisse,
1449 3318 1528 3399 quod
1545 3327 1608 3379 tuta
1623 3325 1752 3379 testatur

339 3407 399 3484 ξπ,
416 3413 451 3465 ut
466 3406 612 3465 maneatis
627 3407 658 3465 in
672 3402 733 3465 fide
747 3412 906 3484 suseepta3
922 3404 1003 3463 testi·
1057 3404 1235 3484 antiquitas3
1266 3404 1413 3465 affirmant
1441 3413 1556 3478 autom,
1593 3404 1753 3485 Babylone

339 3481 400 3564 §a
413 3491 513 3564 vobis,
528 3497 682 3571 tamquam
698 3492 783 3551 testis
798 3500 829 3552 et
840 3489 1005 3571 Apostolus
1057 3492 1164 3563 fuisse,
1180 3489 1231 3549 vel
1246 3492 1278 3550 iu
1293 3492 1452 3571 Aegypto,
1476 3491 1525 3554 vel
1543 3493 1574 3553 iu
1589 3489 1752 3564 Chaldaea,

339 3579 438 3654 meu,
454 3577 542 3650 banc,
557 3597 647 3658 quam
661 3576 750 3639 nobis
762 3577 1004 3658 praedicantibus
1057 3576 1139 3659 quud
1154 3576 1238 3637 nulla
1252 3576 1353 3656 prodit
1367 3577 1500 3639 historio.

339 3665 489 3747 hepistis
504 3663 575 3726 fidei
590 3666 725 3744 gratiam,
742 3672 773 3726 et
788 3664 1003 3743 inquabaete·
1100 3665 1145 3726 Et
1170 3665 1297 3725 Marcus
1322 3665 1406 3741 filius
1430 3684 1526 3726 meus.
1563 3664 1654 3725 Hunc
1683 3684 1751 3726 esse

339 3752 465 3816 lutatis
480 3759 512 3811 et
524 3752 722 3832 permanetis,
737 3771 841 3812 verum
857 3770 923 3811 esse
937 3771 1004 3830 gra·
1058 3752 1221 3827 Marcum,
1253 3752 1305 3831 qui
1336 3751 1537 3831 Evangelium
1567 3753 1751 3831 conscripsit,

339 3855 378 3906 ιι
391 3837 474 3909 Dei,
500 3856 667 3918 perquam
690 3838 829 3899 nimirum
848 3857 921 3899 rere
935 3838 1003 3897 Deo
1057 3858 1160 3899 omnes
1174 3836 1265 3898 iidem
1282 3845 1427 3914 auctores,
1448 3857 1526 3918 quos
1547 3837 1634 3899 modo
1650 3839 1751 3912 citavi,

339 3909 468 3988 Hatris
485 3922 634 3986 advitam
650 3935 811 3985 aeternam.
1058 3924 1241 3986 confirmant.
1278 3924 1376 3985 Vocat
1398 3935 1499 3986 autem
1519 3925 1620 4001 fillum
1646 3943 1750 3999 suum,

339 4013 398 4086 ³3·
423 4010 556 4074 Salutat
569 4029 624 4072 vos
638 4011 797 4086 Ecclesia,
813 4029 895 4088 quac
911 4017 954 4070 cst
968 4013 1004 4070 iu
1058 4011 1139 4093 quod
1151 4020 1273 4090 propter
1284 4009 1418 4072 sedulam
1429 4011 1750 4092 inEvangeliocoope·

339 4093 623 4176 §byloacccclccm
647 4095 1003 4180 blalequidamcodices:
1057 4100 1202 4160 rationem
1222 4097 1416 4177 singulariter
1439 4099 1695 4173 carumbaberet,
1717 4108 1752 4159 ut

339 4177 451 4268 [lecta.
489 4183 569 4245 Nam
585 4182 703 4245 Graece
724 4194 786 4247 est:
809 4176 1003 4261 συνεκλεκτὴ,
1058 4184 1096 4246 de
1111 4205 1145 4244 eo
1162 4185 1261 4245 dicere
1276 4192 1393 4263 posset,
1416 4184 1498 4265 quod
1512 4185 1626 4246 Paulus
1642 4186 1680 4247 de
1695 4186 1750 4246 'ri-

339 4282 401 4346 ‚uec
415 4271 555 4333 coelecta
562 4295 575 4350 ,·
591 4272 696 4350 sicque
711 4271 786 4352 legit
800 4273 1004 4349 Hieronymus
1056 4271 1177 4331 matheo
1192 4270 1270 4330 Phil.
1287 4272 1332 4331 2:
1351 4274 1443 4349 Quia,
1460 4276 1539 4333 sicut
1550 4275 1641 4351 patri
1655 4274 1750 4351 illius,

341 4358 444 4422 otul-
460 4357 493 4419 in
506 4358 619 4419 Marco.
653 4358 719 4419 Nec
742 4361 773 4420 in
789 4358 904 4419 Graece
920 4355 1002 4416 addi·
1057 4376 1177 4419 succum
1201 4360 1389 4418 recalvitio
1410 4360 1598 4436 Evauqclio.
1632 4361 1681 4420 Da
1695 4358 1752 4420 bec

339 4461 368 4504 ιι
389 4444 536 4508 Ecclesia
543 4488 554 4521 ,
570 4443 624 4506 sed
639 4445 828 4525 intelligitur.
863 4444 1005 4507 Ooclccta
1056 4445 1159 4505 Marco
1182 4444 1270 4524 plura
1291 4445 1371 4525 apud
1386 4446 1605 4526 Hieronymum
1628 4448 1658 4508 iu
1673 4454 1752 4507 cata·

339 4545 394 4607 Ιιι,
417 4530 451 4593 id
466 4539 513 4593 est
526 4550 587 4593 una
608 4532 761 4593 nobiscum
782 4553 801 4592 a
814 4534 883 4592 Deo
901 4530 1004 4603 electa,
1057 4530 1137 4611 logo,
1153 4539 1183 4593 et
1197 4530 1278 4610 apud
1292 4530 1407 4593 Bedam
1421 4535 1452 4594 in
1467 4553 1569 4595 comm.
1594 4534 1751 4594 Aeantem

339 4657 346 4682 ι
377 4627 414 4678 ut
436 4619 580 4679 Brasmus
602 4620 704 4691 vertit,
732 4627 853 4680 uestrae
879 4635 1005 4679 consors
1057 4618 1137 4679 idem
1164 4620 1205 4678 sit
1231 4637 1297 4677 cum
1328 4618 1460 4693 Joanne,
1490 4621 1605 4680 Mariae
1630 4620 1691 4681 tilio
1721 4628 1752 4681 et

339 4708 479 4767 micula
509 4705 674 4784 Respicere
689 4708 770 4766 enim
789 4705 909 4765 videtur
924 4704 1004 4785 Apo·
1057 4705 1217 4766 Barnabas
1238 4705 1428 4780 consobrino,
1453 4708 1506 4785 qni
1530 4708 1752 4786 cognominatus

339 4787 407 4882 [lus
420 4789 460 4853 ad
475 4792 547 4864 boc,
567 4790 650 4872 quod
672 4794 703 4852 in
718 4794 812 4873 primo
826 4790 1006 4852 salutatione
1059 4801 1106 4853 est
1121 4792 1251 4865 Marcus,
1267 4792 1350 4870 cujus
1366 4794 1670 4855 memineruntLucas
1685 4795 1750 4855 Act.

339 4887 369 4936 Ι
380 4881 498 4940 romvit
513 4878 641 4954 clectos,
657 4879 699 4939 ita
714 4879 863 4940 scribens:
890 4879 1006 4940 Electis
1060 4881 1108 4939 12.
1124 4891 1156 4939 st
1169 4879 1284 4939 Paulus
1300 4876 1365 4939 (iol.
1381 4882 1410 4939 4.
1427 4888 1459 4940 et
1474 4881 1492 4938 2
1506 4881 1582 4941 Tim.
1597 4883 1642 4953 4.,
1666 4879 1750 4942 dubi-

339 4953 442 5026 bou'a
456 4973 511 5027 etc.
1056 4974 1123 5026 taut
1137 4964 1280 5025 nonnulli.
1311 4965 1370 5026 Sed
1387 4965 1538 5027 diversum
1553 4966 1664 5042 fuisse,
1686 4988 1752 5049 pro·

339 5045 523 5131 Quaeritur,
538 5071 629 5136 quam
643 5052 842 5130 Bubulcum
854 5051 903 5114 bic
915 5049 1004 5113 dicat.
1057 5052 1191 5116 babillus
1206 5060 1266 5129 est,
1292 5072 1329 5114 ac
1351 5053 1429 5118 bene
1449 5055 1596 5138 probatur
1614 5077 1635 5119 a
1649 5053 1750 5119 Cardi-
