4442 5825
621 597 655 654 lli
667 598 837 657 millu!
850 599 941 656 mil
953 599 1058 657 tubtt
1091 601 1176 658 Vm.
1193 601 1312 657 tz-lu
1576 602 1649 671 m

369 795 474 855 ῑοιιο
485 783 586 839 umen
600 776 731 854 otipsss
744 776 902 857 Propheti·
957 796 998 838 ox
1019 776 1154 858 ejusdcm
1176 777 1260 838 Patri
1284 776 1496 837 commentario
1523 780 1652 853 potitur.

369 869 387 925 t
422 862 497 924 Idoo
525 861 611 925 dicit:
636 881 720 940 quae
740 863 906 939 praedicta
958 863 1028 924 Non
1051 866 1129 926 onim
1153 864 1324 945 intelligunt
1346 871 1467 942 tompus
1489 858 1581 922 vuldo
1605 878 1651 919 rc·

369 951 527 1027 ipostolis,
550 949 581 1011 id
597 958 653 1022 ost,
672 949 852 1029 Propbotico
868 949 906 1011 do
957 958 1069 1012 motum
1092 959 1123 1011 ot
1141 960 1274 1012 cxtromo
1292 948 1406 1028 judicio
1426 949 1575 1023 vicinum
1598 945 1654 1007 sod

369 1037 428 1098 uris
442 1036 481 1097 sb
496 1040 540 1099 sis
555 1037 652 1113 dictu3
674 1056 736 1097 non
750 1045 857 1110 autom,
872 1044 906 1096 ut
958 1045 1075 1119 tompus
1090 1057 1220 1117 sequens
1234 1057 1271 1098 so
1284 1035 1426 1110 futurum,
1448 1037 1513 1096 sivo
1533 1033 1653 1113 longius

369 1131 426 1185 cur
449 1123 615 1198 Erasmus,
649 1124 783 1184 autebuc
809 1123 906 1198 dicta,
959 1124 1047 1199 obsit,
1062 1126 1127 1185 rivo
1141 1125 1272 1207 propius.

369 1229 413 1270 rm
434 1211 562 1289 ipsomot
575 1217 708 1272 vortorot
722 1210 800 1270 idom
816 1212 905 1290 perti·
1001 1211 1183 1273 Seeuudum
1205 1210 1363 1273 desideria
1381 1227 1440 1270 sua
1455 1207 1653 1268 ambulantes

369 1298 416 1356 ,2.
430 1297 529 1378 Iipist
543 1297 579 1359 B.
593 1297 687 1371 Petri,
703 1297 810 1377 cupii.
826 1296 905 1357 Num
959 1300 996 1358 iso
1021 1299 1243 1374 impietatibus.
1287 1297 1322 1358 Id
1353 1299 1448 1376 ipsum
1469 1297 1535 1375 jum
1560 1313 1654 1372 supra

369 1386 465 1445 briem
480 1384 519 1446 de
532 1386 653 1462 staturis
667 1384 758 1444 otium
773 1383 908 1445 hocloco
959 1383 1038 1445 dixit
1052 1405 1132 1446 vers.
1151 1387 1216 1461 16.;
1238 1383 1293 1446 sod
1314 1383 1364 1444 bio
1377 1383 1484 1462 reputit
1499 1390 1652 1460 tamquam

369 1472 388 1542 i,
410 1471 570 1533 manifesto
584 1469 738 1532 declarrut
753 1489 806 1542 cs,
829 1490 908 1551 queo
959 1473 1059 1534 vorbis
1065 1473 1285 1551 Apostolorum,
1298 1472 1351 1550 qui
1363 1470 1420 1530 hoc
1430 1466 1653 1549 proedixorrnt

370 1566 543 1638 soquuutur.
558 1558 726 1619 Estoutoro
737 1556 907 1617 exhortatio
960 1557 1038 1619 Sunt
1058 1560 1136 1619 onim
1157 1559 1251 1619 vorbi
1273 1559 1306 1618 B.
1331 1556 1413 1617 Patri
1437 1555 1573 1636 proximo
1587 1561 1655 1633 post

370 1643 435 1706 uilis
457 1644 540 1726 opud
562 1645 704 1716 Petrum,
729 1644 813 1706 initio
836 1644 910 1706 dicti
960 1646 1130 1724 superiora:
1145 1651 1252 1710 Juxta
1264 1643 1653 1722 propriasconoupisceu·

370 1731 424 1794 uisi
448 1733 532 1812 quod
546 1732 613 1806 illc,
636 1731 800 1792 secundum
815 1730 907 1793 Gruo·
960 1734 1022 1792 tias
1057 1733 1266 1794 ambulantes.
1311 1729 1402 1809 Quod
1437 1729 1518 1790 idom
1547 1736 1591 1787 cst
1621 1728 1652 1787 io

370 1819 467 1879 ionum
488 1821 618 1899 ejusque
643 1818 798 1879 moliorem
822 1818 907 1879 intol-
962 1818 1089 1881 Gracco.
1126 1820 1170 1880 Et
1190 1821 1222 1880 in
1243 1817 1348 1879 iisdem
1370 1817 1443 1877 locis
1465 1834 1519 1896 pro
1541 1812 1654 1874 ambu-

378 1925 412 1966 so
436 1906 593 1985 conjungit
615 1904 785 1985 Apostolis,
810 1903 910 1967 Juder
962 1907 1065 1968 lantes
1078 1906 1204 1986 legitur:
1226 1895 1433 1983 πορευόμενοι,
1456 1901 1548 1964 idest
1567 1904 1655 1961 inee-

370 1993 474 2070 quitur,
490 1991 742 2072 qusriApostolis
756 1994 909 2073 posterior,
962 1993 1086 2069 dentes,
1114 2000 1232 2068 euntes,
1259 1991 1440 2052 Hebrsismo
1466 1987 1656 2067 significante

370 2079 430 2156 ipso
445 2100 505 2140 nou
520 2082 560 2141 sit
573 2079 745 2159 Apostolus.
774 2077 810 2138 ld
830 2081 909 2140 enim
962 2079 1167 2161 quotidianum
1182 2081 1263 2141 vitro
1279 2076 1532 2139 consuetudinem.
1566 2073 1656 2155 Quod

370 2165 447 2226 icari
462 2167 614 2246 quispim
634 2168 746 2245 possit,
768 2167 909 2245 quonism
962 2166 1084 2228 additur
1105 2166 1162 2228 hoo
1184 2166 1266 2228 loco':
1293 2168 1329 2227 irs
1350 2162 1575 2241 impietatibus,
1597 2160 1656 2232 vol,

370 2260 409 2312 rto
422 2253 577 2332 Epistoloo
591 2272 652 2313 non
666 2272 700 2313 so
711 2254 909 2329 Apostolum,
961 2263 995 2313 ut
1020 2253 1074 2314 ulii
1100 2252 1222 2334 quidum
1248 2250 1365 2313 codices
1389 2250 1510 2322 hubent,
1537 2251 1573 2308 iu
1593 2251 1655 2308 im·

370 2357 414 2398 sm
429 2338 505 2400 Josu
521 2338 626 2400 Christi
641 2341 817 2402 nominavit
960 2344 1089 2417 pietate,
1106 2339 1221 2401 Grsocs
1236 2348 1298 2400 ort:
1314 2339 1374 2396 τῶν
1391 2329 1550 2411 ἀσεβειῶν,
1565 2331 1598 2394 id
1610 2345 1656 2394 ost

393 2423 451 2486 hoc
472 2424 565 2487 iucilo
585 2426 719 2488 diluitur.
755 2425 833 2487 Num
848 2447 909 2487 mo·
962 2430 1176 2504 impietatum,
1198 2426 1276 2487 sieut
1298 2434 1329 2486 ct
1349 2425 1381 2484 in
1400 2424 1518 2484 Latinis
1533 2420 1655 2502 quibus·

370 2520 429 2583 rot,
451 2531 485 2572 so
499 2534 561 2575 non
575 2512 761 2593 Apostolum,
782 2513 910 2574 subscr
962 2514 1030 2574 dam
1046 2514 1178 2594 antiquis
1193 2512 1319 2593 legitur3
1339 2521 1372 2569 ut
1386 2509 1531 2571 roicrstur
1545 2506 1583 2567 sd
1599 2507 1655 2566 ‹le-

371 2618 397 2657 m
427 2596 542 2660 Christi
578 2600 728 2674 soriboro;
766 2598 909 2678 quomod·
962 2601 1079 2662 sideria
1106 2619 1162 2659 sou
1189 2599 1385 2678 cupidititos,
1411 2599 1513 2673 sitque
1538 2613 1656 2664 scmus,

371 2685 545 2748 thoobus
559 2687 591 2746 in
607 2705 662 2746 suu
675 2687 747 2748 iecit
762 2685 909 2767 Epistola.
963 2706 1052 2767 quom
1082 2685 1179 2748 roddit
1207 2687 1385 2748 Erusmiunt
1415 2684 1527 2744 versio:
1566 2681 1657 2761 Quod

371 2769 466 2831 ludum
482 2773 561 2835 bunc
573 2772 750 2852 Apostolum
766 2792 839 2846 osso,
862 2771 910 2833 vol
962 2776 1160 2835 ambulaturi
1182 2777 1247 2836 sint
1265 2777 1360 2848 justa
1382 2789 1454 2832 ruas
1469 2771 1586 2846 impias
1600 2786 1656 2829 cu·

371 2858 476 2937 ›lligss
497 2857 579 2942 quod
602 2878 636 2922 so
656 2858 768 2923 Jucobi
788 2858 910 2921 fratrom
961 2862 1134 2941 piditates,
1161 2861 1191 2924 ib
1217 2870 1283 2932 ost,
1318 2877 1385 2919 cum
1411 2856 1564 2938 impiotuto
1589 2875 1657 2916 con·

397 2944 557 3009 (lectorum
572 2947 726 3027 Apostolis
740 2946 800 3008 luit
814 2956 910 3027 postc-
961 2952 1091 3029 junctos.
1138 2950 1237 3030 Quom
1274 2964 1392 3008 sonsum
1425 2945 1499 3006 sutis
1528 2944 1658 3025 probunt

378 3032 523 3109 omnibus,
538 3035 593 3096 sod
605 3035 758 3116 plerisquo
766 3036 829 3115 jorn
842 3042 911 3095 into
964 3038 1106 3117 mysterio
1122 3035 1333 3097 Gnosticorum
1349 3031 1428 3113 opud
1444 3031 1656 3113 Epiphanium.

371 3122 461 3197 rctis;
483 3129 516 3181 ut
531 3122 632 3195 Petro,
655 3122 762 3196 Paulo,
782 3121 910 3184 Jucobo.
1009 3127 1058 3186 19.
1093 3126 1139 3184 Hi
1167 3130 1257 3197 suut,
1287 3122 1342 3198 oui
1370 3127 1537 3197 sepsepaut
1564 3124 1658 3179 serum

372 3226 465 3268 runos
497 3208 595 3268 sdbuo
624 3217 787 3290 superorat.
824 3208 911 3281 Vide,
963 3214 1057 3287 ipsos.
1091 3211 1210 3271 Rursus
1224 3209 1301 3270 sliu
1317 3204 1458 3287 adjungit
1471 3213 1568 3278 rictus,
1593 3206 1656 3285 qui·

371 3294 453 3354 imus
475 3292 766 3357 adiuuantium:
794 3297 842 3357 Ab
857 3298 911 3370 eis,
964 3297 1021 3358 bus
1057 3296 1274 3375 dignoscuntur
1309 3296 1486 3373 impostores
1523 3291 1577 3353 illi.
1621 3291 1659 3350 ln

371 3382 492 3456 iesum,
515 3384 552 3444 iu
573 3401 631 3444 uos
653 3384 844 3461 confirmata
858 3389 911 3443 est.
965 3383 1082 3445 Gracco
1108 3382 1331 3445 conciditur:
1357 3383 1579 3456 semetipsam
1605 3377 1660 3439 sod

389 3475 490 3527 sutum
525 3469 695 3549 spooirlitor
723 3470 762 3529 od
791 3469 912 3530 Potrum
964 3478 1066 3531 nostor
1081 3472 1226 3551 interpres
1241 3466 1428 3547 subintolligi
1443 3466 1572 3546 putavit.
1602 3465 1660 3527 Est

371 3576 404 3625 m,
414 3552 490 3615 ulia
499 3555 724 3634 proedicontom
736 3558 767 3617 in
780 3560 807 3617 2.
816 3556 911 3637 Epist
965 3558 1044 3618 onim
1059 3557 1277 3618 baereticorum
1291 3554 1453 3636 proprium,
1468 3560 1562 3615 scmct
1576 3552 1659 3632 ipsos

372 3661 376 3700 :
392 3642 421 3701 ³.
438 3642 530 3702 Forte
545 3644 634 3703 otium
650 3641 689 3703 ud
704 3643 841 3715 Paulum,
858 3644 912 3721 qui
964 3663 1126 3724 segregare
1139 3664 1159 3704 s
1173 3662 1296 3724 corporo
1307 3640 1461 3702 Ecclesiss
1476 3638 1660 3713 Catholicis,

372 3727 495 3788 rssdixit
509 3728 576 3789 Act
593 3730 652 3804 20„
670 3734 685 3791 1
704 3731 783 3791 Tim.
800 3734 829 3791 4.
845 3733 912 3791 oti
966 3751 1002 3793 so
1012 3733 1135 3792 sooroim
1147 3738 1313 3792 convontus
1323 3748 1421 3809 agore.
1444 3726 1513 3808 Quo
1524 3727 1660 3807 partinet,

372 3834 402 3873 m
421 3818 449 3877 3.
466 3822 498 3875 ot
512 3817 543 3876 4.
966 3816 1048 3897 quod
1059 3818 1172 3878 Paulus
1184 3816 1223 3878 ub
1235 3818 1298 3878 Tit.
1308 3820 1337 3879 3.
1353 3815 1462 3890 scribit,
1478 3814 1658 3875 buorcticum

372 3904 399 3961 si
412 3901 560 3965 dicebaut
573 3902 669 3964 vobio.
699 3902 830 3964 Groocor
852 3894 911 3978 brt,
965 3923 1032 3966 osso
1044 3907 1180 3982 proprio
1190 3905 1313 3979 judicio
1328 3901 1583 3965 condemnatum.
1605 3900 1658 3960 Et·

372 3988 474 4049 tebaut
493 3990 590 4051 vobis.
620 3990 780 4062 Momoros,
806 3990 912 4070 inquit,
966 3993 1043 4052 onim
1070 3990 1140 4052 dum
1166 4011 1185 4052 o
1209 3992 1357 4052 sociotrto
1377 3987 1509 4050 fidolium
1533 4008 1565 4049 sc
1590 3987 1659 4048 sub·

372 4073 500 4136 ruborum
522 4075 778 4156 Apostolicorum,
803 4095 913 4155 nompo
966 4077 1049 4139 ducit
1071 4096 1108 4138 sc
1130 4086 1268 4158 soporat,
1294 4079 1360 4158 ipso
1383 4074 1603 4151 quodammodo
1626 4092 1661 4134 sc

372 4162 454 4223 :oriut
475 4161 562 4223 vobis
585 4162 634 4237 id,
663 4161 744 4242 quod
766 4164 911 4243 coquitur.
965 4168 1064 4244 ipsum
1080 4164 1358 4227 excommunicavit.
1386 4162 1435 4222 Its
1450 4160 1575 4241 quidum
1591 4161 1659 4224 Cal·

372 4271 377 4309 :
404 4267 458 4309 sou
480 4248 587 4324 vorbo,
613 4268 667 4310 sou
690 4250 809 4334 scripto.
841 4249 913 4310 Nou
965 4253 1106 4313 viniuoso
1137 4259 1238 4313 sectus
1267 4250 1404 4328 magistri
1434 4257 1464 4309 ot
1493 4248 1660 4329 coryphaei

372 4336 512 4411 riptoruru
528 4337 671 4408 meminit,
694 4333 767 4415 quir
780 4356 836 4396 noc
852 4356 911 4397 om·
966 4346 1040 4399 suto
1056 4357 1169 4417 puucos
1184 4357 1279 4400 sonos
1293 4335 1395 4416 pulum
1409 4334 1538 4416 professi
1548 4343 1617 4396 sunt
1630 4344 1662 4395 ot

372 4420 425 4482 toli
439 4423 637 4500 scripserunt3
659 4430 691 4484 ot
713 4424 767 4502 qui
790 4424 913 4502 scripto·
965 4425 1101 4505 gloriati,
1125 4425 1205 4505 quod
1229 4424 1267 4485 sb
1288 4422 1427 4483 Ecclesia
1441 4423 1578 4483 Romans
1593 4440 1662 4482 sess

372 4508 431 4569 Ιοι
453 4508 546 4570 verbo
567 4511 688 4589 saepius
710 4518 742 4571 ot
764 4510 912 4589 copiosius
964 4521 1165 4592 separassent
1196 4510 1309 4571 Eodem
1332 4508 1411 4571 rodit
1429 4527 1545 4581 seusus,
1569 4510 1595 4570 si
1610 4526 1659 4568 se·

373 4603 413 4656 ut
965 4599 1179 4675 permotionem
1201 4597 1353 4676 intelligis
1373 4617 1392 4656 s
1406 4596 1540 4658 doctrino
1554 4595 1659 4656 Ecolo

373 4700 422 4742 um
443 4684 480 4743 iu
501 4685 672 4744 nouissimo
694 4691 834 4759 tempore
857 4700 912 4743 oe-
965 4687 1036 4746 sisu
1070 4683 1149 4746 Num
1165 4686 1223 4746 boo
1237 4686 1334 4763 ipsum
1350 4690 1404 4757 est,
1420 4701 1455 4744 so
1470 4681 1508 4743 sb
1522 4681 1661 4743 Ecclesis

373 4785 472 4830 uaros.
484 4768 535 4828 Its
545 4769 776 4849 Potruszouod
784 4770 913 4831 venient
965 4790 1116 4851 soporato
1160 4772 1265 4831 Potost
1294 4776 1394 4829 rutum
1421 4768 1558 4830 absoluto
1582 4770 1660 4829 sumi

373 4857 449 4917 tmte
464 4854 571 4916 diebus
585 4860 621 4918 in
637 4857 820 4933 deceptione
835 4856 912 4917 illu·
965 4858 1174 4937 participium:
1192 4849 1450 4934 ἀποδιορίζοντες,
1464 4863 1661 4931 seprepautss

373 4942 401 5003 ri
415 4941 552 5004 dicuutur
564 4942 709 5005 illusores
725 4943 764 5004 ub
783 4951 911 5024 utroquo
964 4947 1029 5006 sivo
1052 4952 1238 5021 separantes
1249 4966 1260 5020 ,·
1294 4951 1327 5003 ut
1352 4943 1579 5023 intelliguntur,
1607 4944 1659 5022 qui

398 5036 431 5091 ct
452 5027 533 5112 quob
550 5033 757 5096 mutuorum
778 5039 911 5111 tempus,
963 5033 1170 5116 sopsrstioucs
1201 5029 1332 5105 iscium,
1366 5038 1427 5092 tom
1456 5030 1488 5093 iu
1514 5028 1660 5110 outone,
