4442 5825
786 594 948 651 mutent!
966 596 1005 650 An
1024 595 1188 650 unumne
1223 593 1307 650 vtes,
1326 597 1350 649 t.
1723 598 1795 670 205

372 773 439 835 rodo
455 775 636 837 comittunt
656 775 694 833 in
708 773 783 835 cibit
799 781 827 834 et
843 772 970 851 potibat
986 781 1044 835 etc.
1097 772 1167 834 dum
1191 791 1223 833 ae
1249 781 1383 834 narraret
1409 772 1577 835 exercendo
1603 790 1658 832 ruo
1685 769 1789 844 officio,

372 860 436 939 ,uod
464 871 496 922 et
520 882 539 921 e
558 860 638 941 Syro
663 862 826 941 interprete
851 862 964 922 iactum
990 869 1043 921 eet.
1097 857 1349 943 quemadmodum
1371 867 1454 940 petet
1474 878 1511 919 ex
1533 861 1686 933 Levitico,
1709 877 1795 938 pree·

372 949 460 1009 'unm
475 949 503 1008 ai
518 948 575 1008 boc
586 947 850 1028 anpplendumeat,
865 951 1046 1009 nimiecerte
1098 948 1201 1010 sertim
1223 948 1322 1028 capite
1347 949 1395 1008 17.
1412 954 1442 1006 et
1458 947 1524 1021 22,
1550 950 1639 1010 etiam
1663 946 1701 1006 de
1723 953 1796 1026 potn

372 1034 525 1116 npersecta
554 1034 593 1094 ab
620 1034 765 1116 Apostolo
796 1033 845 1095 vel
872 1037 938 1115 ejue
965 1055 1043 1095 ema·
1098 1035 1252 1115 peculiare
1275 1030 1377 1095 datum
1392 1033 1450 1093 suit
1465 1035 1493 1094 ei
1508 1041 1712 1115 praeceptum,
1735 1033 1796 1093 Do·

372 1123 451 1183 renai
475 1122 588 1201 acripta
611 1129 656 1182 eat
677 1123 791 1197 oretio;
814 1121 896 1203 quod
919 1129 1047 1182 nonest
1097 1122 1178 1182 mino
1191 1120 1310 1202 dicente
1323 1121 1361 1182 ad
1374 1120 1492 1181 Aaron:
1516 1123 1634 1184 Vinum
1650 1127 1680 1181 et
1690 1137 1795 1195 omae,

372 1209 529 1282 uiaimile,
552 1210 585 1270 in
611 1209 670 1270 hac
694 1213 871 1288 praeaertim
898 1208 1046 1289 Epistola,
1098 1208 1184 1285 quod
1206 1208 1365 1270 inebriare
1385 1214 1498 1285 puteat,
1522 1229 1591 1271 nott
1615 1208 1733 1282 uocet,
1761 1213 1796 1267 tu

372 1296 434 1377 njna
450 1297 589 1358 exactior
604 1305 658 1370 aet,
679 1314 769 1378 qnam
785 1296 911 1356 aliarum
926 1315 1045 1375 compo·
1100 1301 1129 1355 ct
1142 1296 1203 1373 filii
1226 1299 1283 1372 tui,
1308 1295 1439 1374 quando
1462 1295 1622 1357 introbitia
1636 1298 1672 1356 iu
1688 1295 1796 1355 tober-

372 1386 422 1443 tio.
468 1382 593 1444 Deinde
624 1402 680 1443 nac
708 1382 893 1463 probabilem
924 1401 1045 1443 aeneum
1099 1383 1250 1443 naculum
1289 1385 1479 1459 taatimouii3
1517 1402 1557 1445 ree
1596 1383 1792 1444 moriemini.

372 1469 435 1531 neit
446 1472 510 1530 ieta
522 1467 645 1530 additio.
669 1470 747 1531 Nem
760 1469 911 1551 quomodo
922 1488 1046 1531 munera
1098 1470 1196 1531 Lavit
1215 1471 1262 1531 10.
1287 1469 1498 1549 Quemloenm
1510 1470 1567 1532 huc
1578 1470 1690 1550 alleget
1707 1469 1796 1529 etiem

372 1556 515 1618 tboatiae
530 1555 744 1631 oonaiatebent,
760 1565 790 1618 et
805 1556 926 1637 quidem
941 1555 1046 1627 colum,
1101 1555 1358 1637 Theophylactue.
1381 1557 1513 1618 Rursum
1537 1556 1688 1620 serviebat
1711 1557 1741 1616 in
1756 1556 1795 1615 ci·

371 1641 1047 1726 ieibiaetpotibnaetvariiabaptiematibue?
1099 1642 1148 1703 bia
1170 1642 1318 1717 eecerdoa,
1343 1643 1445 1705 oblato
1463 1646 1526 1723 jam
1549 1645 1701 1716 sacrificio,
1724 1642 1798 1724 qnia

372 1730 409 1792 dii
423 1730 511 1793 alind
534 1730 687 1811 repplent,
709 1730 804 1791 nihilo
819 1731 927 1810 majori
941 1733 1046 1810 gratia.
1099 1732 1316 1811 praescriptum
1333 1730 1472 1805 babebat,
1489 1729 1527 1792 de
1540 1733 1651 1814 quibua
1667 1730 1796 1792 muneri·

391 1818 489 1879 liubin
511 1834 614 1878 eornm
637 1820 788 1879 sententie
810 1817 968 1898 probetur,
995 1817 1048 1897 qui
1100 1817 1157 1878 bue
1180 1825 1210 1878 et
1235 1817 1357 1890 hoatiie,
1386 1825 1526 1900 utquam
1552 1838 1654 1880 eornm
1680 1825 1796 1900 partem

372 1912 466 1966 »artam
490 1905 626 1986 pendere
648 1905 752 1966 dicunt
767 1925 785 1965 a
800 1906 938 1984 proximo
957 1904 1047 1985 perti·
1100 1902 1190 1964 edere
1212 1913 1314 1985 poaaet
1338 1906 1403 1985 ipae
1424 1913 1453 1965 et
1476 1903 1631 1967 domestici
1654 1907 1737 1986 ejue;
1764 1912 1798 1966 et

372 1993 445 2075 ipio:
461 1995 662 2068 cervicatam,
677 1991 735 2053 hoo
750 1993 888 2052 nimirum
905 1991 1047 2052 orationis
1101 2010 1176 2071 quoe
1192 1991 1231 2051 ab
1247 2011 1348 2052 eorum
1365 2010 1419 2052 eeu
1435 1991 1560 2054 deberet
1575 2012 1686 2054 arcere.
1702 1993 1797 2053 Porro

371 2088 513 2141 untextn:
552 2078 640 2158 Quae
666 2078 813 2140 rectificie
837 2099 898 2140 non
924 2086 1048 2159 puerunt
1100 2077 1138 2138 de
1153 2078 1386 2158 baptismatibus
1402 2099 1473 2139 mox
1488 2077 1631 2141 dicemur,

372 2167 516 2228 erundum
539 2166 751 2227 conscientiam
774 2167 919 2247 perficere
934 2184 987 2226 eeu
1003 2167 1047 2245 ju·
1143 2161 1219 2226 Onm
1235 2184 1305 2243 ergo
1330 2165 1400 2226 dicit
1415 2166 1586 2246 Apostolus,
1610 2163 1794 2226 sacerdotem

371 2254 483 2315 eiicere
500 2273 577 2328 enm,
593 2255 645 2334 qni
657 2255 804 2315 ministret
814 2251 1002 2314 colummedo
1018 2254 1048 2312 in
1100 2252 1282 2312 Aaronicum
1298 2254 1417 2312 eervire
1431 2254 1532 2313 tolum
1548 2255 1584 2313 ia
1600 2253 1675 2313 cibit
1690 2260 1719 2311 et
1730 2269 1795 2329 po·

371 2339 426 2403 ab'a
451 2351 482 2402 et
510 2340 633 2423 potibue
659 2348 714 2402 etc.
751 2340 840 2402 Haec
866 2341 1047 2400 conatructio
1100 2339 1182 2400 tibua
1197 2348 1264 2410 etc..
1287 2348 1462 2418 argumento
1486 2339 1617 2420 quodem
1641 2358 1680 2399 ex
1700 2341 1792 2399 aetio·

371 2428 471 2488 rhime
495 2436 602 2488 coacte
621 2437 674 2502 eet,
697 2435 727 2488 ct
741 2427 814 2489 nihil
837 2428 965 2508 requirit
980 2446 1046 2508 sup·
1099 2426 1187 2486 nibus
1202 2424 1361 2504 adjunctis,
1384 2444 1463 2505 qnae
1488 2427 1535 2486 vel
1552 2424 1796 2507 praeparatoriae

371 2514 507 2595 plamemi.
547 2514 739 2596 Quamquam
766 2515 864 2576 adhuc
888 2514 1048 2575 obscurum
1100 2516 1172 2587 sint,
1195 2513 1243 2573 vel
1262 2522 1485 2593 consequantur
1506 2513 1689 2574 oblationem
1706 2513 1796 2573 recri-

371 2611 409 2676 η
428 2604 496 2683 quia
511 2601 659 2683 Apostolo
681 2601 797 2663 dicatur
816 2603 986 2663 ministrare
1000 2622 1046 2662 eo·
1101 2601 1177 2673 licii,
1200 2600 1324 2679 probat,
1351 2599 1434 2680 quod
1456 2599 1588 2662 dixerat:
1611 2618 1747 2660 munera
1768 2608 1797 2659 et

371 2688 505 2749 immede
528 2693 565 2750 tn
584 2689 660 2751 cibit
680 2697 709 2750 et
728 2690 856 2767 potibua
879 2696 908 2749 et
928 2689 1047 2766 baptie·
1100 2690 1218 2749 tortior
1229 2687 1269 2746 eb
1282 2705 1317 2748 eo
1333 2687 1454 2748 odietur
1468 2706 1536 2749 non
1549 2689 1689 2765 potuiarc
1699 2691 1796 2762 jacta

371 2776 508 2855 entibua3
535 2796 602 2838 curn
628 2785 688 2836 tem
714 2777 817 2838 nrnltie
842 2775 910 2837 aliie
936 2795 954 2836 a
979 2775 1047 2856 lego
1101 2776 1325 2837 renidentium
1337 2777 1513 2852 perfectum
1532 2777 1640 2852 facere
1653 2776 1796 2836 aer-utcu·

371 2864 548 2945 preeecriptie
560 2862 821 2926 observationibna
832 2862 971 2943 occupati
984 2861 1047 2925 ine·
1100 2872 1161 2926 tam
1169 2885 1181 2941 ,·
1206 2863 1279 2943 quie
1293 2861 1415 2937 eciliort,
1440 2863 1516 2924 elcut
1532 2862 1677 2925 sacrificia
1692 2880 1795 2925 cerne·

371 2951 415 3011 r‘nt
428 2963 487 3012 tam
502 2950 685 3023 aacerdotea,
701 2970 791 3031 quam
806 2951 940 3031 reliqnue
956 2970 1047 3032 popu·
1101 2953 1142 3013 lia
1157 2957 1249 3022 erent,
1271 2951 1314 3010 ita
1330 2959 1360 3010 et
1375 2951 1434 3011 hae
1451 2952 1585 3011 eetionoa
1601 2957 1716 3011 tantum
1732 2969 1796 3011 car-

371 3036 418 3111 ita,
437 3049 470 3100 nt
493 3046 655 3120 propterea
677 3036 776 3117 legem
798 3037 879 3100 illem
902 3057 1049 3098 caeremo·
1101 3038 1193 3111 nnlee,
1216 3037 1350 3096 nimirum
1372 3039 1435 3097 auia
1450 3038 1601 3099 sacrificiis
1616 3035 1795 3115 responden·

371 3123 461 3186 &lam
476 3126 508 3187 8.
521 3125 633 3185 Petrue
648 3125 847 3205 appellaverit
856 3129 971 3202 Jupum
987 3129 1049 3185 im·
1101 3134 1156 3187 tea.
1179 3124 1279 3204 Atque
1295 3123 1326 3183 id
1341 3121 1472 3184 declaret
1487 3124 1652 3205 particula:
1675 3125 1795 3184 tolum·

371 3212 522 3287 inmobile,
539 3211 607 3273 Act
622 3211 669 3272 lb.
688 3213 758 3285 Aut,
774 3214 799 3273 ai
815 3222 934 3273 caetere
950 3214 1049 3272 omnia
1101 3211 1206 3285 modo,
1231 3228 1312 3289 quae
1335 3209 1471 3271 excludit
1490 3214 1624 3272 actionee
1640 3208 1737 3271 cultua
1751 3212 1795 3270 in-

371 3298 562 3380 ntelligentur
586 3300 617 3358 in
643 3300 794 3379 particula
818 3300 994 3379 subjuncta:
1021 3305 1049 3359 et
1102 3298 1187 3370 terni,
1203 3295 1366 3375 dequibus
1382 3298 1412 3356 in
1424 3298 1561 3358 Levitico
1577 3297 1652 3358 nibil
1667 3296 1795 3356 auditur.

371 3387 482 3448 muta
508 3388 636 3463 ortrru'r,⁸
660 3404 714 3446 cur
738 3387 821 3448 ctboa
845 3393 873 3446 ct
896 3393 994 3463 potue
1020 3393 1050 3446 et
1100 3386 1257 3464 Nunquam
1281 3384 1358 3442 enim
1387 3382 1437 3444 lex
1463 3385 1611 3465 praecipit
1637 3381 1796 3454 sacerdoti,

371 3470 545 3551 leptirmate
567 3492 639 3553 praa
663 3475 792 3534 cauteria
807 3473 981 3535 nominatim
996 3492 1048 3533 ex·
1101 3481 1135 3533 ut
1156 3468 1247 3531 eorde
1269 3470 1398 3529 contrito
1421 3479 1451 3530 et
1473 3472 1585 3531 munda
1610 3470 1796 3531 conscientia

370 3560 483 3622 uaaait?
1102 3559 1141 3619 ad
1163 3555 1348 3618 offerendum
1371 3557 1545 3617 sacrificium
1573 3556 1711 3634 accedat3
1738 3574 1796 3616 nec

394 3645 500 3728 igiter,
524 3655 559 3706 nt
579 3666 629 3707 ree
644 3645 819 3726 explicetnr,
843 3644 919 3707 illud
939 3654 1048 3718 atetuo,
1101 3644 1144 3706 ibi
1164 3645 1291 3726 legitur:
1313 3643 1430 3705 Probet
1443 3663 1475 3704 ac
1489 3647 1591 3721 iprum
1611 3646 1712 3705 bomo.
1738 3644 1795 3703 Le

371 3750 519 3795 monem
543 3732 591 3792 bia
612 3751 679 3792 aare
701 3753 761 3793 non
784 3730 822 3793 de
845 3732 973 3814 populo,
996 3730 1047 3793 aed
1099 3734 1182 3812 gitur
1196 3729 1320 3811 quidem
1335 3749 1370 3789 ac
1386 3729 1514 3792 subinde
1529 3733 1688 3811 repetitur:
1711 3731 1795 3792 sea-

370 3818 389 3880 la
409 3819 578 3892 cacerdote,
606 3838 697 3900 quem
720 3826 824 3879 vocat:
851 3822 1046 3893 cernicatam,
1100 3821 1142 3880 cti
1164 3825 1271 3891 ertote,
1300 3820 1452 3894 quoniam
1475 3835 1530 3894 eoo
1554 3825 1795 3894 sanctuarum

370 3901 548 3985 erpetoare,
561 3904 592 3965 id
604 3914 659 3979 eet,
675 3924 765 3966 rotro
777 3908 953 3968 miniaterto
966 3907 1048 3984 fuu-
1100 3904 1153 3968 aed
1176 3905 1271 3965 omnia
1292 3904 1344 3964 ille
1366 3906 1508 3965 aenctitae
1531 3913 1624 3985 atque
1647 3903 1795 3965 munditia

370 4002 471 4057 tatem
482 4040 494 4069 ,
521 3995 600 4054 aiout
625 4000 695 4053 ante
722 3994 908 4073 interpretati
934 4012 1047 4055 eumue.
1099 3992 1207 4073 legalia
1233 3998 1315 4065 erat,
1343 4010 1379 4050 ec
1405 3999 1469 4052 tota
1495 3994 1526 4052 in
1556 4001 1682 4054 externe
1708 3990 1795 4052 cultu

370 4101 502 4164 nquam
528 4081 708 4141 eontentiem
735 4082 827 4140 etiam
853 4081 887 4141 B.
911 4080 1047 4141 'rhomae
1103 4080 1212 4160 perite.
1649 4091 1653 4097 '

370 4168 580 4230 ommentarine
602 4164 680 4227 bene
706 4185 856 4246 expeneue
880 4168 1048 4228 inuenietur
1143 4165 1292 4244 Denique,
1316 4162 1390 4244 quid
1413 4164 1462 4225 bic
1483 4165 1559 4226 velit
1581 4164 1754 4247 Apontolna,
1777 4184 1796 4224 a

370 4255 507 4318 relinere.
530 4255 648 4315 Dicitur
660 4263 759 4313 autem
776 4252 914 4315 sacerdot
929 4255 1048 4315 seruire
1100 4253 1250 4313 contrario
1273 4258 1374 4330 potest
1397 4249 1533 4331 intelligi
1561 4252 1639 4312 Nam
1655 4253 1691 4324 ei,
1715 4249 1796 4333 qnod

370 4343 477 4404 ecidit
493 4349 522 4402 et
535 4340 664 4418 potibua
678 4348 743 4413 otc,
766 4339 797 4400 id
813 4348 864 4413 eet,
883 4360 950 4401 cum
966 4347 1048 4401 certa
1100 4358 1179 4400 nnnc
1193 4335 1279 4398 dicit:
1302 4339 1499 4400 tntummodo
1515 4342 1550 4400 iu
1565 4340 1640 4399 cibit
1654 4347 1719 4412 etc,
1743 4358 1796 4418 op·

370 4427 564 4491 beorretiorm
580 4426 714 4488 ciborum
727 4437 756 4488 et
768 4435 900 4507 potuum,
915 4448 951 4488 aa
967 4428 1046 4487 aimi-
1100 4428 1188 4506 ponit
1201 4426 1232 4485 in
1255 4425 1352 4503 capite
1372 4426 1512 4505 aequanti
1535 4426 1795 4506 praeparationem

370 4537 431 4577 nm.
461 4511 532 4578 Non
554 4516 634 4575 anim
657 4513 707 4574 hic
723 4513 762 4575 de
775 4522 838 4576 tote
862 4513 930 4594 lege
945 4531 1046 4575 caere·
1101 4514 1248 4573 internam
1263 4530 1300 4571 ac
1315 4510 1510 4589 apiritualem‚
1534 4530 1601 4572 cum
1617 4514 1674 4572 ait:
1698 4515 1795 4574 Acce-

370 4603 474 4665 rcnieli
492 4602 608 4681 agitur,
625 4599 678 4661 aad
694 4598 732 4661 de
744 4603 789 4674 iia,
805 4621 884 4681 quaa
900 4600 1047 4672 aecardoa,
1100 4600 1216 4661 damea
1230 4616 1300 4657 cum
1317 4615 1392 4659 vero
1408 4599 1511 4675 corda,
1536 4601 1571 4659 ia
1591 4598 1796 4675 plenitudiue

370 4709 474 4751 reuera
500 4687 551 4748 rel
577 4687 693 4750 hostiae
719 4688 859 4761 offerens,
885 4687 1047 4748 observare
1099 4688 1185 4765 Jtdei,
1209 4687 1331 4761 arperri
1351 4686 1449 4744 cordo
1465 4705 1486 4745 a
1501 4687 1691 4747 conacicntto
1706 4685 1796 4745 malo

370 4776 496 4848 abebat,
522 4774 573 4835 vel
593 4781 663 4836 ante
686 4775 877 4847 merifieinm,
899 4774 947 4834 vel
970 4781 1046 4855 poet
1100 4782 1157 4834 eto.
1174 4770 1327 4844 Nonnulli,
1344 4771 1424 4851 quod
1436 4770 1604 4832 hicdicitur
1616 4769 1794 4855 depotibua‚

370 4863 426 4925 ianr
440 4870 656 4945 praeterquam
671 4860 753 4942 quod
768 4863 933 4922 exactiore
949 4880 1045 4921 eaeor·
1099 4859 1249 4943 pertinem
1272 4866 1382 4937 putent
1404 4857 1442 4919 ed
1469 4861 1673 4920 caeremoniae
1696 4859 1795 4919 Nana-

369 4958 434 5023 nte,
458 4968 550 5030 quarn
576 4970 594 5008 a
615 4947 717 5030 plebe,
740 4949 846 5009 merito
868 4948 1049 5028 exigebatur
1098 4966 1244 5018 reeorum,
1267 4944 1393 5026 quibua,
1416 4943 1542 5007 durante
1564 4952 1699 5026 tempore
1721 4963 1796 5006 auae

369 5035 524 5100 metio
545 5033 733 5098 diaormmma
754 5035 896 5113 ciborum,
917 5042 952 5096 nt
964 5053 1047 5097 mnn-
1100 5032 1343 5106 mmerrationia,
1363 5033 1468 5093 avino
1490 5031 1702 5096 abatinandnm
1720 5040 1794 5110 erat,
