4442 5825
781 760 1076 842 eolligunt
1130 780 1213 824 ex
1266 761 1452 843 11qu
1504 763 1624 825 loci
1684 764 2163 838 circumstantiis,

782 850 1000 932 quibus
1034 849 1133 913 hic
1160 849 1366 932 lapsus
1407 849 1668 912 multum
1708 851 2030 933 ponderari
2076 852 2160 912 vi·

782 937 976 999 detur.

868 1024 1094 1085 Verum
1139 1026 1465 1087 communis
1512 1034 1600 1088 est
1627 1026 1877 1087 Petrum
1926 1033 2163 1087 senten·

778 1112 880 1184 tia,
903 1112 1009 1192 qui
1028 1109 1227 1171 locum
1249 1110 1411 1174 hunc
1430 1113 1813 1175 vindicarunt
1826 1131 1864 1173 a
1881 1131 2164 1194 perverso

777 1197 1253 1261 novatianorum
1285 1196 1612 1276 intellectu,
1641 1208 1711 1261 ut
1737 1200 2061 1280 accipiatur
2088 1198 2168 1260 de

779 1303 1161 1386 quocumque
1187 1293 1467 1366 peccato,
1511 1307 1631 1368 quo
1661 1290 1856 1368 gratia
1875 1287 2167 1389 baptismi

778 1369 1157 1454 deperditur,
1211 1379 1275 1432 et
1300 1381 1544 1454 propter
1586 1374 1749 1454 quod
1777 1374 1932 1436 actio
1961 1375 2164 1455 poeni·

776 1460 999 1520 tentiae
1040 1456 1273 1539 judicio
1316 1459 1647 1522 sacerdotis
1699 1459 2007 1522 subeunda
2052 1468 2164 1532 est,

776 1545 839 1607 id
883 1553 979 1606 est
1012 1547 1076 1606 in
1118 1547 1464 1608 universum
1509 1545 1586 1607 de
1620 1555 1870 1628 peccato
1910 1547 2164 1620 mortali,

777 1634 928 1695 sicut
956 1634 1233 1712 superius
1264 1633 1678 1696 indicavimus.
1726 1634 1883 1696 Nam
1915 1635 1981 1696 in
2010 1653 2163 1706 eum,

778 1722 881 1802 qui
911 1727 1051 1801 post
1078 1718 1437 1801 baptismum
1483 1720 2037 1803 quomodocumque
2067 1740 2160 1782 ca·

775 1805 869 1868 dit
896 1826 935 1867 a
964 1807 1190 1885 gratia,
1222 1817 1560 1888 competere
1582 1808 1959 1888 subjunctam
1981 1828 2160 1888 exag-

776 1895 1145 1974 gerationem
1174 1893 1583 1975 Apostolicam
1599 1939 1615 1969 ,
1661 1895 1896 1976 patebit
1922 1915 1998 1956 ex
2030 1896 2163 1975 ejus

779 1981 1193 2062 explicatione.
1271 1981 1460 2042 Pon-o
1517 1981 1842 2043 notandum
1903 1991 2025 2057 eet,
2086 2003 2164 2042 ex

775 2067 892 2128 hoc
917 2066 1051 2127 loco
1081 2069 1455 2148 apertissime
1485 2077 1755 2130 constare
1771 2117 1785 2146 ‚
1832 2068 1991 2150 quod
2023 2067 2159 2130 Cal·

777 2155 956 2216 vinus
999 2164 1064 2216 et
1100 2153 1207 2216 alii
1251 2157 1495 2216 sectarii
1545 2166 1800 2236 negant,
1851 2156 2161 2229 hominem,

776 2241 959 2304 semel
1001 2243 1201 2322 gratia
1229 2241 1346 2303 Dei
1383 2243 1777 2322 justificatum
1795 2286 1811 2316 ,
1862 2261 2038 2323 posse
2082 2243 2160 2304 ab

776 2348 849 2390 ea
876 2331 1075 2409 gratia
1117 2328 1397 2392 excidere
1444 2338 1507 2391 et
1526 2331 1825 2410 justitiam
1870 2331 2160 2392 amittere.

777 2414 960 2496 Quod
998 2424 1416 2498 argumentum
1443 2415 1734 2479 Calvinus
1777 2416 1917 2478 dum
1961 2427 2164 2477 versat

775 2511 842 2563 et
874 2504 1112 2565 solvere
1155 2510 1436 2577 conatur,
1480 2505 1673 2585 magis
1718 2523 1853 2565 sese
1894 2504 2166 2582 implicat

780 2592 939 2664 suis,
970 2597 1040 2651 ut
1059 2589 1246 2662 solet,
1276 2591 1753 2671 antilegomeuis,
1784 2590 1957 2652 modo
1986 2590 2165 2651 fidem

778 2686 840 2738 et
866 2677 1121 2757 gratim
1149 2675 1422 2757 reprobis
1452 2675 1825 2752 adscribens,
1855 2676 2030 2738 modo
2060 2676 2161 2737 de-
2217 2688 2225 2735 ζ

779 2764 1042 2825 trahens.

864 2852 1115 2914 Rama·
1173 2853 1476 2911 renovari
1545 2851 1633 2911 ad
1682 2851 2164 2929 poenitentiam.

773 2937 847 3000 In
876 2937 1105 3001 Graeco
1152 2955 1273 3000 non
1312 2944 1403 2999 est
1430 2942 1769 3014 renovari,
1821 2937 1930 2999 sed
1972 2955 2165 2999 reno-

774 3043 932 3089 vare
943 3070 966 3102 ,
1014 3017 1441 3092 ἀνακαινίζειν.
1516 3026 1691 3107 Quae
1717 3044 1815 3088 res
1843 3024 2166 3088 nonnullos

775 3121 1018 3194 torquet
1032 3158 1047 3187 ,
1100 3109 1384 3191 adeoque
1424 3115 1588 3193 cogit
1601 3158 1617 3187 ,
1664 3119 1731 3173 ut
1770 3113 2164 3193 suspicentur,

776 3199 1071 3263 Graecam
1093 3199 1415 3261 lectionem
1435 3208 1774 3280 corruptam
1798 3217 1953 3271 esse,
1976 3208 2165 3281 atque

778 3306 857 3350 ex
884 3287 1107 3350 Latina
1134 3286 1567 3367 corrigendam.
1638 3286 1761 3349 Sed
1791 3288 1986 3349 inanis
2013 3287 2167 3349 haec

776 3375 1045 3455 suspicio
1074 3383 1198 3449 eet,
1248 3392 1372 3435 non
1398 3374 1591 3436 solum
1622 3377 1772 3455 quia
1801 3374 1971 3436 nulla
1997 3393 2162 3454 pror·
2215 3410 2232 3462 χ
2269 3431 2391 3474 mm
2420 3431 2555 3473 ωε
2586 3430 2984 3494 eoumque„
3029 3412 3250 3494 Nalm,
3287 3431 3424 3475 vom

771 3481 877 3524 sus
906 3462 963 3523 ei
990 3461 1393 3542 affinguntur
1418 3461 1820 3544 exemplaria3
1857 3481 2061 3523 verum
2089 3478 2164 3521 eo

774 3551 1053 3623 maxime,
1084 3547 1251 3652 quod
1278 3568 1392 3609 nec
1413 3548 1704 3629 proclivis
1730 3550 1812 3610 sit
1836 3550 1901 3609 in
1928 3546 2163 3610 Graeco

774 3634 943 3696 verbi
985 3635 1218 3716 passivi
1254 3625 1757 3715 ἂναιιαινιοῦηναι
1799 3637 1862 3698 in
1901 3634 2164 3695 activum

779 3713 1183 3791 ἅνακαινίζειν
1234 3722 1518 3796 mutatio,
1577 3725 1739 3785 sicut
1787 3742 1822 3782 e
1870 3720 2163 3781 contrario

776 3817 940 3870 esset
982 3810 1047 3871 in
1087 3808 1307 3871 Latino
1349 3827 1665 3871 renovare
1691 3810 1774 3870 in
1813 3808 2163 3883 renovari,-

774 3914 885 3958 neo
915 3914 1057 3958 vero
1086 3915 1275 3960 causa
1302 3894 1522 3970 subsit,
1572 3915 1732 3978 quae
1774 3894 2075 3957 scribam
2055 3913 2164 3955 ιιιι·

775 3983 1031 4064 peritum
1054 3991 1324 4045 moveret
1342 3981 1419 4043 ad
1450 3982 1793 4063 hujusmodi
1814 3982 2165 4063 scripturae

773 4071 1175 4134 mutationem.
1262 4069 1555 4131 Erasmus
1611 4070 1978 4149 subintelligi
2032 4067 2167 4130 vult

771 4175 1100 4237 pronomen
1128 4157 1530 4237 reciprocum·
1576 4159 1825 4220 Buram
1850 4173 2165 4218 renovare

772 4262 836 4305 se
861 4242 952 4304 ad
974 4246 1457 4323 poenitentiam.

813 4351 818 4360 ·
857 4330 1012 4394 mhi
1037 4332 1229 4412 magis
1256 4330 1562 4411 probatur,
1595 4338 1665 4392 ut
1687 4330 1942 4391 verbum
1970 4347 2165 4391 reno·

777 4435 929 4481 vare
972 4417 1050 4480 ed
1080 4417 1360 4479 doctores
1390 4436 1497 4478 seu
1532 4418 1831 4479 ministros
1858 4416 2167 4479 Ecclesiae

772 4504 1098 4579 referatur,
1128 4504 1247 4566 hoc
1272 4503 1482 4566 modo:
1529 4502 1914 4585 Impossibile
1940 4511 2038 4566 est
2061 4522 2164 4564 no·

635 4633 641 4640 -
771 4591 914 4667 bis,¹
945 4591 1167 4676 quibus
1196 4590 1486 4665 docendi,
1527 4589 1939 4654 catechizandi
1972 4598 2031 4651 et
2056 4590 2165 4651 Se·

773 4688 1074 4742 crementa
1101 4677 1480 4740 ministrandi
1522 4676 2167 4760 negotium-incumbit,

772 4783 912 4839 eos,
946 4767 1054 4848 qui
1082 4772 1224 4846 post
1250 4765 1613 4847 baptismum
1641 4765 1801 4847 lapsi
1830 4772 2003 4838 sunt,
2057 4763 2165 4825 ite·

770 4871 906 4916 rum
964 4852 1044 4915 ad
1099 4853 1532 4934 poenitentiam
1589 4870 1899 4914 renovare.
1995 4849 2169 4913 Sicut

774 4942 932 5004 enim
960 4939 1276 5003 Ecclesiae
1317 4939 1604 5002 ministris
1640 4937 1974 5002 secundum
2001 4944 2164 5001 vete·

1856 583 2753 643 cmmsnnlsmcffffz-

2269 760 2665 838 illuminandi,
2694 763 3061 845 perficiendi,
3099 766 3187 826 ita
3214 771 3279 827 et
3307 783 3424 826 ren«

2269 851 2618 932 praesertim
2672 869 2811 912 cum
2861 860 2924 912 et
2977 851 3096 913 hoc
3138 851 3274 913 loco
3333 853 3424 931 Ap

2269 938 2420 1011 sibi,
2450 945 2517 998 ut
2544 936 2806 1011 doctori,
2836 939 3106 1000 tribuat
3087 958 3285 1016 jacere
3315 936 3423 999 fun

2268 1033 2394 1086 tum
2422 1025 2832 1105 poenitentiae
2861 1035 2969 1086 etc.
3015 1025 3228 1086 Simile
3265 1023 3415 1105 quid

2269 1113 2331 1173 in
2361 1131 2493 1192 cap.
2533 1113 2665 1186 10„
2711 1111 2817 1173 ubi
2847 1132 2954 1189 pro
3003 1131 3106 1185 eo,
3150 1111 3316 1191 quod
3345 1132 3425 1173 no

2227 1256 2228 1263 ,
2269 1218 2432 1259 mus:
2463 1199 2854 1275 Impossibile
2878 1207 2966 1260 eet
2985 1203 3300 1276 sanquine
3324 1205 3424 1262 tm

2227 1312 2228 1371 3
2271 1292 2331 1346 et
2381 1287 2705 1346 hircorum
2761 1286 3016 1363 auferri
3069 1295 3366 1363 peccata,

2272 1381 2392 1433 est:
2436 1371 2828 1448 sanquinem
2849 1382 2911 1433 et
2937 1373 3215 1451 auferre.
3283 1373 3424 1437 Ita]

2268 1461 2557 1536 possibile
2586 1467 2674 1520 cst
2703 1477 2821 1520 nos
2848 1478 3180 1522 renovare.
3257 1460 3382 1522 Sed
3414 1461 3424 1521 1

2226 1576 2228 1601 ,ι
2269 1548 2510 1607 rietates
2538 1565 2660 1607 non
2688 1547 2892 1625 magni
2923 1558 3065 1608 sunt
3092 1548 3417 1624 momenti,

2225 1658 2228 1675 1
2270 1635 2430 1694 enim
2458 1652 2703 1695 sensum
2732 1641 2984 1695 mutant.

2355 1760 2501 1822 Plus
2532 1770 2627 1824 est
2655 1762 3070 1824 difficultatis·
3052 1785 3116 1825 ιιι
3147 1783 3250 1837 eo,
3285 1783 3424 1844 quo«

2267 1850 2355 1910 ad
2377 1851 2880 1927 poenitentiam,
2934 1848 3165 1911 Graece
3196 1843 3290 1920 εἷς
3319 1867 3424 1929 μει

2267 1937 2406 1996 Non
2439 1938 2598 1996 enim
2626 1938 2935 1998 renovatio
2980 1937 3080 1998 via
3112 1945 3206 1999 est
3244 1937 3323 1998 ad
3355 1958 3424 2018 pc

2267 2025 2411 2083 tiam
2426 2068 2441 2098 ,
2494 2020 2602 2083 sed
2649 2025 3019 2103 poenitentia
3060 2023 3139 2084 ad
3183 2043 3424 2087 renova

2268 2107 2450 2171 Unde
2479 2129 2661 2190 supra
2698 2112 2893 2189 primo
2936 2110 3070 2171 loco
3115 2113 3424 2192 poenitent

2269 2195 2553 2277 operibus
2606 2198 2855 2257 mortuis
2900 2198 3246 2258 nominavit.
3329 2198 3424 2258 Hs

2269 2281 2412 2343 dum
2443 2280 2942 2362 chrysostomus,
2996 2285 3047 2345 si
3089 2304 3210 2347 non
3256 2303 3424 2346 erran

2267 2370 2485 2443 tendo,
2515 2371 2624 2450 qui
2652 2370 2767 2430 hoc
2799 2372 2857 2432 ei
2886 2370 3186 2447 tribuunt,
3225 2391 3368 2432 nam
3398 2391 3424 2434 e

2227 2488 2228 2491 κ
2267 2455 2497 2536 reperi,
2534 2457 2620 2517 ita
2650 2456 2866 2530 solvit,
2911 2466 2982 2518 ut
3010 2455 3198 2532 dicat,
3239 2476 3424 2522 reno!

2265 2545 2729 2619 poenitentiam
2771 2543 2929 2605 idem
2974 2563 3139 2620 esse,
3185 2545 3351 2626 quod
3389 2565 3424 2605 n

2269 2648 2378 2709 per
2405 2630 2853 2710 poenitentiam.
2901 2632 2984 2693 Et
3004 2632 3090 2690 ita
3111 2631 3354 2714 quidem
3380 2633 3424 2692 E

2268 2717 2481 2791 vertit,
2535 2724 2597 2776 et
2638 2716 2743 2778 alii
2784 2717 3076 2779 nonnulli.
3150 2716 3323 2779 Idem
3353 2717 3424 2778 Ε]

2269 2809 2331 2863 et
2371 2809 2509 2884 post
2556 2823 2690 2864 eum
2740 2803 2991 2879 Bibere,
3046 2805 3135 2866 sic
3187 2804 3424 2884 explica

2270 2890 2551 2971 quonism
2582 2891 2645 2951 in
2673 2890 2965 2972 Epistolis
2992 2891 3267 2954 Paulinis
3297 2899 3424 2973 atqu

2314 2978 2643 3058 raepositio
2681 2970 2776 3048 εἰς
2820 2978 3118 3040 interdum
3164 2987 3424 3060 usurpat

2305 3080 2373 3141 ν,
2406 3072 2467 3125 et
2493 3055 2558 3123 ἐν
2590 3065 2723 3126 loco
2756 3056 2858 3124 διὰ
2888 3085 3052 3127 more
3078 3065 3424 3129 Hebraeoru

2268 3171 2346 3234 pe
2371 3151 2639 3234 positum
2665 3152 3003 3229 invenitur,
3049 3171 3424 3234 consequens

2269 3248 2397 3312 tur,
2429 3240 2607 3300 etiam
2636 3230 2732 3308 εἷς
2761 3258 2867 3320 per
2896 3234 2997 3298 διὰ
3026 3258 3207 3321 posse
3237 3258 3424 3320 expet

2270 3326 2424 3388 bene
2455 3324 2859 3388 consideranti
2889 3325 3070 3387 facile
3102 3335 3295 3408 patet,
3342 3325 3411 3387 id

2269 3496 2386 3582 plis
2417 3499 2840 3580 comprobatur
2867 3497 2944 3560 ab
2977 3499 3079 3573 iis,
3121 3500 3228 3581 qui
3256 3500 3413 3562 haec

2354 3628 2555 3690 Aliter
2581 3628 2928 3709 responderi
2957 3638 3184 3712 petest,
3226 3630 3424 3713 Apud

2268 3735 2510 3779 monem
2554 3715 2894 3797 eclipticum
2935 3737 3101 3791 esse,
3154 3718 3262 3797 qui
3289 3736 3426 3799 sup]

2268 3806 2351 3865 sit
2376 3802 2494 3864 hoc
2519 3811 2628 3866 aut
2668 3804 2853 3865 simili
2889 3803 3100 3865 modo:
3149 3806 3423 3882 Imponat

2269 3909 2405 3965 eos,
2450 3891 2565 3967 qui
2591 3891 2780 3952 semel
2819 3899 2972 3953 sunt
3007 3893 3401 3970 inminuti,

2267 3980 2611 4053 renovari,
2657 3978 2886 4039 scilicet
2927 3979 3286 4041 accedentes
3313 3980 3424 4043 ὕοι

2262 4067 2728 4142 poenitentiam
2743 4108 2766 4140 ,
2811 4085 2934 4145 qua
2976 4067 3290 4127 renovatio
3335 4067 3424 4130 in«

2273 4151 2471 4232 Quem
2500 4170 2742 4213 sensum
2771 4152 3200 4214 Theodoretus
3223 4154 3424 4216 innuit

2270 4257 2454 4319 quam
2488 4239 2801 4318 expressit.
2868 4239 3005 4301 Hoc
3036 4241 3090 4301 si
3117 4259 3238 4301 ιιοιι
3268 4239 3424 4319 plac*

2270 4326 2518 4406 poterit,
2547 4324 2709 4386 hunc
2740 4344 2875 4386 esse
2903 4345 3170 4387 sensum:
3214 4327 3424 4390 Reno·

2265 4414 2727 4490 poenitentiam
2743 4456 2765 4487 ‚
2842 4413 2971 4475 sive
3038 4416 3112 4475 in
3177 4414 3424 4490 poenite

2268 4508 2530 4580 utroque
2572 4500 2731 4560 enim
2772 4499 2951 4561 modo
2991 4498 3146 4562 verti
3191 4507 3424 4580 potest,

2270 4588 2551 4649 renovari
2579 4586 2714 4646 loco
2760 4588 3190 4666 poeniteutiae3
3232 4588 3321 4647 eic
3362 4587 3425 4649 ni

2269 4682 2338 4734 ut
2365 4674 2529 4735 vitae
2555 4674 2872 4734 renovatio
2901 4673 3186 4750 sufficiat,
3224 4671 3424 4753 pet-ind

2271 4760 2601 4840 baptismo,
2651 4779 2763 4821 nec
2795 4780 2947 4841 opus
2976 4762 3053 4820 sit
3080 4760 3424 4838 poenitentia

2271 4857 2366 4910 est
2395 4847 2898 4923 satisfactionem,
2944 4866 3054 4910 seu
3100 4848 3424 4927 punitione·

2268 4953 2516 5017 gravem
2560 4935 2787 5009 subire,
2828 4953 2991 5014 quae
3037 4935 3299 5015 exig-itur
3324 4953 3367 4996 a
3392 4954 3424 4996 ι·

772 5043 872 5098 8·
889 5025 1242 5113 'rh-cloga·
1261 5027 1550 5111 competit
1570 5025 1826 5091 officium
1845 5023 2166 5113 purgandi,
2269 5022 2367 5086 Ite
2390 5021 2715 5105 Scriptura
2732 5021 3025 5107 loquitur:
3066 5022 3224 5088 Bao
3246 5022 3413 5085 milti
