4442 5825
788 604 986 675 memnona
1004 604 1206 663 ammorreo
1240 605 1325 661 rme.
1345 605 1384 661 rs.
1404 606 1444 660 on
1661 588 1666 598 '
1730 611 1805 681 aaa

376 785 535 865 septena
563 782 679 856 m,
712 782 803 845 Petro
833 781 1056 862 comprobante,
1108 784 1229 864 purgati
1241 783 1355 845 fuerint
1369 782 1552 857 inhaesita,
1564 782 1714 863 judicium
1730 780 1806 845 illud

378 871 575 935 bonumne
588 879 752 951 utrumque
765 869 945 945 membrum3
960 877 994 931 ut
1008 869 1057 930 hic
1108 878 1222 932 restare
1235 870 1425 931 subeundum
1440 878 1509 951 post
1522 878 1665 946 mortem,
1684 890 1744 952 quo
1759 890 1805 930 sa·

376 960 537 1021 omma
562 957 598 1020 Si
615 958 716 1038 justus
739 959 902 1019 etelectus
922 957 980 1017 Dei
994 958 1056 1031 uix,
1108 958 1203 1018 tisfist
1214 956 1352 1036 justitiae
1366 956 1496 1018 divinae.

374 1042 599 1107 iisstnonnisi
613 1063 819 1126 perseverum
830 1044 890 1105 Dei
902 1042 1056 1122 judicium,
1154 1048 1202 1107 19.
1225 1045 1338 1122 leoque
1360 1051 1390 1104 et
1409 1045 1460 1119 bi,
1488 1046 1543 1122 qai
1562 1045 1737 1122 potiuntur
1757 1063 1806 1105 se·

375 1131 537 1211 authentis
553 1133 621 1212 ejus
635 1139 776 1210 peccata,
791 1130 830 1191 sd
845 1130 975 1191 salutem
990 1150 1055 1210 par·
1108 1132 1248 1193 cundum
1271 1132 1471 1192 volontatem
1493 1132 1573 1205 Des',
1601 1131 1689 1207 fideli
1707 1132 1806 1193 Oreo-

374 1218 458 1281 rouit:
478 1221 598 1296 tmps‘rss
617 1226 647 1279 et
659 1225 808 1296 peccator
823 1219 877 1278 abi
891 1235 1056 1293 compare·
1109 1221 1173 1279 tort
1188 1218 1407 1280 commendent
1428 1219 1557 1279 animos
1570 1236 1644 1279 suos
1658 1221 1694 1280 tn
1711 1218 1805 1278 beas·

373 1303 473 1367 ostio
488 1314 549 1379 est,
575 1304 726 1387 quomodo
741 1314 822 1366 stare
843 1325 879 1366 ac
893 1305 1056 1366 subsistere
1107 1306 1212 1384 sactis.
1250 1306 1381 1386 Epilogo
1397 1303 1550 1366 concludit
1564 1314 1656 1366 totam
1672 1305 1805 1384 superio·

371 1394 472 1473 potarit
484 1393 517 1453 in
530 1393 588 1454 Dei
600 1391 727 1469 judicio,
752 1401 785 1452 ut
807 1413 866 1453 non
882 1390 1055 1452 condemne-
1108 1412 1171 1453 rem
1186 1391 1425 1464 admonitionem,
1441 1391 1549 1451 iactam
1565 1391 1603 1452 ad
1620 1411 1681 1465 eos,
1696 1393 1807 1472 quibus

371 1487 446 1540 torst
456 1481 589 1540 aeternis
600 1477 759 1540 addicatur
767 1477 946 1559 suppliciis?
960 1477 1054 1538 Phra·
1109 1500 1162 1560 pro
1171 1482 1289 1539 nomine
1298 1478 1564 1541 Obsistiferendae
1576 1488 1661 1539 erant
1672 1479 1804 1540 afflictio·

371 1565 409 1629 ι’·
420 1576 549 1644 accepta
559 1566 599 1627 sb
612 1566 666 1638 iis,
682 1567 751 1645 qui,
766 1565 844 1626 male
859 1566 918 1627 sibi
934 1565 1055 1637 conscii,
1108 1585 1170 1627 nes.
1200 1565 1316 1628 Graeca
1331 1567 1374 1627 sic
1397 1565 1524 1626 habent:
1549 1568 1664 1643 Itaque
1679 1573 1726 1639 et,
1751 1567 1806 1642 qui

371 1660 503 1714 mmntur
517 1651 676 1727 injudicio
692 1672 880 1733 comparere,
900 1660 930 1712 et
945 1654 971 1712 si
987 1671 1054 1730 pos·
1106 1655 1298 1730 potiuntur,
1315 1654 1379 1713 sive
1400 1653 1604 1730 afflictentur,
1630 1651 1805 1715 secundam

371 1748 448 1813 mc,
474 1738 713 1820 subterfugiunt,
740 1741 827 1810 certi,
857 1759 891 1801 se
918 1737 1054 1800 condem·
1110 1741 1305 1801 voluntatem
1322 1741 1384 1801 Dei
1389 1785 1399 1815 ‚
1422 1746 1587 1816 tamquam
1605 1739 1692 1817 fideli
1707 1741 1806 1802 Oreo·

371 1824 486 1891 undu.
1108 1831 1189 1901 tort,
1206 1827 1236 1888 id
1252 1835 1298 1888 eet
1311 1826 1393 1904 apud
1407 1825 1523 1887 fidelem
1541 1825 1726 1898 Creatorem,
1749 1826 1806 1886 de·

405 1912 474 1975 Nou
494 1914 587 1994 igitur
608 1932 713 1975 sensns
736 1920 795 1987 est,
821 1931 910 1990 quem
934 1910 1057 1973 tradunt
1106 1913 1807 1991 ponantoatmassaosbeneficentio.Sensus:

371 1998 513 2077 mulli,
543 2000 707 2080 periculum
733 2018 802 2060 esse
823 2001 908 2079 justo
934 2009 1056 2079 propter
1109 2000 1239 2062 Proinde
1256 2001 1442 2062 exhortoret
1456 2020 1563 2060 moneo
1580 2002 1676 2062 resin
1691 1999 1804 2078 disper·

371 2082 452 2165 hjos
480 2086 562 2147 vitae
589 2086 785 2167 fragilitatem
815 2094 847 2147 et
875 2087 1055 2147 tentationes
1108 2090 1191 2150 sione
1207 2087 1327 2168 positos,
1346 2099 1451 2148 utnon
1463 2087 1559 2148 solum
1575 2086 1656 2148 bona
1671 2085 1806 2147 reddatis

371 2172 558 2254 uitipliees‚
573 2193 610 2234 ue
625 2194 686 2235 uon
701 2173 850 2248 salvetur3
873 2176 1008 2253 quamvis
1024 2173 1055 2233 id
1108 2196 1163 2255 pro
1177 2175 1280 2250 bonis;
1306 2173 1358 2234 sed
1381 2181 1413 2234 et
1427 2174 1464 2248 ii,
1487 2174 1600 2254 quibus
1622 2174 1806 2246 afflictiones,

371 2278 461 2323 mm
476 2261 534 2333 sit,
556 2259 700 2339 quamdiu
711 2262 813 2340 justus
835 2262 900 2339 agit
919 2261 997 2322 hanc
1012 2261 1054 2320 vi·
1108 2259 1491 2337 etiamusqueadmortem,
1505 2282 1524 2321 a
1539 2260 1625 2321 malis
1636 2260 1806 2322 hominibus

371 2352 422 2409 in
435 2347 601 2409 mortalem.
623 2348 704 2410 Nam
724 2346 763 2408 de
779 2349 925 2427 pressuris
940 2349 1054 2428 piorum
1107 2351 1167 2410 Dei
1185 2348 1341 2409 voluntate
1356 2349 1503 2426 contingit
1516 2346 1627 2416 inferri,
1651 2348 1807 2427 deponant

371 2452 456 2499 mo
471 2442 534 2507 est,
553 2454 614 2495 non
634 2434 674 2497 de
692 2435 887 2495 tentationum
902 2432 1054 2515 periculis.
1107 2437 1222 2497 animas
1246 2453 1318 2494 suas
1340 2435 1423 2516 apud
1441 2435 1541 2495 Deum
1567 2453 1666 2494 earum
1690 2443 1804 2494 creato·

371 2514 459 2583 linas
473 2529 575 2582 autem
591 2530 674 2582 recte
689 2520 810 2602 quidam
826 2520 894 2592 aiii,
910 2522 963 2601 qui
980 2521 1053 2581 diffi-
1106 2544 1184 2596 rem,
1211 2530 1364 2600 tamquam
1380 2518 1499 2581 fidelem
1515 2521 1685 2591 custodem,
1701 2518 1731 2581 id
1748 2526 1804 2592 est,

371 2606 500 2671 uitatem
521 2607 601 2669 banc
621 2608 727 2669 salutis
746 2608 896 2686 justorum
920 2606 1055 2668 referunt
1108 2630 1211 2671 aarum
1226 2608 1347 2668 tutelam
1365 2617 1394 2669 et
1409 2607 1576 2668 custodiam
1593 2606 1638 2667 illi
1656 2625 1802 2667 commen·

371 2692 500 2755 sidiam
523 2696 648 2756 extremi
664 2693 787 2774 judieii,
813 2703 965 2775 tamquam
993 2694 1056 2755 iilic
1107 2697 1197 2769 deut,
1223 2694 1315 2775 idque
1331 2715 1398 2755 cum
1417 2695 1633 2767 beneficentia,
1659 2713 1721 2775 qua
1736 2712 1802 2773 pro-

371 2782 446 2854 bti,
470 2781 523 2845 vel
539 2802 658 2855 omnes,
680 2782 731 2843 vel
747 2781 842 2859 aliqui
857 2782 1055 2860 periclitaturi
1107 2791 1271 2863 sequantur
1286 2783 1375 2843 etiam
1393 2790 1599 2862 persecutores
1624 2800 1712 2854 snos,
1738 2778 1803 2840 red-

371 2868 419 2934 Μ
442 2866 483 2931 de
511 2862 627 2941 salute,
650 2877 755 2930 contre
777 2867 853 2929 illud
883 2868 1055 2948 Sapientiae
1109 2871 1208 2933 dendo
1236 2870 1281 2932 eis
1302 2869 1382 2932 bona
1407 2890 1461 2951 pro
1476 2870 1573 2932 malis.

371 2956 482 3038 puintoc
514 2957 605 3018 iisne
627 2956 757 3019 stabunt
773 2958 854 3032 jorot
877 2960 913 3017 ta
936 2973 1055 3031 mosao
1152 2958 1229 3018 Pars
1243 2957 1311 3018 illa:
1329 2957 1501 3020 secundum
1517 2957 1715 3019 volantatem
1732 2957 1803 3031 Dei,

371 3045 539 3106 masto
553 3043 706 3105 adversas
728 3063 796 3118 sos,
818 3046 874 3120 qui
896 3063 927 3104 se
949 3061 1055 3119 capu·
1108 3044 1405 3125 maieaqnibusdam
1419 3045 1589 3105 annectitur
1600 3041 1805 3123 sequentibus.

371 3131 538 3192 &emat
555 3138 609 3192 ete
646 3132 688 3192 Et
709 3130 784 3191 illud
800 3130 893 3210 Apoc.
910 3132 957 3194 λε
978 3133 1056 3192 Esto
1108 3131 1251 3193 Refertur
1266 3132 1344 3191 euim
1361 3130 1398 3191 ad
1412 3133 1593 3208 passiones,
1617 3139 1722 3210 estque
1737 3148 1804 3189 sen·

371 3215 463 3280 usu·
483 3218 648 3296 usquead
669 3225 820 3293 mortem,
848 3225 879 3278 et
901 3217 984 3278 dubo
998 3217 1057 3278 tibi
1107 3220 1203 3279 tentia
1218 3217 1324 3279 similis
1348 3218 1484 3279 comilis
1503 3216 1805 3298 capitiseuperioris:

371 3321 511 3368 mm
527 3307 621 3366 vitoe.
1108 3306 1223 3368 Melius
1246 3311 1308 3379 est,
1334 3306 1579 3382 benefacientes,
1606 3306 1633 3364 ss'
1655 3302 1805 3364 voluntas

399 3391 499 3474 igitur
513 3391 678 3472 particule:
695 3394 759 3467 aaa,
776 3390 963 3470 exponenda,
980 3392 1057 3452 sicut
1111 3395 1171 3454 Des·
1193 3394 1285 3467 velit,
1311 3395 1399 3468 poti,
1427 3411 1523 3471 quom
1545 3392 1804 3470 malefacientes.

371 3473 438 3554 iixi,
451 3479 486 3540 td
500 3486 561 3540 estc
582 3500 636 3558 per
651 3480 758 3539 multas
774 3478 978 3550 difficultates,
1004 3498 1057 3556 per
1108 3478 1203 3542 Simul
1218 3480 1366 3554 innuitur,
1389 3499 1494 3540 omnes
1513 3480 1698 3550 afflictiones,
1714 3495 1803 3556 quae

371 3563 551 3638 sflieticnes,
573 3565 742 3638 molestias,
762 3567 1000 3645 persecutiones,
1017 3572 1055 3638 et,
1108 3586 1237 3645 cumque
1252 3567 1339 3628 nobis
1355 3566 1528 3640 obveniunt,
1545 3587 1564 3627 a
1578 3566 1637 3627 Dei
1648 3564 1804 3625 voluntate

371 3650 524 3713 stPeuius
539 3653 674 3732 loquitur
689 3653 753 3713 Act.
774 3657 837 3720 14..
858 3672 918 3730 per
939 3652 1057 3713 molseo
1108 3652 1280 3734 procedere.

371 3738 597 3815 tibulottom
624 3740 711 3800 velut
730 3740 851 3819 flagella
874 3760 892 3800 a
911 3740 1054 3818 justoju·
1152 3740 1287 3819 Quidam
1309 3743 1436 3802 animos
1458 3742 1694 3819 interpretentur
1710 3738 1804 3798 ritem

371 3819 428 3887 lies
450 3826 520 3888 Deo
543 3828 583 3890 ad
606 3827 799 3906 corrigendos
825 3836 857 3887 ct
884 3825 1056 3906 purgandos
1108 3834 1240 3889 nostram
1255 3848 1293 3887 ac
1314 3830 1478 3908 nosipsos.
1517 3825 1579 3885 Alii
1600 3825 1708 3886 melina
1729 3827 1805 3884 oni·

371 3926 431 3974 nos
450 3914 566 3976 eiectos
587 3915 728 3975 immissa.
764 3914 868 3994 Quare
886 3922 984 3974 autem
999 3917 1056 3987 ju·
1108 3933 1176 3975 mas
1198 3934 1216 3973 a
1239 3915 1415 3993 corporibus
1439 3912 1632 3992 superstites,
1655 3913 1745 3991 juxta
1760 3910 1803 3971 di·

371 4003 424 4060 so
447 4004 504 4063 vis
529 4002 699 4063 salvatas?
727 4002 803 4073 nist,
834 4001 904 4081 qnia
930 4001 981 4059 vix
1009 4009 1056 4057 eet
1108 4010 1187 4061 ctum
1204 3999 1386 4061 salvatoris:
1407 4001 1512 4062 Nolite
1527 4002 1639 4059 umere
1654 4017 1722 4073 eos,
1749 4001 1805 4077 qui

371 4086 479 4147 ustus?
506 4088 608 4158 idest,
635 4090 707 4162 quia
733 4087 939 4167 imperfectam
964 4086 1055 4146 habet
1109 4088 1256 4149 occidunt
1277 4106 1408 4165 eorpus,
1437 4091 1581 4148 animum
1609 4094 1715 4147 ostem
1737 4103 1805 4146 noa

371 4174 521 4251 ustitiam3
548 4194 614 4236 cum
642 4175 799 4253 delinquat
824 4176 853 4235 in
881 4172 996 4245 multis,
1027 4180 1056 4231 et
1104 4174 1590 4251 possuatocoidese,biatth.10.
1616 4172 1711 4252 Quasi
1725 4171 1806 4233 dicat

371 4261 576 4341 projectitius
590 4281 696 4341 opera,
720 4281 800 4341 quae
819 4263 904 4331 facit,
926 4260 1054 4341 plerum·
1107 4262 1289 4340 Apostolus:
1313 4261 1375 4341 Qui
1390 4263 1504 4322 creauit
1519 4262 1641 4333 animae,
1657 4260 1736 4321 idem
1750 4261 1805 4320 erit

371 4359 420 4426 Ιια
440 4348 572 4409 sordium
595 4349 710 4428 aliquid
732 4348 863 4409 habeant
878 4347 1054 4419 admixtum,
1108 4368 1213 4408 earum
1230 4356 1339 4416 custos,
1355 4350 1442 4408 etism
1459 4348 1616 4409 exstinctis
1627 4356 1724 4408 morte
1741 4367 1802 4406 cor·

371 4431 463 4494 relax
486 4436 654 4496 intentione
675 4453 735 4495 non
758 4455 849 4514 pura,
872 4433 921 4494 vel
938 4433 1054 4495 exalia
1108 4434 1247 4513 periboea
1272 4444 1303 4494 et
1324 4436 1382 4496 hoc
1397 4435 1564 4514 dopositum
1582 4434 1639 4494 sibi
1657 4454 1802 4494 commen·

371 4517 591 4582 metantis.
628 4520 716 4600 Quae
737 4529 801 4581 tota
815 4523 970 4600 impuritas
986 4521 1055 4600 igne
1107 4521 1211 4582 datum
1226 4521 1354 4583 fideliter
1368 4523 1509 4596 servabit,
1524 4542 1562 4582 ne
1577 4529 1689 4600 pereat
1713 4519 1803 4581 Vide·

371 4605 562 4668 m'bulstionis
578 4606 776 4687 excoquenda
792 4616 845 4667 est
1108 4617 1158 4669 tur
1173 4608 1253 4670 enim
1269 4628 1337 4670 esse
1351 4610 1382 4668 in
1397 4608 1444 4670 hie
1466 4607 1568 4670 verbis
1588 4606 1695 4667 allusio
1710 4625 1802 4685 quae·

400 4691 483 4754 Hinc
497 4694 591 4775 igitur
606 4695 694 4753 etiam
717 4697 809 4754 statui
833 4703 933 4773 potest
948 4714 1054 4773 pnrga-
1107 4694 1176 4756 dam
1192 4695 1232 4755 ad
1248 4715 1353 4756 vocem
1370 4695 1481 4756 Christi
1497 4697 1527 4755 in
1539 4713 1626 4755 cruce
1636 4694 1803 4755 morientis:

371 4781 435 4842 seb
447 4800 548 4863 poena
562 4789 633 4860 post
650 4780 728 4842 hanc
741 4782 845 4840 vitam.
867 4781 945 4840 Nam
962 4783 987 4840 si
1005 4781 1053 4858 ju·
1106 4784 1222 4856 Pater,
1239 4783 1275 4842 s‘n
1290 4800 1408 4844 monos
1422 4790 1496 4844 tuos
1507 4782 1691 4843 commendo
1706 4783 1804 4857 spirt-

371 4873 423 4930 aa·
436 4887 499 4929 oon
512 4865 665 4939 salrator,
683 4868 742 4928 nisi
756 4886 810 4948 per
825 4886 959 4928 severum
972 4866 1053 4946 judi·
1106 4876 1175 4929 tam
1190 4887 1311 4944 meum,
1338 4871 1410 4930 Luc.
1429 4871 1480 4930 23.
1516 4869 1578 4932 Ubi
1600 4869 1739 4930 similiter
1756 4878 1805 4930 est

371 4951 437 5016 ium
451 4953 512 5014 Dei
525 4954 678 5035 punientis
693 4963 725 5013 et
735 4955 892 5033 purgantis
906 4955 970 5033 ejus
985 4973 1053 5033 peo-
1107 4954 1238 5016 Graece:
1261 4948 1479 5034 παραθήσομαι
1486 5000 1496 5034 ,
1517 4954 1549 5018 id
1568 4963 1614 5016 est
1629 4956 1802 5034 deponam,

371 5047 443 5102 star
472 5058 666 5122 consequeus
695 5050 758 5113 est,
788 5042 842 5116 iis,
873 5043 926 5122 qui
955 5042 1055 5101 minus
1105 5043 1342 5105 commendabo.
1379 5044 1456 5107 Nam
1478 5041 1664 5105 ecchrtotna
1686 5041 1804 5105 idfccit
