<?xml version="1.0" encoding="UTF-8"?>
<!DOCTYPE html PUBLIC "-//W3C//DTD XHTML 1.0 Transitional//EN"
    "http://www.w3.org/TR/xhtml1/DTD/xhtml1-transitional.dtd">
<html xmlns="http://www.w3.org/1999/xhtml" xml:lang="en" lang="en">
 <head>
  <title>
</title>
<meta http-equiv="Content-Type" content="text/html;charset=utf-8" />
  <meta name='ocr-system' content='tesseract 3.04.00' />
  <meta name='ocr-capabilities' content='ocr_page ocr_carea ocr_par ocr_line ocrx_word'/>
</head>
<body>
  <div class='ocr_page' id='page_1' title='image "./guilielmiestiii01estigoog_0732.png"; bbox 0 0 4442 5825; ppageno 0'>
   <div class='ocr_carea' id='block_1_1' title="bbox 398 594 1339 676">
    <p class='ocr_par' dir='ltr' id='par_1_1' title="bbox 398 594 1339 676">
     <span class='ocr_line' id='line_1_1' title="bbox 398 594 1339 676; baseline -0.003 -26"><span class='ocrx_word' id='word_1_1' title='bbox 398 610 470 676; x_wconf 73' lang='lat'>722</span> <span class='ocrx_word' id='word_1_2' title='bbox 914 596 1151 652; x_wconf 70' lang='lat' dir='ltr'><strong>COMMENTARIUS</strong></span> <span class='ocrx_word' id='word_1_3' title='bbox 1169 594 1200 650; x_wconf 74' lang='lat' dir='ltr'>nr</span> <span class='ocrx_word' id='word_1_4' title='bbox 1217 595 1284 649; x_wconf 71' lang='lat' dir='ltr'>Cat.</span> <span class='ocrx_word' id='word_1_5' title='bbox 1302 595 1339 648; x_wconf 90' lang='lat' dir='ltr'>iii.</span> 
     </span>
    </p>
   </div>
   <div class='ocr_carea' id='block_1_2' title="bbox 381 772 1860 5106">
    <p class='ocr_par' dir='ltr' id='par_1_2' title="bbox 381 772 1860 5106">
     <span class='ocr_line' id='line_1_2' title="bbox 397 772 1825 859; baseline -0.005 -22"><span class='ocrx_word' id='word_1_6' title='bbox 397 779 540 859; x_wconf 70' lang='grc' dir='ltr'>ρυοπιηι</span> <span class='ocrx_word' id='word_1_7' title='bbox 563 775 747 836; x_wconf 83' lang='lat' dir='ltr'>remiseritis</span> <span class='ocrx_word' id='word_1_8' title='bbox 760 783 902 852; x_wconf 89' lang='lat' dir='ltr'>peceato,</span> <span class='ocrx_word' id='word_1_9' title='bbox 922 780 1093 836; x_wconf 85' lang='lat' dir='ltr'>remittnn·</span> <span class='ocrx_word' id='word_1_10' title='bbox 1147 772 1244 834; x_wconf 86' lang='lat' dir='ltr'>Iidem</span> <span class='ocrx_word' id='word_1_11' title='bbox 1259 781 1352 834; x_wconf 84' lang='lat' dir='ltr'>natos</span> <span class='ocrx_word' id='word_1_12' title='bbox 1367 791 1405 834; x_wconf 80' lang='lat' dir='ltr'>ca</span> <span class='ocrx_word' id='word_1_13' title='bbox 1421 775 1492 834; x_wconf 87' lang='lat' dir='ltr'>Deo</span> <span class='ocrx_word' id='word_1_14' title='bbox 1508 773 1747 851; x_wconf 60' lang='lat' dir='ltr'>interpretantur</span> <span class='ocrx_word' id='word_1_15' title='bbox 1761 791 1825 850; x_wconf 81' lang='lat' dir='ltr'>pras</span> 
     </span>
     <span class='ocr_line' id='line_1_3' title="bbox 395 860 1828 939; baseline -0.006 -15"><span class='ocrx_word' id='word_1_16' title='bbox 395 871 451 924; x_wconf 83' lang='lat' dir='ltr'>tar</span> <span class='ocrx_word' id='word_1_17' title='bbox 466 866 520 938; x_wconf 84' lang='lat' dir='ltr'>cie,</span> <span class='ocrx_word' id='word_1_18' title='bbox 537 863 627 924; x_wconf 83' lang='lat' dir='ltr'>Joan.</span> <span class='ocrx_word' id='word_1_19' title='bbox 645 864 695 922; x_wconf 70' lang='lat'>20.</span> <span class='ocrx_word' id='word_1_20' title='bbox 1148 860 1322 932; x_wconf 85' lang='lat' dir='ltr'>destinatos,</span> <span class='ocrx_word' id='word_1_21' title='bbox 1345 878 1425 939; x_wconf 83' lang='lat' dir='ltr'>qnos</span> <span class='ocrx_word' id='word_1_22' title='bbox 1438 860 1632 930; x_wconf 84' lang='lat' dir='ltr'>existimant,</span> <span class='ocrx_word' id='word_1_23' title='bbox 1647 878 1687 920; x_wconf 84' lang='lat' dir='ltr'>ex</span> <span class='ocrx_word' id='word_1_24' title='bbox 1701 860 1828 918; x_wconf 74' lang='lat' dir='ltr'>natanta</span> 
     </span>
     <span class='ocr_line' id='line_1_4' title="bbox 441 946 1826 1028; baseline -0.005 -18"><span class='ocrx_word' id='word_1_25' title='bbox 441 951 585 1028; x_wconf 76' lang='lat' dir='ltr'>Quaeres,</span> <span class='ocrx_word' id='word_1_26' title='bbox 612 969 650 1008; x_wconf 87' lang='lat' dir='ltr'>en</span> <span class='ocrx_word' id='word_1_27' title='bbox 666 969 744 1009; x_wconf 91' lang='lat' dir='ltr'>mors</span> <span class='ocrx_word' id='word_1_28' title='bbox 759 948 816 1009; x_wconf 90' lang='lat' dir='ltr'>hoc</span> <span class='ocrx_word' id='word_1_29' title='bbox 832 948 898 1009; x_wconf 87' lang='lat' dir='ltr'>ioco</span> <span class='ocrx_word' id='word_1_30' title='bbox 914 947 1043 1009; x_wconf 84' lang='lat' dir='ltr'>dicenda</span> <span class='ocrx_word' id='word_1_31' title='bbox 1058 950 1095 1008; x_wconf 89' lang='lat' dir='ltr'>sit</span> <span class='ocrx_word' id='word_1_32' title='bbox 1149 948 1290 1019; x_wconf 81' lang='lat' dir='ltr'>Joannis,</span> <span class='ocrx_word' id='word_1_33' title='bbox 1306 949 1348 1006; x_wconf 82' lang='lat' dir='ltr'>ita</span> <span class='ocrx_word' id='word_1_34' title='bbox 1363 967 1382 1006; x_wconf 90' lang='lat' dir='ltr'>a</span> <span class='ocrx_word' id='word_1_35' title='bbox 1397 946 1465 1006; x_wconf 89' lang='lat' dir='ltr'>Deo</span> <span class='ocrx_word' id='word_1_36' title='bbox 1482 947 1675 1018; x_wconf 67' lang='lat' dir='ltr'>commati,</span> <span class='ocrx_word' id='word_1_37' title='bbox 1690 946 1826 1023; x_wconf 55' lang='lat' dir='ltr'>utinam</span> 
     </span>
     <span class='ocr_line' id='line_1_5' title="bbox 395 1029 1828 1117; baseline -0.004 -21"><span class='ocrx_word' id='word_1_38' title='bbox 395 1057 471 1117; x_wconf 79' lang='lat' dir='ltr'>opus</span> <span class='ocrx_word' id='word_1_39' title='bbox 496 1035 622 1096; x_wconf 84' lang='lat' dir='ltr'>diaboli.</span> <span class='ocrx_word' id='word_1_40' title='bbox 662 1034 732 1096; x_wconf 82' lang='lat' dir='ltr'>Non</span> <span class='ocrx_word' id='word_1_41' title='bbox 760 1045 895 1116; x_wconf 88' lang='lat' dir='ltr'>apparet.</span> <span class='ocrx_word' id='word_1_42' title='bbox 934 1035 1033 1108; x_wconf 86' lang='lat' dir='ltr'>Nam,</span> <span class='ocrx_word' id='word_1_43' title='bbox 1061 1044 1095 1095; x_wconf 94' lang='lat' dir='ltr'>nt</span> <span class='ocrx_word' id='word_1_44' title='bbox 1147 1033 1227 1094; x_wconf 85' lang='lat' dir='ltr'>modi</span> <span class='ocrx_word' id='word_1_45' title='bbox 1243 1044 1401 1114; x_wconf 83' lang='lat' dir='ltr'>peecatum</span> <span class='ocrx_word' id='word_1_46' title='bbox 1423 1052 1595 1113; x_wconf 80' lang='lat' dir='ltr'>numquam</span> <span class='ocrx_word' id='word_1_47' title='bbox 1611 1031 1757 1092; x_wconf 80' lang='lat' dir='ltr'>labentur.</span> <span class='ocrx_word' id='word_1_48' title='bbox 1785 1029 1828 1091; x_wconf 74' lang='lat' dir='ltr'>ta</span> 
     </span>
     <span class='ocr_line' id='line_1_6' title="bbox 394 1118 1828 1201; baseline -0.004 -17"><span class='ocrx_word' id='word_1_49' title='bbox 394 1122 588 1197; x_wconf 86' lang='lat' dir='ltr'>ostendimus,</span> <span class='ocrx_word' id='word_1_50' title='bbox 617 1120 721 1182; x_wconf 84' lang='lat' dir='ltr'>eadem</span> <span class='ocrx_word' id='word_1_51' title='bbox 749 1122 862 1183; x_wconf 83' lang='lat' dir='ltr'>Joanni</span> <span class='ocrx_word' id='word_1_52' title='bbox 889 1130 968 1194; x_wconf 86' lang='lat' dir='ltr'>eunt,</span> <span class='ocrx_word' id='word_1_53' title='bbox 996 1140 1093 1198; x_wconf 85' lang='lat' dir='ltr'>opera</span> <span class='ocrx_word' id='word_1_54' title='bbox 1146 1120 1221 1181; x_wconf 86' lang='lat' dir='ltr'>haec</span> <span class='ocrx_word' id='word_1_55' title='bbox 1244 1121 1450 1201; x_wconf 65' lang='lat' dir='ltr'>interpretatio</span> <span class='ocrx_word' id='word_1_56' title='bbox 1469 1118 1711 1181; x_wconf 77' lang='lat' dir='ltr'>tundamentum</span> <span class='ocrx_word' id='word_1_57' title='bbox 1724 1139 1780 1179; x_wconf 88' lang='lat' dir='ltr'>non</span> <span class='ocrx_word' id='word_1_58' title='bbox 1791 1118 1828 1178; x_wconf 71' lang='lat' dir='ltr'>h·</span> 
     </span>
     <span class='ocr_line' id='line_1_7' title="bbox 381 1204 1829 1289; baseline -0.003 -20"><span class='ocrx_word' id='word_1_59' title='bbox 381 1210 514 1270; x_wconf 64' lang='lat' dir='ltr'>“diaboii</span> <span class='ocrx_word' id='word_1_60' title='bbox 538 1219 568 1269; x_wconf 90' lang='lat' dir='ltr'>et</span> <span class='ocrx_word' id='word_1_61' title='bbox 588 1216 743 1287; x_wconf 71' lang='lat' dir='ltr'>peccata,</span> <span class='ocrx_word' id='word_1_62' title='bbox 766 1227 846 1269; x_wconf 85' lang='lat' dir='ltr'>mors</span> <span class='ocrx_word' id='word_1_63' title='bbox 870 1216 970 1269; x_wconf 88' lang='lat' dir='ltr'>autem</span> <span class='ocrx_word' id='word_1_64' title='bbox 985 1228 1092 1289; x_wconf 88' lang='lat' dir='ltr'>penca·</span> <span class='ocrx_word' id='word_1_65' title='bbox 1145 1207 1204 1280; x_wconf 85' lang='lat' dir='ltr'>bet,</span> <span class='ocrx_word' id='word_1_66' title='bbox 1228 1215 1261 1267; x_wconf 92' lang='lat' dir='ltr'>nt</span> <span class='ocrx_word' id='word_1_67' title='bbox 1281 1227 1338 1269; x_wconf 91' lang='lat' dir='ltr'>nec</span> <span class='ocrx_word' id='word_1_68' title='bbox 1359 1208 1427 1288; x_wconf 80' lang='lat' dir='ltr'>ipsa</span> <span class='ocrx_word' id='word_1_69' title='bbox 1449 1208 1576 1288; x_wconf 85' lang='lat' dir='ltr'>opinio;</span> <span class='ocrx_word' id='word_1_70' title='bbox 1600 1204 1829 1289; x_wconf 68' lang='lat' dir='ltr'>quenadmodum</span> 
     </span>
     <span class='ocr_line' id='line_1_8' title="bbox 393 1292 1829 1376; baseline -0.004 -19"><span class='ocrx_word' id='word_1_71' title='bbox 393 1307 455 1357; x_wconf 91' lang='lat' dir='ltr'>tnm</span> <span class='ocrx_word' id='word_1_72' title='bbox 478 1316 537 1357; x_wconf 92' lang='lat' dir='ltr'>non</span> <span class='ocrx_word' id='word_1_73' title='bbox 561 1304 616 1367; x_wconf 91' lang='lat' dir='ltr'>est,</span> <span class='ocrx_word' id='word_1_74' title='bbox 640 1294 694 1356; x_wconf 84' lang='lat' dir='ltr'>sed</span> <span class='ocrx_word' id='word_1_75' title='bbox 716 1316 814 1376; x_wconf 91' lang='lat' dir='ltr'>poena</span> <span class='ocrx_word' id='word_1_76' title='bbox 840 1296 967 1376; x_wconf 88' lang='lat' dir='ltr'>peccati,</span> <span class='ocrx_word' id='word_1_77' title='bbox 994 1296 1093 1355; x_wconf 88' lang='lat' dir='ltr'>Deum</span> <span class='ocrx_word' id='word_1_78' title='bbox 1146 1294 1337 1354; x_wconf 83' lang='lat' dir='ltr'>ostendemus</span> <span class='ocrx_word' id='word_1_79' title='bbox 1353 1294 1392 1354; x_wconf 83' lang='lat' dir='ltr'>ad</span> <span class='ocrx_word' id='word_1_80' title='bbox 1408 1292 1487 1354; x_wconf 87' lang='lat' dir='ltr'>iliud</span> <span class='ocrx_word' id='word_1_81' title='bbox 1503 1314 1573 1374; x_wconf 84' lang='lat' dir='ltr'>eap.</span> <span class='ocrx_word' id='word_1_82' title='bbox 1591 1295 1641 1353; x_wconf 66' lang='lat' dir='ltr'>b:</span> <span class='ocrx_word' id='word_1_83' title='bbox 1669 1295 1728 1354; x_wconf 82' lang='lat' dir='ltr'>Eat</span> <span class='ocrx_word' id='word_1_84' title='bbox 1739 1311 1829 1370; x_wconf 84' lang='lat' dir='ltr'>pecca·</span> 
     </span>
     <span class='ocr_line' id='line_1_9' title="bbox 392 1379 1431 1444; baseline -0.004 0"><span class='ocrx_word' id='word_1_85' title='bbox 392 1383 508 1444; x_wconf 85' lang='lat' dir='ltr'>habens</span> <span class='ocrx_word' id='word_1_86' title='bbox 531 1391 692 1443; x_wconf 86' lang='lat' dir='ltr'>auctorem.</span> <span class='ocrx_word' id='word_1_87' title='bbox 728 1383 795 1444; x_wconf 76' lang='lat' dir='ltr'>Nec</span> <span class='ocrx_word' id='word_1_88' title='bbox 818 1385 896 1443; x_wconf 90' lang='lat' dir='ltr'>enim</span> <span class='ocrx_word' id='word_1_89' title='bbox 922 1384 952 1441; x_wconf 90' lang='lat' dir='ltr'>in</span> <span class='ocrx_word' id='word_1_90' title='bbox 973 1379 1093 1442; x_wconf 77' lang='lat' dir='ltr'>Christo</span> <span class='ocrx_word' id='word_1_91' title='bbox 1147 1390 1213 1441; x_wconf 82' lang='lat' dir='ltr'>tum</span> <span class='ocrx_word' id='word_1_92' title='bbox 1230 1381 1274 1440; x_wconf 83' lang='lat' dir='ltr'>ad</span> <span class='ocrx_word' id='word_1_93' title='bbox 1289 1389 1431 1441; x_wconf 70' lang='lat' dir='ltr'>morian.</span> 
     </span>
     <span class='ocr_line' id='line_1_10' title="bbox 394 1467 1829 1550; baseline -0.004 -21"><span class='ocrx_word' id='word_1_94' title='bbox 394 1471 493 1530; x_wconf 88' lang='lat' dir='ltr'>locam</span> <span class='ocrx_word' id='word_1_95' title='bbox 520 1469 631 1530; x_wconf 84' lang='lat' dir='ltr'>habere</span> <span class='ocrx_word' id='word_1_96' title='bbox 657 1471 754 1548; x_wconf 85' lang='lat' dir='ltr'>potnit</span> <span class='ocrx_word' id='word_1_97' title='bbox 777 1489 851 1549; x_wconf 89' lang='lat' dir='ltr'>opus</span> <span class='ocrx_word' id='word_1_98' title='bbox 874 1468 1002 1541; x_wconf 90' lang='lat' dir='ltr'>diaboii,</span> <span class='ocrx_word' id='word_1_99' title='bbox 1027 1472 1092 1550; x_wconf 87' lang='lat' dir='ltr'>ipso</span> <span class='ocrx_word' id='word_1_100' title='bbox 1188 1467 1313 1528; x_wconf 77' lang='lat' dir='ltr'>Rectius</span> <span class='ocrx_word' id='word_1_101' title='bbox 1329 1468 1359 1528; x_wconf 82' lang='lat' dir='ltr'>S.</span> <span class='ocrx_word' id='word_1_102' title='bbox 1376 1467 1555 1528; x_wconf 86' lang='lat' dir='ltr'>Bemardns</span> <span class='ocrx_word' id='word_1_103' title='bbox 1580 1468 1635 1528; x_wconf 88' lang='lat' dir='ltr'>lib.</span> <span class='ocrx_word' id='word_1_104' title='bbox 1657 1468 1698 1527; x_wconf 86' lang='lat' dir='ltr'>de</span> <span class='ocrx_word' id='word_1_105' title='bbox 1711 1469 1829 1546; x_wconf 71' lang='lat' dir='ltr'>gratiaci</span> 
     </span>
     <span class='ocr_line' id='line_1_11' title="bbox 395 1554 1830 1633; baseline -0.006 -16"><span class='ocrx_word' id='word_1_106' title='bbox 395 1565 539 1618; x_wconf 77' lang='lat' dir='ltr'>tentante:</span> <span class='ocrx_word' id='word_1_107' title='bbox 573 1557 667 1616; x_wconf 77' lang='lat' dir='ltr'>Venit</span> <span class='ocrx_word' id='word_1_108' title='bbox 683 1560 835 1632; x_wconf 75' lang='lat' dir='ltr'>princepe</span> <span class='ocrx_word' id='word_1_109' title='bbox 855 1557 951 1631; x_wconf 74' lang='lat' dir='ltr'>bajus</span> <span class='ocrx_word' id='word_1_110' title='bbox 966 1557 1092 1633; x_wconf 84' lang='lat' dir='ltr'>mnndi,</span> <span class='ocrx_word' id='word_1_111' title='bbox 1145 1554 1196 1614; x_wconf 91' lang='lat' dir='ltr'>iib.</span> <span class='ocrx_word' id='word_1_112' title='bbox 1212 1554 1284 1627; x_wconf 86' lang='lat' dir='ltr'>arb,</span> <span class='ocrx_word' id='word_1_113' title='bbox 1299 1556 1398 1614; x_wconf 83' lang='lat' dir='ltr'>citans</span> <span class='ocrx_word' id='word_1_114' title='bbox 1412 1555 1470 1615; x_wconf 90' lang='lat' dir='ltr'>hoo</span> <span class='ocrx_word' id='word_1_115' title='bbox 1482 1555 1507 1615; x_wconf 88' lang='lat' dir='ltr'><strong>J</strong></span> <span class='ocrx_word' id='word_1_116' title='bbox 1508 1556 1620 1614; x_wconf 89' lang='lat' dir='ltr'>oannis</span> <span class='ocrx_word' id='word_1_117' title='bbox 1631 1555 1830 1615; x_wconf 67' lang='lat' dir='ltr'>testimoniet:</span> 
     </span>
     <span class='ocr_line' id='line_1_12' title="bbox 394 1641 1829 1721; baseline -0.003 -17"><span class='ocrx_word' id='word_1_118' title='bbox 394 1651 423 1704; x_wconf 91' lang='lat' dir='ltr'>et</span> <span class='ocrx_word' id='word_1_119' title='bbox 448 1646 485 1705; x_wconf 89' lang='lat' dir='ltr'>in</span> <span class='ocrx_word' id='word_1_120' title='bbox 511 1662 560 1703; x_wconf 89' lang='lat' dir='ltr'>mc</span> <span class='ocrx_word' id='word_1_121' title='bbox 586 1659 653 1704; x_wconf 87' lang='lat' dir='ltr'>non</span> <span class='ocrx_word' id='word_1_122' title='bbox 682 1644 774 1703; x_wconf 79' lang='lat' dir='ltr'>babet</span> <span class='ocrx_word' id='word_1_123' title='bbox 789 1644 974 1721; x_wconf 78' lang='lat' dir='ltr'><strong><em>quidquam,</em></strong></span> <span class='ocrx_word' id='word_1_124' title='bbox 1003 1642 1093 1704; x_wconf 86' lang='lat' dir='ltr'>Joan.</span> <span class='ocrx_word' id='word_1_125' title='bbox 1147 1643 1227 1715; x_wconf 89' lang='lat' dir='ltr'>Hoc,</span> <span class='ocrx_word' id='word_1_126' title='bbox 1245 1643 1352 1721; x_wconf 89' lang='lat' dir='ltr'>inquit,</span> <span class='ocrx_word' id='word_1_127' title='bbox 1372 1643 1491 1701; x_wconf 81' lang='lat' dir='ltr'>dictam</span> <span class='ocrx_word' id='word_1_128' title='bbox 1509 1649 1555 1701; x_wconf 83' lang='lat' dir='ltr'>est</span> <span class='ocrx_word' id='word_1_129' title='bbox 1571 1641 1614 1700; x_wconf 79' lang='lat' dir='ltr'>dc</span> <span class='ocrx_word' id='word_1_130' title='bbox 1627 1641 1829 1718; x_wconf 62' lang='lat' dir='ltr'>praedatae·</span> 
     </span>
     <span class='ocr_line' id='line_1_13' title="bbox 396 1728 1829 1805; baseline -0.003 -14"><span class='ocrx_word' id='word_1_131' title='bbox 396 1735 462 1805; x_wconf 85' lang='lat'>14.;</span> <span class='ocrx_word' id='word_1_132' title='bbox 478 1738 508 1790; x_wconf 91' lang='lat' dir='ltr'>et</span> <span class='ocrx_word' id='word_1_133' title='bbox 524 1738 626 1790; x_wconf 87' lang='lat' dir='ltr'>tamen</span> <span class='ocrx_word' id='word_1_134' title='bbox 641 1738 777 1790; x_wconf 84' lang='lat' dir='ltr'>mortuns</span> <span class='ocrx_word' id='word_1_135' title='bbox 794 1739 841 1791; x_wconf 85' lang='lat' dir='ltr'>est</span> <span class='ocrx_word' id='word_1_136' title='bbox 856 1728 1002 1789; x_wconf 78' lang='lat' dir='ltr'>Christus.</span> <span class='ocrx_word' id='word_1_137' title='bbox 1033 1731 1090 1789; x_wconf 89' lang='lat' dir='ltr'>De·</span> <span class='ocrx_word' id='word_1_138' title='bbox 1146 1732 1185 1788; x_wconf 84' lang='lat' dir='ltr'>tia</span> <span class='ocrx_word' id='word_1_139' title='bbox 1209 1729 1252 1787; x_wconf 85' lang='lat' dir='ltr'>ad</span> <span class='ocrx_word' id='word_1_140' title='bbox 1276 1731 1394 1804; x_wconf 84' lang='lat' dir='ltr'>vitam,-</span> <span class='ocrx_word' id='word_1_141' title='bbox 1421 1748 1489 1789; x_wconf 87' lang='lat' dir='ltr'>non</span> <span class='ocrx_word' id='word_1_142' title='bbox 1514 1728 1605 1805; x_wconf 79' lang='lat' dir='ltr'>quod</span> <span class='ocrx_word' id='word_1_143' title='bbox 1629 1731 1762 1790; x_wconf 84' lang='lat' dir='ltr'>omnine</span> <span class='ocrx_word' id='word_1_144' title='bbox 1781 1744 1829 1787; x_wconf 79' lang='lat' dir='ltr'>aas</span> 
     </span>
     <span class='ocr_line' id='line_1_14' title="bbox 392 1815 1830 1897; baseline -0.001 -20"><span class='ocrx_word' id='word_1_145' title='bbox 392 1819 517 1878; x_wconf 86' lang='lat' dir='ltr'>struitur</span> <span class='ocrx_word' id='word_1_146' title='bbox 542 1827 644 1877; x_wconf 89' lang='lat' dir='ltr'>antem</span> <span class='ocrx_word' id='word_1_147' title='bbox 669 1836 748 1878; x_wconf 87' lang='lat' dir='ltr'>mors</span> <span class='ocrx_word' id='word_1_148' title='bbox 771 1834 825 1897; x_wconf 84' lang='lat' dir='ltr'>per</span> <span class='ocrx_word' id='word_1_149' title='bbox 847 1815 1010 1887; x_wconf 81' lang='lat' dir='ltr'>Christum,</span> <span class='ocrx_word' id='word_1_150' title='bbox 1033 1837 1094 1878; x_wconf 88' lang='lat' dir='ltr'>non</span> <span class='ocrx_word' id='word_1_151' title='bbox 1143 1823 1283 1891; x_wconf 79' lang='lat' dir='ltr'>peccent,</span> <span class='ocrx_word' id='word_1_152' title='bbox 1314 1815 1367 1875; x_wconf 81' lang='lat' dir='ltr'>aed</span> <span class='ocrx_word' id='word_1_153' title='bbox 1389 1815 1475 1892; x_wconf 80' lang='lat' dir='ltr'>quod</span> <span class='ocrx_word' id='word_1_154' title='bbox 1496 1824 1671 1890; x_wconf 81' lang='lat' dir='ltr'>peccatam</span> <span class='ocrx_word' id='word_1_155' title='bbox 1696 1818 1830 1891; x_wconf 79' lang='lat' dir='ltr'>iprisaea</span> 
     </span>
     <span class='ocr_line' id='line_1_15' title="bbox 393 1901 1829 1984; baseline -0.001 -20"><span class='ocrx_word' id='word_1_156' title='bbox 393 1901 476 1984; x_wconf 90' lang='lat' dir='ltr'>qnod</span> <span class='ocrx_word' id='word_1_157' title='bbox 492 1905 558 1982; x_wconf 89' lang='lat' dir='ltr'>ipsa</span> <span class='ocrx_word' id='word_1_158' title='bbox 574 1906 612 1964; x_wconf 89' lang='lat' dir='ltr'>sit</span> <span class='ocrx_word' id='word_1_159' title='bbox 626 1922 701 1983; x_wconf 90' lang='lat' dir='ltr'>opus</span> <span class='ocrx_word' id='word_1_160' title='bbox 718 1901 848 1976; x_wconf 88' lang='lat' dir='ltr'>diaboii,</span> <span class='ocrx_word' id='word_1_161' title='bbox 873 1903 927 1964; x_wconf 87' lang='lat' dir='ltr'>sed</span> <span class='ocrx_word' id='word_1_162' title='bbox 951 1904 1031 1982; x_wconf 90' lang='lat' dir='ltr'>qnod</span> <span class='ocrx_word' id='word_1_163' title='bbox 1055 1923 1094 1965; x_wconf 86' lang='lat' dir='ltr'>ex</span> <span class='ocrx_word' id='word_1_164' title='bbox 1146 1905 1339 1978; x_wconf 79' lang='lat' dir='ltr'>imputetur,</span> <span class='ocrx_word' id='word_1_165' title='bbox 1363 1906 1440 1979; x_wconf 84' lang='lat' dir='ltr'>qaia</span> <span class='ocrx_word' id='word_1_166' title='bbox 1460 1903 1513 1962; x_wconf 85' lang='lat' dir='ltr'>nei</span> <span class='ocrx_word' id='word_1_167' title='bbox 1528 1907 1679 1978; x_wconf 76' lang='lat' dir='ltr'>punitur</span> <span class='ocrx_word' id='word_1_168' title='bbox 1692 1903 1829 1977; x_wconf 72' lang='lat' dir='ltr'>condiano</span> 
     </span>
     <span class='ocr_line' id='line_1_16' title="bbox 392 1989 1828 2071; baseline -0.004 -21"><span class='ocrx_word' id='word_1_169' title='bbox 392 2010 481 2071; x_wconf 86' lang='lat' dir='ltr'>opere</span> <span class='ocrx_word' id='word_1_170' title='bbox 495 1989 615 2063; x_wconf 86' lang='lat' dir='ltr'>diaboii,</span> <span class='ocrx_word' id='word_1_171' title='bbox 624 1991 707 2069; x_wconf 89' lang='lat' dir='ltr'>justo</span> <span class='ocrx_word' id='word_1_172' title='bbox 717 1991 774 2050; x_wconf 90' lang='lat' dir='ltr'>Dei</span> <span class='ocrx_word' id='word_1_173' title='bbox 783 1989 909 2069; x_wconf 88' lang='lat' dir='ltr'>judicio,</span> <span class='ocrx_word' id='word_1_174' title='bbox 921 1990 1093 2050; x_wconf 86' lang='lat' dir='ltr'>subsecuta.</span> <span class='ocrx_word' id='word_1_175' title='bbox 1142 1990 1351 2066; x_wconf 85' lang='lat' dir='ltr'>poenitentia,</span> <span class='ocrx_word' id='word_1_176' title='bbox 1368 1989 1418 2049; x_wconf 85' lang='lat' dir='ltr'>ecl</span> <span class='ocrx_word' id='word_1_177' title='bbox 1432 1992 1468 2048; x_wconf 85' lang='lat' dir='ltr'>in</span> <span class='ocrx_word' id='word_1_178' title='bbox 1484 1991 1626 2049; x_wconf 87' lang='lat' dir='ltr'>caritate</span> <span class='ocrx_word' id='word_1_179' title='bbox 1638 1989 1828 2050; x_wconf 77' lang='lat' dir='ltr'>abacmsditnr.</span> 
     </span>
     <span class='ocr_line' id='line_1_17' title="bbox 391 2076 1829 2156; baseline -0.001 -19"><span class='ocrx_word' id='word_1_180' title='bbox 391 2076 472 2137; x_wconf 79' lang='lat' dir='ltr'>Nam</span> <span class='ocrx_word' id='word_1_181' title='bbox 486 2094 545 2153; x_wconf 84' lang='lat' dir='ltr'>per</span> <span class='ocrx_word' id='word_1_182' title='bbox 558 2085 721 2153; x_wconf 81' lang='lat' dir='ltr'>peccatam</span> <span class='ocrx_word' id='word_1_183' title='bbox 737 2096 833 2151; x_wconf 85' lang='lat' dir='ltr'>more,</span> <span class='ocrx_word' id='word_1_184' title='bbox 849 2077 936 2138; x_wconf 85' lang='lat' dir='ltr'>Rom.</span> <span class='ocrx_word' id='word_1_185' title='bbox 953 2077 980 2136; x_wconf 82' lang='lat'>5.</span> <span class='ocrx_word' id='word_1_186' title='bbox 1146 2076 1223 2135; x_wconf 86' lang='lat' dir='ltr'>Item</span> <span class='ocrx_word' id='word_1_187' title='bbox 1251 2095 1338 2137; x_wconf 88' lang='lat' dir='ltr'>serm.</span> <span class='ocrx_word' id='word_1_188' title='bbox 1369 2081 1393 2135; x_wconf 90' lang='lat'>1.</span> <span class='ocrx_word' id='word_1_189' title='bbox 1429 2077 1458 2135; x_wconf 85' lang='lat' dir='ltr'>in</span> <span class='ocrx_word' id='word_1_190' title='bbox 1486 2076 1744 2156; x_wconf 81' lang='lat' dir='ltr'>Septuagesima:</span> <span class='ocrx_word' id='word_1_191' title='bbox 1776 2077 1829 2136; x_wconf 74' lang='lat' dir='ltr'>Nn</span> 
     </span>
     <span class='ocr_line' id='line_1_18' title="bbox 436 2159 1829 2243; baseline 0.001 -22"><span class='ocrx_word' id='word_1_192' title='bbox 436 2164 527 2224; x_wconf 90' lang='lat' dir='ltr'>Patet</span> <span class='ocrx_word' id='word_1_193' title='bbox 548 2165 668 2243; x_wconf 88' lang='lat' dir='ltr'>insuper</span> <span class='ocrx_word' id='word_1_194' title='bbox 689 2159 735 2240; x_wconf 81' lang='lat' dir='ltr'>(ut</span> <span class='ocrx_word' id='word_1_195' title='bbox 756 2174 785 2225; x_wconf 89' lang='lat' dir='ltr'>et</span> <span class='ocrx_word' id='word_1_196' title='bbox 808 2165 864 2223; x_wconf 88' lang='lat' dir='ltr'>hoc</span> <span class='ocrx_word' id='word_1_197' title='bbox 889 2164 984 2224; x_wconf 91' lang='lat' dir='ltr'>obiter</span> <span class='ocrx_word' id='word_1_198' title='bbox 1001 2162 1092 2224; x_wconf 76' lang='lat' dir='ltr'>scida·</span> <span class='ocrx_word' id='word_1_199' title='bbox 1144 2171 1265 2239; x_wconf 88' lang='lat' dir='ltr'>peccat,</span> <span class='ocrx_word' id='word_1_200' title='bbox 1290 2165 1396 2242; x_wconf 78' lang='lat' dir='ltr'>inquit,</span> <span class='ocrx_word' id='word_1_201' title='bbox 1420 2164 1453 2221; x_wconf 81' lang='lat' dir='ltr'>id</span> <span class='ocrx_word' id='word_1_202' title='bbox 1470 2170 1524 2238; x_wconf 86' lang='lat' dir='ltr'>est,</span> <span class='ocrx_word' id='word_1_203' title='bbox 1543 2181 1618 2224; x_wconf 88' lang='lat' dir='ltr'>non</span> <span class='ocrx_word' id='word_1_204' title='bbox 1632 2165 1829 2241; x_wconf 67' lang='lat' dir='ltr'>manain</span> 
     </span>
     <span class='ocr_line' id='line_1_19' title="bbox 392 2245 1829 2330; baseline 0 -20"><span class='ocrx_word' id='word_1_205' title='bbox 392 2245 481 2327; x_wconf 87' lang='lat' dir='ltr'>mne),</span> <span class='ocrx_word' id='word_1_206' title='bbox 505 2271 542 2311; x_wconf 87' lang='lat' dir='ltr'>ea</span> <span class='ocrx_word' id='word_1_207' title='bbox 557 2253 653 2330; x_wconf 77' lang='lat' dir='ltr'>signa,</span> <span class='ocrx_word' id='word_1_208' title='bbox 676 2250 785 2330; x_wconf 86' lang='lat' dir='ltr'>quibas</span> <span class='ocrx_word' id='word_1_209' title='bbox 800 2251 839 2311; x_wconf 89' lang='lat' dir='ltr'>ad</span> <span class='ocrx_word' id='word_1_210' title='bbox 854 2250 1022 2311; x_wconf 87' lang='lat' dir='ltr'>nocendam</span> <span class='ocrx_word' id='word_1_211' title='bbox 1039 2251 1090 2310; x_wconf 88' lang='lat' dir='ltr'>hn-</span> <span class='ocrx_word' id='word_1_212' title='bbox 1144 2258 1286 2326; x_wconf 89' lang='lat' dir='ltr'>peccato,</span> <span class='ocrx_word' id='word_1_213' title='bbox 1307 2252 1382 2326; x_wconf 83' lang='lat' dir='ltr'>quia</span> <span class='ocrx_word' id='word_1_214' title='bbox 1398 2259 1570 2311; x_wconf 78' lang='lat' dir='ltr'>conservat</span> <span class='ocrx_word' id='word_1_215' title='bbox 1585 2270 1673 2326; x_wconf 86' lang='lat' dir='ltr'>enm,</span> <span class='ocrx_word' id='word_1_216' title='bbox 1698 2260 1734 2312; x_wconf 83' lang='lat' dir='ltr'>ut</span> <span class='ocrx_word' id='word_1_217' title='bbox 1745 2253 1829 2329; x_wconf 79' lang='lat' dir='ltr'>pain</span> 
     </span>
     <span class='ocr_line' id='line_1_20' title="bbox 394 2334 1860 2415; baseline 0.002 -19"><span class='ocrx_word' id='word_1_218' title='bbox 394 2334 527 2398; x_wconf 86' lang='lat' dir='ltr'>minibus</span> <span class='ocrx_word' id='word_1_219' title='bbox 542 2345 665 2398; x_wconf 84' lang='lat' dir='ltr'>ntnntnr</span> <span class='ocrx_word' id='word_1_220' title='bbox 677 2338 813 2412; x_wconf 87' lang='lat' dir='ltr'>malefici,</span> <span class='ocrx_word' id='word_1_221' title='bbox 828 2357 888 2399; x_wconf 91' lang='lat' dir='ltr'>non</span> <span class='ocrx_word' id='word_1_222' title='bbox 901 2357 968 2398; x_wconf 89' lang='lat' dir='ltr'>esse</span> <span class='ocrx_word' id='word_1_223' title='bbox 979 2337 1092 2398; x_wconf 83' lang='lat' dir='ltr'>Joanni</span> <span class='ocrx_word' id='word_1_224' title='bbox 1146 2355 1214 2397; x_wconf 88' lang='lat' dir='ltr'>non</span> <span class='ocrx_word' id='word_1_225' title='bbox 1233 2340 1344 2413; x_wconf 85' lang='lat' dir='ltr'>pascit,</span> <span class='ocrx_word' id='word_1_226' title='bbox 1367 2356 1414 2412; x_wconf 89' lang='lat' dir='ltr'>ea,</span> <span class='ocrx_word' id='word_1_227' title='bbox 1439 2339 1626 2415; x_wconf 73' lang='lat' dir='ltr'>quaefalli</span> <span class='ocrx_word' id='word_1_228' title='bbox 1649 2359 1720 2399; x_wconf 85' lang='lat' dir='ltr'>non</span> <span class='ocrx_word' id='word_1_229' title='bbox 1738 2345 1828 2415; x_wconf 82' lang='lat' dir='ltr'>petest,</span> <span class='ocrx_word' id='word_1_230' title='bbox 1859 2338 1860 2345; x_wconf 72' lang='grc'>’</span> 
     </span>
     <span class='ocr_line' id='line_1_21' title="bbox 392 2422 1860 2509; baseline -0.001 -23"><span class='ocrx_word' id='word_1_231' title='bbox 392 2440 493 2501; x_wconf 85' lang='lat' dir='ltr'>opero</span> <span class='ocrx_word' id='word_1_232' title='bbox 516 2425 657 2503; x_wconf 84' lang='lat' dir='ltr'>diaboii,·</span> <span class='ocrx_word' id='word_1_233' title='bbox 684 2436 836 2505; x_wconf 84' lang='lat' dir='ltr'>tamqnam</span> <span class='ocrx_word' id='word_1_234' title='bbox 859 2443 895 2485; x_wconf 90' lang='lat' dir='ltr'>ea</span> <span class='ocrx_word' id='word_1_235' title='bbox 910 2423 1019 2484; x_wconf 80' lang='lat' dir='ltr'>Christi</span> <span class='ocrx_word' id='word_1_236' title='bbox 1041 2443 1092 2484; x_wconf 90' lang='lat' dir='ltr'>ex·</span> <span class='ocrx_word' id='word_1_237' title='bbox 1145 2428 1309 2501; x_wconf 78' lang='lat' dir='ltr'>pancratio</span> <span class='ocrx_word' id='word_1_238' title='bbox 1333 2425 1480 2484; x_wconf 82' lang='lat' dir='ltr'>coelestis.</span> <span class='ocrx_word' id='word_1_239' title='bbox 1511 2422 1671 2506; x_wconf 86' lang='lat' dir='ltr'>(Respicit</span> <span class='ocrx_word' id='word_1_240' title='bbox 1689 2425 1829 2486; x_wconf 79' lang='lat' dir='ltr'>enimiicr</span> <span class='ocrx_word' id='word_1_241' title='bbox 1859 2468 1860 2509; x_wconf 49' lang='lat'>3</span> 
     </span>
     <span class='ocr_line' id='line_1_22' title="bbox 392 2509 1827 2593; baseline 0 -20"><span class='ocrx_word' id='word_1_242' title='bbox 392 2509 492 2590; x_wconf 90' lang='lat' dir='ltr'>empio</span> <span class='ocrx_word' id='word_1_243' title='bbox 516 2510 681 2572; x_wconf 85' lang='lat' dir='ltr'>dissolvere</span> <span class='ocrx_word' id='word_1_244' title='bbox 701 2531 736 2571; x_wconf 88' lang='lat' dir='ltr'>ae</span> <span class='ocrx_word' id='word_1_245' title='bbox 753 2510 905 2573; x_wconf 88' lang='lat' dir='ltr'>destruere</span> <span class='ocrx_word' id='word_1_246' title='bbox 921 2510 1092 2584; x_wconf 87' lang='lat' dir='ltr'>debeamus,</span> <span class='ocrx_word' id='word_1_247' title='bbox 1145 2510 1257 2571; x_wconf 88' lang='lat' dir='ltr'>nardus</span> <span class='ocrx_word' id='word_1_248' title='bbox 1280 2510 1319 2571; x_wconf 84' lang='lat' dir='ltr'>ad</span> <span class='ocrx_word' id='word_1_249' title='bbox 1339 2512 1489 2572; x_wconf 85' lang='lat' dir='ltr'>rationem</span> <span class='ocrx_word' id='word_1_250' title='bbox 1506 2531 1576 2591; x_wconf 78' lang='lat' dir='ltr'>rap.</span> <span class='ocrx_word' id='word_1_251' title='bbox 1595 2516 1625 2575; x_wconf 83' lang='lat' dir='ltr'>b.</span> <span class='ocrx_word' id='word_1_252' title='bbox 1641 2512 1827 2593; x_wconf 75' lang='lat' dir='ltr'>subjunctae:</span> 
     </span>
     <span class='ocr_line' id='line_1_23' title="bbox 391 2598 1828 2677; baseline 0.001 -18"><span class='ocrx_word' id='word_1_253' title='bbox 391 2608 426 2659; x_wconf 93' lang='lat' dir='ltr'>nt</span> <span class='ocrx_word' id='word_1_254' title='bbox 441 2607 690 2676; x_wconf 85' lang='lat' dir='ltr'>argumentantur</span> <span class='ocrx_word' id='word_1_255' title='bbox 705 2598 837 2677; x_wconf 86' lang='lat' dir='ltr'>qnidam.</span> <span class='ocrx_word' id='word_1_256' title='bbox 869 2598 939 2658; x_wconf 84' lang='lat' dir='ltr'>Non</span> <span class='ocrx_word' id='word_1_257' title='bbox 959 2599 1039 2656; x_wconf 90' lang='lat' dir='ltr'>enim</span> <span class='ocrx_word' id='word_1_258' title='bbox 1056 2618 1092 2659; x_wconf 93' lang='lat' dir='ltr'>ea</span> <span class='ocrx_word' id='word_1_259' title='bbox 1145 2598 1207 2660; x_wconf 77' lang='lat' dir='ltr'>Sed</span> <span class='ocrx_word' id='word_1_260' title='bbox 1221 2600 1384 2674; x_wconf 72' lang='lat' dir='ltr'>panaetio</span> <span class='ocrx_word' id='word_1_261' title='bbox 1400 2600 1462 2659; x_wconf 87' lang='lat' dir='ltr'>Dei</span> <span class='ocrx_word' id='word_1_262' title='bbox 1483 2609 1660 2660; x_wconf 77' lang='lat' dir='ltr'>concernat</span> <span class='ocrx_word' id='word_1_263' title='bbox 1675 2598 1774 2675; x_wconf 88' lang='lat' dir='ltr'>cnm),·</span> <span class='ocrx_word' id='word_1_264' title='bbox 1793 2598 1828 2659; x_wconf 76' lang='lat' dir='ltr'>ssi</span> 
     </span>
     <span class='ocr_line' id='line_1_24' title="bbox 392 2684 1827 2765; baseline -0.002 -20"><span class='ocrx_word' id='word_1_265' title='bbox 392 2687 480 2764; x_wconf 70' lang='lat' dir='ltr'>signa</span> <span class='ocrx_word' id='word_1_266' title='bbox 496 2693 620 2765; x_wconf 89' lang='lat' dir='ltr'>peccata</span> <span class='ocrx_word' id='word_1_267' title='bbox 636 2695 714 2758; x_wconf 78' lang='lat' dir='ltr'>sent,</span> <span class='ocrx_word' id='word_1_268' title='bbox 731 2686 784 2745; x_wconf 86' lang='lat' dir='ltr'>sed</span> <span class='ocrx_word' id='word_1_269' title='bbox 801 2684 858 2745; x_wconf 87' lang='lat' dir='ltr'>Dei</span> <span class='ocrx_word' id='word_1_270' title='bbox 875 2694 1037 2758; x_wconf 81' lang='lat' dir='ltr'>creaturae,</span> <span class='ocrx_word' id='word_1_271' title='bbox 1054 2704 1093 2744; x_wconf 84' lang='lat' dir='ltr'>ex</span> <span class='ocrx_word' id='word_1_272' title='bbox 1147 2692 1349 2763; x_wconf 89' lang='lat' dir='ltr'>nonpcccat,</span> <span class='ocrx_word' id='word_1_273' title='bbox 1365 2684 1469 2759; x_wconf 83' lang='lat' dir='ltr'>idest,</span> <span class='ocrx_word' id='word_1_274' title='bbox 1485 2688 1686 2747; x_wconf 73' lang='lat' dir='ltr'>tantundem</span> <span class='ocrx_word' id='word_1_275' title='bbox 1703 2694 1755 2762; x_wconf 82' lang='lat' dir='ltr'>ert,</span> <span class='ocrx_word' id='word_1_276' title='bbox 1768 2687 1827 2745; x_wconf 82' lang='lat' dir='ltr'>ccci</span> 
     </span>
     <span class='ocr_line' id='line_1_25' title="bbox 391 2770 1826 2852; baseline -0.002 -20"><span class='ocrx_word' id='word_1_277' title='bbox 391 2781 480 2852; x_wconf 88' lang='lat' dir='ltr'>pacto</span> <span class='ocrx_word' id='word_1_278' title='bbox 505 2771 655 2833; x_wconf 86' lang='lat' dir='ltr'>diabolico</span> <span class='ocrx_word' id='word_1_279' title='bbox 679 2772 796 2850; x_wconf 77' lang='lat' dir='ltr'>poeitae</span> <span class='ocrx_word' id='word_1_280' title='bbox 813 2771 864 2832; x_wconf 85' lang='lat' dir='ltr'>vel</span> <span class='ocrx_word' id='word_1_281' title='bbox 880 2770 1037 2832; x_wconf 77' lang='lat' dir='ltr'>adhibitae</span> <span class='ocrx_word' id='word_1_282' title='bbox 1053 2771 1091 2831; x_wconf 87' lang='lat' dir='ltr'>sd</span> <span class='ocrx_word' id='word_1_283' title='bbox 1148 2792 1216 2834; x_wconf 89' lang='lat' dir='ltr'>non</span> <span class='ocrx_word' id='word_1_284' title='bbox 1229 2779 1345 2849; x_wconf 84' lang='lat' dir='ltr'>peccet,</span> <span class='ocrx_word' id='word_1_285' title='bbox 1369 2790 1405 2832; x_wconf 86' lang='lat' dir='ltr'>co</span> <span class='ocrx_word' id='word_1_286' title='bbox 1420 2772 1506 2849; x_wconf 83' lang='lat' dir='ltr'>quod</span> <span class='ocrx_word' id='word_1_287' title='bbox 1520 2791 1592 2834; x_wconf 89' lang='lat' dir='ltr'>non</span> <span class='ocrx_word' id='word_1_288' title='bbox 1608 2777 1781 2851; x_wconf 66' lang='lat' dir='ltr'>immitam</span> <span class='ocrx_word' id='word_1_289' title='bbox 1791 2773 1826 2830; x_wconf 84' lang='lat' dir='ltr'>itii</span> 
     </span>
     <span class='ocr_line' id='line_1_26' title="bbox 391 2857 1824 2940; baseline 0.001 -21"><span class='ocrx_word' id='word_1_290' title='bbox 391 2857 567 2920; x_wconf 86' lang='lat' dir='ltr'>nocendum.</span> <span class='ocrx_word' id='word_1_291' title='bbox 589 2860 630 2920; x_wconf 79' lang='lat' dir='ltr'>Et</span> <span class='ocrx_word' id='word_1_292' title='bbox 646 2857 765 2940; x_wconf 86' lang='lat' dir='ltr'>quidem</span> <span class='ocrx_word' id='word_1_293' title='bbox 782 2878 818 2919; x_wconf 92' lang='lat' dir='ltr'>ea</span> <span class='ocrx_word' id='word_1_294' title='bbox 832 2857 954 2919; x_wconf 85' lang='lat' dir='ltr'>solvere</span> <span class='ocrx_word' id='word_1_295' title='bbox 970 2857 1042 2919; x_wconf 89' lang='lat' dir='ltr'>licet</span> <span class='ocrx_word' id='word_1_296' title='bbox 1057 2878 1093 2919; x_wconf 89' lang='lat' dir='ltr'>ac</span> <span class='ocrx_word' id='word_1_297' title='bbox 1141 2867 1316 2938; x_wconf 81' lang='lat' dir='ltr'>peccatam.</span> <span class='ocrx_word' id='word_1_298' title='bbox 1347 2859 1431 2921; x_wconf 86' lang='lat' dir='ltr'>Hane</span> <span class='ocrx_word' id='word_1_299' title='bbox 1447 2858 1507 2919; x_wconf 88' lang='lat' dir='ltr'>ilie.</span> <span class='ocrx_word' id='word_1_300' title='bbox 1540 2860 1645 2940; x_wconf 81' lang='lat' dir='ltr'>Quem</span> <span class='ocrx_word' id='word_1_301' title='bbox 1671 2871 1766 2921; x_wconf 69' lang='lat' dir='ltr'>umen</span> <span class='ocrx_word' id='word_1_302' title='bbox 1783 2879 1824 2920; x_wconf 81' lang='lat' dir='ltr'>aaa</span> 
     </span>
     <span class='ocr_line' id='line_1_27' title="bbox 392 2943 1823 3026; baseline 0.004 -21"><span class='ocrx_word' id='word_1_303' title='bbox 392 2943 546 3006; x_wconf 84' lang='lat' dir='ltr'>destruere</span> <span class='ocrx_word' id='word_1_304' title='bbox 568 2948 598 3005; x_wconf 95' lang='lat' dir='ltr'>in</span> <span class='ocrx_word' id='word_1_305' title='bbox 620 2947 727 3006; x_wconf 73' lang='lat' dir='ltr'>nefarii</span> <span class='ocrx_word' id='word_1_306' title='bbox 750 2947 830 3026; x_wconf 87' lang='lat' dir='ltr'>pecti</span> <span class='ocrx_word' id='word_1_307' title='bbox 845 2947 1091 3020; x_wconf 68' lang='lat' dir='ltr'>detestationem</span> <span class='ocrx_word' id='word_1_308' title='bbox 1145 2966 1212 3008; x_wconf 90' lang='lat' dir='ltr'>esse</span> <span class='ocrx_word' id='word_1_309' title='bbox 1233 2965 1409 3026; x_wconf 79' lang='lat' dir='ltr'>germanam</span> <span class='ocrx_word' id='word_1_310' title='bbox 1424 2965 1547 3006; x_wconf 86' lang='lat' dir='ltr'>sensum</span> <span class='ocrx_word' id='word_1_311' title='bbox 1563 2951 1656 3008; x_wconf 86' lang='lat' dir='ltr'>istius</span> <span class='ocrx_word' id='word_1_312' title='bbox 1672 2950 1823 3012; x_wconf 61' lang='lat' dir='ltr'>sententia</span> 
     </span>
     <span class='ocr_line' id='line_1_28' title="bbox 391 3031 1822 3114; baseline -0.001 -22"><span class='ocrx_word' id='word_1_313' title='bbox 391 3031 446 3092; x_wconf 87' lang='lat' dir='ltr'>sed</span> <span class='ocrx_word' id='word_1_314' title='bbox 470 3053 530 3094; x_wconf 89' lang='lat' dir='ltr'>non</span> <span class='ocrx_word' id='word_1_315' title='bbox 555 3052 591 3092; x_wconf 90' lang='lat' dir='ltr'>eo</span> <span class='ocrx_word' id='word_1_316' title='bbox 614 3033 680 3108; x_wconf 82' lang='lat' dir='ltr'>fine,</span> <span class='ocrx_word' id='word_1_317' title='bbox 703 3041 743 3107; x_wconf 87' lang='lat' dir='ltr'>nt,</span> <span class='ocrx_word' id='word_1_318' title='bbox 766 3032 827 3093; x_wconf 89' lang='lat' dir='ltr'>iliis</span> <span class='ocrx_word' id='word_1_319' title='bbox 848 3034 955 3093; x_wconf 86' lang='lat' dir='ltr'>amotis</span> <span class='ocrx_word' id='word_1_320' title='bbox 972 3041 1025 3092; x_wconf 90' lang='lat' dir='ltr'>ant</span> <span class='ocrx_word' id='word_1_321' title='bbox 1041 3031 1091 3091; x_wconf 86' lang='lat' dir='ltr'>(ie-</span> <span class='ocrx_word' id='word_1_322' title='bbox 1145 3034 1298 3095; x_wconf 88' lang='lat' dir='ltr'>aJoanne</span> <span class='ocrx_word' id='word_1_323' title='bbox 1313 3034 1402 3093; x_wconf 84' lang='lat' dir='ltr'>toties</span> <span class='ocrx_word' id='word_1_324' title='bbox 1418 3036 1556 3103; x_wconf 82' lang='lat' dir='ltr'>iteratae,</span> <span class='ocrx_word' id='word_1_325' title='bbox 1580 3034 1637 3096; x_wconf 84' lang='lat' dir='ltr'>aed</span> <span class='ocrx_word' id='word_1_326' title='bbox 1660 3056 1738 3107; x_wconf 85' lang='lat' dir='ltr'>enm,</span> <span class='ocrx_word' id='word_1_327' title='bbox 1757 3052 1822 3114; x_wconf 84' lang='lat' dir='ltr'>quan</span> 
     </span>
     <span class='ocr_line' id='line_1_29' title="bbox 392 3117 1823 3200; baseline -0.002 -23"><span class='ocrx_word' id='word_1_328' title='bbox 392 3121 528 3192; x_wconf 86' lang='lat' dir='ltr'>structis,</span> <span class='ocrx_word' id='word_1_329' title='bbox 554 3139 572 3178; x_wconf 86' lang='lat' dir='ltr'>a</span> <span class='ocrx_word' id='word_1_330' title='bbox 593 3118 728 3180; x_wconf 88' lang='lat' dir='ltr'>nocendo</span> <span class='ocrx_word' id='word_1_331' title='bbox 752 3128 852 3180; x_wconf 87' lang='lat' dir='ltr'>cesset</span> <span class='ocrx_word' id='word_1_332' title='bbox 875 3117 1034 3194; x_wconf 86' lang='lat' dir='ltr'>diabolne;</span> <span class='ocrx_word' id='word_1_333' title='bbox 1062 3117 1092 3177; x_wconf 88' lang='lat' dir='ltr'>id</span> <span class='ocrx_word' id='word_1_334' title='bbox 1144 3121 1239 3200; x_wconf 89' lang='lat' dir='ltr'>primo</span> <span class='ocrx_word' id='word_1_335' title='bbox 1255 3117 1326 3193; x_wconf 82' lang='lat' dir='ltr'>dixi,</span> <span class='ocrx_word' id='word_1_336' title='bbox 1342 3121 1416 3179; x_wconf 88' lang='lat' dir='ltr'>eatis</span> <span class='ocrx_word' id='word_1_337' title='bbox 1431 3119 1526 3199; x_wconf 88' lang='lat' dir='ltr'>liqnet</span> <span class='ocrx_word' id='word_1_338' title='bbox 1541 3140 1583 3181; x_wconf 82' lang='lat' dir='ltr'>ex</span> <span class='ocrx_word' id='word_1_339' title='bbox 1599 3122 1761 3183; x_wconf 82' lang='lat' dir='ltr'>antedictis</span> <span class='ocrx_word' id='word_1_340' title='bbox 1774 3121 1823 3178; x_wconf 78' lang='lat' dir='ltr'>ai.</span> 
     </span>
     <span class='ocr_line' id='line_1_30' title="bbox 394 3204 1822 3287; baseline 0 -21"><span class='ocrx_word' id='word_1_341' title='bbox 394 3207 474 3266; x_wconf 89' lang='lat' dir='ltr'>enim</span> <span class='ocrx_word' id='word_1_342' title='bbox 508 3212 588 3267; x_wconf 87' lang='lat' dir='ltr'>esset</span> <span class='ocrx_word' id='word_1_343' title='bbox 617 3209 742 3267; x_wconf 82' lang='lat' dir='ltr'>miscere</span> <span class='ocrx_word' id='word_1_344' title='bbox 779 3222 812 3266; x_wconf 85' lang='lat' dir='ltr'>ee</span> <span class='ocrx_word' id='word_1_345' title='bbox 849 3214 938 3285; x_wconf 90' lang='lat' dir='ltr'>pacto</span> <span class='ocrx_word' id='word_1_346' title='bbox 972 3204 1091 3277; x_wconf 86' lang='lat' dir='ltr'>diaboli,</span> <span class='ocrx_word' id='word_1_347' title='bbox 1147 3206 1237 3286; x_wconf 84' lang='lat' dir='ltr'>Quod</span> <span class='ocrx_word' id='word_1_348' title='bbox 1261 3214 1291 3265; x_wconf 90' lang='lat' dir='ltr'>et</span> <span class='ocrx_word' id='word_1_349' title='bbox 1312 3206 1506 3267; x_wconf 79' lang='lat' dir='ltr'>confirmatur</span> <span class='ocrx_word' id='word_1_350' title='bbox 1527 3226 1569 3268; x_wconf 84' lang='lat' dir='ltr'>ex</span> <span class='ocrx_word' id='word_1_351' title='bbox 1592 3211 1731 3281; x_wconf 86' lang='lat' dir='ltr'>ratione,</span> <span class='ocrx_word' id='word_1_352' title='bbox 1754 3225 1822 3287; x_wconf 83' lang='lat' dir='ltr'>quan</span> 
     </span>
     <span class='ocr_line' id='line_1_31' title="bbox 393 3292 1470 3372; baseline 0.002 -22"><span class='ocrx_word' id='word_1_353' title='bbox 393 3293 648 3372; x_wconf 88' lang='lat' dir='ltr'>quemadmodum</span> <span class='ocrx_word' id='word_1_354' title='bbox 676 3293 766 3353; x_wconf 87' lang='lat' dir='ltr'>latins</span> <span class='ocrx_word' id='word_1_355' title='bbox 794 3293 913 3354; x_wconf 89' lang='lat' dir='ltr'>ostendi</span> <span class='ocrx_word' id='word_1_356' title='bbox 944 3311 1035 3372; x_wconf 87' lang='lat' dir='ltr'>snper</span> <span class='ocrx_word' id='word_1_357' title='bbox 1061 3293 1090 3351; x_wconf 84' lang='lat'>4.</span> <span class='ocrx_word' id='word_1_358' title='bbox 1145 3292 1202 3354; x_wconf 91' lang='lat' dir='ltr'>boo</span> <span class='ocrx_word' id='word_1_359' title='bbox 1217 3292 1285 3352; x_wconf 88' lang='lat' dir='ltr'>ioco</span> <span class='ocrx_word' id='word_1_360' title='bbox 1301 3293 1470 3372; x_wconf 80' lang='lat' dir='ltr'>subjungit:</span> 
     </span>
     <span class='ocr_line' id='line_1_32' title="bbox 393 3380 1822 3460; baseline 0.002 -22"><span class='ocrx_word' id='word_1_361' title='bbox 393 3388 470 3440; x_wconf 86' lang='lat' dir='ltr'>sent</span> <span class='ocrx_word' id='word_1_362' title='bbox 487 3380 555 3440; x_wconf 89' lang='lat' dir='ltr'>dist.</span> <span class='ocrx_word' id='word_1_363' title='bbox 573 3381 623 3441; x_wconf 85' lang='lat'>34.</span> <span class='ocrx_word' id='word_1_364' title='bbox 1188 3381 1348 3460; x_wconf 79' lang='lat' dir='ltr'>Quoniam</span> <span class='ocrx_word' id='word_1_365' title='bbox 1371 3398 1473 3439; x_wconf 85' lang='lat' dir='ltr'>acmen</span> <span class='ocrx_word' id='word_1_366' title='bbox 1498 3382 1609 3456; x_wconf 79' lang='lat' dir='ltr'>Iprina</span> <span class='ocrx_word' id='word_1_367' title='bbox 1623 3386 1663 3443; x_wconf 87' lang='lat' dir='ltr'>in</span> <span class='ocrx_word' id='word_1_368' title='bbox 1679 3400 1716 3442; x_wconf 90' lang='lat' dir='ltr'>eo</span> <span class='ocrx_word' id='word_1_369' title='bbox 1730 3385 1822 3441; x_wconf 69' lang='lat' dir='ltr'>mont·</span> 
     </span>
     <span class='ocr_line' id='line_1_33' title="bbox 437 3467 1821 3548; baseline -0.003 -20"><span class='ocrx_word' id='word_1_370' title='bbox 437 3468 466 3527; x_wconf 83' lang='grc'>9.</span> <span class='ocrx_word' id='word_1_371' title='bbox 490 3468 611 3541; x_wconf 85' lang='lat' dir='ltr'>Omnis,</span> <span class='ocrx_word' id='word_1_372' title='bbox 627 3469 684 3543; x_wconf 74' lang='lat' dir='ltr'>quei</span> <span class='ocrx_word' id='word_1_373' title='bbox 699 3473 795 3526; x_wconf 86' lang='lat' dir='ltr'>natas</span> <span class='ocrx_word' id='word_1_374' title='bbox 810 3473 854 3526; x_wconf 85' lang='lat' dir='ltr'>est</span> <span class='ocrx_word' id='word_1_375' title='bbox 869 3483 907 3527; x_wconf 80' lang='lat' dir='ltr'>cn</span> <span class='ocrx_word' id='word_1_376' title='bbox 921 3467 1002 3540; x_wconf 88' lang='lat' dir='ltr'>Deo,</span> <span class='ocrx_word' id='word_1_377' title='bbox 1015 3484 1090 3542; x_wconf 88' lang='lat' dir='ltr'>pec·</span> <span class='ocrx_word' id='word_1_378' title='bbox 1143 3468 1212 3526; x_wconf 89' lang='lat' dir='ltr'>Hoc</span> <span class='ocrx_word' id='word_1_379' title='bbox 1227 3484 1334 3527; x_wconf 88' lang='lat' dir='ltr'>semen</span> <span class='ocrx_word' id='word_1_380' title='bbox 1345 3468 1407 3527; x_wconf 87' lang='lat' dir='ltr'>Dei</span> <span class='ocrx_word' id='word_1_381' title='bbox 1422 3467 1506 3527; x_wconf 85' lang='lat' dir='ltr'>varie</span> <span class='ocrx_word' id='word_1_382' title='bbox 1521 3470 1699 3548; x_wconf 83' lang='lat' dir='ltr'>exponitur.</span> <span class='ocrx_word' id='word_1_383' title='bbox 1715 3467 1821 3548; x_wconf 78' lang='lat' dir='ltr'>Quidem</span> 
     </span>
     <span class='ocr_line' id='line_1_34' title="bbox 393 3550 1819 3635; baseline 0.001 -22"><span class='ocrx_word' id='word_1_384' title='bbox 393 3559 499 3614; x_wconf 81' lang='lat' dir='ltr'>eatam</span> <span class='ocrx_word' id='word_1_385' title='bbox 522 3572 590 3615; x_wconf 87' lang='lat' dir='ltr'>non</span> <span class='ocrx_word' id='word_1_386' title='bbox 610 3554 701 3629; x_wconf 72' lang='lat' dir='ltr'>facit.</span> <span class='ocrx_word' id='word_1_387' title='bbox 732 3550 862 3614; x_wconf 82' lang='lat' dir='ltr'>Addnoit</span> <span class='ocrx_word' id='word_1_388' title='bbox 877 3552 955 3612; x_wconf 88' lang='lat' dir='ltr'>hanc</span> <span class='ocrx_word' id='word_1_389' title='bbox 970 3560 1088 3612; x_wconf 85' lang='lat' dir='ltr'>senten·</span> <span class='ocrx_word' id='word_1_390' title='bbox 1143 3571 1210 3613; x_wconf 91' lang='lat' dir='ltr'>esse</span> <span class='ocrx_word' id='word_1_391' title='bbox 1221 3552 1326 3612; x_wconf 87' lang='lat' dir='ltr'>dicunt</span> <span class='ocrx_word' id='word_1_392' title='bbox 1338 3552 1484 3632; x_wconf 85' lang='lat' dir='ltr'>Spiritum</span> <span class='ocrx_word' id='word_1_393' title='bbox 1495 3565 1636 3616; x_wconf 84' lang='lat' dir='ltr'>sanctum</span> <span class='ocrx_word' id='word_1_394' title='bbox 1652 3577 1711 3617; x_wconf 91' lang='lat' dir='ltr'>nos</span> <span class='ocrx_word' id='word_1_395' title='bbox 1724 3571 1819 3635; x_wconf 69' lang='lat' dir='ltr'>regor</span> 
     </span>
     <span class='ocr_line' id='line_1_35' title="bbox 392 3636 1819 3720; baseline 0.001 -21"><span class='ocrx_word' id='word_1_396' title='bbox 392 3641 465 3699; x_wconf 89' lang='lat' dir='ltr'>tiam</span> <span class='ocrx_word' id='word_1_397' title='bbox 480 3639 645 3719; x_wconf 78' lang='lat' dir='ltr'>Apostolus</span> <span class='ocrx_word' id='word_1_398' title='bbox 665 3640 705 3700; x_wconf 88' lang='lat' dir='ltr'>ad</span> <span class='ocrx_word' id='word_1_399' title='bbox 721 3638 883 3699; x_wconf 81' lang='lat' dir='ltr'>discrimen</span> <span class='ocrx_word' id='word_1_400' title='bbox 898 3636 1090 3699; x_wconf 86' lang='lat' dir='ltr'>statuendum</span> <span class='ocrx_word' id='word_1_401' title='bbox 1143 3648 1274 3716; x_wconf 86' lang='lat' dir='ltr'>rantem;</span> <span class='ocrx_word' id='word_1_402' title='bbox 1301 3639 1437 3701; x_wconf 91' lang='lat' dir='ltr'>nonnulli</span> <span class='ocrx_word' id='word_1_403' title='bbox 1463 3639 1579 3701; x_wconf 76' lang='lat' dir='ltr'>Filium</span> <span class='ocrx_word' id='word_1_404' title='bbox 1608 3644 1687 3720; x_wconf 79' lang='lat' dir='ltr'>Dei3</span> <span class='ocrx_word' id='word_1_405' title='bbox 1711 3641 1819 3720; x_wconf 71' lang='lat' dir='ltr'>aliigrr</span> 
     </span>
     <span class='ocr_line' id='line_1_36' title="bbox 392 3723 1819 3806; baseline 0.004 -21"><span class='ocrx_word' id='word_1_406' title='bbox 392 3727 470 3787; x_wconf 86' lang='lat' dir='ltr'>inter</span> <span class='ocrx_word' id='word_1_407' title='bbox 484 3726 563 3788; x_wconf 87' lang='lat' dir='ltr'>iiiios</span> <span class='ocrx_word' id='word_1_408' title='bbox 578 3726 638 3786; x_wconf 87' lang='lat' dir='ltr'>Dei</span> <span class='ocrx_word' id='word_1_409' title='bbox 653 3725 775 3787; x_wconf 88' lang='lat' dir='ltr'>etiilios</span> <span class='ocrx_word' id='word_1_410' title='bbox 790 3724 921 3801; x_wconf 87' lang='lat' dir='ltr'>diaboii;</span> <span class='ocrx_word' id='word_1_411' title='bbox 945 3723 1089 3806; x_wconf 86' lang='lat' dir='ltr'>quemad·</span> <span class='ocrx_word' id='word_1_412' title='bbox 1143 3727 1213 3786; x_wconf 88' lang='lat' dir='ltr'>tiam</span> <span class='ocrx_word' id='word_1_413' title='bbox 1234 3725 1365 3806; x_wconf 85' lang='lat' dir='ltr'>Spiritus</span> <span class='ocrx_word' id='word_1_414' title='bbox 1388 3728 1501 3802; x_wconf 79' lang='lat' dir='ltr'>sancti3</span> <span class='ocrx_word' id='word_1_415' title='bbox 1524 3728 1580 3789; x_wconf 87' lang='lat' dir='ltr'>alii</span> <span class='ocrx_word' id='word_1_416' title='bbox 1604 3726 1819 3796; x_wconf 60' lang='lat' dir='ltr'>cariniumlk&#39;</span> 
     </span>
     <span class='ocr_line' id='line_1_37' title="bbox 392 3808 1818 3893; baseline -0.001 -20"><span class='ocrx_word' id='word_1_417' title='bbox 392 3808 513 3873; x_wconf 87' lang='lat' dir='ltr'>modum</span> <span class='ocrx_word' id='word_1_418' title='bbox 530 3821 560 3874; x_wconf 89' lang='lat' dir='ltr'>et</span> <span class='ocrx_word' id='word_1_419' title='bbox 576 3813 658 3873; x_wconf 89' lang='lat' dir='ltr'>iiiam</span> <span class='ocrx_word' id='word_1_420' title='bbox 673 3815 855 3893; x_wconf 83' lang='lat' dir='ltr'>superiorem</span> <span class='ocrx_word' id='word_1_421' title='bbox 866 3811 936 3872; x_wconf 88' lang='lat' dir='ltr'>hoio</span> <span class='ocrx_word' id='word_1_422' title='bbox 947 3812 1089 3872; x_wconf 91' lang='lat' dir='ltr'>similem:</span> <span class='ocrx_word' id='word_1_423' title='bbox 1141 3815 1167 3873; x_wconf 92' lang='lat' dir='ltr'>si</span> <span class='ocrx_word' id='word_1_424' title='bbox 1182 3820 1282 3873; x_wconf 89' lang='lat' dir='ltr'>tamen</span> <span class='ocrx_word' id='word_1_425' title='bbox 1296 3814 1371 3873; x_wconf 90' lang='lat' dir='ltr'>haec</span> <span class='ocrx_word' id='word_1_426' title='bbox 1385 3833 1404 3872; x_wconf 87' lang='lat' dir='ltr'>a</span> <span class='ocrx_word' id='word_1_427' title='bbox 1417 3814 1516 3892; x_wconf 76' lang='lat' dir='ltr'>gratie</span> <span class='ocrx_word' id='word_1_428' title='bbox 1533 3813 1674 3892; x_wconf 85' lang='lat' dir='ltr'>Spiritus</span> <span class='ocrx_word' id='word_1_429' title='bbox 1689 3815 1777 3878; x_wconf 74' lang='lat' dir='ltr'>urai</span> <span class='ocrx_word' id='word_1_430' title='bbox 1788 3810 1818 3871; x_wconf 82' lang='lat' dir='ltr'>ii</span> 
     </span>
     <span class='ocr_line' id='line_1_38' title="bbox 393 3899 1819 3979; baseline -0.001 -18"><span class='ocrx_word' id='word_1_431' title='bbox 393 3900 513 3976; x_wconf 85' lang='lat' dir='ltr'>Omaie,</span> <span class='ocrx_word' id='word_1_432' title='bbox 539 3904 595 3979; x_wconf 82' lang='lat' dir='ltr'>qai</span> <span class='ocrx_word' id='word_1_433' title='bbox 617 3902 653 3960; x_wconf 90' lang='lat' dir='ltr'>in</span> <span class='ocrx_word' id='word_1_434' title='bbox 669 3903 718 3962; x_wconf 83' lang='lat' dir='ltr'>Eo</span> <span class='ocrx_word' id='word_1_435' title='bbox 734 3906 854 3976; x_wconf 89' lang='lat' dir='ltr'>manet,</span> <span class='ocrx_word' id='word_1_436' title='bbox 878 3917 946 3960; x_wconf 90' lang='lat' dir='ltr'>non</span> <span class='ocrx_word' id='word_1_437' title='bbox 958 3906 1088 3975; x_wconf 88' lang='lat' dir='ltr'>peccato</span> <span class='ocrx_word' id='word_1_438' title='bbox 1142 3919 1230 3962; x_wconf 87' lang='lat' dir='ltr'>versa</span> <span class='ocrx_word' id='word_1_439' title='bbox 1253 3907 1315 3976; x_wconf 89' lang='lat' dir='ltr'>cet;</span> <span class='ocrx_word' id='word_1_440' title='bbox 1338 3918 1438 3960; x_wconf 81' lang='lat' dir='ltr'>russea</span> <span class='ocrx_word' id='word_1_441' title='bbox 1460 3899 1516 3959; x_wconf 91' lang='lat' dir='ltr'>alii</span> <span class='ocrx_word' id='word_1_442' title='bbox 1537 3903 1671 3964; x_wconf 85' lang='lat' dir='ltr'>verbnm</span> <span class='ocrx_word' id='word_1_443' title='bbox 1687 3905 1758 3975; x_wconf 87' lang='lat' dir='ltr'>Dei,</span> <span class='ocrx_word' id='word_1_444' title='bbox 1776 3899 1819 3960; x_wconf 76' lang='lat' dir='ltr'>iit</span> 
     </span>
     <span class='ocr_line' id='line_1_39' title="bbox 394 3984 1818 4068; baseline 0.001 -23"><span class='ocrx_word' id='word_1_445' title='bbox 394 3984 525 4068; x_wconf 85' lang='lat' dir='ltr'>ideoque</span> <span class='ocrx_word' id='word_1_446' title='bbox 542 3986 682 4048; x_wconf 87' lang='lat' dir='ltr'>similiter</span> <span class='ocrx_word' id='word_1_447' title='bbox 693 3996 740 4048; x_wconf 91' lang='lat' dir='ltr'>eet</span> <span class='ocrx_word' id='word_1_448' title='bbox 751 3984 937 4067; x_wconf 86' lang='lat' dir='ltr'>exponenda,</span> <span class='ocrx_word' id='word_1_449' title='bbox 951 3987 1088 4046; x_wconf 80' lang='lat' dir='ltr'>nimirum</span> <span class='ocrx_word' id='word_1_450' title='bbox 1142 4008 1202 4048; x_wconf 89' lang='lat' dir='ltr'>non</span> <span class='ocrx_word' id='word_1_451' title='bbox 1222 3987 1320 4046; x_wconf 90' lang='lat' dir='ltr'>otiosa</span> <span class='ocrx_word' id='word_1_452' title='bbox 1341 3995 1521 4067; x_wconf 84' lang='lat' dir='ltr'>susceptam.</span> <span class='ocrx_word' id='word_1_453' title='bbox 1554 3987 1648 4068; x_wconf 80' lang='lat' dir='ltr'>Quae</span> <span class='ocrx_word' id='word_1_454' title='bbox 1670 3985 1818 4050; x_wconf 70' lang='lat' dir='ltr'>omniasid</span> 
     </span>
     <span class='ocr_line' id='line_1_40' title="bbox 392 4071 1816 4155; baseline 0.001 -23"><span class='ocrx_word' id='word_1_455' title='bbox 392 4071 450 4132; x_wconf 86' lang='lat' dir='ltr'>hoc</span> <span class='ocrx_word' id='word_1_456' title='bbox 466 4091 572 4134; x_wconf 83' lang='lat' dir='ltr'>senen:</span> <span class='ocrx_word' id='word_1_457' title='bbox 600 4076 698 4134; x_wconf 84' lang='lat' dir='ltr'>Nemo</span> <span class='ocrx_word' id='word_1_458' title='bbox 714 4081 810 4135; x_wconf 80' lang='lat' dir='ltr'>notas</span> <span class='ocrx_word' id='word_1_459' title='bbox 825 4092 864 4135; x_wconf 77' lang='lat' dir='ltr'>ea</span> <span class='ocrx_word' id='word_1_460' title='bbox 879 4074 966 4146; x_wconf 87' lang='lat' dir='ltr'>Deo,</span> <span class='ocrx_word' id='word_1_461' title='bbox 989 4072 1087 4145; x_wconf 83' lang='lat' dir='ltr'>idest,</span> <span class='ocrx_word' id='word_1_462' title='bbox 1143 4072 1339 4155; x_wconf 84' lang='lat' dir='ltr'>probabiliter</span> <span class='ocrx_word' id='word_1_463' title='bbox 1361 4074 1514 4146; x_wconf 85' lang='lat' dir='ltr'>dicantar,</span> <span class='ocrx_word' id='word_1_464' title='bbox 1538 4094 1576 4135; x_wconf 86' lang='lat' dir='ltr'>ac</span> <span class='ocrx_word' id='word_1_465' title='bbox 1592 4075 1662 4137; x_wconf 88' lang='lat' dir='ltr'>iere</span> <span class='ocrx_word' id='word_1_466' title='bbox 1679 4076 1777 4138; x_wconf 72' lang='lat' dir='ltr'>eodem</span> <span class='ocrx_word' id='word_1_467' title='bbox 1787 4089 1816 4133; x_wconf 76' lang='lat' dir='ltr'>re</span> 
     </span>
     <span class='ocr_line' id='line_1_41' title="bbox 392 4160 1817 4241; baseline 0.002 -23"><span class='ocrx_word' id='word_1_468' title='bbox 392 4177 448 4237; x_wconf 92' lang='lat' dir='ltr'>per</span> <span class='ocrx_word' id='word_1_469' title='bbox 462 4162 721 4238; x_wconf 81' lang='lat' dir='ltr'>regenerationem</span> <span class='ocrx_word' id='word_1_470' title='bbox 735 4169 766 4220; x_wconf 89' lang='lat' dir='ltr'>et</span> <span class='ocrx_word' id='word_1_471' title='bbox 776 4161 902 4239; x_wconf 81' lang='lat' dir='ltr'>gratiam</span> <span class='ocrx_word' id='word_1_472' title='bbox 918 4160 1088 4241; x_wconf 85' lang='lat' dir='ltr'>adoptionis</span> <span class='ocrx_word' id='word_1_473' title='bbox 1143 4162 1257 4232; x_wconf 86' lang='lat' dir='ltr'>cidant,</span> <span class='ocrx_word' id='word_1_474' title='bbox 1280 4171 1383 4221; x_wconf 89' lang='lat' dir='ltr'>tamen</span> <span class='ocrx_word' id='word_1_475' title='bbox 1406 4180 1445 4220; x_wconf 88' lang='lat' dir='ltr'>ex</span> <span class='ocrx_word' id='word_1_476' title='bbox 1460 4168 1563 4220; x_wconf 90' lang='lat' dir='ltr'>mente</span> <span class='ocrx_word' id='word_1_477' title='bbox 1579 4163 1615 4223; x_wconf 86' lang='lat' dir='ltr'>B.</span> <span class='ocrx_word' id='word_1_478' title='bbox 1632 4163 1761 4225; x_wconf 86' lang='lat' dir='ltr'>Joannis</span> <span class='ocrx_word' id='word_1_479' title='bbox 1772 4176 1817 4221; x_wconf 60' lang='grc' dir='ltr'><strong><em>α</em></strong></span> 
     </span>
     <span class='ocr_line' id='line_1_42' title="bbox 392 4244 1817 4328; baseline 0.001 -24"><span class='ocrx_word' id='word_1_480' title='bbox 392 4244 492 4305; x_wconf 84' lang='lat' dir='ltr'>faetus</span> <span class='ocrx_word' id='word_1_481' title='bbox 508 4246 567 4306; x_wconf 90' lang='lat' dir='ltr'>Dei</span> <span class='ocrx_word' id='word_1_482' title='bbox 581 4246 667 4320; x_wconf 88' lang='lat' dir='ltr'>iiiios,</span> <span class='ocrx_word' id='word_1_483' title='bbox 690 4246 760 4306; x_wconf 90' lang='lat' dir='ltr'>dnm</span> <span class='ocrx_word' id='word_1_484' title='bbox 776 4246 846 4306; x_wconf 88' lang='lat' dir='ltr'>talis</span> <span class='ocrx_word' id='word_1_485' title='bbox 862 4253 915 4317; x_wconf 84' lang='lat' dir='ltr'>eet,</span> <span class='ocrx_word' id='word_1_486' title='bbox 938 4246 1019 4323; x_wconf 73' lang='lat' dir='ltr'>facit</span> <span class='ocrx_word' id='word_1_487' title='bbox 1035 4265 1088 4306; x_wconf 88' lang='lat' dir='ltr'>sen</span> <span class='ocrx_word' id='word_1_488' title='bbox 1142 4247 1271 4319; x_wconf 81' lang='lat' dir='ltr'>ridetur,</span> <span class='ocrx_word' id='word_1_489' title='bbox 1297 4255 1332 4306; x_wconf 90' lang='lat' dir='ltr'>nt</span> <span class='ocrx_word' id='word_1_490' title='bbox 1354 4267 1407 4326; x_wconf 87' lang='lat' dir='ltr'>per</span> <span class='ocrx_word' id='word_1_491' title='bbox 1432 4266 1536 4308; x_wconf 89' lang='lat' dir='ltr'>semen</span> <span class='ocrx_word' id='word_1_492' title='bbox 1565 4250 1632 4310; x_wconf 87' lang='lat' dir='ltr'>Dei</span> <span class='ocrx_word' id='word_1_493' title='bbox 1659 4248 1817 4328; x_wconf 63' lang='lat' dir='ltr'>intelligam</span> 
     </span>
     <span class='ocr_line' id='line_1_43' title="bbox 391 4330 1816 4414; baseline 0.003 -22"><span class='ocrx_word' id='word_1_494' title='bbox 391 4334 548 4392; x_wconf 88' lang='lat' dir='ltr'>committit</span> <span class='ocrx_word' id='word_1_495' title='bbox 557 4340 721 4409; x_wconf 81' lang='lat' dir='ltr'>peccatum</span> <span class='ocrx_word' id='word_1_496' title='bbox 733 4330 857 4413; x_wconf 60' lang='lat' dir='ltr'>mande,</span> <span class='ocrx_word' id='word_1_497' title='bbox 870 4331 953 4412; x_wconf 90' lang='lat' dir='ltr'>qnod</span> <span class='ocrx_word' id='word_1_498' title='bbox 963 4332 1088 4392; x_wconf 89' lang='lat' dir='ltr'>mortale</span> <span class='ocrx_word' id='word_1_499' title='bbox 1142 4335 1282 4393; x_wconf 86' lang='lat' dir='ltr'>nativitas</span> <span class='ocrx_word' id='word_1_500' title='bbox 1305 4333 1485 4412; x_wconf 87' lang='lat' dir='ltr'>spiritualis,</span> <span class='ocrx_word' id='word_1_501' title='bbox 1508 4352 1573 4414; x_wconf 86' lang='lat' dir='ltr'>qna</span> <span class='ocrx_word' id='word_1_502' title='bbox 1594 4356 1633 4397; x_wconf 82' lang='lat' dir='ltr'>ox</span> <span class='ocrx_word' id='word_1_503' title='bbox 1659 4338 1726 4398; x_wconf 90' lang='lat' dir='ltr'>Deo</span> <span class='ocrx_word' id='word_1_504' title='bbox 1746 4330 1816 4396; x_wconf 63' lang='lat' dir='ltr'>red</span> 
     </span>
     <span class='ocr_line' id='line_1_44' title="bbox 391 4418 1815 4500; baseline 0.002 -22"><span class='ocrx_word' id='word_1_505' title='bbox 391 4438 546 4479; x_wconf 79' lang='lat' dir='ltr'>vocamus.</span> <span class='ocrx_word' id='word_1_506' title='bbox 584 4418 663 4479; x_wconf 86' lang='lat' dir='ltr'>Nam</span> <span class='ocrx_word' id='word_1_507' title='bbox 699 4418 736 4480; x_wconf 85' lang='lat' dir='ltr'>(ie</span> <span class='ocrx_word' id='word_1_508' title='bbox 761 4419 935 4498; x_wconf 86' lang='lat' dir='ltr'>hujusmodi</span> <span class='ocrx_word' id='word_1_509' title='bbox 967 4427 1088 4500; x_wconf 84' lang='lat' dir='ltr'>peceato</span> <span class='ocrx_word' id='word_1_510' title='bbox 1142 4440 1247 4481; x_wconf 88' lang='lat' dir='ltr'>snmus</span> <span class='ocrx_word' id='word_1_511' title='bbox 1269 4428 1301 4480; x_wconf 91' lang='lat' dir='ltr'>et</span> <span class='ocrx_word' id='word_1_512' title='bbox 1323 4420 1464 4481; x_wconf 82' lang='lat' dir='ltr'>factifilii</span> <span class='ocrx_word' id='word_1_513' title='bbox 1480 4420 1550 4480; x_wconf 89' lang='lat' dir='ltr'>Dei.</span> <span class='ocrx_word' id='word_1_514' title='bbox 1583 4422 1639 4483; x_wconf 85' lang='lat' dir='ltr'>Sic</span> <span class='ocrx_word' id='word_1_515' title='bbox 1654 4426 1734 4485; x_wconf 87' lang='lat' dir='ltr'>enim</span> <span class='ocrx_word' id='word_1_516' title='bbox 1747 4420 1815 4483; x_wconf 64' lang='grc' dir='ltr'>«ΙΙΙ</span> 
     </span>
     <span class='ocr_line' id='line_1_45' title="bbox 390 4505 1816 4588; baseline 0.004 -22"><span class='ocrx_word' id='word_1_517' title='bbox 390 4505 540 4566; x_wconf 86' lang='lat' dir='ltr'>Joannem</span> <span class='ocrx_word' id='word_1_518' title='bbox 557 4524 656 4585; x_wconf 82' lang='lat' dir='ltr'>egere,</span> <span class='ocrx_word' id='word_1_519' title='bbox 668 4507 731 4585; x_wconf 86' lang='lat' dir='ltr'>jam</span> <span class='ocrx_word' id='word_1_520' title='bbox 748 4525 841 4585; x_wconf 88' lang='lat' dir='ltr'>supra</span> <span class='ocrx_word' id='word_1_521' title='bbox 856 4505 970 4566; x_wconf 87' lang='lat' dir='ltr'>dictum</span> <span class='ocrx_word' id='word_1_522' title='bbox 986 4527 1021 4566; x_wconf 90' lang='lat' dir='ltr'>ae</span> <span class='ocrx_word' id='word_1_523' title='bbox 1037 4505 1086 4565; x_wconf 90' lang='lat' dir='ltr'>de·</span> <span class='ocrx_word' id='word_1_524' title='bbox 1141 4527 1195 4567; x_wconf 88' lang='lat' dir='ltr'>nes</span> <span class='ocrx_word' id='word_1_525' title='bbox 1220 4526 1252 4566; x_wconf 89' lang='lat' dir='ltr'>ee</span> <span class='ocrx_word' id='word_1_526' title='bbox 1274 4508 1370 4586; x_wconf 88' lang='lat' dir='ltr'>ipsum</span> <span class='ocrx_word' id='word_1_527' title='bbox 1392 4525 1545 4588; x_wconf 83' lang='lat' dir='ltr'>exponere</span> <span class='ocrx_word' id='word_1_528' title='bbox 1570 4511 1697 4571; x_wconf 80' lang='lat' dir='ltr'>videtur</span> <span class='ocrx_word' id='word_1_529' title='bbox 1718 4505 1816 4588; x_wconf 53' lang='lat' dir='ltr'>cap&amp;</span> 
     </span>
     <span class='ocr_line' id='line_1_46' title="bbox 391 4591 1816 4674; baseline 0.004 -23"><span class='ocrx_word' id='word_1_530' title='bbox 391 4592 535 4652; x_wconf 83' lang='lat' dir='ltr'>oiasatnm</span> <span class='ocrx_word' id='word_1_531' title='bbox 553 4603 606 4655; x_wconf 85' lang='lat' dir='ltr'>est.</span> <span class='ocrx_word' id='word_1_532' title='bbox 629 4594 753 4674; x_wconf 83' lang='lat' dir='ltr'>Repetit</span> <span class='ocrx_word' id='word_1_533' title='bbox 769 4591 894 4652; x_wconf 87' lang='lat' dir='ltr'>eandem</span> <span class='ocrx_word' id='word_1_534' title='bbox 910 4594 1087 4653; x_wconf 86' lang='lat' dir='ltr'>sententiam</span> <span class='ocrx_word' id='word_1_535' title='bbox 1140 4593 1201 4666; x_wconf 91' lang='lat' dir='ltr'>nbi,</span> <span class='ocrx_word' id='word_1_536' title='bbox 1224 4612 1290 4653; x_wconf 88' lang='lat' dir='ltr'>oum</span> <span class='ocrx_word' id='word_1_537' title='bbox 1306 4593 1449 4668; x_wconf 85' lang='lat' dir='ltr'>similiter,</span> <span class='ocrx_word' id='word_1_538' title='bbox 1469 4601 1503 4652; x_wconf 83' lang='lat' dir='ltr'>nt</span> <span class='ocrx_word' id='word_1_539' title='bbox 1518 4594 1579 4655; x_wconf 88' lang='lat' dir='ltr'>boc</span> <span class='ocrx_word' id='word_1_540' title='bbox 1594 4595 1675 4668; x_wconf 85' lang='lat' dir='ltr'>loeo,</span> <span class='ocrx_word' id='word_1_541' title='bbox 1701 4597 1816 4658; x_wconf 69' lang='lat' dir='ltr'>dinae:</span> 
     </span>
     <span class='ocr_line' id='line_1_47' title="bbox 390 4678 1816 4761; baseline 0.006 -23"><span class='ocrx_word' id='word_1_542' title='bbox 390 4678 595 4759; x_wconf 77' lang='lat' dir='ltr'>intracapb.</span> <span class='ocrx_word' id='word_1_543' title='bbox 617 4701 645 4740; x_wconf 88' lang='lat' dir='ltr'>v.</span> <span class='ocrx_word' id='word_1_544' title='bbox 664 4682 712 4741; x_wconf 83' lang='lat'>18.</span> <span class='ocrx_word' id='word_1_545' title='bbox 751 4678 986 4758; x_wconf 79' lang='lat' dir='ltr'>QuemIocnm,</span> <span class='ocrx_word' id='word_1_546' title='bbox 1009 4688 1088 4739; x_wconf 88' lang='lat' dir='ltr'>utet</span> <span class='ocrx_word' id='word_1_547' title='bbox 1141 4682 1660 4759; x_wconf 66' lang='lat' dir='ltr'>amniaqatnemsacceoeo,</span> <span class='ocrx_word' id='word_1_548' title='bbox 1683 4691 1816 4761; x_wconf 60' lang='lat' dir='ltr'>neap*</span> 
     </span>
     <span class='ocr_line' id='line_1_48' title="bbox 389 4764 1816 4847; baseline 0.003 -22"><span class='ocrx_word' id='word_1_549' title='bbox 389 4764 469 4825; x_wconf 86' lang='lat' dir='ltr'>bnnc</span> <span class='ocrx_word' id='word_1_550' title='bbox 484 4775 679 4845; x_wconf 87' lang='lat' dir='ltr'>praesentem,</span> <span class='ocrx_word' id='word_1_551' title='bbox 700 4776 777 4840; x_wconf 89' lang='lat' dir='ltr'>sunt,</span> <span class='ocrx_word' id='word_1_552' title='bbox 793 4768 845 4847; x_wconf 73' lang='lat' dir='ltr'>qni</span> <span class='ocrx_word' id='word_1_553' title='bbox 859 4764 1033 4845; x_wconf 86' lang='lat' dir='ltr'>intelligant</span> <span class='ocrx_word' id='word_1_554' title='bbox 1048 4766 1087 4827; x_wconf 85' lang='lat' dir='ltr'>de</span> <span class='ocrx_word' id='word_1_555' title='bbox 1141 4774 1190 4826; x_wconf 89' lang='lat' dir='ltr'>cat</span> <span class='ocrx_word' id='word_1_556' title='bbox 1202 4812 1211 4841; x_wconf 98' lang='lat'>,</span> <span class='ocrx_word' id='word_1_557' title='bbox 1239 4787 1292 4844; x_wconf 90' lang='lat' dir='ltr'>pro</span> <span class='ocrx_word' id='word_1_558' title='bbox 1320 4770 1437 4828; x_wconf 89' lang='lat' dir='ltr'>ratione</span> <span class='ocrx_word' id='word_1_559' title='bbox 1464 4767 1602 4846; x_wconf 81' lang='lat' dir='ltr'>subjecit</span> <span class='ocrx_word' id='word_1_560' title='bbox 1628 4771 1708 4832; x_wconf 84' lang='lat' dir='ltr'>baso</span> <span class='ocrx_word' id='word_1_561' title='bbox 1732 4766 1816 4831; x_wconf 71' lang='lat' dir='ltr'>veta</span> 
     </span>
     <span class='ocr_line' id='line_1_49' title="bbox 391 4852 1816 4937; baseline 0.004 -26"><span class='ocrx_word' id='word_1_562' title='bbox 391 4858 471 4911; x_wconf 85' lang='lat' dir='ltr'>certo</span> <span class='ocrx_word' id='word_1_563' title='bbox 494 4852 627 4931; x_wconf 86' lang='lat' dir='ltr'>qaedam</span> <span class='ocrx_word' id='word_1_564' title='bbox 650 4870 763 4933; x_wconf 81' lang='lat' dir='ltr'>genere</span> <span class='ocrx_word' id='word_1_565' title='bbox 782 4856 922 4929; x_wconf 85' lang='lat' dir='ltr'>peccati,</span> <span class='ocrx_word' id='word_1_566' title='bbox 950 4852 1030 4933; x_wconf 85' lang='lat' dir='ltr'>qnod</span> <span class='ocrx_word' id='word_1_567' title='bbox 1055 4854 1088 4914; x_wconf 91' lang='lat' dir='ltr'>in</span> <span class='ocrx_word' id='word_1_568' title='bbox 1140 4855 1202 4915; x_wconf 79' lang='lat' dir='ltr'>Sed</span> <span class='ocrx_word' id='word_1_569' title='bbox 1215 4857 1380 4930; x_wconf 65' lang='lat' dir='ltr'>ornantia</span> <span class='ocrx_word' id='word_1_570' title='bbox 1396 4856 1459 4915; x_wconf 86' lang='lat' dir='ltr'>Dei</span> <span class='ocrx_word' id='word_1_571' title='bbox 1473 4866 1648 4918; x_wconf 61' lang='lat' dir='ltr'>connasci</span> <span class='ocrx_word' id='word_1_572' title='bbox 1663 4866 1816 4937; x_wconf 56' lang='lat' dir='ltr'>cumn*</span> 
     </span>
     <span class='ocr_line' id='line_1_50' title="bbox 390 4936 1816 5019; baseline 0.006 -20"><span class='ocrx_word' id='word_1_573' title='bbox 390 4936 531 5019; x_wconf 77' lang='lat' dir='ltr'>Spiritum</span> <span class='ocrx_word' id='word_1_574' title='bbox 561 4947 697 5001; x_wconf 87' lang='lat' dir='ltr'>sanetum</span> <span class='ocrx_word' id='word_1_575' title='bbox 723 4941 935 5016; x_wconf 78' lang='lat' dir='ltr'>committitnr3</span> <span class='ocrx_word' id='word_1_576' title='bbox 969 4939 1001 5000; x_wconf 89' lang='lat' dir='ltr'>id</span> <span class='ocrx_word' id='word_1_577' title='bbox 1030 4948 1087 5014; x_wconf 89' lang='lat' dir='ltr'>est,</span> <span class='ocrx_word' id='word_1_578' title='bbox 1139 4959 1231 5017; x_wconf 89' lang='lat' dir='ltr'>qnam</span> <span class='ocrx_word' id='word_1_579' title='bbox 1258 4940 1312 5001; x_wconf 87' lang='lat' dir='ltr'>iila</span> <span class='ocrx_word' id='word_1_580' title='bbox 1339 4944 1503 5017; x_wconf 73' lang='lat' dir='ltr'>pancratio</span> <span class='ocrx_word' id='word_1_581' title='bbox 1529 4943 1617 5018; x_wconf 83' lang='lat' dir='ltr'>Det,</span> <span class='ocrx_word' id='word_1_582' title='bbox 1649 4955 1816 5008; x_wconf 66' lang='lat' dir='ltr'>conum·</span> 
     </span>
     <span class='ocr_line' id='line_1_51' title="bbox 390 5022 1826 5106; baseline 0.008 -22"><span class='ocrx_word' id='word_1_583' title='bbox 390 5022 429 5085; x_wconf 82' lang='lat' dir='ltr'>de</span> <span class='ocrx_word' id='word_1_584' title='bbox 454 5027 680 5106; x_wconf 69' lang='lat' dir='ltr'>impugnatione</span> <span class='ocrx_word' id='word_1_585' title='bbox 705 5026 915 5088; x_wconf 78' lang='lat' dir='ltr'>manifestatae</span> <span class='ocrx_word' id='word_1_586' title='bbox 937 5027 1084 5088; x_wconf 82' lang='lat' dir='ltr'>veritatis.</span> <span class='ocrx_word' id='word_1_587' title='bbox 1138 5027 1297 5089; x_wconf 75' lang='lat' dir='ltr'>hominem</span> <span class='ocrx_word' id='word_1_588' title='bbox 1315 5045 1353 5089; x_wconf 80' lang='lat' dir='ltr'>en</span> <span class='ocrx_word' id='word_1_589' title='bbox 1367 5030 1437 5088; x_wconf 85' lang='lat' dir='ltr'>Deo</span> <span class='ocrx_word' id='word_1_590' title='bbox 1453 5036 1589 5106; x_wconf 71' lang='lat' dir='ltr'>nawen,</span> <span class='ocrx_word' id='word_1_591' title='bbox 1612 5034 1655 5094; x_wconf 86' lang='lat' dir='ltr'>sit</span> <span class='ocrx_word' id='word_1_592' title='bbox 1669 5033 1726 5096; x_wconf 81' lang='lat' dir='ltr'>boe</span> <span class='ocrx_word' id='word_1_593' title='bbox 1737 5045 1826 5095; x_wconf 61' lang='lat' dir='ltr'>sm.</span> 
     </span>
    </p>
   </div>
   <div class='ocr_carea' id='block_1_3' title="bbox 0 0 2226 5825">
    <p class='ocr_par' dir='ltr' id='par_1_3' title="bbox 0 0 2226 5825">
     <span class='ocr_line' id='line_1_52' title="bbox 0 0 2226 5825; baseline 0 4"><span class='ocrx_word' id='word_1_594' title='bbox 0 0 2226 5825; x_wconf 95' lang='lat' dir='ltr'> </span> 
     </span>
    </p>
   </div>
  </div>
 </body>
</html>
