4442 5825
765 608 930 666 aaronis
946 609 966 663 l·
983 608 1070 663 Basti
1085 607 1181 662 raam.
1215 606 1299 661 vene.
1319 608 1435 662 lietb.
1736 614 1809 686 ΜΞ)

387 787 588 873 puayllepsin
609 787 666 851 illa
680 808 768 869 pars:
791 796 957 866 tamquam
972 787 1011 848 ab
1028 806 1063 848 eo
1117 789 1188 848 tiam
1203 787 1380 866 impingunt.
1403 784 1462 846 Vel
1484 786 1735 863 imprudentiam
1758 809 1810 867 po·

388 878 479 953 siais,
495 878 592 937 etiam
605 881 762 958 pertineat.
1117 875 1161 934 nit
1174 882 1327 953 tamquam
1342 888 1466 932 matrem
1481 876 1695 950 iynorantiae,
1718 873 1750 935 id
1765 883 1812 934 est

416 962 464 1025 Ad
474 962 655 1025 uindictam
665 964 925 1040 malefactorum,
937 962 1064 1023 laudem
1111 960 1220 1039 judicii
1236 969 1265 1020 at
1280 961 1425 1019 sermonis
1441 960 1651 1021 irrationabilis
1667 980 1703 1021 ac
1718 960 1810 1033 stulti,

386 1066 446 1111 tuo
466 1050 634 1112 bonorum
655 1048 789 1111 timeae:
815 1048 868 1109 Aa
889 1050 1064 1110 vindictam
1116 1068 1176 1128 quo
1204 1046 1369 1107 censebant
1393 1054 1424 1107 et
1449 1047 1526 1107 inter
1552 1066 1585 1108 se
1611 1047 1812 1128 loquebantur

386 1136 692 1217 Μαιακοαοιῶν,
708 1138 791 1196 mule
802 1140 975 1212 ocentiam,
991 1138 1064 1197 laa-
1117 1133 1252 1194 infideles
1264 1132 1302 1193 de
1314 1130 1494 1194 Christianis
1505 1134 1642 1209 Judaeis,
1658 1141 1811 1215 tamquam

385 1220 443 1283 ln
457 1242 533 1285 uero
556 1215 762 1300 ἀγαθοποιῶν,
785 1222 870 1284 bona
891 1227 1064 1300 ouantium.
1117 1220 1155 1281 de
1166 1221 1222 1293 his,
1238 1221 1292 1300 qui
1303 1219 1423 1298 legibus
1436 1230 1536 1282 cuent
1547 1220 1725 1283 refractarii
1741 1219 1809 1282 Cle

383 1308 440 1373 liu
451 1310 602 1391 interpres
620 1311 756 1371 nominat
776 1309 884 1385 bonos,
910 1312 989 1390 quia,
1013 1312 1065 1390 qui
1116 1326 1199 1368 meus
1215 1307 1439 1366 Alexandrinus
1462 1308 1513 1369 lib.
1530 1309 1559 1368 3.
1574 1308 1682 1369 Strom.
1699 1328 1763 1389 cap.
1780 1309 1809 1369 6.

383 1394 452 1459 ban
469 1404 583 1477 agunt,
610 1398 682 1459 boui
704 1398 811 1457 meritc
834 1404 1012 1476 reputantur
1034 1401 1064 1456 in
1116 1414 1177 1454 non
1193 1384 1359 1470 ἀγνωσίαν,
1383 1394 1414 1454 id
1430 1402 1477 1455 ast
1491 1398 1713 1471 iqnorantiam
1728 1395 1810 1474 legit,

382 1483 526 1565 rqnblica
540 1483 634 1545 cirili.
656 1483 731 1544 Illos
749 1483 909 1561 maleficos
923 1485 988 1544 sive
1003 1503 1065 1545 no·
1117 1480 1170 1542 sed
1192 1471 1348 1557 ἐργασίαν,
1370 1480 1401 1540 id
1423 1491 1470 1542 ast
1491 1488 1739 1559 occupationem.
1761 1482 1811 1542 Ita

383 1578 473 1635 ntea
497 1569 591 1632 liceat
615 1570 777 1651 appellare.
811 1569 964 1649 Significat
984 1572 1063 1651 Apo·
1117 1587 1222 1628 seusus
1237 1570 1310 1627 erit:
1333 1566 1384 1641 Ut,
1408 1566 1478 1628 dum
1494 1569 1681 1644 benefacitis,
1704 1568 1809 1630 adver·

382 1658 467 1719 astas
474 1656 603 1719 officiam
609 1659 777 1738 principum
786 1677 822 1717 ac
829 1659 1064 1736 magistratuum,
1117 1656 1214 1715 uuae
1229 1654 1352 1734 linguae
1367 1675 1427 1715 nou
1441 1655 1582 1731 habeant,
1605 1656 1685 1737 qued
1701 1654 1811 1728 dicant,

381 1753 493 1893 prpter
514 1743 596 1826 quod
611 1765 630 1805 a
644 1744 712 1804 Deo
734 1745 793 1805 sint
815 1747 915 1821 missi3
939 1747 1016 1805 sicut
1033 1754 1065 1805 et
1118 1742 1193 1802 etin
1209 1761 1269 1821 quo
1285 1749 1478 1821 occupentur.

405 1830 489 1895 aalns
502 1830 606 1893 verbis
618 1850 711 1912 supra
722 1832 831 1892 citatis.
854 1832 921 1892 Hoc
936 1832 1064 1893 efficium
1161 1828 1241 1888 Illud
1268 1829 1503 1902 observandum.
1530 1831 1729 1892 voluntatem
1749 1831 1811 1890 Dei

383 1928 435 1993 α,
458 1917 499 1979 ad
523 1917 667 1980 tuendam
692 1917 878 1999 reipublicae
903 1939 1007 1999 pacem
1034 1929 1066 1980 ct
1117 1934 1177 1975 uon
1200 1935 1265 1978 asse
1287 1915 1473 1977 referendam
1495 1916 1589 1990 adid,
1612 1917 1693 1997 quod
1716 1915 1810 1978 dixit:

384 2004 622 2086 tanquillitatem
650 2005 813 2066 malefacta
838 2006 1010 2086 suppliciis,
1036 2017 1065 2066 et
1117 2002 1244 2077 subjecti
1260 2012 1352 2066 estote
1367 2011 1432 2079 etc,
1448 2006 1534 2084 quasi
1549 2024 1656 2066 sensus
1671 2006 1722 2066 sit:
1742 2004 1812 2065 Hoc

383 2090 530 2155 busiacta
556 2093 697 2171 praemiis
720 2093 873 2172 prosequi.
906 2094 964 2153 His
987 2094 1066 2154 enim
1118 2090 1183 2149 vult
1204 2099 1234 2150 et
1257 2092 1404 2171 praecipit
1426 2092 1529 2166 Deus,
1552 2099 1587 2151 ut
1608 2094 1675 2152 sitis
1701 2091 1812 2152 subditi

385 2174 489 2242 hobus
523 2179 712 2258 reipublicae
754 2186 849 2240 status
886 2184 1065 2241 continetur.
1119 2177 1240 2257 regibus
1269 2187 1300 2238 et
1326 2179 1571 2258 magistratibus3
1608 2180 1650 2239 ita
1679 2198 1810 2260 namque

385 2264 517 2329 laudem
539 2265 616 2327 dixit
638 2286 691 2347 pro
712 2267 854 2347 praemio,
877 2267 1064 2349 quamadmc·
1118 2263 1259 2339 luterum,
1281 2274 1318 2326 ut
1337 2264 1540 2326 obmutescere
1555 2275 1700 2346 cogantur
1715 2268 1810 2327 incre·

386 2350 446 2415 dan
464 2361 496 2413 et
518 2353 640 2427 Paulus,
666 2351 785 2414 dicens:
810 2356 940 2417 Bonum
961 2358 1017 2435 sac
1038 2363 1067 2416 et
1119 2351 1197 2426 duli,
1227 2354 1279 2432 qui
1304 2351 1402 2413 solent
1428 2351 1467 2412 da
1493 2354 1579 2414 robis
1604 2353 1682 2414 male
1711 2353 1813 2434 loqui3

385 2438 499 2503 iubebit
512 2440 640 2501 laudem
647 2462 661 2517 ;
678 2441 726 2500 vel
737 2441 810 2522 quia
821 2442 887 2502 laus
899 2444 965 2522 ipsa
980 2463 1065 2523 prae·
1120 2441 1258 2520 quamvis
1269 2459 1344 2499 vera
1355 2442 1415 2498 siut
1427 2438 1512 2499 haee.
1532 2439 1594 2501 Sed
1604 2440 1709 2501 referri
1721 2439 1814 2501 debet

384 2530 471 2677 tit
486 2527 798 2676 iiiimffl
814 2532 1067 2678 atttriti
1120 2525 1811 2692 tittttosstfdittttatttiit·

386 2718 446 2783 pars
462 2721 522 2764 nou
543 2634 685 2775 mingibra,
712 2700 768 2762 sub
793 2703 889 2765 tutela
910 2638 1066 2783 mdgistra-
1120 2702 1347 2779 benefacientes
1361 2700 1511 2762 obturare
1526 2711 1592 2777 eta,
1609 2703 1696 2783 quasi
1712 2658 1812 2762 dicati

386 2794 459 2851 iann
469 2790 607 2869 quietam
619 2796 650 2848 et
656 2787 850 2868 tranquillam
863 2791 956 2850 ritum
968 2810 1067 2871 agere,
1119 2787 1266 2849 Voluntas
1281 2788 1338 2849 Dei
1354 2796 1409 2861 est,
1431 2808 1486 2849 vos
1501 2788 1716 2851 benefaciendo
1732 2787 1811 2849 cebi-

387 2874 530 2938 atdicitur
544 2878 564 2936 s
580 2875 662 2937 Tim.
679 2878 706 2937 2.
731 2874 821 2956 Quod
835 2879 861 2939 si
877 2896 915 2938 ne
930 2876 988 2939 hoc
1003 2880 1068 2960 qui·
1121 2876 1192 2938 bere
1213 2875 1451 2938 maledicentiam
1475 2877 1651 2939 infidelium.
1674 2876 1736 2938 Ubi
1750 2886 1812 2938 tam

387 2959 443 3024 h
452 2964 620 3044 praemium
631 2972 829 3044 assequantur
845 2967 877 3025 in
890 2973 1009 3025 marana
1024 2986 1067 3026 rs·
1121 2965 1315 3043 praeceptive
1325 2964 1384 3024 Dei
1400 2962 1552 3037 voluntas,
1567 2985 1659 3045 quam
1673 2964 1812 3026 absoluta

387 3049 494 3130 pblica
519 3051 609 3123 boui,
638 3059 759 3131 propter
786 3052 1007 3131 improbitatem
1039 3061 1068 3112 at
1121 3058 1223 3131 potest
1237 3049 1374 3129 intelligi.
1399 3051 1478 3112 Nam
1502 3060 1532 3112 at
1554 3052 1703 3132 praecipit
1717 3051 1813 3126 Deus,

388 3134 567 3216 tpsnnidem
589 3156 699 3209 corum,
723 3138 776 3217 qui
796 3146 954 3218 praesunt:
978 3138 1069 3199 laude
1122 3146 1155 3195 ut
1175 3136 1404 3211 benefaciendo,
1428 3139 1627 3217 quantumin
1649 3137 1737 3198 nobis
1760 3144 1813 3211 est,

385 3225 473 3284 husu
492 3241 550 3284 sna
574 3243 611 3282 ac
630 3225 763 3303 praemio
786 3224 936 3304 condigno
956 3226 986 3285 in
1009 3227 1069 3285 Dei
1121 3222 1310 3283 obstruamus
1332 3243 1387 3283 ora
1400 3222 1571 3302 maledicis3
1593 3234 1623 3284 at
1645 3225 1689 3284 ita
1712 3223 1812 3304 dispo·

379 3305 698 3389 ,filicionequaquam
713 3308 983 3372 defraudabantur.
1121 3312 1195 3381 suit,
1221 3308 1423 3370 etmalorum
1448 3310 1570 3391 liuguae
1597 3311 1814 3389 elanguescunt

423 3397 469 3457 lb.
490 3397 576 3475 Quia
590 3398 635 3457 sic
649 3403 693 3456 est
707 3398 856 3459 uoluntas
871 3400 943 3474 Dei,
965 3405 1002 3460 ut
1017 3398 1069 3459 be·
1122 3417 1175 3475 par
1189 3397 1385 3458 innocentiam
1410 3398 1564 3471 bonorum,
1588 3417 1644 3457 nec
1659 3395 1689 3456 id
1706 3398 1812 3470 solum,

386 3483 567 3560 madentes
578 3483 785 3544 obmutescere
798 3487 928 3564 faciatis
942 3489 1069 3562 impru·
1120 3502 1224 3544 reram
1240 3484 1331 3544 etiarn
1344 3484 1511 3545 excitentur
1522 3483 1562 3545 ad
1575 3504 1626 3544 eos
1639 3482 1813 3557 laudandos,

386 3565 518 3631 haum
547 3571 712 3631 bominum
738 3572 968 3647 laborantium.
1006 3572 1068 3633 Ob·
1122 3580 1153 3632 et
1175 3570 1274 3630 Deum
1296 3569 1539 3650 glorificaudum
1562 3573 1608 3631 uti
1630 3571 1744 3632 dictum
1766 3577 1814 3631 est

384 3663 545 3718 maere
565 3658 705 3735 faciatis,
730 3656 863 3720 Graece:
892 3659 1010 3737 φιμοῦν,
1036 3660 1068 3720 id
1122 3678 1149 3717 v.
1165 3661 1212 3718 12.
1236 3657 1347 3718 Similis
1363 3657 1529 3718 admonitio
1542 3656 1629 3718 Pauli
1640 3656 1679 3718 ad
1691 3659 1754 3719 Tit.
1766 3659 1813 3718 θη

385 3742 653 3818 dotabatruere,
669 3764 703 3804 os
718 3743 860 3824 obligare.
886 3745 978 3807 Unde
992 3744 1068 3805 illud
1127 3745 1261 3805 Verbum
1277 3763 1402 3820 sunum,
1425 3743 1708 3821 immebensibile,
1724 3751 1761 3806 ut
1775 3747 1813 3819 is,

383 3829 459 3910 qud
479 3830 578 3891 Lxx
601 3829 728 3891 Denter.
752 3834 817 3905 ib,
844 3833 954 3893 citente
979 3834 1068 3894 etiam
1121 3833 1177 3908 qui
1192 3848 1231 3892 ec
1245 3830 1376 3892 adverso
1392 3840 1445 3905 est,
1472 3839 1629 3907 vereatur,
1650 3833 1733 3893 nibil
1754 3832 1813 3892 bo·

380 3909 473 3978 hle
489 3920 506 3977 1
522 3914 592 3978 Cor.
609 3921 655 3979 a:
676 3909 711 3975 ab
726 3910 888 3995 φιμώσεις,
908 3937 976 3981 non
991 3920 1067 3978 alli·
1121 3917 1195 3978 bens
1209 3918 1330 3979 malum
1344 3919 1447 3980 dicem
1461 3919 1500 3978 de
1515 3919 1614 3980 nobis.

375 4001 463 4078 nabis
476 4021 511 4065 os
525 4003 599 4064 boui
621 4007 799 4067 trituranti
825 4005 960 4067 Verbum
976 4005 1066 4066 dedu·
1166 4007 1215 4064 16.
1239 4006 1335 4082 Quasi
1349 4006 1450 4082 liberi,
1475 4013 1504 4066 et
1519 4025 1586 4067 non
1609 4007 1702 4083 quasi
1724 4005 1814 4067 velu-

374 4091 454 4152 dur
475 4111 495 4150 a
516 4091 638 4152 nomine
660 4084 771 4169 φίμος,
798 4091 879 4173 quod
904 4094 983 4153 inter
1007 4092 1068 4153 alia
1121 4109 1195 4153 men
1208 4091 1356 4153 tabentes
1370 4094 1514 4153 malitiae
1529 4093 1712 4154 libertatem
1736 4089 1813 4154 (ion-

371 4173 524 4256 dflnificat
550 4197 681 4252 umam,
710 4179 939 4241 instrumentum
965 4190 1068 4260 aptum
1121 4178 1265 4238 struenda
1293 4188 1339 4239 est
1367 4179 1442 4240 baec
1470 4199 1541 4260 pers
1571 4200 1638 4241 curn
1668 4181 1814 4259 superiori

372 4264 489 4326 uad
503 4262 682 4325 benaudum
705 4264 801 4339 modo,
824 4266 878 4327 sed
900 4275 932 4327 et
946 4265 984 4326 ad
1001 4285 1067 4326 con·
1121 4264 1230 4327 verbo:
1255 4256 1439 4344 ὑποτάγητε,
1460 4266 1589 4342 subjecti
1604 4275 1707 4343 estote,
1732 4266 1813 4348 quod

376 4349 583 4432 tingendum
595 4350 762 4412 forinsecus
782 4372 835 4413 ora
855 4352 954 4427 boum,
976 4372 1067 4431 aquo·
1121 4351 1194 4412 iacit
1210 4349 1421 4427 Oecumcnius,
1446 4362 1566 4414 auctore
1580 4352 1814 4434 chrysostom03

371 4449 448 4512 m.
458 4438 617 4500 mulorum.
639 4438 784 4499 Ermmus
795 4439 852 4500 boe
862 4442 950 4501 modo
961 4441 1067 4502 vertit:
1121 4458 1189 4513 non,
1205 4447 1238 4499 ut
1248 4437 1339 4514 Beda,
1355 4460 1420 4500 cum
1437 4443 1596 4521 participio
1613 4441 1814 4519 benefacien-

386 4521 660 4604 iltbenefaciendo
679 4525 829 4587 obturetis
843 4545 877 4587 os
890 4526 1069 4589 bominibus
1121 4534 1166 4587 tes
1172 4571 1183 4602 ,
1209 4526 1291 4607 quod
1313 4527 1344 4586 in
1365 4525 1481 4588 Graeco
1509 4526 1621 4588 diversi
1643 4536 1692 4588 est
1716 4546 1814 4589 casus.

371 4612 758 4689 memorantibus.
782 4615 886 4674 Potest
896 4614 935 4675 ad
947 4633 1068 4675 sensum
1121 4612 1307 4687 Notandum,
1334 4612 1462 4693 duplicis
1485 4612 1634 4674 libertatis
1655 4622 1814 4696 praetextu

371 4699 462 4762 anm
484 4702 529 4760 ita
550 4701 644 4759 vertis
672 4700 712 4760 Ut
734 4700 959 4778 benefaciendo
982 4702 1068 4761 cobi-
1122 4700 1281 4782 quosdam,
1307 4701 1358 4781 qui
1380 4700 1500 4762 Christo
1526 4720 1635 4762 noman
1660 4699 1816 4775 dederant,

371 4781 707 4864 bsascereprtmcta
717 4790 1069 4849 amentiumbominum
1122 4789 1232 4849 abusos
1254 4787 1346 4849 fuisse
1370 4786 1408 4847 ad
1430 4787 1624 4868 peccandum.
1657 4788 1736 4848 Nam
1760 4788 1814 4849 Ju-

371 4873 603 4954 ipnorantiam.
639 4876 822 4934 Amentium
849 4878 916 4936 sive
942 4878 1068 4950 impru-
1123 4876 1191 4936 daei
1213 4874 1350 4954 quidem,
1377 4875 1457 4954 quod
1482 4885 1581 4936 emant
1602 4874 1663 4935 Dei
1685 4875 1815 4955 populns

373 4959 515 5027 datium
527 4979 595 5022 cum
607 4962 795 5035 tonoranttu
807 4963 972 5042 conjungit,
988 4963 1068 5041 quia,
1122 4961 1292 5043 peculiaris,
1313 4960 1424 5021 liberos
1446 4981 1479 5022 se
1494 4981 1560 5024 esse
1582 4961 1726 5023 velebant
1741 4983 1760 5023 a
1773 4961 1815 5022 le·

372 5053 427 5132 qai
440 5051 545 5114 oron
559 5048 710 5127 ignotam,
731 5048 818 5110 iacile
830 5067 886 5130 per
899 5047 1069 5130 impruden·
1124 5048 1213 5129 gibus
1232 5048 1398 5110 alienorum
1418 5050 1598 5132 principum,
1619 5058 1652 5111 et
1664 5069 1683 5109 a
1697 5048 1817 5112 tributis
