<?xml version="1.0" encoding="UTF-8"?>
<!DOCTYPE html PUBLIC "-//W3C//DTD XHTML 1.0 Transitional//EN"
    "http://www.w3.org/TR/xhtml1/DTD/xhtml1-transitional.dtd">
<html xmlns="http://www.w3.org/1999/xhtml" xml:lang="en" lang="en">
 <head>
  <title>
</title>
<meta http-equiv="Content-Type" content="text/html;charset=utf-8" />
  <meta name='ocr-system' content='tesseract 3.04.00' />
  <meta name='ocr-capabilities' content='ocr_page ocr_carea ocr_par ocr_line ocrx_word'/>
</head>
<body>
  <div class='ocr_page' id='page_1' title='image "./guilielmiestiii01estigoog_0516.png"; bbox 0 0 4442 5825; ppageno 0'>
   <div class='ocr_carea' id='block_1_1' title="bbox 398 569 1312 644">
    <p class='ocr_par' dir='ltr' id='par_1_1' title="bbox 398 569 1312 644">
     <span class='ocr_line' id='line_1_1' title="bbox 398 569 1312 644; baseline -0.02 0"><span class='ocrx_word' id='word_1_1' title='bbox 398 575 476 644; x_wconf 73' lang='lat' dir='ltr'>tut</span> <span class='ocrx_word' id='word_1_2' title='bbox 903 569 1312 628; x_wconf 69' lang='lat' dir='ltr'>rsonaurranosnoam</span> 
     </span>
    </p>
   </div>
   <div class='ocr_carea' id='block_1_2' title="bbox 386 741 1857 4998">
    <p class='ocr_par' dir='ltr' id='par_1_2' title="bbox 386 741 1857 4998">
     <span class='ocr_line' id='line_1_2' title="bbox 393 741 1816 825; baseline 0 -20"><span class='ocrx_word' id='word_1_3' title='bbox 393 763 484 820; x_wconf 68' lang='lat' dir='ltr'>uum,</span> <span class='ocrx_word' id='word_1_4' title='bbox 511 741 629 805; x_wconf 81' lang='lat' dir='ltr'>ridetur</span> <span class='ocrx_word' id='word_1_5' title='bbox 650 743 698 803; x_wconf 84' lang='lat' dir='ltr'>hic</span> <span class='ocrx_word' id='word_1_6' title='bbox 719 754 825 806; x_wconf 67' lang='lat' dir='ltr'>nnana</span> <span class='ocrx_word' id='word_1_7' title='bbox 847 763 930 806; x_wconf 83' lang='lat' dir='ltr'>esso:</span> <span class='ocrx_word' id='word_1_8' title='bbox 958 745 1085 825; x_wconf 74' lang='lat' dir='ltr'>Diligite</span> <span class='ocrx_word' id='word_1_9' title='bbox 1141 749 1269 809; x_wconf 74' lang='lat' dir='ltr'>eremit</span> <span class='ocrx_word' id='word_1_10' title='bbox 1296 748 1448 824; x_wconf 74' lang='lat' dir='ltr'>foenum,</span> <span class='ocrx_word' id='word_1_11' title='bbox 1480 754 1510 807; x_wconf 84' lang='lat' dir='ltr'>et</span> <span class='ocrx_word' id='word_1_12' title='bbox 1540 747 1603 825; x_wconf 69' lang='lat' dir='ltr'>tice</span> <span class='ocrx_word' id='word_1_13' title='bbox 1625 747 1692 820; x_wconf 69' lang='lat' dir='ltr'>eju</span> <span class='ocrx_word' id='word_1_14' title='bbox 1715 741 1816 805; x_wconf 61' lang='lat' dir='ltr'>tata</span> 
     </span>
     <span class='ocr_line' id='line_1_3' title="bbox 393 830 1816 910; baseline 0.001 -20"><span class='ocrx_word' id='word_1_15' title='bbox 393 851 451 891; x_wconf 83' lang='lat' dir='ltr'>voa</span> <span class='ocrx_word' id='word_1_16' title='bbox 465 831 593 891; x_wconf 84' lang='lat' dir='ltr'>invicem</span> <span class='ocrx_word' id='word_1_17' title='bbox 616 846 655 890; x_wconf 77' lang='lat' dir='ltr'>ex</span> <span class='ocrx_word' id='word_1_18' title='bbox 670 844 743 909; x_wconf 78' lang='lat' dir='ltr'>puro</span> <span class='ocrx_word' id='word_1_19' title='bbox 767 830 860 891; x_wconf 84' lang='lat' dir='ltr'>corde</span> <span class='ocrx_word' id='word_1_20' title='bbox 879 833 909 893; x_wconf 88' lang='lat' dir='ltr'>io</span> <span class='ocrx_word' id='word_1_21' title='bbox 923 831 1085 893; x_wconf 73' lang='lat' dir='ltr'><strong>fraternam</strong></span> <span class='ocrx_word' id='word_1_22' title='bbox 1140 833 1243 895; x_wconf 87' lang='lat' dir='ltr'>Verba</span> <span class='ocrx_word' id='word_1_23' title='bbox 1258 842 1379 900; x_wconf 83' lang='lat' dir='ltr'>sumpta</span> <span class='ocrx_word' id='word_1_24' title='bbox 1394 841 1464 894; x_wconf 70' lang='lat' dir='ltr'>stant</span> <span class='ocrx_word' id='word_1_25' title='bbox 1474 852 1513 893; x_wconf 81' lang='lat' dir='ltr'>ex</span> <span class='ocrx_word' id='word_1_26' title='bbox 1525 831 1593 893; x_wconf 78' lang='lat' dir='ltr'>des.</span> <span class='ocrx_word' id='word_1_27' title='bbox 1605 832 1657 893; x_wconf 81' lang='lat'>40.</span> <span class='ocrx_word' id='word_1_28' title='bbox 1669 832 1755 910; x_wconf 85' lang='lat' dir='ltr'>juxta</span> <span class='ocrx_word' id='word_1_29' title='bbox 1765 849 1816 892; x_wconf 77' lang='lat' dir='ltr'>ttr-</span> 
     </span>
     <span class='ocr_line' id='line_1_4' title="bbox 394 916 1821 999; baseline -0.001 -21"><span class='ocrx_word' id='word_1_30' title='bbox 394 919 574 989; x_wconf 80' lang='lat' dir='ltr'>serietatem,</span> <span class='ocrx_word' id='word_1_31' title='bbox 590 918 663 976; x_wconf 83' lang='lat' dir='ltr'>acsi</span> <span class='ocrx_word' id='word_1_32' title='bbox 675 916 804 979; x_wconf 68' lang='lat' dir='ltr'>disereti</span> <span class='ocrx_word' id='word_1_33' title='bbox 818 918 854 980; x_wconf 81' lang='lat' dir='ltr'>lo</span> <span class='ocrx_word' id='word_1_34' title='bbox 871 936 962 979; x_wconf 85' lang='lat' dir='ltr'>unum</span> <span class='ocrx_word' id='word_1_35' title='bbox 978 939 1086 998; x_wconf 85' lang='lat' dir='ltr'>corpus</span> <span class='ocrx_word' id='word_1_36' title='bbox 1140 922 1253 981; x_wconf 85' lang='lat' dir='ltr'>sionem</span> <span class='ocrx_word' id='word_1_37' title='bbox 1268 921 1367 980; x_wconf 87' lang='lat' dir='ltr'>LXX.</span> <span class='ocrx_word' id='word_1_38' title='bbox 1400 919 1488 999; x_wconf 77' lang='lat' dir='ltr'>Quae</span> <span class='ocrx_word' id='word_1_39' title='bbox 1504 919 1630 997; x_wconf 90' lang='lat' dir='ltr'>quidem</span> <span class='ocrx_word' id='word_1_40' title='bbox 1645 918 1684 978; x_wconf 89' lang='lat' dir='ltr'>ab</span> <span class='ocrx_word' id='word_1_41' title='bbox 1700 916 1821 977; x_wconf 83' lang='lat' dir='ltr'>Hebraeo</span> 
     </span>
     <span class='ocr_line' id='line_1_5' title="bbox 394 999 1819 1085; baseline -0.001 -21"><span class='ocrx_word' id='word_1_42' title='bbox 394 1002 459 1082; x_wconf 89' lang='lat' dir='ltr'>(aut</span> <span class='ocrx_word' id='word_1_43' title='bbox 489 999 659 1081; x_wconf 75' lang='lat' dir='ltr'><strong>collegium)</strong></span> <span class='ocrx_word' id='word_1_44' title='bbox 690 1002 839 1066; x_wconf 83' lang='lat' dir='ltr'>iraternas</span> <span class='ocrx_word' id='word_1_45' title='bbox 869 1007 1013 1066; x_wconf 79' lang='lat' dir='ltr'>caritatis·</span> <span class='ocrx_word' id='word_1_46' title='bbox 1051 1005 1085 1065; x_wconf 87' lang='lat' dir='ltr'>ld</span> <span class='ocrx_word' id='word_1_47' title='bbox 1139 1027 1200 1067; x_wconf 89' lang='lat' dir='ltr'>non</span> <span class='ocrx_word' id='word_1_48' title='bbox 1223 1006 1343 1079; x_wconf 85' lang='lat' dir='ltr'>dietant,</span> <span class='ocrx_word' id='word_1_49' title='bbox 1368 1007 1428 1065; x_wconf 88' lang='lat' dir='ltr'>nisi</span> <span class='ocrx_word' id='word_1_50' title='bbox 1452 1004 1532 1085; x_wconf 87' lang='lat' dir='ltr'>quod</span> <span class='ocrx_word' id='word_1_51' title='bbox 1555 1026 1627 1084; x_wconf 90' lang='lat' dir='ltr'>pro:</span> <span class='ocrx_word' id='word_1_52' title='bbox 1649 1006 1728 1083; x_wconf 67' lang='lat' dir='ltr'>tiore</span> <span class='ocrx_word' id='word_1_53' title='bbox 1747 1003 1819 1079; x_wconf 71' lang='lat' dir='ltr'>ferai</span> 
     </span>
     <span class='ocr_line' id='line_1_6' title="bbox 393 1083 1818 1169; baseline -0.002 -16"><span class='ocrx_word' id='word_1_54' title='bbox 393 1093 471 1153; x_wconf 80' lang='lat' dir='ltr'>enim</span> <span class='ocrx_word' id='word_1_55' title='bbox 489 1089 617 1168; x_wconf 76' lang='lat' dir='ltr'>intelligi</span> <span class='ocrx_word' id='word_1_56' title='bbox 640 1098 739 1167; x_wconf 88' lang='lat' dir='ltr'>potest</span> <span class='ocrx_word' id='word_1_57' title='bbox 753 1093 872 1152; x_wconf 82' lang='lat' dir='ltr'>nomiae</span> <span class='ocrx_word' id='word_1_58' title='bbox 890 1086 1084 1169; x_wconf 70' lang='lat' dir='ltr'>prtetrptar.</span> <span class='ocrx_word' id='word_1_59' title='bbox 1140 1112 1193 1153; x_wconf 86' lang='lat' dir='ltr'>sen</span> <span class='ocrx_word' id='word_1_60' title='bbox 1214 1095 1381 1169; x_wconf 72' lang='lat' dir='ltr'>promittis,</span> <span class='ocrx_word' id='word_1_61' title='bbox 1409 1092 1541 1153; x_wconf 88' lang='lat' dir='ltr'>Graece:</span> <span class='ocrx_word' id='word_1_62' title='bbox 1568 1083 1696 1168; x_wconf 78' lang='grc' dir='ltr'><strong>χόρτου,</strong></span> <span class='ocrx_word' id='word_1_63' title='bbox 1723 1091 1753 1149; x_wconf 88' lang='lat' dir='ltr'>in</span> <span class='ocrx_word' id='word_1_64' title='bbox 1769 1089 1818 1150; x_wconf 82' lang='lat' dir='ltr'>lle·</span> 
     </span>
     <span class='ocr_line' id='line_1_7' title="bbox 391 1176 1818 1258; baseline -0.002 -19"><span class='ocrx_word' id='word_1_65' title='bbox 391 1180 434 1239; x_wconf 79' lang='lat' dir='ltr'>Et</span> <span class='ocrx_word' id='word_1_66' title='bbox 458 1178 538 1237; x_wconf 76' lang='lat' dir='ltr'>haee</span> <span class='ocrx_word' id='word_1_67' title='bbox 557 1178 766 1255; x_wconf 85' lang='lat' dir='ltr'>interpretatio</span> <span class='ocrx_word' id='word_1_68' title='bbox 790 1199 895 1258; x_wconf 86' lang='lat' dir='ltr'>parom</span> <span class='ocrx_word' id='word_1_69' title='bbox 922 1179 1020 1238; x_wconf 77' lang='lat' dir='ltr'>differt</span> <span class='ocrx_word' id='word_1_70' title='bbox 1046 1179 1090 1239; x_wconf 79' lang='lat' dir='ltr'>ab·</span> <span class='ocrx_word' id='word_1_71' title='bbox 1139 1181 1229 1240; x_wconf 86' lang='lat' dir='ltr'>braeo</span> <span class='ocrx_word' id='word_1_72' title='bbox 1245 1190 1304 1241; x_wconf 86' lang='lat' dir='ltr'>est:</span> <span class='ocrx_word' id='word_1_73' title='bbox 1324 1182 1383 1258; x_wconf 71' lang='lat' dir='ltr'>{toa</span> <span class='ocrx_word' id='word_1_74' title='bbox 1398 1182 1478 1255; x_wconf 74' lang='lat' dir='ltr'>apri.</span> <span class='ocrx_word' id='word_1_75' title='bbox 1503 1177 1596 1257; x_wconf 81' lang='lat' dir='ltr'>Quod</span> <span class='ocrx_word' id='word_1_76' title='bbox 1611 1179 1644 1238; x_wconf 90' lang='lat' dir='ltr'>in</span> <span class='ocrx_word' id='word_1_77' title='bbox 1659 1176 1818 1238; x_wconf 80' lang='lat' dir='ltr'>aeasunilril</span> 
     </span>
     <span class='ocr_line' id='line_1_8' title="bbox 392 1263 1817 1344; baseline -0.002 -19"><span class='ocrx_word' id='word_1_78' title='bbox 392 1263 565 1325; x_wconf 85' lang='lat' dir='ltr'>Oecumanii</span> <span class='ocrx_word' id='word_1_79' title='bbox 577 1268 803 1338; x_wconf 74' lang='lat' dir='ltr'>commentario,</span> <span class='ocrx_word' id='word_1_80' title='bbox 819 1265 870 1343; x_wconf 89' lang='lat' dir='ltr'>qni</span> <span class='ocrx_word' id='word_1_81' title='bbox 886 1266 1085 1344; x_wconf 79' lang='lat' dir='ltr'>praepositio·</span> <span class='ocrx_word' id='word_1_82' title='bbox 1139 1276 1244 1326; x_wconf 84' lang='lat' dir='ltr'>mutat.</span> <span class='ocrx_word' id='word_1_83' title='bbox 1269 1266 1439 1327; x_wconf 83' lang='lat' dir='ltr'>Adducitur</span> <span class='ocrx_word' id='word_1_84' title='bbox 1453 1274 1551 1326; x_wconf 88' lang='lat' dir='ltr'>autem</span> <span class='ocrx_word' id='word_1_85' title='bbox 1564 1264 1738 1343; x_wconf 75' lang='lat' dir='ltr'>Prophetae</span> <span class='ocrx_word' id='word_1_86' title='bbox 1750 1263 1817 1322; x_wconf 81' lang='lat' dir='ltr'>loeus</span> 
     </span>
     <span class='ocr_line' id='line_1_9' title="bbox 390 1341 1817 1431; baseline -0.001 -21"><span class='ocrx_word' id='word_1_87' title='bbox 390 1342 522 1419; x_wconf 73' lang='lat' dir='ltr'>nemraic</span> <span class='ocrx_word' id='word_1_88' title='bbox 536 1371 590 1430; x_wconf 90' lang='lat' dir='ltr'>pro</span> <span class='ocrx_word' id='word_1_89' title='bbox 605 1341 657 1407; x_wconf 78' lang='lat' dir='ltr'>ert</span> <span class='ocrx_word' id='word_1_90' title='bbox 679 1353 811 1431; x_wconf 72' lang='lat' dir='ltr'>positam«</span> <span class='ocrx_word' id='word_1_91' title='bbox 822 1359 915 1431; x_wconf 86' lang='lat' dir='ltr'>putat,</span> <span class='ocrx_word' id='word_1_92' title='bbox 940 1353 1028 1430; x_wconf 60' lang='grc' dir='ltr'>φακοὶ·</span> <span class='ocrx_word' id='word_1_93' title='bbox 1043 1351 1086 1411; x_wconf 74' lang='lat' dir='ltr'>dt</span> <span class='ocrx_word' id='word_1_94' title='bbox 1139 1353 1177 1412; x_wconf 94' lang='lat' dir='ltr'>ad</span> <span class='ocrx_word' id='word_1_95' title='bbox 1194 1353 1424 1415; x_wconf 75' lang='lat' dir='ltr'>declarationem</span> <span class='ocrx_word' id='word_1_96' title='bbox 1448 1353 1607 1430; x_wconf 79' lang='lat' dir='ltr'>utriusque</span> <span class='ocrx_word' id='word_1_97' title='bbox 1622 1350 1751 1422; x_wconf 83' lang='lat' dir='ltr'>seminis,</span> <span class='ocrx_word' id='word_1_98' title='bbox 1769 1367 1817 1409; x_wconf 82' lang='lat' dir='ltr'>our·</span> 
     </span>
     <span class='ocr_line' id='line_1_10' title="bbox 391 1435 1816 1520; baseline -0.002 -22"><span class='ocrx_word' id='word_1_99' title='bbox 391 1438 502 1499; x_wconf 77' lang='lat' dir='ltr'>risset:</span> <span class='ocrx_word' id='word_1_100' title='bbox 539 1445 672 1513; x_wconf 77' lang='lat' dir='ltr'>propter</span> <span class='ocrx_word' id='word_1_101' title='bbox 700 1442 865 1499; x_wconf 75' lang='lat' dir='ltr'>toritatem</span> <span class='ocrx_word' id='word_1_102' title='bbox 892 1440 1084 1515; x_wconf 65' lang='lat' dir='ltr'>fraternam.</span> <span class='ocrx_word' id='word_1_103' title='bbox 1140 1440 1289 1520; x_wconf 76' lang='lat' dir='ltr'>reptibilia</span> <span class='ocrx_word' id='word_1_104' title='bbox 1313 1450 1344 1501; x_wconf 88' lang='lat' dir='ltr'>at</span> <span class='ocrx_word' id='word_1_105' title='bbox 1367 1438 1617 1518; x_wconf 80' lang='lat' dir='ltr'>incorruptibilis.</span> <span class='ocrx_word' id='word_1_106' title='bbox 1639 1437 1726 1497; x_wconf 82' lang='lat' dir='ltr'>Nam</span> <span class='ocrx_word' id='word_1_107' title='bbox 1742 1435 1816 1495; x_wconf 82' lang='lat' dir='ltr'>rerba</span> 
     </span>
     <span class='ocr_line' id='line_1_11' title="bbox 391 1522 1816 1605; baseline -0.002 -20"><span class='ocrx_word' id='word_1_108' title='bbox 391 1525 486 1585; x_wconf 77' lang='lat' dir='ltr'>Porro</span> <span class='ocrx_word' id='word_1_109' title='bbox 516 1543 632 1583; x_wconf 83' lang='lat' dir='ltr'>summa</span> <span class='ocrx_word' id='word_1_110' title='bbox 661 1527 752 1586; x_wconf 78' lang='lat' dir='ltr'>tutius</span> <span class='ocrx_word' id='word_1_111' title='bbox 781 1526 994 1586; x_wconf 77' lang='lat' dir='ltr'>exhortationis</span> <span class='ocrx_word' id='word_1_112' title='bbox 1021 1535 1085 1585; x_wconf 83' lang='lat' dir='ltr'>eet:</span> <span class='ocrx_word' id='word_1_113' title='bbox 1135 1527 1200 1605; x_wconf 80' lang='lat' dir='ltr'>jam</span> <span class='ocrx_word' id='word_1_114' title='bbox 1215 1528 1345 1588; x_wconf 86' lang='lat' dir='ltr'>recitata</span> <span class='ocrx_word' id='word_1_115' title='bbox 1367 1525 1482 1596; x_wconf 85' lang='lat' dir='ltr'>docent,</span> <span class='ocrx_word' id='word_1_116' title='bbox 1505 1525 1657 1586; x_wconf 82' lang='lat' dir='ltr'>horninem</span> <span class='ocrx_word' id='word_1_117' title='bbox 1680 1522 1816 1584; x_wconf 79' lang='lat' dir='ltr'>earnalitet</span> 
     </span>
     <span class='ocr_line' id='line_1_12' title="bbox 390 1607 1814 1693; baseline -0.002 -22"><span class='ocrx_word' id='word_1_118' title='bbox 390 1611 476 1672; x_wconf 81' lang='lat' dir='ltr'>Sicut</span> <span class='ocrx_word' id='word_1_119' title='bbox 490 1612 639 1691; x_wconf 85' lang='lat' dir='ltr'>purificati</span> <span class='ocrx_word' id='word_1_120' title='bbox 655 1611 805 1682; x_wconf 83' lang='lat' dir='ltr'>estis-tide,</span> <span class='ocrx_word' id='word_1_121' title='bbox 822 1614 865 1672; x_wconf 88' lang='lat' dir='ltr'>sio</span> <span class='ocrx_word' id='word_1_122' title='bbox 876 1615 968 1673; x_wconf 90' lang='lat' dir='ltr'>etiam</span> <span class='ocrx_word' id='word_1_123' title='bbox 980 1628 1083 1692; x_wconf 83' lang='lat' dir='ltr'>puram</span> <span class='ocrx_word' id='word_1_124' title='bbox 1139 1625 1241 1674; x_wconf 85' lang='lat' dir='ltr'>natum</span> <span class='ocrx_word' id='word_1_125' title='bbox 1257 1610 1320 1693; x_wconf 90' lang='lat' dir='ltr'>(qui</span> <span class='ocrx_word' id='word_1_126' title='bbox 1336 1611 1461 1693; x_wconf 89' lang='lat' dir='ltr'>proinde</span> <span class='ocrx_word' id='word_1_127' title='bbox 1477 1612 1574 1672; x_wconf 86' lang='lat' dir='ltr'>earnis</span> <span class='ocrx_word' id='word_1_128' title='bbox 1590 1611 1710 1671; x_wconf 73' lang='lat' dir='ltr'>nonina</span> <span class='ocrx_word' id='word_1_129' title='bbox 1724 1607 1814 1689; x_wconf 71' lang='lat' dir='ltr'>egnit·</span> 
     </span>
     <span class='ocr_line' id='line_1_13' title="bbox 392 1693 1813 1780; baseline -0.003 -21"><span class='ocrx_word' id='word_1_130' title='bbox 392 1698 537 1777; x_wconf 81' lang='lat' dir='ltr'>deinceps</span> <span class='ocrx_word' id='word_1_131' title='bbox 563 1697 705 1760; x_wconf 79' lang='lat' dir='ltr'>ex&#39;lribats</span> <span class='ocrx_word' id='word_1_132' title='bbox 735 1701 888 1760; x_wconf 81' lang='lat' dir='ltr'>raritatem</span> <span class='ocrx_word' id='word_1_133' title='bbox 918 1701 948 1758; x_wconf 89' lang='lat' dir='ltr'>in</span> <span class='ocrx_word' id='word_1_134' title='bbox 980 1709 1083 1761; x_wconf 86' lang='lat' dir='ltr'>vestra</span> <span class='ocrx_word' id='word_1_135' title='bbox 1139 1698 1244 1775; x_wconf 84' lang='lat' dir='ltr'>catur),</span> <span class='ocrx_word' id='word_1_136' title='bbox 1268 1702 1406 1780; x_wconf 85' lang='lat' dir='ltr'>quamvis</span> <span class='ocrx_word' id='word_1_137' title='bbox 1421 1696 1461 1757; x_wconf 90' lang='lat' dir='ltr'>ad</span> <span class='ocrx_word' id='word_1_138' title='bbox 1476 1707 1595 1777; x_wconf 87' lang='lat' dir='ltr'>tempus</span> <span class='ocrx_word' id='word_1_139' title='bbox 1609 1698 1722 1768; x_wconf 88' lang='lat' dir='ltr'>floreat,</span> <span class='ocrx_word' id='word_1_140' title='bbox 1743 1693 1813 1755; x_wconf 66' lang='lat' dir='ltr'>rada</span> 
     </span>
     <span class='ocr_line' id='line_1_14' title="bbox 391 1783 1812 1865; baseline -0.003 -19"><span class='ocrx_word' id='word_1_141' title='bbox 391 1786 623 1857; x_wconf 82' lang='lat' dir='ltr'>conversatibne,</span> <span class='ocrx_word' id='word_1_142' title='bbox 640 1794 672 1844; x_wconf 90' lang='lat' dir='ltr'>nt</span> <span class='ocrx_word' id='word_1_143' title='bbox 687 1789 807 1847; x_wconf 89' lang='lat' dir='ltr'>actione</span> <span class='ocrx_word' id='word_1_144' title='bbox 817 1785 1017 1865; x_wconf 74' lang='lat' dir='ltr'>respondeant</span> <span class='ocrx_word' id='word_1_145' title='bbox 1031 1805 1082 1864; x_wconf 81' lang='lat' dir='ltr'>ge·</span> <span class='ocrx_word' id='word_1_146' title='bbox 1139 1807 1205 1846; x_wconf 89' lang='lat' dir='ltr'>cum</span> <span class='ocrx_word' id='word_1_147' title='bbox 1220 1796 1252 1848; x_wconf 90' lang='lat' dir='ltr'>st</span> <span class='ocrx_word' id='word_1_148' title='bbox 1265 1786 1420 1847; x_wconf 80' lang='lat' dir='ltr'>mortalem</span> <span class='ocrx_word' id='word_1_149' title='bbox 1437 1803 1512 1856; x_wconf 85' lang='lat' dir='ltr'>esse,</span> <span class='ocrx_word' id='word_1_150' title='bbox 1536 1786 1633 1845; x_wconf 85' lang='lat' dir='ltr'>instar</span> <span class='ocrx_word' id='word_1_151' title='bbox 1647 1783 1755 1843; x_wconf 85' lang='lat' dir='ltr'>herbae</span> <span class='ocrx_word' id='word_1_152' title='bbox 1766 1798 1812 1842; x_wconf 71' lang='lat' dir='ltr'>aa</span> 
     </span>
     <span class='ocr_line' id='line_1_15' title="bbox 390 1869 1813 1952; baseline -0.004 -19"><span class='ocrx_word' id='word_1_153' title='bbox 390 1873 556 1944; x_wconf 73' lang='lat' dir='ltr'>nerauoni,</span> <span class='ocrx_word' id='word_1_154' title='bbox 582 1878 736 1950; x_wconf 65' lang='lat' dir='ltr'>monam</span> <span class='ocrx_word' id='word_1_155' title='bbox 762 1873 826 1934; x_wconf 83' lang='lat' dir='ltr'>vite</span> <span class='ocrx_word' id='word_1_156' title='bbox 847 1871 979 1933; x_wconf 87' lang='lat' dir='ltr'>secunda</span> <span class='ocrx_word' id='word_1_157' title='bbox 1002 1876 1084 1933; x_wconf 86' lang='lat' dir='ltr'>vitae</span> <span class='ocrx_word' id='word_1_158' title='bbox 1139 1876 1251 1934; x_wconf 64' lang='lat' dir='ltr'>scenas</span> <span class='ocrx_word' id='word_1_159' title='bbox 1263 1875 1294 1933; x_wconf 91' lang='lat' dir='ltr'>in</span> <span class='ocrx_word' id='word_1_160' title='bbox 1306 1894 1388 1952; x_wconf 72' lang='lat' dir='ltr'>agro,</span> <span class='ocrx_word' id='word_1_161' title='bbox 1401 1869 1738 1952; x_wconf 83' lang='lat' dir='ltr'>quaepulcbritudinem</span> <span class='ocrx_word' id='word_1_162' title='bbox 1748 1886 1813 1927; x_wconf 85' lang='lat' dir='ltr'>enan</span> 
     </span>
     <span class='ocr_line' id='line_1_16' title="bbox 391 1953 1813 2040; baseline -0.004 -21"><span class='ocrx_word' id='word_1_163' title='bbox 391 1960 514 2040; x_wconf 82' lang='lat' dir='ltr'>primae,</span> <span class='ocrx_word' id='word_1_164' title='bbox 529 1957 568 2018; x_wconf 78' lang='lat' dir='ltr'>tle</span> <span class='ocrx_word' id='word_1_165' title='bbox 583 1970 646 2037; x_wconf 82' lang='lat' dir='ltr'>qu&#39;a</span> <span class='ocrx_word' id='word_1_166' title='bbox 658 1962 811 2038; x_wconf 85' lang='lat' dir='ltr'>sequitur:</span> <span class='ocrx_word' id='word_1_167' title='bbox 1139 1963 1199 2020; x_wconf 87' lang='lat' dir='ltr'>cito</span> <span class='ocrx_word' id='word_1_168' title='bbox 1214 1962 1338 2020; x_wconf 74' lang='lat' dir='ltr'>amittit</span> <span class='ocrx_word' id='word_1_169' title='bbox 1359 1957 1450 2038; x_wconf 79' lang='lat' dir='ltr'>Quod</span> <span class='ocrx_word' id='word_1_170' title='bbox 1472 1958 1498 2018; x_wconf 89' lang='lat' dir='ltr'>si</span> <span class='ocrx_word' id='word_1_171' title='bbox 1518 1957 1609 2018; x_wconf 87' lang='lat' dir='ltr'>bomo</span> <span class='ocrx_word' id='word_1_172' title='bbox 1632 1953 1813 2034; x_wconf 80' lang='lat' dir='ltr'>corruptibilis</span> 
     </span>
     <span class='ocr_line' id='line_1_17' title="bbox 435 2044 1812 2124; baseline -0.004 -18"><span class='ocrx_word' id='word_1_173' title='bbox 435 2047 485 2108; x_wconf 70' lang='lat'>23.</span> <span class='ocrx_word' id='word_1_174' title='bbox 502 2047 621 2107; x_wconf 80' lang='lat' dir='ltr'>Reautr&#39;</span> <span class='ocrx_word' id='word_1_175' title='bbox 628 2050 866 2108; x_wconf 69' lang='lat' dir='ltr'>noncaeemt&#39;sse</span> <span class='ocrx_word' id='word_1_176' title='bbox 873 2046 1087 2122; x_wconf 79' lang='lat' dir='ltr'>corruptibili,</span> <span class='ocrx_word' id='word_1_177' title='bbox 1139 2057 1187 2108; x_wconf 86' lang='lat' dir='ltr'>est</span> <span class='ocrx_word' id='word_1_178' title='bbox 1201 2056 1233 2107; x_wconf 88' lang='lat' dir='ltr'>et</span> <span class='ocrx_word' id='word_1_179' title='bbox 1247 2045 1390 2117; x_wconf 85' lang='lat' dir='ltr'>mortalis,</span> <span class='ocrx_word' id='word_1_180' title='bbox 1413 2046 1505 2124; x_wconf 81' lang='lat' dir='ltr'>igitur</span> <span class='ocrx_word' id='word_1_181' title='bbox 1520 2053 1551 2103; x_wconf 90' lang='lat' dir='ltr'>et</span> <span class='ocrx_word' id='word_1_182' title='bbox 1570 2063 1675 2107; x_wconf 84' lang='lat' dir='ltr'>semen</span> <span class='ocrx_word' id='word_1_183' title='bbox 1691 2044 1752 2121; x_wconf 72' lang='lat' dir='ltr'>ejus</span> <span class='ocrx_word' id='word_1_184' title='bbox 1765 2061 1812 2101; x_wconf 85' lang='lat' dir='ltr'>eor·</span> 
     </span>
     <span class='ocr_line' id='line_1_18' title="bbox 389 2126 1812 2215; baseline -0.005 -21"><span class='ocrx_word' id='word_1_185' title='bbox 389 2133 704 2209; x_wconf 53' lang='lat' dir='ltr'>inincorruptibile.</span> <span class='ocrx_word' id='word_1_186' title='bbox 727 2134 877 2215; x_wconf 70' lang='lat' dir='ltr'>Quoniam</span> <span class='ocrx_word' id='word_1_187' title='bbox 892 2132 1086 2193; x_wconf 78' lang='lat' dir='ltr'>fraternitatis</span> <span class='ocrx_word' id='word_1_188' title='bbox 1138 2133 1278 2214; x_wconf 80' lang='lat' dir='ltr'>reptibile</span> <span class='ocrx_word' id='word_1_189' title='bbox 1293 2142 1348 2205; x_wconf 82' lang='lat' dir='ltr'>est,</span> <span class='ocrx_word' id='word_1_190' title='bbox 1363 2141 1394 2192; x_wconf 89' lang='lat' dir='ltr'>et</span> <span class='ocrx_word' id='word_1_191' title='bbox 1409 2140 1630 2210; x_wconf 86' lang='lat' dir='ltr'>consequenter</span> <span class='ocrx_word' id='word_1_192' title='bbox 1644 2129 1685 2203; x_wconf 89' lang='lat' dir='ltr'>id,</span> <span class='ocrx_word' id='word_1_193' title='bbox 1700 2126 1773 2209; x_wconf 88' lang='lat' dir='ltr'>quod</span> <span class='ocrx_word' id='word_1_194' title='bbox 1784 2145 1812 2188; x_wconf 81' lang='lat' dir='ltr'>ex</span> 
     </span>
     <span class='ocr_line' id='line_1_19' title="bbox 390 2213 1812 2301; baseline -0.003 -23"><span class='ocrx_word' id='word_1_195' title='bbox 390 2219 722 2292; x_wconf 69' lang='lat' dir='ltr'>menmeraaosrcatit,</span> <span class='ocrx_word' id='word_1_196' title='bbox 736 2236 775 2281; x_wconf 81' lang='lat' dir='ltr'>ax</span> <span class='ocrx_word' id='word_1_197' title='bbox 788 2240 847 2301; x_wconf 87' lang='lat' dir='ltr'>qna</span> <span class='ocrx_word' id='word_1_198' title='bbox 860 2221 1085 2281; x_wconf 82' lang='lat' dir='ltr'>nativitate-nos</span> <span class='ocrx_word' id='word_1_199' title='bbox 1139 2240 1175 2282; x_wconf 92' lang='lat' dir='ltr'>eo</span> <span class='ocrx_word' id='word_1_200' title='bbox 1191 2222 1329 2292; x_wconf 85' lang='lat' dir='ltr'>nasoltur,</span> <span class='ocrx_word' id='word_1_201' title='bbox 1354 2238 1420 2279; x_wconf 84' lang='lat' dir='ltr'>esse</span> <span class='ocrx_word' id='word_1_202' title='bbox 1445 2217 1642 2292; x_wconf 79' lang='lat' dir='ltr'>corruptibile</span> <span class='ocrx_word' id='word_1_203' title='bbox 1657 2227 1690 2278; x_wconf 86' lang='lat' dir='ltr'>et</span> <span class='ocrx_word' id='word_1_204' title='bbox 1704 2213 1812 2283; x_wconf 72' lang='lat' dir='ltr'>marulo,</span> 
     </span>
     <span class='ocr_line' id='line_1_20' title="bbox 389 2301 1787 2384; baseline -0.005 -18"><span class='ocrx_word' id='word_1_205' title='bbox 389 2305 497 2366; x_wconf 68' lang='lat' dir='ltr'>fretam</span> <span class='ocrx_word' id='word_1_206' title='bbox 505 2306 623 2379; x_wconf 79' lang='lat' dir='ltr'>dixerit,</span> <span class='ocrx_word' id='word_1_207' title='bbox 636 2307 753 2368; x_wconf 88' lang='lat' dir='ltr'>scilieet</span> <span class='ocrx_word' id='word_1_208' title='bbox 760 2329 797 2369; x_wconf 81' lang='lat' dir='ltr'>ex</span> <span class='ocrx_word' id='word_1_209' title='bbox 809 2307 949 2379; x_wconf 83' lang='lat' dir='ltr'>secunda,</span> <span class='ocrx_word' id='word_1_210' title='bbox 962 2326 1022 2366; x_wconf 89' lang='lat' dir='ltr'>non</span> <span class='ocrx_word' id='word_1_211' title='bbox 1033 2325 1085 2365; x_wconf 90' lang='lat' dir='ltr'>au·</span> <span class='ocrx_word' id='word_1_212' title='bbox 1139 2308 1224 2368; x_wconf 85' lang='lat' dir='ltr'>nobis</span> <span class='ocrx_word' id='word_1_213' title='bbox 1240 2305 1467 2384; x_wconf 80' lang='lat' dir='ltr'>intelligendum</span> <span class='ocrx_word' id='word_1_214' title='bbox 1486 2304 1613 2384; x_wconf 87' lang='lat' dir='ltr'>reliquit</span> <span class='ocrx_word' id='word_1_215' title='bbox 1627 2301 1787 2383; x_wconf 81' lang='lat' dir='ltr'>Apostolus.</span> 
     </span>
     <span class='ocr_line' id='line_1_21' title="bbox 390 2389 1810 2474; baseline -0.003 -21"><span class='ocrx_word' id='word_1_216' title='bbox 390 2401 452 2454; x_wconf 88' lang='lat' dir='ltr'>tom</span> <span class='ocrx_word' id='word_1_217' title='bbox 466 2409 504 2455; x_wconf 76' lang='lat' dir='ltr'>eu</span> <span class='ocrx_word' id='word_1_218' title='bbox 520 2393 624 2474; x_wconf 88' lang='lat' dir='ltr'>prima.</span> <span class='ocrx_word' id='word_1_219' title='bbox 648 2395 724 2454; x_wconf 79' lang='lat' dir='ltr'>Nam</span> <span class='ocrx_word' id='word_1_220' title='bbox 738 2397 832 2474; x_wconf 89' lang='lat' dir='ltr'>prima</span> <span class='ocrx_word' id='word_1_221' title='bbox 845 2392 966 2474; x_wconf 88' lang='lat' dir='ltr'>quidem</span> <span class='ocrx_word' id='word_1_222' title='bbox 981 2400 1088 2454; x_wconf 88' lang='lat' dir='ltr'>nostra</span> <span class='ocrx_word' id='word_1_223' title='bbox 1182 2394 1231 2454; x_wconf 83' lang='lat'>25.</span> <span class='ocrx_word' id='word_1_224' title='bbox 1255 2394 1390 2454; x_wconf 77' lang='lat' dir='ltr'>Verbum</span> <span class='ocrx_word' id='word_1_225' title='bbox 1406 2400 1513 2453; x_wconf 82' lang='lat' dir='ltr'>autem</span> <span class='ocrx_word' id='word_1_226' title='bbox 1528 2393 1664 2452; x_wconf 78' lang='lat' dir='ltr'>Domini</span> <span class='ocrx_word' id='word_1_227' title='bbox 1680 2389 1810 2450; x_wconf 69' lang='lat' dir='ltr'>madia</span> 
     </span>
     <span class='ocr_line' id='line_1_22' title="bbox 390 2476 1810 2559; baseline -0.004 -19"><span class='ocrx_word' id='word_1_228' title='bbox 390 2482 533 2540; x_wconf 64' lang='lat' dir='ltr'>saunitas</span> <span class='ocrx_word' id='word_1_229' title='bbox 552 2489 597 2539; x_wconf 90' lang='lat' dir='ltr'>est</span> <span class='ocrx_word' id='word_1_230' title='bbox 618 2500 657 2541; x_wconf 80' lang='lat' dir='ltr'>ex</span> <span class='ocrx_word' id='word_1_231' title='bbox 672 2482 787 2542; x_wconf 87' lang='lat' dir='ltr'>semine</span> <span class='ocrx_word' id='word_1_232' title='bbox 808 2480 1011 2559; x_wconf 83' lang='lat' dir='ltr'>corruptibili,</span> <span class='ocrx_word' id='word_1_233' title='bbox 1038 2480 1085 2539; x_wconf 91' lang='lat' dir='ltr'>cni</span> <span class='ocrx_word' id='word_1_234' title='bbox 1137 2489 1311 2541; x_wconf 80' lang='lat' dir='ltr'>aeteruum.</span> <span class='ocrx_word' id='word_1_235' title='bbox 1350 2478 1464 2539; x_wconf 78' lang='lat' dir='ltr'>Probet</span> <span class='ocrx_word' id='word_1_236' title='bbox 1489 2477 1631 2555; x_wconf 86' lang='lat' dir='ltr'>ejusdem</span> <span class='ocrx_word' id='word_1_237' title='bbox 1662 2476 1810 2557; x_wconf 80' lang='lat' dir='ltr'>Prophetae</span> 
     </span>
     <span class='ocr_line' id='line_1_23' title="bbox 390 2565 1809 2642; baseline -0.004 -13"><span class='ocrx_word' id='word_1_238' title='bbox 390 2569 479 2629; x_wconf 80' lang='lat' dir='ltr'>stittr</span> <span class='ocrx_word' id='word_1_239' title='bbox 494 2565 624 2628; x_wconf 82' lang='lat' dir='ltr'>foeditas</span> <span class='ocrx_word' id='word_1_240' title='bbox 641 2577 670 2627; x_wconf 91' lang='lat' dir='ltr'>et</span> <span class='ocrx_word' id='word_1_241' title='bbox 689 2568 888 2629; x_wconf 82' lang='lat' dir='ltr'>immundities</span> <span class='ocrx_word' id='word_1_242' title='bbox 904 2567 1085 2639; x_wconf 74' lang='lat' dir='ltr'>attribuitur,</span> <span class='ocrx_word' id='word_1_243' title='bbox 1138 2568 1237 2628; x_wconf 82' lang='lat' dir='ltr'>verbis</span> <span class='ocrx_word' id='word_1_244' title='bbox 1253 2568 1379 2627; x_wconf 87' lang='lat' dir='ltr'>altarum</span> <span class='ocrx_word' id='word_1_245' title='bbox 1394 2565 1575 2641; x_wconf 71' lang='lat' dir='ltr'>membrum,</span> <span class='ocrx_word' id='word_1_246' title='bbox 1599 2583 1709 2642; x_wconf 88' lang='lat' dir='ltr'>nempe</span> <span class='ocrx_word' id='word_1_247' title='bbox 1724 2579 1809 2631; x_wconf 77' lang='lat' dir='ltr'>sautu</span> 
     </span>
     <span class='ocr_line' id='line_1_24' title="bbox 390 2645 1808 2733; baseline -0.007 -18"><span class='ocrx_word' id='word_1_248' title='bbox 390 2654 524 2715; x_wconf 74' lang='lat' dir='ltr'>utllum.</span> <span class='ocrx_word' id='word_1_249' title='bbox 539 2653 586 2713; x_wconf 78' lang='lat'>15.</span> <span class='ocrx_word' id='word_1_250' title='bbox 601 2664 632 2713; x_wconf 90' lang='lat' dir='ltr'>et</span> <span class='ocrx_word' id='word_1_251' title='bbox 642 2654 703 2715; x_wconf 88' lang='lat' dir='ltr'>Job</span> <span class='ocrx_word' id='word_1_252' title='bbox 718 2657 765 2716; x_wconf 82' lang='lat'>14.</span> <span class='ocrx_word' id='word_1_253' title='bbox 781 2653 919 2716; x_wconf 84' lang='lat' dir='ltr'>Secunda</span> <span class='ocrx_word' id='word_1_254' title='bbox 935 2655 1084 2725; x_wconf 84' lang='lat' dir='ltr'>nativitas,</span> <span class='ocrx_word' id='word_1_255' title='bbox 1138 2674 1176 2714; x_wconf 86' lang='lat' dir='ltr'>ex</span> <span class='ocrx_word' id='word_1_256' title='bbox 1192 2674 1253 2733; x_wconf 89' lang='lat' dir='ltr'>quo</span> <span class='ocrx_word' id='word_1_257' title='bbox 1270 2654 1364 2714; x_wconf 85' lang='lat' dir='ltr'>renati</span> <span class='ocrx_word' id='word_1_258' title='bbox 1380 2672 1493 2722; x_wconf 89' lang='lat' dir='ltr'>sumus,</span> <span class='ocrx_word' id='word_1_259' title='bbox 1516 2670 1584 2713; x_wconf 87' lang='lat' dir='ltr'>esse</span> <span class='ocrx_word' id='word_1_260' title='bbox 1600 2645 1808 2731; x_wconf 85' lang='lat' dir='ltr'>incorruptibile</span> 
     </span>
     <span class='ocr_line' id='line_1_25' title="bbox 390 2729 1808 2822; baseline -0.008 -20"><span class='ocrx_word' id='word_1_261' title='bbox 390 2761 482 2822; x_wconf 82' lang='lat' dir='ltr'>qaam</span> <span class='ocrx_word' id='word_1_262' title='bbox 495 2739 608 2800; x_wconf 84' lang='lat' dir='ltr'>Paulos</span> <span class='ocrx_word' id='word_1_263' title='bbox 623 2739 661 2800; x_wconf 89' lang='lat' dir='ltr'>ad</span> <span class='ocrx_word' id='word_1_264' title='bbox 673 2743 774 2803; x_wconf 76' lang='lat' dir='ltr'>Tite.</span> <span class='ocrx_word' id='word_1_265' title='bbox 789 2735 1035 2818; x_wconf 73' lang='grc' dir='ltr'>παλιγγενεσίαν,</span> <span class='ocrx_word' id='word_1_266' title='bbox 1054 2741 1084 2800; x_wconf 86' lang='lat' dir='ltr'>id</span> <span class='ocrx_word' id='word_1_267' title='bbox 1137 2742 1213 2801; x_wconf 86' lang='lat' dir='ltr'>Nam</span> <span class='ocrx_word' id='word_1_268' title='bbox 1236 2760 1337 2800; x_wconf 85' lang='lat' dir='ltr'>semen</span> <span class='ocrx_word' id='word_1_269' title='bbox 1359 2739 1433 2799; x_wconf 88' lang='lat' dir='ltr'>illud</span> <span class='ocrx_word' id='word_1_270' title='bbox 1458 2747 1503 2800; x_wconf 88' lang='lat' dir='ltr'>est</span> <span class='ocrx_word' id='word_1_271' title='bbox 1518 2740 1646 2800; x_wconf 87' lang='lat' dir='ltr'>verbnm</span> <span class='ocrx_word' id='word_1_272' title='bbox 1665 2738 1728 2810; x_wconf 83' lang='lat' dir='ltr'>Dei,</span> <span class='ocrx_word' id='word_1_273' title='bbox 1749 2729 1808 2815; x_wconf 80' lang='lat' dir='ltr'>qnod</span> 
     </span>
     <span class='ocr_line' id='line_1_26' title="bbox 390 2820 1810 2903; baseline -0.006 -14"><span class='ocrx_word' id='word_1_274' title='bbox 390 2836 437 2889; x_wconf 85' lang='lat' dir='ltr'>eat</span> <span class='ocrx_word' id='word_1_275' title='bbox 450 2831 720 2903; x_wconf 75' lang='lat' dir='ltr'>repeuerctr&#39;ouem</span> <span class='ocrx_word' id='word_1_276' title='bbox 736 2838 832 2903; x_wconf 86' lang='lat' dir='ltr'>vocat,</span> <span class='ocrx_word' id='word_1_277' title='bbox 856 2829 1022 2889; x_wconf 86' lang='lat' dir='ltr'>exsemine</span> <span class='ocrx_word' id='word_1_278' title='bbox 1039 2838 1085 2888; x_wconf 90' lang='lat' dir='ltr'>est</span> <span class='ocrx_word' id='word_1_279' title='bbox 1138 2827 1260 2888; x_wconf 86' lang='lat' dir='ltr'>Jeeaias</span> <span class='ocrx_word' id='word_1_280' title='bbox 1279 2833 1408 2887; x_wconf 88' lang='lat' dir='ltr'>testatur</span> <span class='ocrx_word' id='word_1_281' title='bbox 1423 2828 1454 2885; x_wconf 90' lang='lat' dir='ltr'>in</span> <span class='ocrx_word' id='word_1_282' title='bbox 1469 2835 1624 2886; x_wconf 87' lang='lat' dir='ltr'>aeternnm</span> <span class='ocrx_word' id='word_1_283' title='bbox 1640 2843 1764 2885; x_wconf 88' lang='lat' dir='ltr'>manere.</span> <span class='ocrx_word' id='word_1_284' title='bbox 1782 2820 1810 2880; x_wconf 80' lang='lat' dir='ltr'>tt</span> 
     </span>
     <span class='ocr_line' id='line_1_27' title="bbox 390 2914 1857 2994; baseline -0.001 -18"><span class='ocrx_word' id='word_1_285' title='bbox 390 2915 615 2994; x_wconf 84' lang='lat' dir='ltr'>incorruptibili.</span> <span class='ocrx_word' id='word_1_286' title='bbox 659 2918 727 2978; x_wconf 86' lang='lat' dir='ltr'>Hoc</span> <span class='ocrx_word' id='word_1_287' title='bbox 757 2925 857 2977; x_wconf 83' lang='lat' dir='ltr'>autam</span> <span class='ocrx_word' id='word_1_288' title='bbox 887 2936 988 2977; x_wconf 87' lang='lat' dir='ltr'>samen</span> <span class='ocrx_word' id='word_1_289' title='bbox 1019 2916 1085 2994; x_wconf 91' lang='lat' dir='ltr'>ipss</span> <span class='ocrx_word' id='word_1_290' title='bbox 1137 2934 1218 2985; x_wconf 83' lang='lat' dir='ltr'>sane,</span> <span class='ocrx_word' id='word_1_291' title='bbox 1234 2915 1359 2974; x_wconf 87' lang='lat' dir='ltr'>ai-Deus</span> <span class='ocrx_word' id='word_1_292' title='bbox 1374 2915 1451 2974; x_wconf 82' lang='lat' dir='ltr'>vivit</span> <span class='ocrx_word' id='word_1_293' title='bbox 1466 2922 1494 2973; x_wconf 93' lang='lat' dir='ltr'>et</span> <span class='ocrx_word' id='word_1_294' title='bbox 1510 2923 1612 2974; x_wconf 88' lang='lat' dir='ltr'>manet</span> <span class='ocrx_word' id='word_1_295' title='bbox 1628 2914 1658 2973; x_wconf 93' lang='lat' dir='ltr'>in</span> <span class='ocrx_word' id='word_1_296' title='bbox 1673 2923 1809 2975; x_wconf 71' lang='lat' dir='ltr'>ceremon.</span> <span class='ocrx_word' id='word_1_297' title='bbox 1856 2941 1857 2954; x_wconf 52' lang='lat'>¹</span> 
     </span>
     <span class='ocr_line' id='line_1_28' title="bbox 389 2996 1857 3083; baseline -0.005 -20"><span class='ocrx_word' id='word_1_298' title='bbox 389 3004 498 3063; x_wconf 83' lang='lat' dir='ltr'>Petrus</span> <span class='ocrx_word' id='word_1_299' title='bbox 512 3002 729 3083; x_wconf 86' lang='lat' dir='ltr'>interpretatur,</span> <span class='ocrx_word' id='word_1_300' title='bbox 746 2996 937 3082; x_wconf 72' lang='grc' dir='ltr'><strong>ἐξηγητικῶς</strong></span> <span class='ocrx_word' id='word_1_301' title='bbox 958 3004 1001 3063; x_wconf 88' lang='lat' dir='ltr'>ita</span> <span class='ocrx_word' id='word_1_302' title='bbox 1015 3002 1082 3062; x_wconf 88' lang='lat' dir='ltr'>sub·</span> <span class='ocrx_word' id='word_1_303' title='bbox 1137 3012 1172 3061; x_wconf 90' lang='lat' dir='ltr'>ut</span> <span class='ocrx_word' id='word_1_304' title='bbox 1190 3002 1254 3080; x_wconf 87' lang='lat' dir='ltr'>jam</span> <span class='ocrx_word' id='word_1_305' title='bbox 1271 3000 1356 3073; x_wconf 87' lang='lat' dir='ltr'>dixit,</span> <span class='ocrx_word' id='word_1_306' title='bbox 1380 3019 1569 3079; x_wconf 80' lang='lat' dir='ltr'>consequens</span> <span class='ocrx_word' id='word_1_307' title='bbox 1593 3008 1649 3071; x_wconf 84' lang='lat' dir='ltr'>eat,</span> <span class='ocrx_word' id='word_1_308' title='bbox 1671 3008 1705 3058; x_wconf 90' lang='lat' dir='ltr'>ut</span> <span class='ocrx_word' id='word_1_309' title='bbox 1723 3008 1809 3058; x_wconf 86' lang='lat' dir='ltr'>etrar·</span> <span class='ocrx_word' id='word_1_310' title='bbox 1855 3015 1857 3066; x_wconf 67' lang='lat'>1</span> 
     </span>
     <span class='ocr_line' id='line_1_29' title="bbox 386 3084 1810 3169; baseline 0 -18"><span class='ocrx_word' id='word_1_311' title='bbox 386 3090 534 3169; x_wconf 71' lang='lat' dir='ltr'>jungunsr</span> <span class='ocrx_word' id='word_1_312' title='bbox 1137 3088 1207 3149; x_wconf 90' lang='lat' dir='ltr'>bum</span> <span class='ocrx_word' id='word_1_313' title='bbox 1237 3089 1301 3167; x_wconf 89' lang='lat' dir='ltr'>ejus</span> <span class='ocrx_word' id='word_1_314' title='bbox 1332 3107 1453 3167; x_wconf 85' lang='lat' dir='ltr'>semper</span> <span class='ocrx_word' id='word_1_315' title='bbox 1483 3097 1613 3147; x_wconf 83' lang='lat' dir='ltr'>maneat</span> <span class='ocrx_word' id='word_1_316' title='bbox 1652 3084 1810 3151; x_wconf 71' lang='lat' dir='ltr'>Nouum</span> 
     </span>
     <span class='ocr_line' id='line_1_30' title="bbox 432 3168 1810 3255; baseline -0.005 -17"><span class='ocrx_word' id='word_1_317' title='bbox 432 3179 496 3238; x_wconf 83' lang='lat' dir='ltr'>Per</span> <span class='ocrx_word' id='word_1_318' title='bbox 511 3178 641 3238; x_wconf 82' lang='lat' dir='ltr'>verbum</span> <span class='ocrx_word' id='word_1_319' title='bbox 658 3180 719 3239; x_wconf 83' lang='lat' dir='ltr'>Dei</span> <span class='ocrx_word' id='word_1_320' title='bbox 740 3180 804 3239; x_wconf 80' lang='lat' dir='ltr'>vivi</span> <span class='ocrx_word' id='word_1_321' title='bbox 822 3185 851 3238; x_wconf 83' lang='lat' dir='ltr'>et</span> <span class='ocrx_word' id='word_1_322' title='bbox 865 3178 1084 3255; x_wconf 74' lang='lat' dir='ltr'>permaneatis</span> <span class='ocrx_word' id='word_1_323' title='bbox 1138 3195 1206 3236; x_wconf 88' lang='lat' dir='ltr'>esse</span> <span class='ocrx_word' id='word_1_324' title='bbox 1221 3174 1344 3255; x_wconf 87' lang='lat' dir='ltr'>quidem</span> <span class='ocrx_word' id='word_1_325' title='bbox 1361 3177 1391 3234; x_wconf 90' lang='lat' dir='ltr'>in</span> <span class='ocrx_word' id='word_1_326' title='bbox 1408 3173 1524 3236; x_wconf 84' lang='lat' dir='ltr'>Graeco</span> <span class='ocrx_word' id='word_1_327' title='bbox 1541 3174 1665 3235; x_wconf 88' lang='lat' dir='ltr'>diversa</span> <span class='ocrx_word' id='word_1_328' title='bbox 1680 3168 1810 3239; x_wconf 81' lang='lat' dir='ltr'>voeabula,</span> 
     </span>
     <span class='ocr_line' id='line_1_31' title="bbox 389 3249 1811 3342; baseline 0.001 -18"><span class='ocrx_word' id='word_1_329' title='bbox 389 3268 424 3327; x_wconf 77' lang='lat' dir='ltr'>itt</span> <span class='ocrx_word' id='word_1_330' title='bbox 447 3272 620 3326; x_wconf 82' lang='lat' dir='ltr'>ueternum.</span> <span class='ocrx_word' id='word_1_331' title='bbox 644 3264 778 3327; x_wconf 85' lang='lat' dir='ltr'>Graece:</span> <span class='ocrx_word' id='word_1_332' title='bbox 804 3264 1012 3342; x_wconf 78' lang='lat' dir='ltr'>perverbum</span> <span class='ocrx_word' id='word_1_333' title='bbox 1034 3266 1083 3324; x_wconf 85' lang='lat' dir='ltr'>vi·</span> <span class='ocrx_word' id='word_1_334' title='bbox 1138 3255 1228 3339; x_wconf 62' lang='grc' dir='ltr'><strong>λόγον</strong></span> <span class='ocrx_word' id='word_1_335' title='bbox 1243 3252 1295 3319; x_wconf 82' lang='grc' dir='ltr'>καὶ</span> <span class='ocrx_word' id='word_1_336' title='bbox 1310 3249 1414 3340; x_wconf 70' lang='grc' dir='ltr'><strong>ρ’ῆμα,</strong></span> <span class='ocrx_word' id='word_1_337' title='bbox 1438 3280 1563 3340; x_wconf 90' lang='lat' dir='ltr'>quornm</span> <span class='ocrx_word' id='word_1_338' title='bbox 1587 3258 1663 3321; x_wconf 90' lang='lat' dir='ltr'>illud</span> <span class='ocrx_word' id='word_1_339' title='bbox 1688 3257 1811 3339; x_wconf 71' lang='lat' dir='ltr'>supetat</span> 
     </span>
     <span class='ocr_line' id='line_1_32' title="bbox 390 3342 1810 3429; baseline -0.004 -17"><span class='ocrx_word' id='word_1_340' title='bbox 390 3354 491 3412; x_wconf 77' lang='lat' dir='ltr'>ventis</span> <span class='ocrx_word' id='word_1_341' title='bbox 517 3354 579 3413; x_wconf 86' lang='lat' dir='ltr'>Dei</span> <span class='ocrx_word' id='word_1_342' title='bbox 606 3359 635 3413; x_wconf 86' lang='lat' dir='ltr'>et</span> <span class='ocrx_word' id='word_1_343' title='bbox 660 3355 821 3414; x_wconf 79' lang='lat' dir='ltr'>monentia</span> <span class='ocrx_word' id='word_1_344' title='bbox 847 3356 882 3413; x_wconf 81' lang='lat' dir='ltr'>in</span> <span class='ocrx_word' id='word_1_345' title='bbox 909 3359 1083 3412; x_wconf 77' lang='lat' dir='ltr'>oeternum.</span> <span class='ocrx_word' id='word_1_346' title='bbox 1138 3349 1217 3410; x_wconf 90' lang='lat' dir='ltr'>istud</span> <span class='ocrx_word' id='word_1_347' title='bbox 1233 3350 1289 3409; x_wconf 90' lang='lat' dir='ltr'>boe</span> <span class='ocrx_word' id='word_1_348' title='bbox 1311 3349 1377 3409; x_wconf 90' lang='lat' dir='ltr'>loco</span> <span class='ocrx_word' id='word_1_349' title='bbox 1401 3349 1532 3429; x_wconf 87' lang='lat' dir='ltr'>positum</span> <span class='ocrx_word' id='word_1_350' title='bbox 1547 3358 1616 3423; x_wconf 64' lang='lat' dir='ltr'>eatr</span> <span class='ocrx_word' id='word_1_351' title='bbox 1634 3354 1667 3409; x_wconf 87' lang='lat' dir='ltr'>et</span> <span class='ocrx_word' id='word_1_352' title='bbox 1689 3342 1810 3428; x_wconf 70' lang='lat' dir='ltr'>quondan</span> 
     </span>
     <span class='ocr_line' id='line_1_33' title="bbox 392 3433 1810 3520; baseline -0.006 -22"><span class='ocrx_word' id='word_1_353' title='bbox 392 3438 482 3518; x_wconf 86' lang='lat' dir='ltr'>Quod</span> <span class='ocrx_word' id='word_1_354' title='bbox 498 3441 587 3500; x_wconf 89' lang='lat' dir='ltr'>etiam</span> <span class='ocrx_word' id='word_1_355' title='bbox 599 3441 643 3499; x_wconf 89' lang='lat' dir='ltr'>sic</span> <span class='ocrx_word' id='word_1_356' title='bbox 652 3442 731 3501; x_wconf 78' lang='lat' dir='ltr'>serti</span> <span class='ocrx_word' id='word_1_357' title='bbox 742 3448 858 3520; x_wconf 82' lang='lat' dir='ltr'>posset:</span> <span class='ocrx_word' id='word_1_358' title='bbox 873 3441 938 3500; x_wconf 77' lang='lat' dir='ltr'>Per</span> <span class='ocrx_word' id='word_1_359' title='bbox 952 3438 1082 3499; x_wconf 68' lang='lat' dir='ltr'>vertiam</span> <span class='ocrx_word' id='word_1_360' title='bbox 1137 3439 1325 3515; x_wconf 87' lang='lat' dir='ltr'>interpretes,</span> <span class='ocrx_word' id='word_1_361' title='bbox 1340 3444 1372 3495; x_wconf 91' lang='lat' dir='ltr'>ut</span> <span class='ocrx_word' id='word_1_362' title='bbox 1385 3456 1421 3496; x_wconf 87' lang='lat' dir='ltr'>aa</span> <span class='ocrx_word' id='word_1_363' title='bbox 1434 3434 1627 3514; x_wconf 72' lang='lat' dir='ltr'>duunguan,</span> <span class='ocrx_word' id='word_1_364' title='bbox 1643 3433 1707 3496; x_wconf 90' lang='lat' dir='ltr'>illie</span> <span class='ocrx_word' id='word_1_365' title='bbox 1716 3446 1810 3494; x_wconf 69' lang='lat' dir='ltr'>strate</span> 
     </span>
     <span class='ocr_line' id='line_1_34' title="bbox 390 3516 1812 3603; baseline -0.006 -16"><span class='ocrx_word' id='word_1_366' title='bbox 390 3529 500 3588; x_wconf 79' lang='lat' dir='ltr'>nivem</span> <span class='ocrx_word' id='word_1_367' title='bbox 525 3528 587 3587; x_wconf 85' lang='lat' dir='ltr'>Dei</span> <span class='ocrx_word' id='word_1_368' title='bbox 622 3534 651 3586; x_wconf 88' lang='lat' dir='ltr'>et</span> <span class='ocrx_word' id='word_1_369' title='bbox 679 3546 813 3589; x_wconf 80' lang='lat' dir='ltr'>munem</span> <span class='ocrx_word' id='word_1_370' title='bbox 842 3529 878 3588; x_wconf 80' lang='lat' dir='ltr'>ire</span> <span class='ocrx_word' id='word_1_371' title='bbox 908 3533 1082 3586; x_wconf 81' lang='lat' dir='ltr'>oeternum.</span> <span class='ocrx_word' id='word_1_372' title='bbox 1137 3543 1210 3584; x_wconf 86' lang='lat' dir='ltr'>nem</span> <span class='ocrx_word' id='word_1_373' title='bbox 1234 3524 1431 3603; x_wconf 85' lang='lat' dir='ltr'>interpretari,</span> <span class='ocrx_word' id='word_1_374' title='bbox 1454 3523 1502 3582; x_wconf 88' lang='lat' dir='ltr'>bic</span> <span class='ocrx_word' id='word_1_375' title='bbox 1524 3522 1677 3598; x_wconf 65' lang='lat' dir='ltr'>uerbum</span> <span class='ocrx_word' id='word_1_376' title='bbox 1700 3518 1750 3583; x_wconf 87' lang='lat' dir='ltr'>sed</span> <span class='ocrx_word' id='word_1_377' title='bbox 1771 3516 1812 3578; x_wconf 83' lang='lat' dir='ltr'>bot</span> 
     </span>
     <span class='ocr_line' id='line_1_35' title="bbox 389 3601 1812 3693; baseline -0.008 -19"><span class='ocrx_word' id='word_1_378' title='bbox 389 3612 468 3674; x_wconf 74' lang='lat' dir='ltr'>Nam</span> <span class='ocrx_word' id='word_1_379' title='bbox 490 3633 613 3674; x_wconf 88' lang='lat' dir='ltr'>manere</span> <span class='ocrx_word' id='word_1_380' title='bbox 629 3616 660 3674; x_wconf 90' lang='lat' dir='ltr'>in</span> <span class='ocrx_word' id='word_1_381' title='bbox 675 3625 829 3676; x_wconf 86' lang='lat' dir='ltr'>aeternnm</span> <span class='ocrx_word' id='word_1_382' title='bbox 845 3622 913 3693; x_wconf 90' lang='lat' dir='ltr'>post</span> <span class='ocrx_word' id='word_1_383' title='bbox 927 3612 1082 3693; x_wconf 84' lang='lat' dir='ltr'>paululum</span> <span class='ocrx_word' id='word_1_384' title='bbox 1137 3632 1197 3671; x_wconf 90' lang='lat' dir='ltr'>non</span> <span class='ocrx_word' id='word_1_385' title='bbox 1217 3629 1284 3669; x_wconf 88' lang='lat' dir='ltr'>esea</span> <span class='ocrx_word' id='word_1_386' title='bbox 1306 3611 1514 3671; x_wconf 85' lang='lat' dir='ltr'>necessarium.</span> <span class='ocrx_word' id='word_1_387' title='bbox 1538 3606 1667 3670; x_wconf 82' lang='lat' dir='ltr'>Constat</span> <span class='ocrx_word' id='word_1_388' title='bbox 1690 3601 1812 3680; x_wconf 71' lang='lat' dir='ltr'>snimR</span> 
     </span>
     <span class='ocr_line' id='line_1_36' title="bbox 389 3694 1810 3779; baseline -0.005 -19"><span class='ocrx_word' id='word_1_389' title='bbox 389 3702 453 3779; x_wconf 88' lang='lat' dir='ltr'>ipsi</span> <span class='ocrx_word' id='word_1_390' title='bbox 476 3700 569 3761; x_wconf 79' lang='lat' dir='ltr'>aerbo</span> <span class='ocrx_word' id='word_1_391' title='bbox 606 3700 752 3763; x_wconf 86' lang='lat' dir='ltr'>tribuitur.</span> <span class='ocrx_word' id='word_1_392' title='bbox 790 3701 851 3762; x_wconf 84' lang='lat' dir='ltr'>Sed</span> <span class='ocrx_word' id='word_1_393' title='bbox 881 3710 980 3761; x_wconf 89' lang='lat' dir='ltr'>tamen</span> <span class='ocrx_word' id='word_1_394' title='bbox 1009 3699 1083 3759; x_wconf 85' lang='lat' dir='ltr'>haee</span> <span class='ocrx_word' id='word_1_395' title='bbox 1136 3699 1258 3758; x_wconf 88' lang='lat' dir='ltr'>Petrum</span> <span class='ocrx_word' id='word_1_396' title='bbox 1285 3697 1362 3757; x_wconf 87' lang='lat' dir='ltr'>baec</span> <span class='ocrx_word' id='word_1_397' title='bbox 1385 3695 1445 3756; x_wconf 83' lang='lat' dir='ltr'>dno</span> <span class='ocrx_word' id='word_1_398' title='bbox 1469 3718 1522 3775; x_wconf 89' lang='lat' dir='ltr'>pro</span> <span class='ocrx_word' id='word_1_399' title='bbox 1547 3694 1654 3756; x_wconf 85' lang='lat' dir='ltr'>eodem</span> <span class='ocrx_word' id='word_1_400' title='bbox 1679 3706 1810 3772; x_wconf 77' lang='lat' dir='ltr'>usurpate</span> 
     </span>
     <span class='ocr_line' id='line_1_37' title="bbox 390 3775 1810 3863; baseline -0.008 -12"><span class='ocrx_word' id='word_1_401' title='bbox 390 3787 524 3851; x_wconf 77' lang='lat' dir='ltr'>Graecae</span> <span class='ocrx_word' id='word_1_402' title='bbox 543 3789 686 3848; x_wconf 85' lang='lat' dir='ltr'>orationis</span> <span class='ocrx_word' id='word_1_403' title='bbox 705 3796 854 3850; x_wconf 88' lang='lat' dir='ltr'>structura</span> <span class='ocrx_word' id='word_1_404' title='bbox 874 3789 1006 3849; x_wconf 85' lang='lat' dir='ltr'>coartior</span> <span class='ocrx_word' id='word_1_405' title='bbox 1028 3793 1083 3846; x_wconf 83' lang='lat' dir='ltr'>est</span> <span class='ocrx_word' id='word_1_406' title='bbox 1138 3784 1199 3845; x_wconf 87' lang='lat' dir='ltr'>Sed</span> <span class='ocrx_word' id='word_1_407' title='bbox 1216 3803 1360 3863; x_wconf 87' lang='lat' dir='ltr'>quaeres:</span> <span class='ocrx_word' id='word_1_408' title='bbox 1377 3782 1467 3863; x_wconf 76' lang='lat' dir='ltr'>Quod</span> <span class='ocrx_word' id='word_1_409' title='bbox 1484 3792 1529 3843; x_wconf 87' lang='lat' dir='ltr'>est</span> <span class='ocrx_word' id='word_1_410' title='bbox 1543 3783 1601 3843; x_wconf 92' lang='lat' dir='ltr'>hoc</span> <span class='ocrx_word' id='word_1_411' title='bbox 1617 3778 1761 3843; x_wconf 76' lang='lat' dir='ltr'>verbnm?</span> <span class='ocrx_word' id='word_1_412' title='bbox 1773 3775 1810 3839; x_wconf 74' lang='lat' dir='ltr'>Se</span> 
     </span>
     <span class='ocr_line' id='line_1_38' title="bbox 388 3873 1254 3955; baseline -0.01 -19"><span class='ocrx_word' id='word_1_413' title='bbox 388 3876 491 3936; x_wconf 81' lang='lat' dir='ltr'>Deest</span> <span class='ocrx_word' id='word_1_414' title='bbox 509 3875 683 3955; x_wconf 79' lang='lat' dir='ltr'>Apostolus,</span> <span class='ocrx_word' id='word_1_415' title='bbox 704 3891 810 3938; x_wconf 80' lang='lat' dir='ltr'>semen</span> <span class='ocrx_word' id='word_1_416' title='bbox 832 3874 1083 3950; x_wconf 77' lang='lat' dir='ltr'>incorruptibile,</span> <span class='ocrx_word' id='word_1_417' title='bbox 1137 3873 1254 3953; x_wconf 87' lang='lat' dir='ltr'>quitur:</span> 
     </span>
     <span class='ocr_line' id='line_1_39' title="bbox 389 3956 1812 4039; baseline -0.008 -14"><span class='ocrx_word' id='word_1_418' title='bbox 389 3981 428 4025; x_wconf 80' lang='lat' dir='ltr'>eu</span> <span class='ocrx_word' id='word_1_419' title='bbox 442 3979 505 4039; x_wconf 78' lang='lat' dir='ltr'>quo</span> <span class='ocrx_word' id='word_1_420' title='bbox 520 3967 626 4025; x_wconf 75' lang='lat' dir='ltr'>reare·</span> <span class='ocrx_word' id='word_1_421' title='bbox 639 3981 758 4039; x_wconf 76' lang='lat' dir='ltr'>mmor,</span> <span class='ocrx_word' id='word_1_422' title='bbox 780 3982 848 4025; x_wconf 86' lang='lat' dir='ltr'>esse</span> <span class='ocrx_word' id='word_1_423' title='bbox 867 3962 997 4025; x_wconf 81' lang='lat' dir='ltr'>verbum</span> <span class='ocrx_word' id='word_1_424' title='bbox 1014 3962 1082 4021; x_wconf 81' lang='lat' dir='ltr'>Det.</span> <span class='ocrx_word' id='word_1_425' title='bbox 1180 3959 1249 4019; x_wconf 88' lang='lat' dir='ltr'>Hoc</span> <span class='ocrx_word' id='word_1_426' title='bbox 1264 3964 1308 4017; x_wconf 82' lang='lat' dir='ltr'>eet</span> <span class='ocrx_word' id='word_1_427' title='bbox 1327 3964 1434 4017; x_wconf 82' lang='lat' dir='ltr'>cutem</span> <span class='ocrx_word' id='word_1_428' title='bbox 1460 3956 1812 4034; x_wconf 58' lang='lat' dir='ltr'>veterascentes·</span> 
     </span>
     <span class='ocr_line' id='line_1_40' title="bbox 389 4042 1812 4131; baseline -0.008 -21"><span class='ocrx_word' id='word_1_429' title='bbox 389 4050 473 4129; x_wconf 76' lang='lat' dir='ltr'>Quid</span> <span class='ocrx_word' id='word_1_430' title='bbox 496 4059 599 4111; x_wconf 77' lang='lat' dir='ltr'>entem</span> <span class='ocrx_word' id='word_1_431' title='bbox 617 4072 673 4131; x_wconf 88' lang='lat' dir='ltr'>per</span> <span class='ocrx_word' id='word_1_432' title='bbox 685 4053 748 4112; x_wconf 79' lang='lat' dir='ltr'>Dat</span> <span class='ocrx_word' id='word_1_433' title='bbox 771 4050 898 4112; x_wconf 79' lang='lat' dir='ltr'>verbum</span> <span class='ocrx_word' id='word_1_434' title='bbox 914 4050 1025 4110; x_wconf 87' lang='lat' dir='ltr'>Petrus</span> <span class='ocrx_word' id='word_1_435' title='bbox 1040 4048 1081 4108; x_wconf 89' lang='lat' dir='ltr'>in·</span> <span class='ocrx_word' id='word_1_436' title='bbox 1136 4046 1308 4121; x_wconf 73' lang='lat' dir='ltr'>pellentem</span> <span class='ocrx_word' id='word_1_437' title='bbox 1330 4052 1374 4104; x_wconf 82' lang='lat' dir='ltr'>cet</span> <span class='ocrx_word' id='word_1_438' title='bbox 1399 4046 1435 4105; x_wconf 79' lang='lat' dir='ltr'>in</span> <span class='ocrx_word' id='word_1_439' title='bbox 1460 4063 1521 4104; x_wconf 82' lang='lat' dir='ltr'>eos.</span> <span class='ocrx_word' id='word_1_440' title='bbox 1548 4042 1634 4103; x_wconf 81' lang='lat' dir='ltr'>Male</span> <span class='ocrx_word' id='word_1_441' title='bbox 1649 4042 1766 4123; x_wconf 85' lang='lat' dir='ltr'>quidam</span> <span class='ocrx_word' id='word_1_442' title='bbox 1778 4056 1812 4098; x_wconf 74' lang='lat' dir='ltr'>er</span> 
     </span>
     <span class='ocr_line' id='line_1_41' title="bbox 389 4113 1814 4218; baseline -0.006 -20"><span class='ocrx_word' id='word_1_443' title='bbox 389 4137 516 4215; x_wconf 79' lang='lat' dir='ltr'>telligat,</span> <span class='ocrx_word' id='word_1_444' title='bbox 533 4140 601 4217; x_wconf 87' lang='lat' dir='ltr'>ipse</span> <span class='ocrx_word' id='word_1_445' title='bbox 616 4158 731 4199; x_wconf 86' lang='lat' dir='ltr'>rursum</span> <span class='ocrx_word' id='word_1_446' title='bbox 748 4138 918 4218; x_wconf 85' lang='lat' dir='ltr'>paulopost</span> <span class='ocrx_word' id='word_1_447' title='bbox 934 4143 1082 4214; x_wconf 88' lang='lat' dir='ltr'>exponet;</span> <span class='ocrx_word' id='word_1_448' title='bbox 1138 4131 1237 4193; x_wconf 82' lang='lat' dir='ltr'>dicos:</span> <span class='ocrx_word' id='word_1_449' title='bbox 1264 4133 1299 4193; x_wconf 82' lang='lat' dir='ltr'>in</span> <span class='ocrx_word' id='word_1_450' title='bbox 1325 4131 1419 4191; x_wconf 68' lang='lat' dir='ltr'>nobb.</span> <span class='ocrx_word' id='word_1_451' title='bbox 1454 4130 1533 4190; x_wconf 86' lang='lat' dir='ltr'>Num</span> <span class='ocrx_word' id='word_1_452' title='bbox 1562 4127 1683 4193; x_wconf 79' lang='lat' dir='ltr'>Gracco</span> <span class='ocrx_word' id='word_1_453' title='bbox 1709 4113 1814 4191; x_wconf 70' lang='lat' dir='ltr'>eezdt</span> 
     </span>
     <span class='ocr_line' id='line_1_42' title="bbox 388 4213 1814 4305; baseline -0.009 -19"><span class='ocrx_word' id='word_1_454' title='bbox 388 4226 521 4287; x_wconf 80' lang='lat' dir='ltr'>hisvero</span> <span class='ocrx_word' id='word_1_455' title='bbox 537 4245 677 4305; x_wconf 74' lang='lat' dir='ltr'>congrua,</span> <span class='ocrx_word' id='word_1_456' title='bbox 700 4246 754 4304; x_wconf 92' lang='lat' dir='ltr'>pro</span> <span class='ocrx_word' id='word_1_457' title='bbox 775 4226 833 4286; x_wconf 88' lang='lat' dir='ltr'>leci</span> <span class='ocrx_word' id='word_1_458' title='bbox 853 4222 1084 4292; x_wconf 82' lang='lat' dir='ltr'>circumstantia,</span> <span class='ocrx_word' id='word_1_459' title='bbox 1138 4213 1228 4298; x_wconf 78' lang='grc' dir='ltr'><strong>ὑμᾶς,</strong></span> <span class='ocrx_word' id='word_1_460' title='bbox 1253 4217 1284 4279; x_wconf 92' lang='lat' dir='ltr'>id</span> <span class='ocrx_word' id='word_1_461' title='bbox 1301 4226 1348 4277; x_wconf 87' lang='lat' dir='ltr'>est</span> <span class='ocrx_word' id='word_1_462' title='bbox 1361 4221 1397 4278; x_wconf 79' lang='lat' dir='ltr'>in</span> <span class='ocrx_word' id='word_1_463' title='bbox 1413 4236 1477 4294; x_wconf 85' lang='lat' dir='ltr'>vos,</span> <span class='ocrx_word' id='word_1_464' title='bbox 1498 4215 1548 4277; x_wconf 82' lang='lat' dir='ltr'>vel</span> <span class='ocrx_word' id='word_1_465' title='bbox 1565 4218 1609 4276; x_wconf 85' lang='lat' dir='ltr'>od</span> <span class='ocrx_word' id='word_1_466' title='bbox 1626 4236 1690 4279; x_wconf 84' lang='lat' dir='ltr'>voa.</span> <span class='ocrx_word' id='word_1_467' title='bbox 1713 4216 1752 4277; x_wconf 80' lang='lat' dir='ltr'>Et</span> <span class='ocrx_word' id='word_1_468' title='bbox 1763 4229 1814 4274; x_wconf 80' lang='lat' dir='ltr'>aea</span> 
     </span>
     <span class='ocr_line' id='line_1_43' title="bbox 389 4303 1814 4392; baseline -0.01 -18"><span class='ocrx_word' id='word_1_469' title='bbox 389 4313 458 4374; x_wconf 83' lang='lat' dir='ltr'>Due</span> <span class='ocrx_word' id='word_1_470' title='bbox 473 4312 603 4392; x_wconf 80' lang='lat' dir='ltr'>epitheta</span> <span class='ocrx_word' id='word_1_471' title='bbox 626 4312 787 4373; x_wconf 84' lang='lat' dir='ltr'>adscrlbit:</span> <span class='ocrx_word' id='word_1_472' title='bbox 815 4313 951 4374; x_wconf 74' lang='lat' dir='ltr'>sinentis</span> <span class='ocrx_word' id='word_1_473' title='bbox 969 4317 998 4371; x_wconf 83' lang='lat' dir='ltr'>et</span> <span class='ocrx_word' id='word_1_474' title='bbox 1013 4327 1083 4369; x_wconf 85' lang='lat' dir='ltr'>mo·</span> <span class='ocrx_word' id='word_1_475' title='bbox 1138 4313 1257 4377; x_wconf 72' lang='lat' dir='ltr'>ausast</span> <span class='ocrx_word' id='word_1_476' title='bbox 1281 4324 1371 4385; x_wconf 74' lang='lat' dir='ltr'>quani</span> <span class='ocrx_word' id='word_1_477' title='bbox 1395 4306 1543 4385; x_wconf 84' lang='lat' dir='ltr'>expressit</span> <span class='ocrx_word' id='word_1_478' title='bbox 1565 4303 1747 4365; x_wconf 75' lang='lat' dir='ltr'>Ereamiaaa</span> <span class='ocrx_word' id='word_1_479' title='bbox 1765 4316 1814 4360; x_wconf 81' lang='lat' dir='ltr'>rer·</span> 
     </span>
     <span class='ocr_line' id='line_1_44' title="bbox 389 4389 1815 4470; baseline -0.009 -6"><span class='ocrx_word' id='word_1_480' title='bbox 389 4402 495 4464; x_wconf 74' lang='lat' dir='ltr'>mato</span> <span class='ocrx_word' id='word_1_481' title='bbox 517 4402 552 4461; x_wconf 79' lang='lat' dir='ltr'>tu</span> <span class='ocrx_word' id='word_1_482' title='bbox 573 4406 746 4461; x_wconf 73' lang='lat' dir='ltr'>ueternum.</span> <span class='ocrx_word' id='word_1_483' title='bbox 769 4400 848 4461; x_wconf 73' lang='lat' dir='ltr'>Nam</span> <span class='ocrx_word' id='word_1_484' title='bbox 864 4398 903 4460; x_wconf 88' lang='lat' dir='ltr'>de</span> <span class='ocrx_word' id='word_1_485' title='bbox 917 4396 1009 4459; x_wconf 82' lang='lat' dir='ltr'>verbo</span> <span class='ocrx_word' id='word_1_486' title='bbox 1026 4395 1084 4454; x_wconf 85' lang='lat' dir='ltr'>Dei</span> <span class='ocrx_word' id='word_1_487' title='bbox 1138 4395 1198 4453; x_wconf 85' lang='lat' dir='ltr'>sio:</span> <span class='ocrx_word' id='word_1_488' title='bbox 1226 4394 1295 4453; x_wconf 81' lang='lat' dir='ltr'>Hor</span> <span class='ocrx_word' id='word_1_489' title='bbox 1318 4400 1424 4453; x_wconf 81' lang='lat' dir='ltr'>autem</span> <span class='ocrx_word' id='word_1_490' title='bbox 1445 4400 1488 4453; x_wconf 85' lang='lat' dir='ltr'>eat</span> <span class='ocrx_word' id='word_1_491' title='bbox 1504 4390 1650 4466; x_wconf 61' lang='lat' dir='ltr'>vebum,</span> <span class='ocrx_word' id='word_1_492' title='bbox 1673 4389 1754 4470; x_wconf 79' lang='lat' dir='ltr'>qaod</span> <span class='ocrx_word' id='word_1_493' title='bbox 1771 4397 1815 4463; x_wconf 67' lang='lat' dir='ltr'>stt</span> 
     </span>
     <span class='ocr_line' id='line_1_45' title="bbox 389 4472 1813 4567; baseline -0.006 -19"><span class='ocrx_word' id='word_1_494' title='bbox 389 4485 462 4567; x_wconf 66' lang='lat' dir='ltr'>agit,</span> <span class='ocrx_word' id='word_1_495' title='bbox 482 4487 514 4547; x_wconf 88' lang='lat' dir='ltr'>in</span> <span class='ocrx_word' id='word_1_496' title='bbox 529 4495 682 4547; x_wconf 69' lang='lat' dir='ltr'>amanum</span> <span class='ocrx_word' id='word_1_497' title='bbox 698 4503 846 4560; x_wconf 75' lang='lat' dir='ltr'>mannire,</span> <span class='ocrx_word' id='word_1_498' title='bbox 868 4494 903 4547; x_wconf 78' lang='lat' dir='ltr'>nt</span> <span class='ocrx_word' id='word_1_499' title='bbox 917 4504 988 4545; x_wconf 85' lang='lat' dir='ltr'>mox</span> <span class='ocrx_word' id='word_1_500' title='bbox 1004 4482 1083 4543; x_wconf 88' lang='lat' dir='ltr'>dics·</span> <span class='ocrx_word' id='word_1_501' title='bbox 1139 4481 1357 4555; x_wconf 68' lang='lat' dir='ltr'>arenearum</span> <span class='ocrx_word' id='word_1_502' title='bbox 1375 4481 1518 4541; x_wconf 79' lang='lat' dir='ltr'>delutum</span> <span class='ocrx_word' id='word_1_503' title='bbox 1543 4486 1587 4539; x_wconf 82' lang='lat' dir='ltr'>aet</span> <span class='ocrx_word' id='word_1_504' title='bbox 1602 4479 1647 4539; x_wconf 80' lang='lat' dir='ltr'>ad</span> <span class='ocrx_word' id='word_1_505' title='bbox 1665 4498 1726 4540; x_wconf 79' lang='lat' dir='ltr'>soa</span> <span class='ocrx_word' id='word_1_506' title='bbox 1747 4472 1813 4552; x_wconf 56' lang='grc' dir='ltr'>ΟΦ</span> 
     </span>
     <span class='ocr_line' id='line_1_46' title="bbox 388 4566 1815 4648; baseline -0.006 -14"><span class='ocrx_word' id='word_1_507' title='bbox 388 4584 445 4634; x_wconf 85' lang='lat' dir='ltr'>tur.</span> <span class='ocrx_word' id='word_1_508' title='bbox 469 4573 583 4634; x_wconf 78' lang='lat' dir='ltr'>Similis</span> <span class='ocrx_word' id='word_1_509' title='bbox 597 4573 668 4634; x_wconf 86' lang='lat' dir='ltr'>boio</span> <span class='ocrx_word' id='word_1_510' title='bbox 682 4573 767 4634; x_wconf 73' lang='lat' dir='ltr'>mona</span> <span class='ocrx_word' id='word_1_511' title='bbox 782 4582 830 4635; x_wconf 86' lang='lat' dir='ltr'>eet</span> <span class='ocrx_word' id='word_1_512' title='bbox 844 4573 936 4635; x_wconf 59' lang='lat' dir='ltr'>Jonas</span> <span class='ocrx_word' id='word_1_513' title='bbox 954 4576 999 4632; x_wconf 75' lang='lat' dir='ltr'>1.r</span> <span class='ocrx_word' id='word_1_514' title='bbox 1023 4571 1087 4648; x_wconf 75' lang='lat' dir='ltr'>Qut</span> <span class='ocrx_word' id='word_1_515' title='bbox 1138 4577 1226 4627; x_wconf 84' lang='lat' dir='ltr'>tanus</span> <span class='ocrx_word' id='word_1_516' title='bbox 1242 4566 1339 4626; x_wconf 89' lang='lat' dir='ltr'>etalii</span> <span class='ocrx_word' id='word_1_517' title='bbox 1355 4567 1491 4627; x_wconf 89' lang='lat' dir='ltr'>nonnulli</span> <span class='ocrx_word' id='word_1_518' title='bbox 1515 4566 1650 4628; x_wconf 78' lang='lat' dir='ltr'>uerbum</span> <span class='ocrx_word' id='word_1_519' title='bbox 1665 4568 1723 4628; x_wconf 81' lang='lat' dir='ltr'>lana</span> <span class='ocrx_word' id='word_1_520' title='bbox 1736 4576 1815 4626; x_wconf 69' lang='lat' dir='ltr'>etot·</span> 
     </span>
     <span class='ocr_line' id='line_1_47' title="bbox 389 4651 1817 4739; baseline -0.008 -16"><span class='ocrx_word' id='word_1_521' title='bbox 389 4680 456 4723; x_wconf 76' lang='lat' dir='ltr'>noa</span> <span class='ocrx_word' id='word_1_522' title='bbox 477 4679 519 4722; x_wconf 75' lang='lat' dir='ltr'>es</span> <span class='ocrx_word' id='word_1_523' title='bbox 536 4661 757 4737; x_wconf 66' lang='lat' dir='ltr'>respueretur,</span> <span class='ocrx_word' id='word_1_524' title='bbox 781 4680 884 4739; x_wconf 72' lang='lat' dir='ltr'>aeque</span> <span class='ocrx_word' id='word_1_525' title='bbox 906 4678 944 4721; x_wconf 80' lang='lat' dir='ltr'>er</span> <span class='ocrx_word' id='word_1_526' title='bbox 969 4657 1084 4719; x_wconf 61' lang='lat' dir='ltr'>witto</span> <span class='ocrx_word' id='word_1_527' title='bbox 1137 4655 1307 4732; x_wconf 69' lang='lat' dir='ltr'>potantum</span> <span class='ocrx_word' id='word_1_528' title='bbox 1338 4654 1572 4732; x_wconf 83' lang='lat' dir='ltr'>interpretantur</span> <span class='ocrx_word' id='word_1_529' title='bbox 1603 4654 1703 4733; x_wconf 84' lang='lat' dir='ltr'>ipsum</span> <span class='ocrx_word' id='word_1_530' title='bbox 1729 4651 1817 4715; x_wconf 71' lang='lat' dir='ltr'>Just!</span> 
     </span>
     <span class='ocr_line' id='line_1_48' title="bbox 389 4736 1823 4825; baseline -0.008 -18"><span class='ocrx_word' id='word_1_531' title='bbox 389 4755 453 4808; x_wconf 83' lang='lat' dir='ltr'>tote</span> <span class='ocrx_word' id='word_1_532' title='bbox 480 4750 603 4823; x_wconf 81' lang='lat' dir='ltr'>comis,</span> <span class='ocrx_word' id='word_1_533' title='bbox 631 4765 735 4825; x_wconf 77' lang='lat' dir='ltr'>neque</span> <span class='ocrx_word' id='word_1_534' title='bbox 756 4761 795 4811; x_wconf 75' lang='lat' dir='ltr'>ea</span> <span class='ocrx_word' id='word_1_535' title='bbox 817 4748 983 4810; x_wconf 77' lang='lat' dir='ltr'>uoluntate</span> <span class='ocrx_word' id='word_1_536' title='bbox 1009 4744 1085 4817; x_wconf 81' lang='lat' dir='ltr'>viri,</span> <span class='ocrx_word' id='word_1_537' title='bbox 1139 4741 1309 4812; x_wconf 80' lang='lat' dir='ltr'>Christum,</span> <span class='ocrx_word' id='word_1_538' title='bbox 1336 4742 1434 4801; x_wconf 87' lang='lat' dir='ltr'>Deam</span> <span class='ocrx_word' id='word_1_539' title='bbox 1461 4752 1490 4800; x_wconf 87' lang='lat' dir='ltr'>at</span> <span class='ocrx_word' id='word_1_540' title='bbox 1516 4739 1688 4812; x_wconf 88' lang='lat' dir='ltr'>bominem,</span> <span class='ocrx_word' id='word_1_541' title='bbox 1713 4738 1762 4821; x_wconf 78' lang='lat' dir='ltr'>qui</span> <span class='ocrx_word' id='word_1_542' title='bbox 1782 4736 1823 4796; x_wconf 60' lang='lat' dir='ltr'>aa</span> 
     </span>
     <span class='ocr_line' id='line_1_49' title="bbox 389 4820 1819 4901; baseline -0.01 -6"><span class='ocrx_word' id='word_1_543' title='bbox 389 4836 445 4895; x_wconf 72' lang='lat' dir='ltr'>se&#39;d</span> <span class='ocrx_word' id='word_1_544' title='bbox 458 4847 497 4895; x_wconf 78' lang='lat' dir='ltr'>att</span> <span class='ocrx_word' id='word_1_545' title='bbox 511 4837 580 4896; x_wconf 88' lang='lat' dir='ltr'>Deo</span> <span class='ocrx_word' id='word_1_546' title='bbox 595 4840 667 4895; x_wconf 78' lang='lat' dir='ltr'>nota·</span> <span class='ocrx_word' id='word_1_547' title='bbox 681 4843 763 4897; x_wconf 79' lang='lat' dir='ltr'>suat.</span> <span class='ocrx_word' id='word_1_548' title='bbox 1139 4827 1271 4889; x_wconf 89' lang='lat' dir='ltr'>Verbum</span> <span class='ocrx_word' id='word_1_549' title='bbox 1287 4828 1349 4888; x_wconf 89' lang='lat' dir='ltr'>Dei</span> <span class='ocrx_word' id='word_1_550' title='bbox 1371 4828 1478 4901; x_wconf 87' lang='lat' dir='ltr'>Patris,</span> <span class='ocrx_word' id='word_1_551' title='bbox 1502 4846 1629 4889; x_wconf 85' lang='lat' dir='ltr'>manans</span> <span class='ocrx_word' id='word_1_552' title='bbox 1654 4847 1722 4889; x_wconf 89' lang='lat' dir='ltr'>eum</span> <span class='ocrx_word' id='word_1_553' title='bbox 1744 4820 1819 4885; x_wconf 77' lang='lat' dir='ltr'>aeia</span> 
     </span>
     <span class='ocr_line' id='line_1_50' title="bbox 433 4913 1815 4998; baseline -0.003 -18"><span class='ocrx_word' id='word_1_554' title='bbox 433 4922 483 4981; x_wconf 69' lang='lat' dir='ltr'>tt.</span> <span class='ocrx_word' id='word_1_555' title='bbox 507 4925 593 4998; x_wconf 64' lang='lat' dir='ltr'>Ouia</span> <span class='ocrx_word' id='word_1_556' title='bbox 606 4923 710 4984; x_wconf 78' lang='lat' dir='ltr'>omnia</span> <span class='ocrx_word' id='word_1_557' title='bbox 731 4940 807 4983; x_wconf 83' lang='lat' dir='ltr'>earo</span> <span class='ocrx_word' id='word_1_558' title='bbox 831 4927 869 4980; x_wconf 85' lang='lat' dir='ltr'>ut</span> <span class='ocrx_word' id='word_1_559' title='bbox 888 4919 1035 4996; x_wconf 64' lang='lat' dir='ltr'>roenna,</span> <span class='ocrx_word' id='word_1_560' title='bbox 1057 4922 1087 4977; x_wconf 82' lang='lat' dir='ltr'>et</span> <span class='ocrx_word' id='word_1_561' title='bbox 1138 4925 1311 4991; x_wconf 66' lang='lat' dir='ltr'>aeternnm</span> <span class='ocrx_word' id='word_1_562' title='bbox 1327 4934 1414 4992; x_wconf 70' lang='lat' dir='ltr'>anem</span> <span class='ocrx_word' id='word_1_563' title='bbox 1428 4916 1518 4975; x_wconf 78' lang='lat' dir='ltr'>etiam</span> <span class='ocrx_word' id='word_1_564' title='bbox 1531 4913 1815 4977; x_wconf 63' lang='lat' dir='ltr'>essedicantam</span> 
     </span>
    </p>
   </div>
   <div class='ocr_carea' id='block_1_3' title="bbox 313 4993 1816 5091">
    <p class='ocr_par' dir='ltr' id='par_1_3' title="bbox 313 4993 1816 5091">
     <span class='ocr_line' id='line_1_51' title="bbox 313 4993 1816 5091; baseline -0.009 -15"><span class='ocrx_word' id='word_1_565' title='bbox 313 5071 316 5076; x_wconf 90' lang='lat'>.</span> <span class='ocrx_word' id='word_1_566' title='bbox 389 5010 613 5090; x_wconf 66' lang='lat' dir='ltr'>ompturio</span> <span class='ocrx_word' id='word_1_567' title='bbox 631 5014 705 5088; x_wconf 58' lang='lat' dir='ltr'>aar·</span> <span class='ocrx_word' id='word_1_568' title='bbox 721 5017 887 5091; x_wconf 68' lang='lat' dir='ltr'>totaqaom</span> <span class='ocrx_word' id='word_1_569' title='bbox 902 5005 1086 5087; x_wconf 51' lang='lat' dir='ltr'>aereaere</span> <span class='ocrx_word' id='word_1_570' title='bbox 1138 5002 1392 5082; x_wconf 76' lang='lat' dir='ltr'>incorruptibile,</span> <span class='ocrx_word' id='word_1_571' title='bbox 1409 5021 1447 5063; x_wconf 71' lang='lat' dir='ltr'>ae</span> <span class='ocrx_word' id='word_1_572' title='bbox 1461 5006 1645 5082; x_wconf 75' lang='lat' dir='ltr'>qwreoett</span> <span class='ocrx_word' id='word_1_573' title='bbox 1657 5018 1768 5070; x_wconf 71' lang='lat' dir='ltr'>maara</span> <span class='ocrx_word' id='word_1_574' title='bbox 1786 4993 1816 5062; x_wconf 76' lang='lat' dir='ltr'>a</span> 
     </span>
    </p>
   </div>
   <div class='ocr_carea' id='block_1_4' title="bbox 0 0 2226 5825">
    <p class='ocr_par' dir='ltr' id='par_1_4' title="bbox 0 0 2226 5825">
     <span class='ocr_line' id='line_1_52' title="bbox 0 0 2226 5825; baseline 0 0"><span class='ocrx_word' id='word_1_575' title='bbox 0 0 2226 5825; x_wconf 95' lang='lat' dir='ltr'> </span> 
     </span>
    </p>
   </div>
  </div>
 </body>
</html>
