4442 5825
431 617 507 689 tlt
946 604 1360 671 mmmmmmmmu

350 781 358 793 ⁸
431 785 576 863 aequora
590 799 701 843 sorum
716 783 799 843 erit?
829 782 999 844 Secundum
1015 782 1069 843 hos
1085 782 1127 857 id,
1180 792 1250 843 tum.
1283 781 1371 862 Quod
1391 781 1526 842 breviter
1541 779 1624 841 dixit
1638 779 1741 843 Judss
1757 781 1871 860 Aposto

432 871 514 955 quod
537 889 615 931 nunc
637 867 724 929 addit
746 871 869 931 Petrus:
900 873 998 931 Novit
1012 871 1128 932 Domi·
1180 872 1243 932 lns:
1268 871 1314 931 Hi
1328 887 1455 930 curnem
1474 868 1600 946 quidem
1618 868 1800 930 macularet.

431 978 494 1024 nur
509 965 574 1032 stc,
598 975 659 1016 nou
682 956 779 1016 illstio
794 968 848 1032 est,
871 957 926 1019 sed
942 958 1129 1018 confirmetio
1227 954 1873 1032 Domsmrtocemqaecoarcmcoassmi·

433 1048 599 1120 diotornm3
621 1063 658 1103 ac
673 1045 700 1103 si
715 1042 811 1105 dicat:
834 1045 885 1105 Ite
900 1046 1019 1105 omnino
1035 1048 1128 1105 tectu·
1181 1045 1249 1107 liter
1262 1043 1375 1106 Judas:
1392 1045 1660 1104 Dominotiouem
1673 1049 1784 1103 amm
1796 1061 1875 1119 sper*

433 1154 484 1196 rus
500 1141 548 1193 est
562 1131 727 1206 Dominus,
750 1133 823 1210 quia
838 1135 929 1195 nouit
942 1135 1013 1208 pios
1027 1152 1043 1193 c
1059 1139 1130 1192 terr·
1182 1139 1275 1196 auct.
1302 1131 1508 1210 Hieronymus
1523 1130 1636 1210 plurali
1654 1148 1785 1191 numero
1798 1129 1876 1209 legit:

434 1223 556 1283 tutioris
571 1219 705 1293 eripere,
729 1216 759 1278 id
775 1228 836 1294 est,
858 1239 934 1300 opus
949 1219 1007 1280 hoe
1022 1221 1050 1280 ei
1065 1218 1130 1299 ple·
1184 1220 1428 1280 dominationes.
1448 1216 1499 1278 Sic
1514 1217 1594 1277 enim
1609 1228 1643 1279 et
1660 1216 1784 1279 Graece
1798 1235 1876 1296 quae

435 1311 526 1369 citum
541 1312 588 1365 est
603 1313 634 1364 et
649 1303 813 1381 familiare,
836 1327 924 1369 veros
940 1309 987 1367 sui
1002 1307 1132 1389 cultores
1184 1304 1389 1369 damhsbent:
1400 1296 1597 1382 κυριότητος,
1609 1304 1794 1366 nominatim
1801 1301 1877 1364 Gom

435 1415 474 1456 ex
496 1391 645 1471 angustiis
668 1399 701 1451 et
723 1393 995 1470 persecutionibus,
1022 1392 1132 1473 quibus
1185 1393 1337 1474 plutoneis
1359 1400 1389 1452 et
1409 1392 1500 1470 regis.
1530 1390 1592 1454 Sed
1615 1391 1816 1452 verisimilius
1832 1399 1879 1462 est,

436 1488 589 1544 tenuntur
617 1486 648 1536 et
677 1478 851 1556 probantur,
882 1479 1011 1541 educere
1041 1488 1072 1540 st
1096 1480 1130 1540 li·
1185 1481 1220 1541 B.
1243 1480 1367 1539 Petrum
1391 1479 1563 1557 scripsisse:
1588 1469 1791 1556 κυριότητος,
1804 1477 1877 1555 gari

437 1571 559 1642 herere,
581 1565 833 1644 quemadmodum
857 1575 886 1627 et
912 1568 952 1643 id,
979 1566 1060 1647 qnod
1085 1586 1132 1627 se·
1186 1571 1281 1629 tivum
1307 1565 1512 1645 singularem
1538 1584 1607 1627 nam
1634 1567 1767 1626 verbnm
1793 1578 1879 1622 mre·

437 1656 550 1736 quitur.
1186 1655 1321 1733 φρονεῖν,
1345 1660 1561 1727 contemnere,
1589 1671 1650 1713 non
1679 1652 1879 1714 aromatico·

480 1742 614 1816 Iniquus
638 1757 711 1799 vero
734 1743 770 1802 in
793 1739 874 1801 diem
894 1741 1010 1816 iudicii
1031 1758 1133 1801 reser-
1186 1742 1278 1821 regit,
1306 1739 1358 1802 sed
1389 1741 1568 1820 genitivum,
1600 1751 1634 1802 et
1664 1737 1824 1820 singulare
1841 1746 1881 1798 αἱ

439 1846 516 1890 vore
531 1826 729 1888 moriundos.
760 1826 890 1889 Graece:
916 1831 1056 1902 Iniustos
1071 1845 1134 1887 ou·
1187 1826 1399 1909 apudJndam.
1416 1828 1510 1888 Porro
1525 1846 1615 1908 quem
1627 1828 1880 1889 corumdem

439 1924 500 1977 tem
516 1916 551 1974 irs
567 1912 649 1974 diem
667 1914 784 1988 judicii
803 1917 984 1990 puniendos
998 1933 1134 1976 seruare.
1187 1914 1336 1996 intelligat
1351 1924 1480 1993 uterque
1493 1913 1672 1993 Apostolus,
1695 1934 1760 1977 nou
1783 1913 1881 1992 liquat

440 2003 510 2063 Hoc
540 2018 661 2080 quoqne
690 2004 781 2062 uouit
809 2004 989 2076 Dominus,
1026 2003 1135 2061 noritis
1187 2003 1277 2064 Multi
1291 2002 1330 2063 de
1346 2001 1468 2082 politico
1484 2002 1668 2081 magistratu
1687 2002 1880 2080 interpretur

440 2088 557 2152 decreti
571 2097 602 2148 et
616 2088 856 2168 approbationis,
883 2093 963 2169 quia,
988 2089 1061 2149 licet
1076 2108 1135 2150 non
1188 2099 1245 2162 tur,
1267 2090 1299 2150 id
1315 2097 1370 2163 est,
1390 2087 1430 2148 de
1444 2089 1566 2167 regibus
1581 2097 1613 2149 et
1626 2087 1831 2169 principibus,
1850 2103 1882 2145 st

441 2172 571 2257 gaudeat
585 2174 617 2234 in
632 2177 736 2256 poenis
751 2178 925 2256 impiorum,
947 2177 1015 2236 vult
1035 2185 1135 2236 temen
1189 2178 1316 2238 caeteris
1354 2178 1386 2236 in
1415 2176 1597 2236 sublimitate
1627 2174 1822 2246 constitutis,
1854 2179 1882 2232 at

441 2272 472 2325 et
487 2260 594 2341 probat
608 2280 683 2342 olins
699 2282 773 2324 suae
789 2264 944 2343 justitiae,
967 2284 1028 2342 qus
1049 2264 1137 2343 punit
1189 2263 1303 2324 Paulus
1325 2264 1455 2343 loquitur
1479 2266 1496 2322 1
1522 2263 1602 2323 Tim.
1622 2263 1654 2322 2.
1685 2262 1771 2323 Nam
1793 2258 1880 2321 nito

440 2349 557 2425 impios
573 2357 601 2408 et
617 2370 718 2410 omnes
733 2353 877 2426 injustos,
899 2353 929 2411 id
952 2360 1005 2423 est,
1029 2371 1133 2429 pecca·
1189 2353 1296 2411 minsri
1310 2349 1414 2423 solent,
1430 2349 1593 2410 secuudum
1609 2347 1689 2409 illud
1703 2347 1880 2410 neuneu:

441 2447 530 2497 tores.
563 2438 658 2497 Diem
679 2439 825 2511 judicii,
840 2438 976 2518 intellige
1003 2437 1136 2508 extremi,
1189 2440 1355 2514 Principes
1377 2438 1519 2513 pontium
1536 2437 1758 2498 dominentur
1772 2453 1879 2497 som

443 2522 529 2584 velut
543 2524 654 2601 passim
671 2523 754 2586 alibi.
784 2525 849 2585 Nec
869 2535 966 2586 temen
983 2524 1053 2584 hino
1067 2543 1135 2584 con·
1189 2525 1279 2586 Unde
1301 2532 1332 2585 et
1354 2526 1601 2585 Dominotioues
1615 2523 1803 2584 salutentur.
1830 2521 1879 2582 Vr·

443 2630 573 2690 sequens
589 2617 644 2683 est,
662 2614 775 2673 animes
790 2613 949 2690 impiorum
963 2631 1021 2672 non
1038 2608 1137 2691 puniri
1188 2631 1252 2672 rum
1265 2612 1433 2672 haereticos
1443 2611 1522 2684 illos,
1537 2610 1702 2690 dequibus
1717 2610 1771 2670 hio
1781 2610 1879 2690 egitur,

444 2707 513 2757 ante
528 2695 612 2756 illum
628 2696 715 2757 diem.
746 2700 813 2761 Non
832 2701 911 2759 enirn
929 2699 966 2759 de
981 2696 1137 2758 animabus
1189 2700 1392 2778 magistratum
1419 2699 1655 2779 contempsisse,
1681 2717 1746 2758 nou
1774 2696 1879 2776 legitur.

443 2786 593 2863 separetis
609 2782 742 2862 loquitur
757 2786 791 2844 B.
808 2786 932 2859 Petrus,
957 2783 1013 2844 sed
1032 2784 1070 2844 de
1084 2783 1135 2842 ho·
1188 2785 1253 2846 Imo
1270 2785 1384 2846 Neroni
1399 2785 1504 2846 Simon
1518 2802 1624 2865 magus
1641 2792 1818 2847 mmntmm
1831 2781 1879 2842 tur

443 2870 583 2944 minibus,
610 2870 709 2951 deque
729 2874 882 2952 punitione
907 2871 1047 2951 perfecta,
1076 2891 1137 2950 qus
1188 2892 1284 2952 usque
1299 2872 1337 2933 ad
1354 2873 1567 2933 adorationem.

444 2957 533 3018 simul
549 2960 578 3017 in
593 2960 693 3019 anima
709 2970 738 3018 et
753 2980 876 3039 corpore
891 2962 1058 3041 punientur.
1233 2960 1377 3020 Nonnulli
1394 2979 1461 3019 cum
1477 2960 1576 3038 glossa
1592 2958 1783 3019 interlineali
1801 2977 1878 3037 expo

492 3045 540 3105 10.
570 3045 673 3121 Mopis
695 3055 800 3107 cutem
824 3067 884 3122 eos,
909 3052 963 3123 qui
979 3054 1051 3122 post
1065 3063 1138 3105 cor·
1190 3057 1264 3107 nunt
1292 3047 1330 3107 de
1358 3067 1497 3126 suprema
1529 3046 1642 3107 Christi
1673 3047 1876 3114 dominatione,

446 3150 519 3192 nem
557 3136 592 3191 in
629 3138 883 3210 concupiscentia
916 3134 1138 3193 immunditiae
1190 3154 1280 3215 quam
1310 3141 1567 3213 contempserunt,
1597 3134 1651 3214 qui
1681 3153 1739 3214 pro
1770 3130 1876 3195 omns

444 3219 619 3280 ambulans.
664 3222 787 3297 Musis,
819 3222 952 3283 Graece:
992 3214 1137 3298 μάλιστα,
1190 3222 1314 3300 angelos
1337 3220 1376 3280 ed
1400 3223 1495 3281 Deum
1517 3219 1706 3281 mediatores
1730 3220 1875 3281 sumtus

446 3308 594 3380 maxims,
626 3327 677 3384 pro
708 3329 767 3387 quo
793 3310 1011 3387 Hieronymus:
1041 3327 1138 3384 prae·
1191 3318 1267 3370 runt.
1313 3308 1411 3387 Quem
1438 3307 1554 3369 Psulus
1579 3316 1673 3367 vocat
1702 3308 1876 3383 reticium

445 3395 547 3469 cipue,
563 3392 614 3452 lib.
632 3398 659 3453 1.
675 3406 778 3455 contr-s
798 3396 902 3456 Jovin.
927 3416 993 3472 cap.
1010 3399 1069 3466 24,
1085 3395 1136 3454 ubi
1190 3397 1389 3471 cnpslorum,
1412 3393 1476 3455 Col.
1502 3399 1529 3456 2.
1559 3393 1619 3455 Sed
1643 3395 1704 3455 lroc
1726 3397 1756 3456 si
1778 3392 1877 3456 veum

445 3480 538 3540 multe
560 3482 631 3539 citat
655 3481 746 3561 hujus
770 3483 837 3542 loci.
875 3486 936 3560 (lui
959 3482 1136 3556 ambulent,
1191 3483 1299 3543 Petrus
1319 3480 1468 3552 etJudas,
1494 3482 1673 3542 clarioribus
1697 3481 1802 3543 verbis
1825 3497 1876 3541 en

443 3558 674 3644 πορευομένους,
691 3573 746 3646 qui
761 3570 921 3631 incedunt.
948 3570 989 3628 Et
1003 3562 1138 3646 μιασμὸς
1190 3589 1251 3630 rem
1267 3570 1495 3649 expressissent,
1517 3577 1551 3628 nt
1563 3568 1665 3630 Jndss
1679 3569 1713 3629 in
1729 3569 1794 3630 slis
1807 3575 1876 3648 perte

443 3675 503 3715 non
517 3654 694 3735 simpliciter
710 3658 959 3729 immunditiam,
985 3655 1040 3716 sed
1062 3658 1137 3732 pot·
1190 3676 1262 3716 susc
1277 3655 1438 3734 Epistulae,
1455 3654 1575 3717 dicens:
1603 3658 1650 3718 Et
1665 3655 1776 3718 solum
1790 3655 1875 3717 donl-

442 3742 595 3802 lutiouem
626 3743 796 3823 significet,
826 3742 1075 3824 quemadmodum
1107 3752 1137 3804 et
1190 3752 1334 3804 notorem
1359 3750 1388 3802 et
1412 3745 1587 3804 Dominum
1610 3751 1764 3805 nostrum
1779 3747 1874 3808 er

442 3828 650 3908 Hieronymus
665 3832 749 3910 legit.
777 3832 950 3893 Doctrinam
967 3831 1135 3910 generalem
1191 3833 1349 3892 Christum
1365 3838 1523 3907 respectos.
1552 3827 1763 3892 Oeeumenius
1779 3826 1875 3909 siguli·

442 3916 645 3977 accommodet
666 3919 834 3996 Apostolus
857 3939 911 3979 suo
929 3919 1073 3989 instituto,
1089 3938 1134 3979 re·
1189 3919 1250 3978 cari
1266 3927 1352 3997 putat
1362 3917 1562 3979 universalem
1574 3914 1875 3984 dominationonltsi

440 4001 527 4062 diens
556 4003 595 4062 sd
621 4003 659 4076 id,
687 4007 766 4085 quod
795 4007 881 4066 initio
908 4006 1014 4084 capitis
1041 4025 1134 4083 agere
1189 4003 1411 4084 quamdudum
1434 4006 1564 4066 instituit
1585 4013 1616 4063 et
1637 4004 1875 4083 gubernamur

439 4100 590 4168 coeperat,
615 4090 716 4162 idest,
740 4091 778 4152 ed
793 4092 1023 4173 descriptionem
1041 4091 1132 4151 falso·
1188 4091 1348 4153 menduces
1370 4092 1414 4150 illi
1439 4093 1584 4170 magistri,
1608 4111 1664 4167 per
1681 4109 1759 4151 suas
1773 4087 1874 4151 utus

438 4195 504 4235 rum
527 4179 747 4256 magistrorum,
775 4181 828 4258 qui
855 4183 962 4259 partim
981 4181 1044 4258 jam
1071 4189 1132 4240 tum
1187 4178 1226 4239 de
1249 4178 1350 4239 mundi
1368 4180 1521 4239 creatione
1536 4187 1566 4238 et
1581 4177 1875 4256 gubernationem

438 4263 533 4323 exorti
549 4273 642 4338 eraut,
665 4268 773 4342 partim
797 4287 856 4326 uon
878 4267 970 4328 multo
991 4277 1060 4346 post
1083 4287 1132 4327 ex·
1186 4268 1277 4337 fictae,
1302 4284 1427 4344 quorum
1451 4265 1596 4325 Irenaens
1618 4266 1770 4334 meminit,
1786 4268 1874 4344 spreto

437 4352 552 4411 orituri.
583 4351 630 4410 De
654 4352 763 4430 quibus
783 4352 863 4424 vide,
884 4373 963 4431 qnae
985 4354 1086 4413 scribit
1102 4357 1133 4413 in
1186 4362 1276 4431 etque
1302 4352 1442 4429 repulsa,
1467 4361 1620 4430 nimquam
1650 4351 1752 4412 oculis
1778 4371 1798 4409 a
1819 4350 1872 4410 ue

435 4447 592 4499 comment
624 4436 831 4511 Oscumenins,
854 4450 885 4499 et
907 4442 945 4500 ab
970 4461 1004 4499 eo
1025 4442 1132 4500 citatus
1186 4440 1315 4499 omnium
1332 4438 1517 4498 dominatore
1530 4441 1655 4510 aversis,
1672 4444 1873 4499 converterunt

436 4524 582 4586 Ireuasus
605 4524 656 4585 lib.
677 4529 701 4584 l.
724 4524 869 4585 advorsus
885 4526 1037 4596 haereses,
1064 4546 1130 4604 esp.
1184 4546 1215 4586 se
1242 4546 1278 4585 ec
1304 4524 1509 4585 demerserunt
1534 4525 1565 4584 in
1592 4545 1715 4586 omnem
1734 4522 1871 4585 carnaim

437 4617 465 4675 1.
489 4612 518 4671 8.
536 4622 567 4671 et
583 4615 611 4674 9.
642 4612 755 4672 Sensus
780 4622 841 4672 eet:
873 4612 985 4673 Omnes
1008 4612 1129 4692 quidum
1186 4612 1412 4691 impudicitiam.
1433 4611 1547 4681 Similia
1561 4613 1675 4690 repetit
1689 4611 1872 4673 idemsuetor

434 4700 541 4779 impios
564 4710 596 4759 et
618 4707 791 4776 peccatores
813 4702 927 4759 servari
941 4702 972 4760 in
988 4701 1067 4761 diem
1079 4702 1127 4777 ju·
1184 4702 1213 4760 in
1230 4699 1418 4779 expositione
1434 4698 1592 4778 Epistolae
1607 4698 1631 4758 J
1632 4698 1724 4759 udse
1750 4694 1869 4777 Quiqu's

434 4786 504 4846 dicii
520 4785 703 4865 puniendos3
724 4786 854 4845 maxine
876 4797 976 4846 tamen
992 4807 1027 4846 ac
1043 4806 1127 4864 prae·
1183 4785 1249 4846 doru
1274 4805 1381 4846 sensus
1405 4786 1544 4864 propius,
1575 4804 1669 4864 quem
1691 4785 1813 4857 caeteri,
1834 4799 1868 4841 re

433 4875 522 4951 cipue
548 4873 719 4951 puniendos
745 4892 804 4944 eos,
831 4874 899 4952 qui,
926 4893 1071 4946 caruem,
1097 4872 1127 4932 id
1182 4872 1330 4952 spondere
1353 4871 1469 4932 videtur
1493 4871 1533 4932 ed
1555 4872 1703 4952 dogmata
1719 4872 1867 4934 mereto

433 4968 486 5034 est,
509 4958 641 5020 usualia
662 4957 811 5020 desideria
836 4972 1006 5039 sequentes,
1032 4961 1127 5020 vitem
1180 4980 1245 5019 rum
1262 4959 1430 5039 Apostolici
1444 4959 1596 5040 temporis.

432 5046 559 5128 exigunt
572 5046 604 5110 in
617 5047 701 5109 omni
714 5064 825 5127 genere
840 5048 971 5129 turpium
987 5045 1126 5129 volupta·
1221 5046 1386 5125 sauma,
1410 5046 1470 5110 siti
1488 5048 1664 5125 ptumus.
1693 5042 1864 5116 Buba&
