4442 5825
650 564 815 623 tentem
830 566 919 622 stan
934 567 1046 623 ldcssdl.
1082 566 1165 621 tm.
1186 569 1226 622 15.
1587 574 1660 645 401

369 743 471 804 nostis
493 740 622 823 intelligi
636 743 719 805 velit
742 743 822 804 Nam
837 745 915 806 ιίσιιι
967 742 1089 829 quidem
1111 751 1248 806 veterum
1270 743 1420 824 expositio
1434 743 1521 805 uobis
1536 752 1583 806 est
1596 766 1664 827 pro·

369 829 513 910 piscantis
528 829 617 891 dicit:
633 825 739 906 τίκτει,
754 834 855 908 parit,
872 833 914 893 ita
968 831 1102 905 habilior,
1128 841 1190 891 tam
1214 831 1289 911 qnia
1311 841 1415 912 partus
1429 833 1547 912 peccati
1562 852 1581 891 a
1596 852 1663 895 oon·

369 928 408 978 tu:
430 907 569 994 ἇποκύει,
593 915 684 978 idest
700 920 843 994 annitar,
859 938 913 998 pro
968 928 1058 1000 coptu
1078 916 1306 997 distinguendus
1330 926 1392 994 est,
1415 917 1447 980 id
1468 919 1549 980 euim
1571 919 1665 998 exigit

369 1022 459 1085 pres:
481 1012 623 1080 perteret.
648 1003 737 1087 Quod
753 1017 914 1085 utrumqne
968 1007 1159 1087 metaphora,
1182 1013 1244 1066 tam
1267 1007 1338 1086 quia
1360 1007 1575 1066 consummatio
1595 1025 1663 1087 pec·

369 1108 413 1151 nm
428 1098 483 1152 cst
505 1090 596 1153 Hanc
610 1092 803 1172 metaphorae
818 1091 913 1171 expli·
968 1096 1028 1155 cati
1043 1095 1074 1154 iu
1092 1103 1218 1154 externo
1240 1111 1332 1174 opere
1347 1092 1425 1153 solet
1445 1092 1581 1173 intelligi,
1603 1094 1661 1155 nisi

376 1179 483 1259 paucis
494 1179 594 1239 verbis
606 1177 771 1239 indicntam
782 1180 914 1260 reperies
969 1179 1041 1262 quid
1065 1179 1193 1240 addatur
1216 1179 1256 1239 ad
1278 1177 1505 1260 significandum
1528 1198 1664 1240 consum·

387 1264 592 1345 Augustinum
617 1265 721 1326 homil.
749 1268 800 1326 ts.
827 1267 912 1325 inter.
968 1268 1139 1338 mationem,
1161 1284 1241 1346 qnae
1260 1266 1294 1327 fit
1316 1267 1347 1326 in
1370 1268 1470 1327 animo
1485 1284 1542 1326 seu
1557 1266 1665 1327 volun·

369 1352 398 1413 8.
968 1361 1044 1427 tate,
1066 1361 1102 1413 nt
1121 1351 1230 1412 Mettlr.
1246 1352 1275 1414 5.
1291 1351 1409 1415 dicente
1431 1352 1579 1415 Domino:
1602 1355 1665 1433 Qui

368 1437 405 1499 sis
430 1438 604 1519 praemissis
631 1437 670 1499 ad
693 1441 824 1519 ipsorum
847 1458 912 1520 gra·
969 1441 1084 1501 viderit
1110 1440 1276 1501 mulierem
1305 1438 1350 1499 ad
1379 1441 1664 1517 concupiscendum

368 1525 593 1587 numerationem
624 1534 654 1586 et
683 1527 913 1606 expilationem
968 1527 1663 1603 eam,jammoecttatssseateamincordetuo.

368 1630 384 1671 ι.
406 1610 540 1692 Quidem
556 1612 587 1671 in
602 1612 659 1673 hou
675 1631 818 1692 processu
831 1617 912 1694 Apo·
1011 1612 1134 1675 Gradus
1149 1613 1249 1693 igitur,
1273 1632 1348 1694 quos
1364 1611 1478 1675 iudicat
1492 1613 1665 1697 Apostolus,

389 1704 506 1759 tentum
525 1697 637 1779 gradum
661 1708 834 1779 agnoscant,
861 1699 912 1760 alii
966 1699 998 1761 hi
1013 1710 1092 1762 sunt

385 1784 438 1846 alii
461 1787 607 1867 quinque.
640 1785 716 1847 Sunt
739 1789 834 1859 enim,
861 1787 915 1867 qui
1011 1787 1132 1848 Primus
1151 1789 1182 1849 in
1205 1789 1371 1849 tentatione
1394 1789 1664 1869 concupiscentiae,

368 1873 477 1934 tentiae
501 1876 710 1934 tentationem
727 1895 746 1934 a
761 1881 914 1951 concepta
968 1874 1019 1935 ubi
1034 1875 1148 1935 nullum
1163 1872 1263 1935 adhuc
1278 1883 1434 1956 peccatum
1449 1884 1504 1936 est

368 1968 500 2040 nguant3
520 1962 606 2041 qussi
622 1962 863 2042 concupiscentis
879 1980 913 2020 eo
1010 1961 1167 2023 Secundus
1182 1963 1213 2021 in
1229 1970 1376 2043 conceptu
1396 1965 1510 2042 peccati
1525 1982 1581 2043 per
1595 1982 1663 2024 con·

368 2068 376 2108 r
391 2055 494 2122 tentat,
517 2049 673 2128 concipiat
696 2049 758 2109 Alii
773 2070 792 2109 a
807 2055 913 2109 tenta·
967 2066 1086 2109 sensum
1102 2048 1316 2129 imperfectum,
1340 2048 1494 2127 cujumodi
1509 2049 1664 2130 saprade

368 2132 455 2195 tidem
492 2143 678 2212 conceptum
708 2137 913 2216 distinguunt,
968 2137 1153 2216 scripsimus.

368 2228 466 2298 parta
481 2221 675 2295 confundunt,
698 2232 732 2283 ιιι
747 2224 778 2282 in
793 2224 913 2304 exposi-
1010 2223 1136 2284 Tertius
1158 2225 1189 2282 in
1211 2232 1299 2304 partu
1322 2223 1439 2302 peccati
1462 2243 1515 2304 per
1538 2243 1662 2285 consen-

368 2308 510 2370 ›radicta
533 2309 740 2382 Rursnmulii,
756 2309 914 2370 ueletiam
968 2329 1033 2370 sum
1059 2309 1181 2391 plenum
1204 2330 1241 2370 ac
1263 2311 1438 2390 perfectum.
1473 2310 1551 2372 Nam
1576 2317 1665 2392 pastu

367 2399 666 2458 consummationem
694 2399 817 2475 peccati
847 2416 914 2457 cum
968 2395 1136 2476 perlectam
1152 2395 1262 2457 animal
1278 2398 1309 2457 in
1323 2396 1420 2457 lucem
1436 2396 1543 2458 editur.

367 2502 421 2544 unc
437 2486 547 2546 mortis
568 2485 598 2544 in
621 2483 724 2544 eodem
741 2482 838 2564 gradu
854 2483 913 2544 col·
1012 2482 1145 2560 Quartus
1160 2485 1192 2545 in
1207 2484 1462 2545 consummatione
1477 2485 1595 2565 peccati
1610 2504 1665 2566 per

367 2568 410 2630 aii
425 2571 568 2649 gradibus
584 2570 722 2631 dividunt
738 2572 827 2631 etiam
842 2569 915 2630 haec
968 2589 1043 2651 opus
1060 2578 1225 2631 externum.

376 2676 435 2738 qna
458 2658 607 2718 varietate
630 2657 719 2718 lircile
735 2666 780 2719 cst
802 2656 915 2731 videre,
1012 2656 1145 2737 Quintus
1169 2679 1205 2719 sc
1226 2666 1398 2739 postremus
1421 2658 1452 2717 in
1467 2660 1664 2738 generatione

367 2743 469 2805 rodum
484 2743 535 2804 alii
551 2744 588 2805 eb
609 2743 676 2805 aliis
692 2743 915 2807 dissentientia
969 2746 1072 2806 mortis
1095 2765 1135 2806 ex
1159 2765 1195 2806 eo
1222 2747 1286 2826 ipso
1313 2755 1447 2825 peccato.
1480 2744 1665 2826 Intelligitus

367 2829 517 2911 graduum.
967 2840 1068 2892 autem
1084 2852 1164 2893 mors
1179 2842 1309 2906 esterna,
1321 2835 1446 2909 peccati
1459 2833 1664 2910 stipendium,

367 2919 913 3000 sopiebatursententia,quaequin·
967 2918 1052 2980 Rom.
1077 2922 1123 2993 6.,
1149 2922 1179 2981 ei
1204 2920 1320 2982 scilicet
1342 2922 1425 2982 vitae
1447 2922 1602 3002 opposita,
1624 2921 1664 2982 de

367 3003 414 3067 lna
436 3008 531 3085 ponit
554 3004 681 3068 Videtur
704 3008 786 3068 enim
806 3004 838 3066 id
853 3026 913 3066 om·
968 3025 1029 3088 qna
1044 3007 1136 3086 paulo
1160 3018 1229 3069 ante
1246 3007 1384 3069 dixerat:
1408 3009 1487 3071 (λιιιι
1506 3008 1663 3086 metatus

367 3093 460 3154 tulere
482 3095 574 3156 series
590 3092 750 3155 verborum
765 3092 914 3175 Apostoli,
965 3095 1086 3171 fucrit,
1117 3098 1250 3172 accipiet
1275 3112 1426 3157 coronam
1453 3097 1557 3172 vitue;
1587 3096 1665 3157 sicut

367 3184 534 3241 ctuts'onem
558 3180 774 3260 distinguamus
796 3201 814 3240 a
837 3198 913 3241 con·
967 3178 1045 3241 bene
1061 3189 1145 3241 notat
1158 3180 1251 3243 Beda

366 3271 453 3342 awti,
468 3268 537 3348 qnia
549 3268 711 3347 interponit
723 3265 913 3328 adverbium:
1011 3267 1082 3329 Jam
1112 3269 1143 3327 iu
1172 3269 1218 3330 his
1256 3266 1399 3347 gradibus
1431 3267 1664 3343 observandum,

387 3364 417 3415 et
442 3363 628 3432 conceptum
655 3376 673 3416 a
696 3361 815 3431 parta,
844 3354 914 3432 quie
967 3372 1211 3436 unumquemque
1243 3355 1372 3436 priorem
1403 3356 1569 3416 consistere
1598 3358 1664 3417 siue

368 3459 399 3502 m
419 3446 613 3519 conceperit,
637 3460 693 3502 sen
716 3450 913 3522 posteaquam
967 3442 1136 3521 posteriori,
1159 3442 1234 3504 odeo
1249 3450 1284 3502 ut
1298 3444 1389 3503 etiam
1404 3444 1547 3523 temporis
1561 3440 1664 3503 ordine

366 3573 373 3600 ,
397 3534 509 3605 parit,
547 3528 679 3590 Graece:
717 3523 914 3603 συλλαβοῦσα
969 3527 1150 3609 praecedere
1163 3531 1276 3611 possim
1292 3539 1326 3591 ut
1340 3538 1424 3610 patet
1437 3529 1521 3589 eunti
1536 3548 1590 3609 per
1604 3530 1663 3590 sin·

366 3622 392 3676 ιι
416 3618 723 3677 consummationem
749 3617 870 3692 peccati
895 3634 914 3673 a
968 3614 1063 3696 gulos.
1086 3615 1165 3677 Num
1181 3626 1212 3678 ot
1233 3617 1352 3698 peccati
1375 3616 1589 3677 consummatio
1611 3611 1664 3693 (de

366 3720 422 3764 ane
434 3706 555 3779 mostis,
568 3702 606 3763 ob
618 3701 745 3763 similem
757 3704 786 3761 in
799 3700 913 3763 Graeco
968 3721 1031 3783 qne
1046 3701 1177 3765 dubitari
1200 3700 1325 3784 posset),
1349 3704 1467 3764 ιιιιιιιιιιί
1489 3704 1596 3762 mortis
1611 3721 1660 3763 as·

366 3809 395 3851 m.
419 3791 555 3852 Pastum
570 3808 644 3851 vero
656 3792 779 3866 peccati
794 3788 832 3847 ab
849 3789 914 3868 ejus
969 3798 1074 3849 ternae
1095 3799 1211 3852 rentum
1233 3810 1335 3852 secum
1357 3790 1525 3851 necessario
1551 3788 1660 3863 trahat,

366 3879 490 3940 natione
511 3876 661 3955 distingui,
684 3896 771 3937 nemo
787 3882 840 3949 cst,
863 3876 915 3956 qui
968 3877 1065 3956 ipsam
1080 3887 1181 3938 tamen
1195 3887 1318 3939 mortem
1335 3898 1394 3937 non
1409 3879 1513 3937 stetim
1529 3875 1661 3950 adducit,

366 3964 426 4025 icet
452 3965 483 4025 in
506 3964 544 4024 iis
567 3962 707 4025 distincte
729 3962 914 4041 exponendis
968 3962 1020 4023 sed
1036 3961 1075 4023 ad
1092 3984 1158 4024 eam
1181 3964 1300 4026 tandem
1321 3963 1463 4044 perducit,
1485 3965 1542 4024 nisi
1558 3964 1661 4044 poeni·

366 4070 410 4111 res
440 4051 631 4112 conveniunt
667 4052 747 4112 Nam
774 4050 914 4110 neoterici
968 4051 1063 4109 tentis
1078 4049 1220 4126 deleatur,
1243 4061 1277 4112 nt
1299 4051 1430 4132 explicat
1448 4048 1663 4112 Oecamenius.

366 4134 547 4211 lutharium,
570 4138 788 4210 i'itelmanuns,
803 4136 914 4196 Haese-
968 4136 1071 4216 Atque
1086 4136 1165 4198 hunc
1180 4136 1314 4200 ordinem
1335 4139 1425 4198 ctiam
1440 4136 1558 4199 Graeca
1573 4139 1664 4219 signi·

369 4223 430 4299 alii,
453 4233 572 4306 partum
594 4226 712 4304 peccati
734 4224 915 4285 constituunt
968 4222 1067 4297 licant,
1089 4233 1124 4284 nt
1145 4225 1234 4306 paulo
1258 4235 1329 4287 ante
1351 4224 1518 4286 submonui.
1541 4224 1664 4286 Pestici·

365 4329 415 4374 asa
438 4312 502 4391 ejus
516 4309 709 4391 imperfecto3
732 4330 915 4372 consumma·
968 4309 1051 4391 pium
1063 4312 1142 4371 onim
1155 4302 1407 4371 ἀποτελεσθεῖσα
1418 4311 1663 4390 significationem

365 4407 454 4460 tutem
470 4399 501 4459 iu
516 4417 664 4459 consensu
685 4397 826 4478 perfecto,
849 4398 915 4457 sive
967 4394 1211 4478 habcttemporis
1223 4399 1388 4477 praeteriti,
1401 4398 1526 4480 proinde
1536 4400 1664 4479 monsig

365 4496 462 4561 exest,
479 4486 545 4546 sive
560 4505 628 4545 non.
967 4482 1111 4553 nificatur,
1119 4484 1664 4566 peccatum,dumconsummatnr,sed,

365 4574 451 4634 tiores
473 4581 584 4645 nutem,
608 4591 684 4652 quos
707 4569 795 4631 modo
812 4571 913 4631 citabi-
967 4578 1165 4651 posteaquam
1181 4581 1414 4633 consummatum
1426 4570 1525 4646 inerit,
1541 4581 1665 4633 mortem

365 4667 437 4721 rtum
459 4660 578 4740 peccati
600 4658 770 4739 intelligunt
785 4659 815 4718 iu
832 4656 915 4717 abso·
968 4657 1100 4736 gignere.
1116 4658 1179 4719 Nec
1189 4678 1277 4719 secus
1288 4658 1347 4719 hoc
1357 4658 1507 4720 intellexit
1519 4659 1663 4739 Augusti·

365 4765 460 4820 unsa,
483 4746 768 4807 consummationem
789 4763 861 4805 vero
883 4746 915 4804 in
969 4744 1147 4805 nusinhom.
1161 4765 1252 4825 supra
1260 4746 1358 4809 citata.
1375 4745 1457 4805 Dicit
1465 4746 1551 4818 enim,
1558 4765 1664 4826 pecca·

370 4852 488 4936 opcrep
505 4840 651 4934 excepto,
674 4830 757 4933 quod
778 4829 916 4892 nonnulli
969 4839 1031 4891 tum
1060 4829 1227 4912 perducere
1253 4830 1293 4891 sd
1318 4842 1452 4894 mortem.
1488 4833 1593 4936 Atque
1618 4832 1665 4893 his

365 4918 918 5084 ntxtr'ittttn‘nt
969 4916 1666 5086 {ttttttttttt‘titttttt't‘t

364 5122 632 5166 natamus-‚ru
1414 5111 1457 5171 26
