4442 5825
788 602 950 661 arerem
974 604 1014 660 lu
1031 603 1197 659 maneos.
1232 602 1316 659 vem.
1335 607 1364 662 r.
1745 606 1815 677 195

371 782 435 845 bria
461 779 647 861 obductam
672 791 713 845 ut
732 785 842 844 merito
863 785 954 845 etiam
979 802 1071 845 aurea
1123 783 1204 863 gitur
1214 783 1362 843 Dominus
1376 780 1564 863 praecepisse
1575 778 1664 855 Mori,
1676 788 1708 840 et
1718 778 1818 839 Moses

371 869 422 933 liei
443 870 589 949 potirerit,
611 873 672 931 etsi
687 870 845 950 Seriptnra
865 873 909 932 eie
927 890 995 932 eam
1009 891 1069 931 non
1123 871 1251 943 Aaroni,
1274 878 1307 930 nt
1329 869 1367 930 de
1390 889 1501 930 manua
1522 867 1646 928 coelitus
1668 867 1739 927 dato
1763 885 1819 927 vas

371 956 510 1039 mallet.
527 954 634 1017 Habet
648 958 728 1018 enirn
743 960 897 1038 proprium
916 977 1025 1019 nornen
1040 958 1071 1017 in
1122 977 1217 1017 nuum
1238 957 1404 1037 implerent,
1428 965 1575 1038 qnantum
1595 963 1698 1033 posset
1712 971 1821 1033 capere

371 1043 541 1125 briptnria,
551 1042 713 1103 ntdieatnr
722 1062 801 1105 oreo
813 1048 1005 1106 Testamenti
1017 1062 1072 1104 een
1124 1065 1237 1125 gomor,
1261 1043 1354 1122 idque
1377 1052 1556 1124 reponerent
1575 1062 1676 1102 eoram
1691 1042 1820 1100 Domino

371 1130 528 1205 Ηοὺ,
555 1129 641 1211 quod
661 1132 694 1191 in
716 1151 754 1192 ea
775 1142 969 1194 servarentur
994 1131 1072 1191 duae
1124 1130 1164 1192 ad
1194 1131 1374 1192 servandum
1400 1132 1430 1191 in
1457 1129 1573 1189 futurae
1605 1130 1820 1209 generationes.

371 1216 493 1279 abulae
518 1217 613 1297 legis,
635 1235 716 1297 quae
735 1220 923 1280 vorabantur
944 1218 1071 1280 tabulae
1126 1216 1214 1279 Unde
1224 1227 1254 1279 et
1266 1217 1419 1278 mrbditnr:
1432 1219 1603 1294 Poteritque
1613 1216 1696 1275 illud
1708 1219 1821 1276 Aaron

371 1307 553 1367 mos&
577 1300 670 1381 (siem
698 1314 729 1365 et
754 1305 834 1367 inita
859 1314 1007 1367 vocantur
1033 1304 1071 1364 ab
1125 1306 1162 1365 in
1177 1305 1386 1366 tabernaculo
1401 1304 1641 1365 reservandam.
1658 1300 1748 1382 Quod
1765 1303 1822 1362 nti·

371 1386 533 1475 lpoetolo)
560 1399 735 1471 propterea,
761 1390 859 1472 qnod,
889 1401 1071 1454 testamento
1126 1410 1187 1472 qne
1210 1412 1264 1471 per
1287 1391 1439 1471 prolepsin
1464 1390 1574 1450 dietum
1602 1397 1664 1466 est3
1691 1389 1823 1450 nondum

371 1494 415 1541 u
435 1484 539 1559 paeto
560 1479 789 1554 interveniente,
812 1479 863 1539 lex
878 1500 896 1539 a
911 1481 979 1540 Ileo
1003 1478 1071 1538 data
1126 1479 1204 1538 enim
1220 1487 1292 1538 tune
1309 1486 1491 1538 exstructum
1508 1485 1574 1537 erat
1588 1476 1824 1536 tabernaenlnm.

371 1576 436 1628 nt.
463 1564 641 1626 Dieebatnr
667 1567 758 1627 etiam
784 1582 865 1626 arcu
888 1566 1070 1639 testimonii,
1125 1564 1222 1625 Porro
1238 1564 1276 1624 de
1292 1566 1417 1624 materia
1428 1565 1519 1643 liujus
1531 1582 1626 1624 urnae
1641 1562 1713 1623 nihil
1726 1562 1825 1623 Moses

371 1654 436 1735 με
462 1654 497 1713 in
521 1652 746 1732 antepositum
773 1660 838 1713 erat
862 1655 1071 1723 testimoninm,
1125 1654 1270 1732 seriptum
1284 1651 1416 1731 reliquit.
1439 1651 1573 1711 Hebraei
1595 1668 1651 1710 sua
1668 1648 1825 1729 proferunt

371 1740 503 1801 hino
527 1740 736 1818 praeripiente
758 1739 853 1809 Mori,
880 1738 980 1800 Exod.
1003 1739 1072 1798 ton
1123 1746 1304 1799 eommentu.
1336 1736 1414 1812 Nos,
1441 1757 1546 1798 urnam
1573 1755 1696 1797 auream
1723 1735 1824 1809 luisse,

371 1826 472 1891 m
491 1829 535 1886 in
557 1843 598 1887 eo
616 1829 845 1901 testimonium,
873 1835 904 1887 et
924 1826 1012 1885 Mose
1034 1824 1073 1885 de
1127 1823 1296 1886 indubitate
1311 1823 1627 1904 oredimusApostolo,
1642 1842 1732 1904 quem
1746 1824 1823 1884 veri·

371 1932 401 1977 Ι
416 1920 573 1977 mente
587 1912 686 1974 Exod.
706 1913 828 1975 ultimo:
856 1915 967 1974 Pomit
982 1920 1012 1973 et
1026 1919 1072 1972 te·
1126 1913 1227 1972 simile
1250 1920 1296 1972 est
1319 1913 1351 1972 id
1370 1912 1515 1973 babuisse
1538 1930 1576 1973 ex
1590 1910 1750 1971 traditione
1763 1928 1823 1970 ma-

371 2002 561 2063 &sonim
584 2001 620 2060 in
642 2018 728 2060 eree
759 2001 827 2061 Hoe
850 2002 930 2061 enim
952 2003 1074 2061 nomine
1123 1998 1232 2076 jorum.
1261 1998 1340 2059 Sane
1362 2017 1431 2059 enm
1452 2006 1573 2058 eaetera
1594 2017 1669 2057 vasa
1685 1997 1824 2061 taberna·

372 2086 419 2153 ha
430 2087 616 2160 meatur,
632 2087 715 2167 quod
730 2106 785 2168 per
799 2107 869 2150 eam
884 2086 969 2148 Dens
983 2094 1072 2146 testa·
1128 2085 1187 2145 onli
1198 2085 1311 2146 fuerint
1326 2105 1417 2145 antea
1432 2085 1480 2145 vel
1492 2105 1566 2146 auro
1578 2093 1665 2158 teuta,
1682 2085 1826 2146 convenit

377 2182 430 2238 h
443 2173 566 2236 hamt
582 2172 755 2236 bominibus
773 2193 859 2235 snam
875 2174 1072 2235 voluntatem.
1129 2172 1207 2232 idem
1232 2171 1361 2252 intelligi
1382 2171 1420 2233 de
1435 2173 1492 2233 boe
1514 2171 1638 2234 vasculo
1654 2171 1765 2233 ibidem
1780 2191 1825 2233 re·

380 2260 452 2325 the
465 2269 500 2323 et
515 2260 623 2322 David
638 2262 669 2322 in
682 2261 795 2321 Psalm.
813 2260 878 2322 ii:
904 2262 1076 2325 Smeitooit
1129 2261 1201 2340 puni
1212 2260 1309 2338 jnsso.

385 2350 593 2411 *annium
611 2350 648 2409 in
662 2348 778 2424 Jacob,
803 2356 834 2410 et
855 2350 954 2425 legem
967 2350 1077 2426 poenit
1174 2348 1219 2408 Et
1245 2349 1338 2422 uirgo
1365 2349 1488 2419 Aaron,
1515 2364 1598 2423 quae
1621 2346 1825 2426 fronduerat.

391 2436 541 2499 umet.
1133 2431 1264 2494 Graece:
1288 2423 1538 2510 ἠβλαστήσασα,
1562 2451 1643 2511 quoe
1663 2437 1827 2510 permina·

371 2536 373 2551 '
421 2522 511 2585 Porro
536 2521 703 2595 seiendnm,
728 2541 839 2594 aream,
862 2530 969 2602 poetea
984 2541 1003 2581 a
1021 2521 1074 2582 Sa·
1129 2527 1229 2581 verat.
1259 2520 1613 2595 Locuseatlinm.17.,
1638 2520 1688 2581 nbi
1711 2521 1827 2600 virgam

371 2608 491 2679 ‚hone
518 2607 639 2671 illatam
662 2609 694 2670 in
715 2609 868 2689 templum,
890 2629 951 2670 non
974 2627 1075 2688 perse·
1130 2608 1240 2680 Aaron,
1265 2625 1342 2686 quae
1357 2626 1411 2687 pro
1427 2608 1653 2669 confirmatione
1667 2607 1828 2669 sacerdotii

371 2710 506 2771 tunna
522 2697 698 2776 nisiusqne
712 2694 1078 2776 adtempnsoaptivitntie
1130 2695 1206 2772 ejus,
1229 2694 1269 2754 ad
1290 2693 1439 2755 sedandae
1461 2696 1584 2757 alierum
1608 2695 1739 2756 tribuum
1754 2712 1826 2777 qne-

371 2780 597 2865 {hbyloniesa
621 2782 711 2843 'l'une
733 2784 811 2844 enim
834 2782 883 2843 vel
906 2783 1009 2843 ablata
1023 2781 1078 2842 tuit
1130 2781 1217 2854 telas,
1242 2780 1305 2840 eoin
1330 2783 1407 2842 inter
1430 2781 1575 2841 tredecim
1597 2784 1698 2862 virgas
1721 2781 1827 2860 germi-

371 2866 579 2934 *smne-oie
603 2888 670 2931 eum
691 2869 807 2949 reliqna
824 2871 958 2952 pretiosa
972 2868 1078 2950 templi
1132 2877 1259 2929 neverat
1281 2867 1428 2951 floresque
1451 2870 1598 2942 emiserat,
1621 2871 1712 2948 jussit
1727 2868 1827 2931 Domi·

395 2958 577 3039 qelloetile,
594 2956 634 3018 de
648 2975 710 3037 qua
726 2959 746 3017 4
760 2956 836 3037 Bag
853 2956 916 3029 ult,
940 2955 1076 3018 2Paral.
1132 2975 1191 3015 nus
1221 2956 1253 3015 in
1282 2957 1475 3017 tabernaculo
1505 2959 1669 3019 testimonii
1704 2956 1828 3018 senari.

384 3039 435 3106 Ι
448 3046 610 3108 ttJerm
633 3044 697 3118 ult,
720 3044 791 3105 lieet
813 3063 883 3104 area
902 3065 962 3106 nou
984 3045 1075 3105 uomi-
1131 3041 1317 3103 enitentem
1341 3043 1414 3103 haee
1427 3046 1514 3124 virga
1537 3043 1640 3105 eadem
1663 3065 1728 3104 eum
1743 3046 1830 3123 virga

394 3141 483 3210 ηις
498 3131 550 3194 vel
561 3131 663 3214 potius
671 3131 765 3209 juxta
776 3132 986 3206 narrationem,
999 3149 1079 3212 qnae
1131 3128 1218 3200 Mosi,
1242 3128 1490 3208 quemadmodum
1512 3139 1629 3192 constet
1651 3151 1688 3190 ex
1704 3131 1830 3191 historia

386 3209 508 3282 ΗΜ
537 3220 559 3279 ἳ
590 3217 731 3278 llaeheb.
761 3219 808 3290 2.,
838 3218 1018 3278 abscondita
1048 3221 1078 3279 in
1132 3214 1500 3277 numennumen.
1525 3217 1728 3279 Communiter
1750 3217 1828 3277 enirn

395 3303 594 3368 manebo.
617 3303 685 3364 Nee
702 3302 742 3364 de
756 3305 822 3382 ejus
839 3305 1011 3366 inventione
1027 3323 1078 3364 een
1132 3302 1172 3364 ad
1200 3302 1320 3362 edenda
1345 3304 1432 3382 signa
1458 3312 1488 3362 ot
1510 3305 1648 3384 prodigia
1672 3304 1776 3364 Moses
1801 3312 1831 3362 et

396 3393 609 3474 upcatione
619 3399 688 3472 post
695 3390 769 3452 illud
781 3400 900 3471 tempus
913 3393 1077 3472 quidquem
1132 3391 1234 3450 Aaron
1252 3388 1308 3449 hae
1323 3392 1410 3469 virga
1421 3409 1475 3469 pro
1492 3393 1690 3451 instrumento
1705 3390 1829 3451 uteban-

396 3477 463 3558 μᾶ
474 3480 638 3558 amiptoree
653 3480 815 3539 invenitur.
838 3479 950 3559 ltaque
961 3480 991 3538 iu
1007 3485 1078 3539 tem·
1132 3485 1188 3548 tur,
1205 3475 1272 3535 Deo
1287 3475 1426 3538 videlieet
1437 3496 1492 3557 por
1504 3497 1571 3537 eam
1587 3487 1740 3558 operante.
1757 3477 1828 3536 Pro·

397 3563 437 3646 ᾖ
456 3585 514 3648 per
535 3563 709 3626 zorobabel
735 3567 899 3626 instaurato
925 3584 983 3625 nee
1009 3585 1079 3625 aron
1131 3572 1198 3644 pter
1220 3563 1303 3642 quod
1326 3570 1356 3623 et
1378 3565 1465 3643 virga
1480 3565 1539 3624 Dei
1561 3564 1640 3625 dieta
1655 3573 1707 3638 est,
1729 3561 1829 3623 Exod.

398 3653 556 3714 fluenti
579 3651 648 3725 tuit,
670 3671 727 3711 nee
741 3666 870 3723 caetera,
890 3671 971 3732 quae
985 3651 1035 3712 bio
1049 3653 1080 3710 in
1133 3654 1162 3712 4.
1177 3659 1209 3710 et
1227 3654 1274 3711 17.
1291 3650 1364 3710 Jam
1381 3670 1419 3710 ex
1436 3669 1481 3724 eo,
1501 3650 1583 3730 qnod
1598 3651 1751 3731 Scriptura
1766 3649 1828 3710 Nu·

399 3739 517 3800 nudo
540 3738 735 3799 tabernaculo
756 3738 851 3799 Mese
869 3746 1078 3798 memorentur.
1133 3755 1280 3797 merorum
1293 3737 1492 3812 relertflores
1507 3740 1582 3817 ejus,
1595 3737 1728 3798 dilatatis
1742 3737 1829 3811 foliis,

371 3825 381 3904 i
399 3815 471 3886 lete
487 3824 658 3888 lilaelrab.
671 3828 709 3898 1,
724 3824 776 3885 ubi
792 3833 967 3885 recensetur
981 3824 1079 3904 enpel·
1134 3825 1173 3883 im
1200 3823 1377 3903 amygdalae
1404 3824 1498 3884 fnisse
1525 3824 1725 3898 deformatos,
1753 3824 1831 3885 bene

374 3909 379 3920 “
398 3905 437 3972 h
447 3911 564 3993 tempii,
583 3929 673 3992 quem
688 3910 760 3972 inde
774 3910 901 3972 abstulit
915 3919 946 3972 et
961 3911 1079 3972 rummi-
1134 3910 1281 3986 eolligunt
1297 3912 1481 3991 interpretes,
1498 3912 1723 3992 amygdalinum
1740 3911 1828 3972 baen-

398 3999 450 4060 lit
472 3997 644 4060 Antioehne
669 3998 860 4078 Epiphanes,
886 4009 917 4059 et
941 4017 996 4076 pro
1019 4017 1082 4075 qna
1133 3997 1195 4058 lum
1210 3996 1313 4057 nisse

397 4093 492 4148 m
516 4092 627 4167 postea
649 4085 714 4145 fieri
732 4085 824 4162 jussit
843 4084 945 4146 Jndes
959 4084 1080 4144 llaehs·
1179 4085 1224 4144 Et
1249 4083 1377 4143 tabulae
1403 4089 1589 4146 tentamenti.
1620 4085 1690 4147 Non
1717 4089 1830 4167 priores

383 4163 482 4244 bu,
506 4175 589 4234 dent
603 4171 729 4234 retertm
743 4170 878 4250 ejudem
894 4171 945 4231 lib.
961 4191 1026 4249 unp.
1043 4172 1082 4242 4.,
1137 4170 1215 4241 illae,
1240 4190 1314 4247 qnae
1330 4170 1441 4243 Moses,
1460 4173 1573 4253 populo
1590 4183 1710 4254 propter
1726 4173 1829 4236 adora·

396 4259 557 4320 uimtnr
577 4256 698 4338 quidem
713 4259 790 4318 inter
812 4258 872 4318 alia
896 4276 972 4317 vasa
988 4258 1082 4317 altare
1135 4263 1197 4316 tnm
1213 4257 1343 4316 vitulum
1359 4260 1459 4329 iratus,
1484 4261 1630 4339 eonlregit
1644 4260 1682 4320 ad
1698 4263 1830 4323 radicem

395 4339 514 4419 meum,
531 4344 678 4426 qnodeet
693 4344 906 4425 thymiamatis,
921 4343 1005 4424 qnod
1016 4345 1081 4423 jem
1136 4343 1261 4415 montis,
1288 4344 1387 4404 Exod.
1412 4347 1478 4422 323
1502 4347 1554 4407 eed
1578 4351 1774 4425 posteriores,
1799 4350 1831 4408 in

371 4431 571 4496 {minue
594 4440 681 4493 eabe
704 4430 803 4492 velum
825 4430 938 4508 luisse,
961 4429 998 4490 de
1012 4448 1083 4489 area
1137 4428 1243 4508 quibus
1265 4431 1365 4492 denno
1388 4432 1483 4492 verba
1506 4433 1583 4516 legis
1598 4452 1671 4495 snae
1686 4438 1831 4497 Dominus

394 4531 456 4580 tero
469 4539 510 4580 aa
533 4520 670 4592 eamne,
693 4537 818 4599 quornm
841 4517 925 4578 loeus
948 4536 1014 4577 esse
1029 4517 1080 4576 de·
1136 4515 1302 4594 descripsit,
1318 4526 1352 4576 ut
1363 4518 1487 4579 hebetur
1497 4519 1593 4582 exod.
1609 4525 1658 4583 34.
1673 4523 1740 4583 Has
1752 4523 1830 4583 enim

389 4595 475 4668 tibet
488 4608 572 4668 intra
587 4603 700 4678 velum,
721 4605 805 4666 nulla
827 4605 947 4668 mentio.
970 4603 1081 4664 Verum
1137 4601 1256 4663 tabulas
1279 4605 1309 4664 in
1326 4624 1395 4665 area
1417 4610 1568 4685 repositas
1583 4606 1683 4681 fnisse,
1704 4609 1831 4686 legimns

388 4687 549 4774 nuens
575 4711 637 4753 non
659 4690 699 4753 de
723 4691 838 4771 templo
860 4692 1007 4771 loquitur,
1034 4688 1082 4749 vel
1136 4687 1235 4749 Exod.
1252 4692 1302 4751 40.
1319 4698 1348 4750 et
1364 4692 1453 4753 Dent.
1472 4696 1521 4754 10.
1542 4693 1720 4755 Curantem
1736 4694 1830 4756 mou-

382 4779 486 4930 ffl,
507 4779 559 4842 vel
574 4777 726 4854 seeund03
748 4778 804 4839 sed
827 4776 867 4839 de
889 4776 1082 4839 tabernaculo
1136 4776 1187 4836 loe
1202 4781 1381 4838 testamenti
1395 4778 1494 4840 diotae
1510 4781 1631 4854 inerint,
1653 4783 1727 4842 ratio
1743 4801 1830 4863 snpe-

466 4869 525 4930 ·ω.
1136 4864 1200 4924 rlns
1214 4863 1333 4924 reddita
1348 4874 1401 4926 eet
1425 4866 1486 4928 Sed
1510 4867 1561 4928 hie
1581 4871 1717 4949 exsurgit
1737 4888 1830 4949 quae·

422 4957 467 5018 ln
488 4971 558 5034 qtae
577 4969 666 5015 tarne
687 4969 792 5013 ausen
811 4952 928 5013 debens
949 4967 1082 5010 manno.
1136 4950 1201 5021 etio,
1227 4951 1375 5018 quomodo
1400 4954 1482 5014 dieat
1505 4953 1685 5033 Apostolus,
1708 4959 1740 5017 in
1763 4977 1832 5018 area

377 5031 523 5126 lupieit
545 5039 588 5104 sd
607 5039 761 5101 historiam
775 5038 873 5100 Exod.
891 5042 950 5114 16,
971 5036 1025 5098 nbi
1040 5035 1081 5096 le
1136 5021 1322 5098 inissehaee
1334 5040 1407 5116 tria,
1422 5057 1528 5102 urnam
1543 5038 1702 5104 habentem
1712 5062 1832 5116 manns,

1551 5147 1592 5207 1e
1609 5141 1626 5180 ¹*
