4442 5825
435 587 511 661 530
948 576 1364 634 uouemurumsmomu.

435 770 525 823 eccm
540 759 642 820 eureio.
669 757 740 820 Tibi
750 759 835 818 euim
847 757 989 817 revelavi
1000 771 1132 815 comum
1184 755 1588 835 peccate·noetrultblleret;
1608 764 1727 833 membr
1741 759 1875 822 etiemut

435 865 547 910 meam.
577 845 625 906 lte
641 850 671 904 et
685 844 785 906 Durid
801 845 833 905 in
848 842 993 905 Peclmie:
1008 841 1131 905 Judieo
1186 839 1226 900 ed
1239 843 1333 902 vitem
1343 843 1480 922 justitiee
1490 846 1669 906 etveeritlic
1684 848 1875 908 conventic-

434 955 495 1010 me,
511 934 661 1007 Domine,
678 939 708 992 et
721 931 863 992 dieceme
878 945 1007 991 caecam
1019 928 1131 988 meum.
1184 929 1232 988 nie
1246 948 1301 988 noe
1317 929 1508 1004 reformaret,
1525 951 1611 1012 quoe
1633 940 1683 992 eet
1705 932 1806 994 alteru
1818 952 1876 1013 pen

435 1022 575 1095 Jedtcc,
591 1020 748 1093 Domine,
766 1024 913 1080 nocenter
927 1035 984 1077 me.
1007 1013 1045 1074 Id
1060 1034 1131 1076 vero
1181 1014 1409 1092 juetisrcetionie
1434 1024 1572 1094 noetrd03
1598 1017 1637 1078 ud
1666 1039 1781 1099 quem,
1805 1020 1876 1081 velut

435 1115 497 1182 eet,
523 1107 596 1167 dure
618 1105 716 1166 locum
742 1106 821 1179 inec,
848 1104 967 1164 ecilicet
992 1099 1132 1175 divinee;
1184 1101 1288 1176 finem,
1313 1105 1395 1184 prior
1422 1123 1494 1184 pere
1523 1098 1619 1184 (quoe
1646 1107 1683 1168 in
1707 1107 1876 1169 nouitium

435 1190 689 1274 quemadmodum
704 1192 850 1272 praecipit
860 1188 1067 1251 PuulneRom.
1082 1189 1132 1248 12.
1184 1198 1371 1269 peccatorum
1388 1186 1535 1265 consistit)
1549 1189 1719 1255 ordinetur.
1746 1191 1876 1255 confine

435 1280 612 1342 Verisimile
627 1288 691 1352 eet,
713 1281 908 1360 interpretem
923 1284 1057 1337 neutrum
1072 1294 1131 1334 non
1185 1284 1283 1336 eutem
1298 1278 1374 1338 heec
1388 1280 1533 1359 pericope
1555 1279 1875 1357 tecitumfuilrcrtetio

425 1366 520 1428 eliud
543 1367 689 1438 vertisse,
716 1384 807 1446 quum
833 1365 915 1444 quod
937 1365 968 1423 in
994 1361 1132 1422 omnibus
1185 1382 1273 1423 nem:
1305 1365 1345 1425 Ut
1365 1369 1520 1440 pccoutie,
1535 1367 1663 1446 inquit,
1690 1366 1875 1442 monachii

435 1453 562 1516 Graecis
578 1451 703 1533 legitur,
722 1451 776 1513 eed
792 1470 860 1512 cum
875 1471 935 1511 non
952 1448 1131 1528 intelligere·
1187 1459 1234 1510 cet
1249 1460 1468 1532 erpeccetorum
1485 1451 1616 1513 dominio
1635 1473 1677 1514 uc
1689 1464 1777 1515 reatu
1790 1453 1875 1525 uoluti.

435 1550 500 1613 tur,
522 1539 713 1600 librariorum
730 1539 851 1598 inecitie
867 1538 931 1616 jem
954 1535 1024 1595 olim
1040 1534 1134 1595 fuime
1182 1537 1308 1617 jamque
1330 1537 1405 1599 nihil
1430 1539 1558 1619 umpboe
1584 1560 1652 1600 oum
1676 1543 1816 1621 peccetis
1837 1541 1874 1600 br·

435 1635 579 1688 mutatum
596 1628 628 1687 in
643 1645 762 1686 eeneum
779 1627 874 1704 mugio
891 1623 1020 1684 obvium.
1051 1621 1133 1682 Alio·
1186 1623 1289 1685 bentee
1305 1627 1490 1699 commercii,
1517 1625 1661 1707 deinceps
1672 1631 1824 1702 justitiae
1837 1628 1875 1688 ui·

424 1717 489 1794 ·qui
514 1721 595 1774 certe
610 1714 796 1791 Augustinus
819 1719 906 1772 tract.
924 1714 973 1771 21.
994 1712 1025 1769 in
1041 1709 1132 1769 Joen.
1187 1728 1317 1785 eumue,
1343 1710 1373 1771 id
1401 1721 1449 1773 eet
1471 1731 1563 1794 opem
1583 1714 1724 1792 justitiae
1747 1732 1875 1777 umect-

435 1821 505 1862 cum
520 1799 645 1862 Graccis
672 1799 829 1871 convenit,
855 1799 898 1858 ite
922 1796 1046 1876 legene:
1072 1797 1133 1857 Sed
1186 1818 1260 1858 mne.
1298 1797 1379 1876 Quid
1408 1801 1447 1859 eit
1477 1810 1600 1880 peccato
1629 1809 1788 1862 mortuum
1813 1819 1875 1872 cett

432 1886 678 1948 commendabat
706 1886 772 1959 illi,
812 1887 867 1962 qui
891 1887 975 1958 ,iuste
999 1882 1133 1956 judicat.
1185 1884 1303 1965 plenius
1325 1904 1344 1944 e
1366 1887 1450 1947 nobie
1478 1888 1647 1968 expositum
1674 1897 1723 1948 eut
1749 1888 1791 1949 ed
1815 1885 1876 1949 illul

437 1973 582 2035 Similiter
611 1972 789 2052 Fulgentius
822 1970 861 2032 od
899 1967 1133 2030 Traeimnndom
1186 1972 1271 2032 Rom.
1288 1974 1333 2033 6.:
1361 1973 1423 2050 Qui
1445 1976 1529 2035 cuim
1551 1978 1675 2036 mortui
1690 1994 1802 2038 eumue
1813 1993 1875 2053 pct-

426 2064 580 2139 =cep.11.:
598 2058 847 2121 Commendabat
858 2065 965 2118 cutem
972 2057 1134 2145 judicanti
1186 2066 1256 2119 outo
1272 2065 1327 2119 etc.

432 2149 526 2222 jucte
1233 2146 1331 2219 ector
1346 2146 1657 2208 liuoreeouotieetic.
1682 2148 1798 2209 Etboc
1811 2167 1875 2208 mn·

481 2237 531 2295 24.
555 2235 617 2311 Qui
637 2239 766 2309 peccata
789 2238 900 2291 noetro
923 2233 988 2305 ipee
1000 2231 1134 2305 pertulit
1187 2245 1271 2311 ptum
1286 2251 1323 2291 cx
1340 2231 1444 2292 eodem
1460 2236 1562 2312 cupite
1575 2232 1600 2295 J
1601 2236 1723 2309 eeeiue,
1740 2235 1795 2296 ubi
1808 2234 1876 2303 dicit

437 2323 474 2383 iu
488 2338 622 2397 corpore
636 2337 693 2380 uuo
712 2337 807 2396 cuper
822 2319 954 2394 lippum.
985 2317 1132 2390 Pertulit,
1187 2318 1350 2399 interprete
1365 2319 1569 2399 Hieronymo:
1596 2321 1787 2399 Diooiplim
1802 2323 1877 2399 petit

438 2397 622 2486 ὲνήνεγκεν,
646 2406 792 2479 metolit,
815 2403 959 2478 everbo,
982 2394 1133 2479 ἀναφέρο·
1185 2413 1313 2465 moetroe
1333 2423 1427 2481 rupee
1442 2426 1523 2481 eum,
1539 2407 1688 2469 ettiuore
1700 2409 1877 2485 memmi

437 2510 509 2573 put,
532 2495 670 2554 euetolio.
701 2493 761 2553 Hic
773 2493 837 2570 jem
854 2510 1014 2572 personum
1029 2509 1132 2550 secun·
1185 2511 1300 2553 eumue.
1336 2492 1396 2552 Pro
1419 2494 1520 2554 livore
1535 2493 1653 2555 Graece
1669 2504 1733 2557 eet:
1750 2489 1876 2574 milcini.

437 2579 508 2640 dum
533 2589 629 2640 mutet
655 2581 685 2640 in
711 2580 852 2658 primum,
883 2585 1000 2636 utnon
1030 2595 1134 2635 eervoe
1186 2578 1257 2659 Quo
1273 2598 1347 2639 voce
1363 2583 1411 2640 uei
1422 2589 1490 2640 eunt
1501 2582 1592 2640 etiem
1604 2580 1708 2644 LXX.
1726 2583 1876 2662 -Signibeet

437 2667 544 2737 eolum,
559 2665 613 2727 eed
629 2684 740 2738 omnoe,
756 2663 794 2724 ed
810 2683 887 2744 quos
903 2661 1133 2735 ecribitfidelee‚
1186 2674 1284 2725 eutem
1308 2668 1468 2746 vestigium
1489 2666 1600 2747 plegae
1618 2669 1648 2727 in
1672 2680 1763 2747 ente;
1778 2667 1875 2730 -Letiei

434 2762 470 2814 et
484 2755 514 2812 in
531 2754 575 2813 eie
590 2761 684 2812 totum
699 2751 883 2823 Ecclesium,
907 2751 982 2809 tanti
997 2749 1133 2810 beneficii
1186 2751 1317 2812 vibicem
1347 2762 1464 2813 vocent.
1512 2753 1550 2813 ln
1579 2753 1722 2817 Hebraeo
1765 2755 1875 2836 legitur:

438 2857 601 2900 memorem
615 2836 733 2898 reddet.
763 2837 898 2916 Respicit
913 2844 1012 2895 eutem
1028 2834 1067 2894 ed
1081 2855 1132 2894 vo·
1186 2838 1377 2900 cbabburcb.
1394 2840 1464 2922 Quo
1478 2840 1626 2901 vocabulo
1638 2841 1875 2925 tnmoeaptq·

440 2944 496 2987 ceu.
506 2926 631 2987 Jeeuiue
646 2925 715 2984 53.:
737 2926 814 2986 Vere
826 2926 996 2998 tanquam
1011 2930 1134 2983 nostroe
1188 2945 1315 3005 eurgcne
1345 2929 1540 3007 eignificetur.
1588 2927 1649 2989 Sed
1680 2929 1763 2991 boec
1791 2929 1875 2992 affinio

435 3015 505 3089 ipae
520 3013 594 3073 tulit
600 3056 611 3087 ,
635 3019 664 3071 et
686 3010 808 3071 doloret
830 3017 954 3071 uortroe
976 3012 1041 3085 ipee
1052 3027 1134 3085 por·
1186 3022 1271 3083 eunt,
1296 3029 1325 3072 et
1341 3014 1377 3073 ed
1402 3013 1480 3075 idem
1496 3015 1727 3093 rigoifimdnm
1745 3017 1874 3078 adtibm

437 3102 529 3159 teuit.
560 3099 603 3159 Et
615 3100 725 3175 posuit
739 3098 897 3157 Dominus
911 3100 947 3157 iu
962 3114 998 3156 eo
1013 3099 1134 3172 iniqui·
1231 3099 1406 3160 Notandum
1429 3103 1535 3173 etiem,
1562 3101 1656 3162 verbe
1679 3103 1825 3165 &Petri
1842 3102 1875 3162 rie

437 3192 535 3246 tutem
549 3188 694 3246 omnium
709 3192 863 3247 uestrum.
892 3183 984 3243 Item:
1005 3184 1134 3259 Iniqui·
1187 3185 1312 3245 hebere:
1340 3187 1438 3262 Cujus
1453 3187 1631 3262 vibice-eim
1645 3194 1758 3250 cuncti
1770 3205 1874 3251 met

437 3278 517 3332 tutet
546 3290 656 3333 eorum
691 3273 758 3347 ipee
791 3270 943 3346 portabit.
992 3271 1035 3330 Et
1068 3272 1134 3345 ipee
1188 3270 1280 3350 Quod
1295 3272 1442 3333 Ereemno
1459 3276 1502 3333 ite
1516 3272 1664 3334 reddidit:
1691 3277 1874 3351 meju-

461 3365 568 3418 eccotc
596 3357 772 3418 multorum
807 3358 897 3431 tulit,
937 3356 988 3416 ubi
1016 3355 1133 3415 LXX:
1188 3360 1257 3418 dem
1273 3358 1372 3420 vibice
1386 3363 1494 3421 eonati
1514 3378 1631 3421 eumue.
1666 3364 1716 3422 sAt
1729 3382 1798 3424 men
1808 3359 1873 3443 juti-

435 3377 604 3522 Ξνήνεγκεν
611 3489 621 3520 ,
639 3445 782 3519 meletii,
799 3442 878 3503 idem
894 3443 1035 3515 verbnm,
1054 3441 1134 3523 quod
1188 3446 1233 3506 cio
1249 3464 1309 3506 non
1323 3455 1413 3520 recte,
1429 3466 1484 3507 nec
1499 3444 1662 3507 eecundum
1675 3468 1766 3509 ocum
1781 3446 1874 3510 Greeci

440 3531 587 3591 hocloco.
621 3529 743 3592 Deinde
758 3532 848 3589 etium
864 3528 902 3588 ed
915 3527 989 3588 illud
1004 3528 1134 3591 Joannie
1188 3533 1342 3593 sermonis.
1365 3534 1470 3594 Potine
1486 3531 1622 3607 dixerim,
1643 3534 1697 3595 vel
1712 3534 1753 3595 ed
1770 3534 1873 3617 empir-

436 3617 593 3698 Beptietee
623 3616 816 3698 praeconium
854 3614 893 3675 de
925 3614 1016 3677 Jeeu:
1054 3617 1134 3676 Ecce
1187 3619 1243 3678 eim
1258 3618 1392 3679 cdditum
1416 3638 1498 3680 cece:
1521 3610 1630 3695 αὖτοῦ,
1645 3625 1779 3698 ipeiue,
1806 3621 1876 3682 velet

437 3723 543 3780 uanus
566 3706 646 3780 Dei,
674 3723 757 3778 ecce,
784 3704 840 3779 qui
863 3701 947 3761 tollit
969 3709 1133 3777 peccatum
1187 3706 1341 3785 eupcrine:
1367 3698 1478 3779 αὐτὸς,
1496 3708 1582 3782 ipee;
1605 3706 1655 3767 vel
1681 3703 1875 3789 (quote-gi·

436 3792 570 3867 muudi,
587 3791 676 3853 Joen.
696 3795 722 3851 1.
760 3789 820 3850 Sed
845 3797 873 3848 et
895 3786 973 3848 illud
987 3787 1132 3868 emphati·
1187 3787 1362 3869 verisimile)
1393 3792 1600 3871 pleoneemum
1639 3792 1874 3856 oue-fletae·

437 3897 519 3940 cum:
534 3882 611 3956 ipee,
623 3898 642 3939 u
653 3877 806 3956 Propheta
818 3884 968 3954 eumptom
981 3882 1035 3947 eet,
1051 3874 1134 3954 epod
1186 3877 1386 3956 peculiarem3
1404 3878 1568 3958 cujusmodi
1583 3883 1697 3958 peeeim
1713 3880 1875 3942 contritiu

437 3984 529 4044 quem
545 3966 635 4026 totiee
650 3965 804 4045 repetitur.
827 3962 938 4042 Ituque
953 3980 1057 4021 eeneue
1074 3969 1133 4022 eet:
1186 3963 1341 4045 Scriptura
1366 3967 1478 4026 veterio
1505 3969 1685 4041 teettmenti,
1717 3976 1751 4028 nt
1778 3967 1875 4030 Pau.

438 4050 499 4131 Qui
522 4052 587 4132 ipee
608 4070 662 4130 per
684 4070 717 4111 ee
739 4056 879 4130 peccate,
905 4069 964 4108 non
987 4065 1057 4120 ene,
1079 4049 1133 4108 eed
1189 4051 1252 4109 te:
1275 4051 1416 4112 Mentem
1432 4052 1528 4125 Sicu,
1553 4056 1589 4114 im
1606 4072 1668 4130 quo
1683 4054 1875 4116 habituatiie

436 4144 555 4209 nocuo,
571 4144 723 4216 tamquam
740 4134 858 4216 pondue
874 4153 985 4214 greve,
1012 4135 1134 4194 eontulit
1187 4155 1238 4212 eo,
1256 4145 1286 4197 et
1304 4139 1390 4197 104:
1406 4142 1536 4213 Aaron,
1554 4158 1645 4215 quem
1662 4142 1760 4218 clepit
1775 4145 1875 4219 tptmu

436 4241 473 4283 co
488 4224 621 4303 portavit
643 4224 674 4282 in
697 4242 751 4283 roo
766 4242 891 4301 corpore
911 4241 1002 4301 super
1018 4220 1132 4300 lignum
1186 4223 1231 4284 Ut
1246 4223 1372 4303 proinde
1386 4234 1486 4285 noster
1506 4226 1654 4305 interpree
1668 4225 1875 4309 negligendum

436 4308 549 4383 crucie,
577 4310 626 4367 cni
649 4318 713 4368 eret
734 4309 856 4381 affixus,
879 4306 909 4366 id
932 4318 979 4368 eet
998 4308 1133 4387 pendeus
1188 4311 1874 4394 putaveritetllicmnymuenegligeneeolett

436 4397 469 4458 iu
483 4414 589 4467 cruce,
605 4396 794 4474 poenueipee
809 4396 924 4472 recepit
939 4414 973 4453 ec
988 4393 1134 4474 persolvit
1229 4395 1347 4456 Alledit
1371 4406 1472 4457 cirtem
1496 4398 1605 4458 Petrue
1619 4399 1671 4459 ’ud
1700 4401 1812 4463 litoreo
1831 4407 1875 4461 dn

435 4482 570 4563 peccetie
586 4482 692 4540 noetrie
710 4480 837 4541 dcbitee.
1187 4482 1302 4543 vibicee
1328 4483 1502 4563 plagarum,
1528 4490 1714 4565 quae-:mi
1727 4492 1875 4567 ..mm

485 4569 525 4629 Ut
545 4569 683 4644 peccatis
706 4570 843 4640 mortui,
865 4568 1011 4640 iustitiae
1041 4569 1132 4627 vioe·
1187 4569 1225 4629 eb
1241 4568 1468 4631 inclcmcutibue
1484 4570 1638 4647 dominio,¹
1655 4572 1789 4656 ideoque
1809 4572 1876 4636 redit

435 4673 512 4716 mut.
542 4654 681 4730 Mortui,
698 4652 832 4713 Graece:
856 4643 1084 4729 ἀπογενόμενοι,
1102 4654 1132 4713 id
1188 4652 1226 4715 od
1242 4655 1402 4717 secundum
1425 4677 1597 4738 perennem,
1623 4657 1747 4722 dicens:
1764 4658 1876 4726 ,Μ

434 4748 497 4815 eet,
527 4740 658 4818 defecti,
690 4758 742 4800 eeu
771 4738 923 4815 defuncti.
962 4737 1032 4816 Quo
1059 4759 1132 4799 voce
1188 4744 1265 4801 cotie.
1289 4742 1452 4803 Eteenene
1469 4751 1532 4804 eet:
1547 4743 1724 4808 Meminisse
1739 4746 1875 4815 voe-min

434 4826 730 4904 mortuoeiutelligi,
758 4826 847 4885 docet
862 4825 1054 4885 antithetnm:
1084 4830 1132 4885 oi·
1187 4827 1256 4887 dum
1274 4829 1385 4907 injuste
1400 4828 1558 4891 coedimini
1579 4831 1747 4898 udomtnie
1773 4833 1874 4898 emir.

435 4931 556 4975 vomui.
593 4912 765 4992 Significat,
793 4909 949 4971 Christum
964 4929 1085 4989 pecuum
1101 4922 1133 4973 et
1186 4933 1266 4994 quoe
1282 4913 1420 4977 Christus
1435 4935 1490 4996 pro
1506 4917 1593 4978 vobie
1617 4915 1874 5002 pascue-titpqui

432 5007 581 5061 mortuum
604 5018 672 5062 eme
697 5000 728 5059 in
755 5016 860 5069 cruce,
886 5017 946 5057 non
972 4996 1069 5057 eolum
1098 5006 1132 5058 ut
1185 5002 1278 5062 etium
1294 5021 1355 5063 non
1370 5004 1873 5088 eincgruvierimelgneninimw
