4442 5825
441 606 515 674 ⁶34
952 599 1236 657 commissuri
1255 597 1379 655 curm.

438 776 523 837 Loco
544 775 669 837 duarum
690 775 869 837 dictionum:
887 779 1130 854 promissionem
1180 780 1412 854 poeaitentiam
1425 780 1552 840 reverti.
1576 775 1720 839 Graece:
1738 777 1870 856 χωρῆσαι,

438 882 539 936 suom,
553 862 699 944 quaedam
710 865 915 943 manuscripta
922 863 1041 944 legunt:
1051 882 1131 941 pro·
1184 865 1338 942 accedere,
1355 867 1475 941 venire,
1488 867 1675 942 peruenire.
1701 864 1871 927 Potastitcn

438 952 524 1010 missi
535 993 546 1024 ,
573 949 723 1029 quaedam
749 952 822 1010 alia:
850 955 1029 1028 promissis,·
1057 970 1127 1032 quo
1184 953 1282 1012 active
1298 953 1392 1012 sumi:
1407 952 1462 1012 sed
1477 970 1586 1014 omsses
1598 952 1644 1011 ad
1653 955 1873 1028 poeniteutiam

438 1035 526 1097 modo
544 1037 641 1096 locum
664 1036 742 1096 hunc
758 1039 831 1097 citat
845 1038 989 1116 Pelagius
1005 1040 1035 1097 iu
1052 1057 1129 1096 uom-
1183 1041 1338 1114 recipere,
1363 1039 1512 1119 quomodo
1537 1039 1632 1098 vertit
1654 1038 1814 1116 Erasmus3
1839 1048 1873 1098 a

438 1124 583 1184 monterio
598 1121 756 1202 Epistulae
772 1122 903 1184 cdRom.
920 1126 959 1197 2,
975 1125 1045 1204 quia
1056 1125 1132 1183 forte
1184 1127 1271 1184 meisi
1286 1126 1430 1185 neutralis
1446 1127 1583 1204 acceptio
1599 1123 1805 1204 probabilior,
1826 1134 1873 1185 taa

438 1212 586 1284 interpres
602 1210 732 1288 legerat:
748 1212 824 1278 ταῖς
835 1202 1044 1287 ἐπαγγελίαις,
1060 1232 1130 1291 pro:
1184 1213 1302 1290 proprio
1326 1231 1392 1285 usa,
1415 1231 1502 1285 quam
1517 1221 1643 1291 propter
1658 1211 1789 1272 verbum
1803 1231 1872 1290 prae·

437 1297 496 1375 τῆς
516 1289 709 1371 ἐπαγγελίας.
735 1298 923 1376 Augustinus
942 1298 1031 1376 legit:
1051 1315 1131 1374 pro·
1184 1295 1311 1358 cedens:
1333 1289 1512 1372 ἀπολέσθαι,
1527 1300 1647 1375 perire,
1665 1318 1732 1358 non
1743 1298 1871 1374 perdere

437 1387 575 1442 missum.
600 1383 694 1461 nequi
711 1381 831 1444 Graeca
846 1384 889 1443 sic
905 1383 1031 1444 habeut:
1058 1387 1131 1444 Il'on
1227 1382 1303 1445 Cum
1319 1397 1418 1445 autem
1432 1392 1557 1457 constet,
1579 1406 1643 1445 non
1667 1404 1776 1445 omncs
1794 1385 1872 1444 bumi-

437 1470 547 1529 tardat
562 1470 721 1529 Dominus
738 1472 887 1545 promissi
910 1466 978 1545 (seu
991 1473 1131 1546 promis·
1184 1488 1236 1529 nes
1251 1473 1290 1532 sd
1307 1473 1519 1551 poenitentiam
1535 1473 1696 1542 converti,
1720 1471 1775 1532 sed
1794 1470 1872 1550 pluri·

436 1551 558 1631 rioms),
575 1557 669 1615 sicuti
682 1556 812 1631 quidam
826 1558 1011 1616 tarditatem
1023 1560 1131 1618 ruisti·
1183 1575 1247 1615 mos
1265 1559 1380 1637 perire,
1404 1559 1573 1637 quaeritur,
1599 1577 1661 1638 quo
1678 1577 1772 1618 sensu
1786 1577 1872 1618 seraa

436 1650 536 1704 maest.
560 1640 651 1724 Quod
667 1645 816 1721 posterius
839 1644 931 1703 etiam
958 1645 1131 1722 Augustino
1184 1644 1236 1714 sit,
1261 1647 1359 1704 Deum
1382 1645 1439 1703 hoc
1461 1644 1558 1716 nolle,
1582 1644 1660 1705 illud
1678 1643 1779 1719 vella,
1800 1645 1873 1722 cujus

436 1730 554 1810 legitur.
585 1730 743 1789 Dominus
754 1733 921 1807 promissi,
946 1732 978 1791 id
994 1739 1046 1803 est,
1069 1732 1130 1789 Do·
1183 1729 1325 1790 voluntas
1348 1733 1535 1809 omnipotens
1558 1740 1589 1789 et
1604 1730 1807 1792 immutabilis
1828 1740 1872 1802 ast

436 1819 534 1877 minue
556 1816 725 1896 promissor,
747 1817 797 1876 vel
820 1818 871 1895 qui
893 1818 1038 1896 promisit.
1067 1818 1129 1876 Hc·
1184 1816 1313 1896 ideoque
1329 1837 1446 1897 semper
1461 1815 1614 1895 impletur.
1638 1816 1778 1897 Quidam
1796 1819 1871 1877 iuter·

435 1903 583 1964 braismus
598 1912 651 1961 est
680 1903 773 1962 Forte
788 1905 987 1982 suspicabitur
1009 1902 1131 1982 aliquis,
1183 1913 1337 1982 pretentur
1359 1904 1434 1964 hacc
1455 1903 1551 1964 verba
1573 1905 1613 1964 de
1637 1902 1802 1965 voluntate
1815 1923 1872 1963 con·

437 1991 468 2049 in
491 1989 607 2051 Gracco
630 1989 772 2067 scriptum
793 1991 917 2050 aPetro
938 1991 1044 2049 fuisse:
1061 1981 1130 2062 τὰς,
1183 1989 1339 2062 ditiouuta,
1355 1990 1455 2050 Deum
1467 1988 1547 2049 velle
1558 2009 1665 2051 omnes
1678 1988 1721 2049 ad
1733 1991 1871 2069 poenitor

436 2096 506 2156 pro:
527 2076 597 2154 τῆς,
621 2085 653 2135 ut
669 2074 843 2136 vertendum
865 2077 969 2137 suerit:
989 2079 1130 2152 promis·
1182 2078 1253 2135 tiam
1269 2079 1386 2150 venire,
1409 2075 1498 2136 modu
1522 2077 1578 2155 ipsi
1602 2077 1711 2136 velint.
1736 2077 1799 2136 Alii
1813 2095 1871 2155 sap

436 2166 545 2223 aiones.
584 2162 645 2222 Sed
672 2183 731 2222 uon
759 2165 900 2237 invenio,
929 2164 979 2224 ubi
1006 2163 1130 2223 verbum
1183 2162 1450 2242 plentbocmodo:
1466 2164 1565 2222 Deum
1581 2162 1614 2222 id
1630 2161 1722 2236 ralla,
1738 2170 1873 2244 quautam

374 2321 376 2324 Ι
438 2243 575 2325 βραδύνω
599 2250 755 2309 transitive
779 2261 930 2324 sumatur,
954 2259 983 2310 ct
1007 2268 1128 2309 accusa·
1183 2253 1216 2309 in
1239 2253 1304 2330 ipso
1327 2259 1380 2310 est.
1415 2250 1462 2308 Ita
1482 2257 1553 2328 post
1573 2249 1724 2310 Lirauum
1747 2250 1870 2310 Thomas

436 2336 532 2395 tirum
547 2345 616 2414 post
629 2355 663 2395 se
677 2344 771 2414 ragat.
1181 2337 1326 2416 Anglicus
1340 2338 1370 2397 iu
1382 2336 1472 2416 hujus
1484 2336 1542 2396 loci
1555 2339 1783 2398 commentario.
1803 2335 1870 2395 Nam

479 2422 612 2482 Annotat
626 2422 800 2496 Sasbcldus,
816 2421 971 2482 subaudiri
987 2424 1127 2500 coujunc-
1182 2444 1233 2485 eos
1257 2423 1336 2495 falli,
1360 2423 1412 2502 qni
1436 2442 1510 2502 opus
1534 2420 1610 2481 illud
1626 2423 1772 2484 Thomas
1787 2423 1869 2501 Aqui·

437 2510 548 2569 tionem
565 2509 721 2580 illativum,
744 2510 825 2589 quod
840 2509 972 2569 Hebraei
988 2510 1128 2587 conjunc·
1181 2511 1259 2570 natis
1276 2529 1341 2570 esse
1357 2518 1478 2589 putant,
1501 2507 1699 2570 ostendemus
1715 2506 1798 2585 (Deo
1812 2528 1869 2587 pro

436 2596 532 2655 tiones
548 2614 640 2675 saepe
654 2595 853 2668 dissimulent,
869 2605 900 2654 et
915 2594 1129 2674 intelligendas
1181 2593 1268 2677 pitis)
1290 2598 1322 2656 in
1346 2596 1406 2656 fine
1428 2596 1626 2655 Comnicntar.
1650 2596 1693 2656 ad
1709 2594 1870 2676 Epistulam

437 2681 625 2760 relinquant3
647 2693 680 2740 ut
694 2701 800 2742 sensus
816 2685 872 2741 eit:
897 2681 964 2741 Non
980 2702 1051 2760 ergo
1066 2683 1128 2741 Do·
1180 2684 1215 2743 B.
1230 2683 1341 2744 Judae.
1365 2683 1478 2743 Verum
1493 2680 1669 2761 hujusmodi
1684 2701 1808 2743 sensum
1816 2683 1869 2761 jam

435 2770 542 2842 miuus,
558 2770 609 2848 qui
624 2769 766 2848 promisit,
790 2767 897 2840 tardat,
918 2768 1018 2843 idest,
1041 2768 1128 2841 ultra,
1181 2770 1361 2831 exclusimus
1370 2768 1640 2847 etimprobavimus
1649 2787 1690 2829 ax
1699 2769 1869 2848 Augmtim

437 2875 528 2935 quam
550 2864 701 2936 oporteat,
729 2855 828 2916 differt
854 2864 1024 2935 praestare,
1047 2853 1128 2935 quod
1180 2858 1339 2936 Prospero,
1363 2855 1531 2935 Fulgentio,
1554 2862 1585 2915 et
1607 2874 1647 2916 ex
1664 2856 1734 2935 ipso
1748 2856 1869 2917 Doctort

436 2944 580 3023 promisit.
611 2942 648 3001 Id
669 2943 747 3002 enim
769 2952 815 3005 cst
837 2942 984 3019 tardare,
1008 2963 1075 3002 cum
1096 2944 1128 3001 in
1179 2943 1333 3023 Argolico,
1353 2962 1420 3003 cum
1436 2961 1654 3022 exponeremus
1670 2942 1749 3004 illud
1766 2947 1783 3003 1
1800 2943 1868 3003 'rus

435 3031 509 3089 vitio
528 3031 665 3109 ponitur,
688 3029 765 3088 ultra
786 3032 995 3109 praestitutum
1010 3036 1062 3089 aut
1078 3028 1128 3088 de·
1180 3033 1225 3090 2.:
1243 3032 1304 3111 Qui
1319 3031 1388 3091 vult
1402 3048 1510 3091 omnes
1524 3030 1668 3089 besaines
1678 3031 1788 3091 salvos
1798 3030 1868 3105 fleri,

435 3116 531 3176 bitum
554 3126 686 3193 tempus,
713 3115 794 3194 quod
816 3117 966 3195 agendum
990 3126 1048 3188 ast,
1075 3115 1129 3175 dii·
1180 3126 1233 3177 etc.
1268 3116 1354 3177 Alios
1377 3136 1447 3176 vero
1470 3134 1575 3177 sensus
1598 3116 1778 3195 probabiles
1799 3117 1868 3195 ajar

435 3203 522 3264 ferre.
547 3201 706 3281 Quomodo
722 3201 845 3282 quidam
863 3202 1011 3263 adventus
1025 3204 1127 3262 Domi·
1180 3204 1248 3264 dem
1271 3205 1439 3266 sententiae
1461 3202 1606 3263 Paulinae
1629 3199 1868 3264 adduximuaaa

435 3289 679 3351 nioidilationem
690 3289 1061 3370 malcinterprrtabantur.
1078 3288 1130 3350 Sic
1180 3290 1246 3350 dem
1268 3292 1343 3351 loco.
1376 3290 1512 3368 Quorum
1533 3287 1593 3348 duo
1620 3293 1769 3368 postremi
1792 3288 1870 3349 laeda

436 3377 475 3439 ds
489 3376 625 3456 ejusdam
641 3376 762 3437 Domini
777 3375 908 3437 adventu
925 3377 1065 3456 scriptum
1082 3383 1129 3434 est
1179 3379 1332 3457 praesenti
1349 3377 1415 3437 loco
1431 3384 1556 3458 possunt
1570 3379 1679 3454 aptari,
1705 3386 1740 3436 ut
1762 3376 1870 3436 dinam

436 3464 554 3525 Habsc.
578 3466 625 3523 2.:
648 3465 683 3524 Si
704 3482 828 3524 moram
846 3465 968 3541 fecerit,
985 3469 1128 3538 exspecta
1179 3465 1328 3524 Dominus
1354 3463 1452 3535 nolle,
1481 3464 1650 3542 quempiam
1682 3465 1803 3543 perire,
1826 3459 1870 3521 scd

434 3552 537 3626 illum
564 3553 641 3627 quia
658 3552 785 3612 veniam
799 3553 915 3625 vestiet,
932 3555 961 3609 et
976 3568 1043 3611 moa
1058 3556 1128 3608 tar·
1179 3570 1283 3611 omnes
1298 3549 1338 3610 ad
1352 3550 1572 3630 poenitentiam
1589 3551 1762 3628 pervenire,
1778 3557 1869 3629 quatu

435 3638 532 3698 dabit.
555 3638 606 3698 Ex
621 3656 683 3716 qua
697 3637 852 3718 Scriptura
866 3637 967 3718 liquet,
984 3658 1044 3697 uon
1059 3655 1124 3694 con·
1180 3657 1237 3698 nus
1260 3637 1388 3697 humano
1412 3636 1516 3716 generi
1537 3637 1568 3695 in
1585 3637 1764 3697 universum
1781 3633 1871 3695 medis

434 3727 517 3786 tinuo
533 3726 664 3786 tardare
679 3744 763 3797 sum,
787 3726 841 3805 qui
858 3724 956 3784 differt
971 3734 1002 3784 ot
1015 3742 1128 3782 moram
1180 3722 1329 3804 quaedam
1351 3733 1382 3783 et
1402 3722 1517 3783 auxilia
1531 3722 1688 3801 generalia
1704 3721 1871 3802 providit&

434 3812 515 3874 iacit.
1180 3809 1312 3882 contulit,
1340 3829 1394 3889 per
1418 3827 1498 3889 quse
1523 3816 1648 3889 possent
1673 3809 1814 3869 homiues
1837 3804 1871 3866 asl

477 3900 538 3961 Sed
543 3902 705 3976 patienter
713 3901 780 3974 cpit
786 3905 988 3975 proptervos.
997 3894 1127 3956 Graece:
1180 3898 1280 3956 Deum
1314 3898 1464 3971 converti,
1496 3893 1567 3954 licet
1592 3914 1630 3956 ea
1655 3894 1699 3955 ad
1726 3894 1871 3955 humma·

435 3988 496 4048 Sed
521 3988 716 4063 lompauimis
742 3993 787 4047 est
813 4002 888 4060 erpa
914 4002 982 4059 mos,
1009 3982 1067 4055 vel,
1094 3989 1129 4039 ut
1180 3985 1406 4044 conversionem
1431 3990 1463 4044 et
1486 3981 1613 4042 salutem
1629 3981 1748 4061 absque
1764 3982 1870 4063 specis

435 4075 523 4152 pauci
535 4073 651 4134 codices
664 4072 783 4146 habent,
800 4089 876 4147 erpa
889 4089 950 4132 uus.
966 4072 1128 4130 Patientia
1180 4070 1257 4130 libus
1274 4069 1411 4141 auxiliis,
1435 4088 1515 4147 quse
1529 4088 1590 4128 uon
1605 4068 1746 4129 omuibus
1762 4067 1872 4132 emar.

434 4179 489 4221 sess
504 4160 743 4235 louaauimitas,
767 4169 800 4219 ot
815 4158 876 4218 alia
890 4158 993 4230 multa,
1008 4155 1126 4216 anthro·
1180 4158 1300 4217 minime
1322 4156 1485 4229 sufficiant,
1506 4154 1558 4234 qui
1579 4161 1646 4213 erat
1668 4154 1796 4215 ultimus
1815 4172 1871 4214 sca·

434 4245 595 4327 popathicc
628 4247 694 4305 Dec
727 4247 869 4306 tribuitur
899 4246 931 4304 in
956 4244 1127 4321 scripturis.
1181 4263 1241 4303 sus.
1266 4242 1324 4302 Vel
1347 4251 1492 4320 quatenus
1515 4240 1581 4302 vult
1595 4247 1627 4301 ut
1641 4238 1727 4312 iacit,
1748 4244 1815 4321 pios
1828 4239 1870 4298 bo·

434 4333 512 4393 Nam
528 4333 647 4412 patiens
662 4340 694 4391 et
707 4331 887 4410 longanimis
903 4351 939 4390 ea
955 4350 991 4390 eo
1011 4330 1128 4403 dicitur,
1180 4331 1277 4389 mines
1292 4329 1380 4399 nolle,
1404 4329 1573 4409 quempiam
1588 4328 1708 4407 perire,
1730 4327 1788 4388 aad
1802 4324 1872 4387 ralla

434 4416 778 4500 quiadiffertultioncm,
791 4418 870 4498 quod
885 4416 1127 4477 solontbomiues
1180 4436 1235 4476 seu
1259 4415 1439 4488 desiderare,
1463 4423 1497 4473 ut
1518 4432 1621 4474 omues
1644 4433 1665 4473 a
1685 4414 1758 4475 Deo
1778 4410 1871 4474 arsrsi

434 4506 582 4586 patientes
616 4516 710 4585 atquc
734 4503 930 4583 longanimes.
974 4504 1126 4581 Interpres
1179 4503 1219 4564 ad
1241 4503 1337 4580 ipsum
1359 4522 1414 4582 per
1434 4521 1537 4561 veram
1561 4500 1784 4580 poeniteutiam
1810 4520 1871 4560 ooa-

434 4593 710 4668 lasspassimitatem
731 4609 769 4650 ex
785 4589 902 4650 Graeco
919 4592 1071 4667 expressit
1083 4589 1127 4648 iu·
1179 4594 1344 4661 vertantur,
1360 4598 1390 4649 et
1405 4586 1443 4648 ad
1458 4586 1586 4648 salutem
1602 4588 1803 4665 parreuiaut;
1827 4586 1873 4665 qui

434 4679 481 4738 fra
502 4699 581 4741 vers.
608 4679 655 4740 16.
686 4677 744 4737 list
768 4676 886 4754 quidem
909 4674 959 4735 bic
978 4694 1074 4735 sermo
1090 4674 1128 4734 de
1181 4684 1247 4734 eret
1262 4694 1368 4735 sensus
1383 4675 1575 4756 penultimus.

435 4764 571 4842 Christ03
594 4767 650 4826 sed
666 4764 778 4842 passim
794 4780 839 4833 es,
864 4780 944 4838 quaa
967 4761 1026 4821 Dei
1050 4771 1127 4834 suut,
1222 4760 1425 4822 Veruntamen
1448 4770 1494 4821 cst
1517 4769 1547 4822 et
1568 4758 1649 4820 alius
1671 4778 1794 4832 musus,
1814 4759 1873 4820 bais

434 4851 590 4930 Scriptura
611 4850 732 4911 Christo
747 4848 907 4922 adscribit,
931 4858 1035 4929 utpote
1055 4867 1127 4907 vero
1180 4846 1246 4908 lucc
1273 4847 1542 4920 accommodatior,
1568 4865 1659 4927 quem
1687 4845 1873 4909 declinaris

435 4936 512 4996 Deo.
1180 4944 1335 4995 comment
1351 4934 1419 4995 libri
1430 4935 1518 5013 primi
1530 4941 1662 4995 ssuteui.
1676 4934 1809 4996 distinct.
1819 4932 1872 5000 id,

478 5024 596 5085 Nolam
610 5021 734 5101 aliquos
744 5022 865 5099 perire,
887 5022 940 5084 sed
960 5041 1070 5085 ommes
1083 5022 1128 5084 ad
1179 5031 1214 5085 ut
1230 5022 1292 5084 Dei
1313 5022 1451 5084 voluutas
1474 5021 1522 5083 bic
1542 5020 1732 5103 intelligam
1745 5018 1871 5083 abacista
