<?xml version="1.0" encoding="UTF-8"?>
<!DOCTYPE html PUBLIC "-//W3C//DTD XHTML 1.0 Transitional//EN"
    "http://www.w3.org/TR/xhtml1/DTD/xhtml1-transitional.dtd">
<html xmlns="http://www.w3.org/1999/xhtml" xml:lang="en" lang="en">
 <head>
  <title>
</title>
<meta http-equiv="Content-Type" content="text/html;charset=utf-8" />
  <meta name='ocr-system' content='tesseract 3.04.00' />
  <meta name='ocr-capabilities' content='ocr_page ocr_carea ocr_par ocr_line ocrx_word'/>
</head>
<body>
  <div class='ocr_page' id='page_1' title='image "./guilielmiestiii01estigoog_0147.png"; bbox 0 0 4442 5825; ppageno 0'>
   <div class='ocr_carea' id='block_1_1' title="bbox 748 615 1759 689">
    <p class='ocr_par' dir='ltr' id='par_1_1' title="bbox 748 615 1759 689">
     <span class='ocr_line' id='line_1_1' title="bbox 748 615 1759 689; baseline 0.006 -18"><span class='ocrx_word' id='word_1_1' title='bbox 748 616 913 672; x_wconf 68' lang='lat' dir='ltr'><strong>merente</strong></span> <span class='ocrx_word' id='word_1_2' title='bbox 929 617 970 672; x_wconf 69' lang='lat' dir='ltr'><strong>AI)</strong></span> <span class='ocrx_word' id='word_1_3' title='bbox 988 615 1153 672; x_wconf 66' lang='lat' dir='ltr'><strong>umes</strong></span> <span class='ocrx_word' id='word_1_4' title='bbox 1187 615 1272 670; x_wconf 63' lang='grc' dir='ltr'><strong>ΜΒ.</strong></span> <span class='ocrx_word' id='word_1_5' title='bbox 1292 618 1315 670; x_wconf 88' lang='lat' dir='ltr'><strong>l.</strong></span> <span class='ocrx_word' id='word_1_6' title='bbox 1688 620 1759 689; x_wconf 78' lang='grc'><strong>137</strong></span> 
     </span>
    </p>
   </div>
   <div class='ocr_carea' id='block_1_2' title="bbox 351 763 1758 874">
    <p class='ocr_par' dir='ltr' id='par_1_2' title="bbox 351 763 1758 874">
     <span class='ocr_line' id='line_1_2' title="bbox 351 763 1758 874; baseline -0.001 -21"><span class='ocrx_word' id='word_1_7' title='bbox 351 792 425 865; x_wconf 63' lang='lat' dir='ltr'><strong>seur</strong></span> <span class='ocrx_word' id='word_1_8' title='bbox 446 813 466 853; x_wconf 63' lang='lat' dir='ltr'><strong>a</strong></span> <span class='ocrx_word' id='word_1_9' title='bbox 480 791 593 872; x_wconf 67' lang='lat' dir='ltr'><strong>quun.</strong></span> <span class='ocrx_word' id='word_1_10' title='bbox 606 800 642 853; x_wconf 72' lang='lat' dir='ltr'>m</span> <span class='ocrx_word' id='word_1_11' title='bbox 662 792 834 874; x_wconf 60' lang='lat' dir='ltr'><strong>precem</strong></span> <span class='ocrx_word' id='word_1_12' title='bbox 848 763 1012 854; x_wconf 54' lang='lat' dir='ltr'><strong>aleretur.</strong></span> <span class='ocrx_word' id='word_1_13' title='bbox 1065 790 1213 854; x_wconf 60' lang='lat' dir='ltr'><strong>noemae</strong></span> <span class='ocrx_word' id='word_1_14' title='bbox 1228 792 1337 871; x_wconf 67' lang='lat' dir='ltr'><strong>regum</strong></span> <span class='ocrx_word' id='word_1_15' title='bbox 1351 792 1383 852; x_wconf 76' lang='lat' dir='ltr'><strong>tn</strong></span> <span class='ocrx_word' id='word_1_16' title='bbox 1397 790 1506 865; x_wconf 69' lang='lat' dir='ltr'><strong>nrm,</strong></span> <span class='ocrx_word' id='word_1_17' title='bbox 1521 789 1553 852; x_wconf 78' lang='lat' dir='ltr'><strong>rr</strong></span> <span class='ocrx_word' id='word_1_18' title='bbox 1570 798 1624 867; x_wconf 68' lang='lat' dir='ltr'><strong>aa</strong></span> <span class='ocrx_word' id='word_1_19' title='bbox 1639 792 1672 853; x_wconf 75' lang='lat' dir='ltr'><strong>rn</strong></span> <span class='ocrx_word' id='word_1_20' title='bbox 1685 790 1758 852; x_wconf 77' lang='lat' dir='ltr'><strong>na-</strong></span> 
     </span>
    </p>
   </div>
   <div class='ocr_carea' id='block_1_3' title="bbox 351 877 1768 5133">
    <p class='ocr_par' dir='ltr' id='par_1_3' title="bbox 351 877 1768 2785">
     <span class='ocr_line' id='line_1_3' title="bbox 351 877 1763 960; baseline 0 -21"><span class='ocrx_word' id='word_1_21' title='bbox 351 880 413 960; x_wconf 74' lang='lat' dir='ltr'><strong>tqui</strong></span> <span class='ocrx_word' id='word_1_22' title='bbox 426 878 492 939; x_wconf 83' lang='lat' dir='ltr'><strong>istis</strong></span> <span class='ocrx_word' id='word_1_23' title='bbox 506 880 538 941; x_wconf 94' lang='lat' dir='ltr'><strong>in</strong></span> <span class='ocrx_word' id='word_1_24' title='bbox 552 882 772 960; x_wconf 74' lang='lat' dir='ltr'><strong>pomessionem</strong></span> <span class='ocrx_word' id='word_1_25' title='bbox 788 880 913 941; x_wconf 78' lang='lat' dir='ltr'>obvenit</span> <span class='ocrx_word' id='word_1_26' title='bbox 925 881 1013 959; x_wconf 80' lang='lat' dir='ltr'><strong>regio</strong></span> <span class='ocrx_word' id='word_1_27' title='bbox 1065 879 1204 942; x_wconf 84' lang='lat' dir='ltr'><strong>ruralem.</strong></span> <span class='ocrx_word' id='word_1_28' title='bbox 1227 879 1317 941; x_wconf 81' lang='lat' dir='ltr'><strong>Hanc</strong></span> <span class='ocrx_word' id='word_1_29' title='bbox 1339 879 1420 939; x_wconf 90' lang='lat' dir='ltr'><strong>enim</strong></span> <span class='ocrx_word' id='word_1_30' title='bbox 1435 878 1607 958; x_wconf 74' lang='lat' dir='ltr'><strong>significari,</strong></span> <span class='ocrx_word' id='word_1_31' title='bbox 1629 877 1763 939; x_wconf 84' lang='lat' dir='ltr'><strong>declsrst</strong></span> 
     </span>
     <span class='ocr_line' id='line_1_4' title="bbox 351 964 1762 1048; baseline 0.001 -21"><span class='ocrx_word' id='word_1_32' title='bbox 351 965 471 1027; x_wconf 73' lang='lat' dir='ltr'><strong>dentalis</strong></span> <span class='ocrx_word' id='word_1_33' title='bbox 494 966 576 1027; x_wconf 79' lang='lat' dir='ltr'><strong>ultra</strong></span> <span class='ocrx_word' id='word_1_34' title='bbox 600 966 713 1029; x_wconf 84' lang='lat' dir='ltr'><strong>flumen</strong></span> <span class='ocrx_word' id='word_1_35' title='bbox 734 967 923 1048; x_wconf 78' lang='lat' dir='ltr'><strong>Euphratem</strong></span> <span class='ocrx_word' id='word_1_36' title='bbox 944 968 1012 1041; x_wconf 71' lang='lat' dir='ltr'><strong>site,</strong></span> <span class='ocrx_word' id='word_1_37' title='bbox 1066 965 1194 1027; x_wconf 78' lang='lat' dir='ltr'><strong>ultorum</strong></span> <span class='ocrx_word' id='word_1_38' title='bbox 1208 965 1344 1046; x_wconf 90' lang='lat' dir='ltr'><strong>ejusdem</strong></span> <span class='ocrx_word' id='word_1_39' title='bbox 1358 964 1501 1027; x_wconf 88' lang='lat' dir='ltr'><strong>versiculi</strong></span> <span class='ocrx_word' id='word_1_40' title='bbox 1516 965 1696 1027; x_wconf 76' lang='lat' dir='ltr'>membrum:</span> <span class='ocrx_word' id='word_1_41' title='bbox 1718 967 1762 1028; x_wconf 76' lang='lat' dir='ltr'>m</span> 
     </span>
     <span class='ocr_line' id='line_1_5' title="bbox 351 1052 1688 1221; baseline -0.001 -20"><span class='ocrx_word' id='word_1_42' title='bbox 351 1052 1014 1221; x_wconf 47' lang='lat' dir='ltr'><strong>:cffiltelffqllllxltlltt</strong></span> <span class='ocrx_word' id='word_1_43' title='bbox 1064 1053 1760 1220; x_wconf 46' lang='lat' dir='ltr'><strong>limitamentum</strong></span> 
     </span>
     <span class='ocr_line' id='line_1_6' title="bbox 351 1225 1762 1308; baseline -0.001 -21"><span class='ocrx_word' id='word_1_44' title='bbox 351 1228 428 1308; x_wconf 71' lang='lat' dir='ltr'><strong>ponti</strong></span> <span class='ocrx_word' id='word_1_45' title='bbox 450 1226 638 1307; x_wconf 78' lang='lat' dir='ltr'><strong>Scriptorum</strong></span> <span class='ocrx_word' id='word_1_46' title='bbox 661 1226 771 1290; x_wconf 81' lang='lat' dir='ltr'><strong>Senes.</strong></span> <span class='ocrx_word' id='word_1_47' title='bbox 795 1229 845 1289; x_wconf 89' lang='lat'><strong>10.</strong></span> <span class='ocrx_word' id='word_1_48' title='bbox 866 1235 899 1288; x_wconf 85' lang='lat' dir='ltr'><strong>et</strong></span> <span class='ocrx_word' id='word_1_49' title='bbox 922 1227 1011 1289; x_wconf 87' lang='lat' dir='ltr'><strong>Joso·</strong></span> <span class='ocrx_word' id='word_1_50' title='bbox 1065 1225 1174 1308; x_wconf 80' lang='lat' dir='ltr'><strong>placet</strong></span> <span class='ocrx_word' id='word_1_51' title='bbox 1197 1227 1362 1287; x_wconf 67' lang='lat' dir='ltr'><strong>Existimat</strong></span> <span class='ocrx_word' id='word_1_52' title='bbox 1383 1228 1462 1287; x_wconf 90' lang='lat' dir='ltr'><strong>euim</strong></span> <span class='ocrx_word' id='word_1_53' title='bbox 1485 1225 1554 1299; x_wconf 91' lang='lat' dir='ltr'><strong>ille,</strong></span> <span class='ocrx_word' id='word_1_54' title='bbox 1579 1227 1704 1301; x_wconf 78' lang='lat' dir='ltr'><strong>solem,</strong></span> <span class='ocrx_word' id='word_1_55' title='bbox 1731 1226 1762 1286; x_wconf 93' lang='lat' dir='ltr'><strong>in</strong></span> 
     </span>
     <span class='ocr_line' id='line_1_7' title="bbox 421 1310 1763 1395; baseline -0.004 -18.297"><span class='ocrx_word' id='word_1_56' title='bbox 421 1312 477 1373; x_wconf 89' lang='lat' dir='ltr'><strong>lib.</strong></span> <span class='ocrx_word' id='word_1_57' title='bbox 495 1319 525 1375; x_wconf 91' lang='lat'><strong>1.</strong></span> <span class='ocrx_word' id='word_1_58' title='bbox 540 1313 613 1375; x_wconf 79' lang='lat' dir='ltr'><strong>Ant.</strong></span> <span class='ocrx_word' id='word_1_59' title='bbox 627 1313 701 1376; x_wconf 83' lang='lat' dir='ltr'><strong>Jnd.</strong></span> <span class='ocrx_word' id='word_1_60' title='bbox 718 1334 783 1394; x_wconf 81' lang='lat' dir='ltr'><strong>cap.</strong></span> <span class='ocrx_word' id='word_1_61' title='bbox 800 1317 828 1375; x_wconf 84' lang='grc'><strong>7.</strong></span> <span class='ocrx_word' id='word_1_62' title='bbox 847 1314 897 1374; x_wconf 81' lang='lat' dir='ltr'><strong>An</strong></span> <span class='ocrx_word' id='word_1_63' title='bbox 911 1321 1013 1375; x_wconf 77' lang='lat' dir='ltr'><strong>uutcm</strong></span> <span class='ocrx_word' id='word_1_64' title='bbox 1065 1334 1128 1395; x_wconf 83' lang='lat' dir='ltr'><strong>qua</strong></span> <span class='ocrx_word' id='word_1_65' title='bbox 1141 1316 1281 1393; x_wconf 74' lang='lat' dir='ltr'><strong>regncvit</strong></span> <span class='ocrx_word' id='word_1_66' title='bbox 1294 1311 1526 1386; x_wconf 71' lang='lat' dir='ltr'><strong>Melchisedech,</strong></span> <span class='ocrx_word' id='word_1_67' title='bbox 1549 1331 1616 1374; x_wconf 80' lang='lat' dir='ltr'><strong>eam</strong></span> <span class='ocrx_word' id='word_1_68' title='bbox 1633 1332 1708 1385; x_wconf 81' lang='lat' dir='ltr'><strong>esse,</strong></span> <span class='ocrx_word' id='word_1_69' title='bbox 1723 1310 1763 1372; x_wconf 88' lang='lat' dir='ltr'><strong>dc</strong></span> 
     </span>
     <span class='ocr_line' id='line_1_8' title="bbox 351 1398 1763 1482; baseline -0.003 -19"><span class='ocrx_word' id='word_1_70' title='bbox 351 1402 406 1463; x_wconf 75' lang='lat' dir='ltr'><strong>ism</strong></span> <span class='ocrx_word' id='word_1_71' title='bbox 418 1420 460 1462; x_wconf 79' lang='lat' dir='ltr'><strong>ex</strong></span> <span class='ocrx_word' id='word_1_72' title='bbox 480 1399 542 1461; x_wconf 81' lang='lat' dir='ltr'><strong>illis</strong></span> <span class='ocrx_word' id='word_1_73' title='bbox 555 1398 696 1482; x_wconf 77' lang='lat' dir='ltr'><strong>Aportoli</strong></span> <span class='ocrx_word' id='word_1_74' title='bbox 718 1401 816 1463; x_wconf 84' lang='lat' dir='ltr'><strong>verbis</strong></span> <span class='ocrx_word' id='word_1_75' title='bbox 838 1401 917 1462; x_wconf 78' lang='lat' dir='ltr'><strong>inira</strong></span> <span class='ocrx_word' id='word_1_76' title='bbox 933 1402 1012 1481; x_wconf 85' lang='lat' dir='ltr'><strong>posi·</strong></span> <span class='ocrx_word' id='word_1_77' title='bbox 1065 1418 1129 1482; x_wconf 78' lang='lat' dir='ltr'><strong>qua</strong></span> <span class='ocrx_word' id='word_1_78' title='bbox 1154 1400 1309 1480; x_wconf 71' lang='lat' dir='ltr'><strong>Scriptura</strong></span> <span class='ocrx_word' id='word_1_79' title='bbox 1336 1401 1469 1482; x_wconf 88' lang='lat' dir='ltr'><strong>loquitur</strong></span> <span class='ocrx_word' id='word_1_80' title='bbox 1490 1398 1567 1462; x_wconf 82' lang='lat' dir='ltr'><strong>(len.</strong></span> <span class='ocrx_word' id='word_1_81' title='bbox 1591 1400 1658 1473; x_wconf 82' lang='grc'><strong>33.,</strong></span> <span class='ocrx_word' id='word_1_82' title='bbox 1684 1418 1763 1480; x_wconf 85' lang='lat' dir='ltr'><strong>qnae</strong></span> 
     </span>
     <span class='ocr_line' id='line_1_9' title="bbox 351 1485 1762 1566; baseline -0.001 -19"><span class='ocrx_word' id='word_1_83' title='bbox 351 1508 371 1547; x_wconf 79' lang='lat' dir='ltr'><strong>r:</strong></span> <span class='ocrx_word' id='word_1_84' title='bbox 396 1488 500 1563; x_wconf 62' lang='lat' dir='ltr'><strong>&amp;jur</strong></span> <span class='ocrx_word' id='word_1_85' title='bbox 513 1494 621 1549; x_wconf 73' lang='lat' dir='ltr'><strong>erotem</strong></span> <span class='ocrx_word' id='word_1_86' title='bbox 641 1491 804 1566; x_wconf 63' lang='lat' dir='ltr'><strong>pacoro</strong></span> <span class='ocrx_word' id='word_1_87' title='bbox 819 1508 886 1550; x_wconf 79' lang='lat' dir='ltr'><strong>non</strong></span> <span class='ocrx_word' id='word_1_88' title='bbox 902 1507 1013 1550; x_wconf 78' lang='lat' dir='ltr'><strong>unau-</strong></span> <span class='ocrx_word' id='word_1_89' title='bbox 1067 1486 1127 1548; x_wconf 80' lang='lat' dir='ltr'><strong>olio</strong></span> <span class='ocrx_word' id='word_1_90' title='bbox 1140 1489 1260 1549; x_wconf 91' lang='lat' dir='ltr'><strong>nomine</strong></span> <span class='ocrx_word' id='word_1_91' title='bbox 1274 1487 1391 1550; x_wconf 87' lang='lat' dir='ltr'><strong>Siohcm</strong></span> <span class='ocrx_word' id='word_1_92' title='bbox 1414 1485 1496 1548; x_wconf 81' lang='lat' dir='ltr'><strong>diets</strong></span> <span class='ocrx_word' id='word_1_93' title='bbox 1511 1493 1565 1561; x_wconf 78' lang='lat' dir='ltr'><strong>eet,</strong></span> <span class='ocrx_word' id='word_1_94' title='bbox 1587 1485 1762 1566; x_wconf 88' lang='lat' dir='ltr'><strong>metropolis</strong></span> 
     </span>
     <span class='ocr_line' id='line_1_10' title="bbox 351 1572 1763 1657; baseline -0.001 -22"><span class='ocrx_word' id='word_1_95' title='bbox 351 1582 464 1635; x_wconf 66' lang='lat' dir='ltr'><strong>notus·</strong></span> <span class='ocrx_word' id='word_1_96' title='bbox 486 1579 524 1636; x_wconf 79' lang='lat' dir='ltr'><strong>ia</strong></span> <span class='ocrx_word' id='word_1_97' title='bbox 546 1577 590 1635; x_wconf 87' lang='lat' dir='ltr'><strong>cic</strong></span> <span class='ocrx_word' id='word_1_98' title='bbox 612 1585 681 1650; x_wconf 77' lang='lat' dir='ltr'><strong>cte,</strong></span> <span class='ocrx_word' id='word_1_99' title='bbox 707 1577 785 1636; x_wconf 88' lang='lat' dir='ltr'><strong>sumi</strong></span> <span class='ocrx_word' id='word_1_100' title='bbox 807 1577 903 1657; x_wconf 84' lang='lat' dir='ltr'><strong>poreit</strong></span> <span class='ocrx_word' id='word_1_101' title='bbox 925 1595 1012 1654; x_wconf 75' lang='lat' dir='ltr'><strong>argn-</strong></span> <span class='ocrx_word' id='word_1_102' title='bbox 1066 1582 1169 1656; x_wconf 76' lang='lat' dir='ltr'><strong>poster</strong></span> <span class='ocrx_word' id='word_1_103' title='bbox 1185 1572 1408 1646; x_wconf 71' lang='lat' dir='ltr'><strong>Samaritarum,</strong></span> <span class='ocrx_word' id='word_1_104' title='bbox 1429 1574 1581 1654; x_wconf 88' lang='lat' dir='ltr'><strong>pertinens</strong></span> <span class='ocrx_word' id='word_1_105' title='bbox 1599 1572 1639 1634; x_wconf 79' lang='lat' dir='ltr'><strong>ed</strong></span> <span class='ocrx_word' id='word_1_106' title='bbox 1653 1580 1763 1634; x_wconf 89' lang='lat' dir='ltr'><strong>sortem</strong></span> 
     </span>
     <span class='ocr_line' id='line_1_11' title="bbox 351 1659 1764 1742; baseline -0.002 -19"><span class='ocrx_word' id='word_1_107' title='bbox 351 1670 450 1723; x_wconf 79' lang='lat' dir='ltr'><strong>ntum</strong></span> <span class='ocrx_word' id='word_1_108' title='bbox 465 1659 506 1722; x_wconf 78' lang='lat' dir='ltr'><strong>ed</strong></span> <span class='ocrx_word' id='word_1_109' title='bbox 521 1662 692 1742; x_wconf 82' lang='lat' dir='ltr'><strong>opinionem</strong></span> <span class='ocrx_word' id='word_1_110' title='bbox 707 1662 912 1724; x_wconf 75' lang='lat' dir='ltr'><strong>Hebraeorum</strong></span> <span class='ocrx_word' id='word_1_111' title='bbox 927 1662 1013 1722; x_wconf 83' lang='lat' dir='ltr'><strong>relel·</strong></span> <span class='ocrx_word' id='word_1_112' title='bbox 1065 1662 1162 1723; x_wconf 86' lang='lat' dir='ltr'><strong>tribue</strong></span> <span class='ocrx_word' id='word_1_113' title='bbox 1183 1661 1335 1741; x_wconf 73' lang='lat' dir='ltr'><strong>Ephraim,</strong></span> <span class='ocrx_word' id='word_1_114' title='bbox 1365 1661 1454 1722; x_wconf 82' lang='lat' dir='ltr'><strong>Hauc</strong></span> <span class='ocrx_word' id='word_1_115' title='bbox 1476 1662 1556 1722; x_wconf 91' lang='lat' dir='ltr'><strong>enim</strong></span> <span class='ocrx_word' id='word_1_116' title='bbox 1578 1668 1608 1722; x_wconf 87' lang='lat' dir='ltr'><strong>et</strong></span> <span class='ocrx_word' id='word_1_117' title='bbox 1626 1668 1764 1740; x_wconf 88' lang='lat' dir='ltr'><strong>tempere</strong></span> 
     </span>
     <span class='ocr_line' id='line_1_12' title="bbox 351 1746 1762 1830; baseline -0.003 -20"><span class='ocrx_word' id='word_1_118' title='bbox 351 1747 447 1824; x_wconf 77' lang='lat' dir='ltr'><strong>adem,</strong></span> <span class='ocrx_word' id='word_1_119' title='bbox 473 1747 618 1823; x_wconf 77' lang='lat' dir='ltr'><strong>dicemus,</strong></span> <span class='ocrx_word' id='word_1_120' title='bbox 644 1769 736 1830; x_wconf 88' lang='lat' dir='ltr'><strong>quum</strong></span> <span class='ocrx_word' id='word_1_121' title='bbox 763 1749 802 1810; x_wconf 90' lang='lat' dir='ltr'><strong>cd</strong></span> <span class='ocrx_word' id='word_1_122' title='bbox 828 1768 894 1811; x_wconf 88' lang='lat' dir='ltr'><strong>aum</strong></span> <span class='ocrx_word' id='word_1_123' title='bbox 916 1749 1013 1810; x_wconf 90' lang='lat' dir='ltr'><strong>locum</strong></span> <span class='ocrx_word' id='word_1_124' title='bbox 1067 1747 1236 1811; x_wconf 74' lang='lat' dir='ltr'><strong>salvatorio</strong></span> <span class='ocrx_word' id='word_1_125' title='bbox 1261 1748 1343 1828; x_wconf 88' lang='lat' dir='ltr'><strong>apud</strong></span> <span class='ocrx_word' id='word_1_126' title='bbox 1364 1747 1456 1809; x_wconf 80' lang='lat' dir='ltr'><strong>Jorn.</strong></span> <span class='ocrx_word' id='word_1_127' title='bbox 1480 1751 1509 1811; x_wconf 84' lang='grc'><strong>3.</strong></span> <span class='ocrx_word' id='word_1_128' title='bbox 1535 1748 1623 1808; x_wconf 89' lang='lat' dir='ltr'><strong>nnius</strong></span> <span class='ocrx_word' id='word_1_129' title='bbox 1647 1746 1762 1807; x_wconf 78' lang='lat' dir='ltr'><strong>voculis</strong></span> 
     </span>
     <span class='ocr_line' id='line_1_13' title="bbox 351 1832 1768 1910; baseline -0.002 -12"><span class='ocrx_word' id='word_1_130' title='bbox 351 1844 437 1899; x_wconf 70' lang='lat' dir='ltr'><strong>ntum</strong></span> <span class='ocrx_word' id='word_1_131' title='bbox 452 1836 521 1896; x_wconf 88' lang='lat' dir='ltr'><strong>crit.</strong></span> <span class='ocrx_word' id='word_1_132' title='bbox 1066 1837 1233 1897; x_wconf 82' lang='lat' dir='ltr'><strong>mutatione</strong></span> <span class='ocrx_word' id='word_1_133' title='bbox 1257 1836 1379 1910; x_wconf 75' lang='lat' dir='ltr'><strong>Solito,</strong></span> <span class='ocrx_word' id='word_1_134' title='bbox 1406 1843 1436 1897; x_wconf 86' lang='lat' dir='ltr'><strong>ot</strong></span> <span class='ocrx_word' id='word_1_135' title='bbox 1461 1853 1515 1897; x_wconf 81' lang='lat' dir='ltr'><strong>sus</strong></span> <span class='ocrx_word' id='word_1_136' title='bbox 1539 1832 1639 1895; x_wconf 82' lang='lat' dir='ltr'><strong>adhuc</strong></span> <span class='ocrx_word' id='word_1_137' title='bbox 1663 1841 1768 1895; x_wconf 77' lang='lat' dir='ltr'><strong>aetate</strong></span> 
     </span>
     <span class='ocr_line' id='line_1_14' title="bbox 359 1919 1760 2004; baseline -0.001 -22"><span class='ocrx_word' id='word_1_138' title='bbox 359 1920 451 1983; x_wconf 65' lang='lat' dir='ltr'><strong>Hunc</strong></span> <span class='ocrx_word' id='word_1_139' title='bbox 475 1920 571 1997; x_wconf 86' lang='lat' dir='ltr'><strong>addo,</strong></span> <span class='ocrx_word' id='word_1_140' title='bbox 596 1923 625 1983; x_wconf 87' lang='lat' dir='ltr'><strong>si</strong></span> <span class='ocrx_word' id='word_1_141' title='bbox 649 1922 814 2004; x_wconf 83' lang='lat' dir='ltr'><strong>quidquem</strong></span> <span class='ocrx_word' id='word_1_142' title='bbox 840 1922 878 1984; x_wconf 90' lang='lat' dir='ltr'><strong>de</strong></span> <span class='ocrx_word' id='word_1_143' title='bbox 902 1940 1013 2003; x_wconf 74' lang='lat' dir='ltr'><strong>genere</strong></span> <span class='ocrx_word' id='word_1_144' title='bbox 1067 1922 1168 1984; x_wconf 87' lang='lat' dir='ltr'><strong>Salem</strong></span> <span class='ocrx_word' id='word_1_145' title='bbox 1185 1930 1321 1983; x_wconf 83' lang='lat' dir='ltr'><strong>vocatam</strong></span> <span class='ocrx_word' id='word_1_146' title='bbox 1336 1920 1441 1996; x_wconf 83' lang='lat' dir='ltr'><strong>fnisse,</strong></span> <span class='ocrx_word' id='word_1_147' title='bbox 1465 1929 1497 1983; x_wconf 89' lang='lat' dir='ltr'><strong>et</strong></span> <span class='ocrx_word' id='word_1_148' title='bbox 1519 1921 1677 1983; x_wconf 87' lang='lat' dir='ltr'><strong>monstrari</strong></span> <span class='ocrx_word' id='word_1_149' title='bbox 1692 1919 1760 1982; x_wconf 92' lang='lat' dir='ltr'><strong>soli·</strong></span> 
     </span>
     <span class='ocr_line' id='line_1_15' title="bbox 351 2006 1764 2090; baseline -0.001 -19"><span class='ocrx_word' id='word_1_150' title='bbox 351 2007 541 2071; x_wconf 83' lang='lat' dir='ltr'><strong>slrhiscdcclr</strong></span> <span class='ocrx_word' id='word_1_151' title='bbox 562 2011 757 2089; x_wconf 78' lang='lat' dir='ltr'><strong>pronuntiurc</strong></span> <span class='ocrx_word' id='word_1_152' title='bbox 781 2010 868 2084; x_wconf 88' lang='lat' dir='ltr'><strong>licet,</strong></span> <span class='ocrx_word' id='word_1_153' title='bbox 893 2008 931 2070; x_wconf 93' lang='lat' dir='ltr'><strong>de</strong></span> <span class='ocrx_word' id='word_1_154' title='bbox 951 2027 1013 2090; x_wconf 88' lang='lat' dir='ltr'><strong>quc</strong></span> <span class='ocrx_word' id='word_1_155' title='bbox 1055 2019 1130 2070; x_wconf 69' lang='lat' dir='ltr'><strong>vturn</strong></span> <span class='ocrx_word' id='word_1_156' title='bbox 1153 2029 1190 2070; x_wconf 91' lang='lat' dir='ltr'><strong>eo</strong></span> <span class='ocrx_word' id='word_1_157' title='bbox 1210 2008 1278 2069; x_wconf 90' lang='lat' dir='ltr'><strong>loco</strong></span> <span class='ocrx_word' id='word_1_158' title='bbox 1299 2008 1445 2090; x_wconf 84' lang='lat' dir='ltr'><strong>pclatium</strong></span> <span class='ocrx_word' id='word_1_159' title='bbox 1466 2006 1696 2081; x_wconf 75' lang='lat' dir='ltr'><strong>Melchisedech,</strong></span> <span class='ocrx_word' id='word_1_160' title='bbox 1724 2026 1764 2069; x_wconf 87' lang='lat' dir='ltr'><strong>cx</strong></span> 
     </span>
     <span class='ocr_line' id='line_1_16' title="bbox 351 2094 1763 2177; baseline -0.001 -20"><span class='ocrx_word' id='word_1_161' title='bbox 351 2097 418 2177; x_wconf 66' lang='lat' dir='ltr'><strong>ogni</strong></span> <span class='ocrx_word' id='word_1_162' title='bbox 442 2096 583 2176; x_wconf 82' lang='lat' dir='ltr'><strong>mysterii</strong></span> <span class='ocrx_word' id='word_1_163' title='bbox 613 2116 705 2157; x_wconf 80' lang='lat' dir='ltr'><strong>cenos</strong></span> <span class='ocrx_word' id='word_1_164' title='bbox 729 2099 825 2159; x_wconf 83' lang='lat' dir='ltr'><strong>tacuit</strong></span> <span class='ocrx_word' id='word_1_165' title='bbox 848 2096 1013 2177; x_wconf 70' lang='lat' dir='ltr'><strong>Scriptura,</strong></span> <span class='ocrx_word' id='word_1_166' title='bbox 1066 2094 1763 2176; x_wconf 74' lang='lat' dir='ltr'><strong>magnitudinerninarnmveterisopcrieosten·</strong></span> 
     </span>
     <span class='ocr_line' id='line_1_17' title="bbox 351 2181 1764 2264; baseline -0.002 -19"><span class='ocrx_word' id='word_1_167' title='bbox 351 2202 436 2245; x_wconf 75' lang='lat' dir='ltr'><strong>ursus</strong></span> <span class='ocrx_word' id='word_1_168' title='bbox 463 2202 611 2264; x_wconf 79' lang='lat' dir='ltr'><strong>apparere</strong></span> <span class='ocrx_word' id='word_1_169' title='bbox 635 2203 673 2244; x_wconf 82' lang='lat' dir='ltr'><strong>ex</strong></span> <span class='ocrx_word' id='word_1_170' title='bbox 700 2183 765 2245; x_wconf 91' lang='lat' dir='ltr'><strong>loco</strong></span> <span class='ocrx_word' id='word_1_171' title='bbox 791 2185 893 2264; x_wconf 78' lang='lat' dir='ltr'><strong>regni,</strong></span> <span class='ocrx_word' id='word_1_172' title='bbox 918 2181 1014 2245; x_wconf 84' lang='lat' dir='ltr'><strong>luisse</strong></span> <span class='ocrx_word' id='word_1_173' title='bbox 1066 2183 1143 2244; x_wconf 90' lang='lat' dir='ltr'><strong>dens</strong></span> <span class='ocrx_word' id='word_1_174' title='bbox 1168 2183 1430 2262; x_wconf 78' lang='lat' dir='ltr'><strong>mcgniliccntiam.</strong></span> <span class='ocrx_word' id='word_1_175' title='bbox 1456 2182 1523 2243; x_wconf 84' lang='lat' dir='ltr'><strong>Non</strong></span> <span class='ocrx_word' id='word_1_176' title='bbox 1550 2200 1638 2262; x_wconf 89' lang='lat' dir='ltr'><strong>posse</strong></span> <span class='ocrx_word' id='word_1_177' title='bbox 1664 2190 1764 2242; x_wconf 84' lang='lat' dir='ltr'><strong>cutem</strong></span> 
     </span>
     <span class='ocr_line' id='line_1_18' title="bbox 351 2267 1763 2438; baseline -0.002 -20"><span class='ocrx_word' id='word_1_178' title='bbox 351 2268 1013 2436; x_wconf 57' lang='lat' dir='ltr'><strong>:milltlrlhills</strong></span> <span class='ocrx_word' id='word_1_179' title='bbox 1066 2268 1424 2438; x_wconf 61' lang='lat' dir='ltr'><strong>itlsslltlllll</strong></span> <span class='ocrx_word' id='word_1_180' title='bbox 1442 2267 1763 2416; x_wconf 50' lang='lat' dir='ltr'><strong>illabi‘iiiilbi!</strong></span> 
     </span>
     <span class='ocr_line' id='line_1_19' title="bbox 351 2439 1764 2525; baseline -0.004 -18"><span class='ocrx_word' id='word_1_181' title='bbox 351 2444 473 2515; x_wconf 65' lang='lat' dir='ltr'><strong>utic,</strong></span> <span class='ocrx_word' id='word_1_182' title='bbox 496 2462 573 2525; x_wconf 81' lang='lat' dir='ltr'><strong>quos</strong></span> <span class='ocrx_word' id='word_1_183' title='bbox 593 2454 731 2505; x_wconf 86' lang='lat' dir='ltr'><strong>recenset</strong></span> <span class='ocrx_word' id='word_1_184' title='bbox 753 2439 958 2524; x_wconf 77' lang='lat' dir='ltr'><strong>Hieronymus</strong></span> <span class='ocrx_word' id='word_1_185' title='bbox 981 2444 1013 2504; x_wconf 92' lang='lat' dir='ltr'><strong>in</strong></span> <span class='ocrx_word' id='word_1_186' title='bbox 1066 2444 1204 2516; x_wconf 81' lang='lat' dir='ltr'><strong>vertenti,</strong></span> <span class='ocrx_word' id='word_1_187' title='bbox 1227 2463 1303 2523; x_wconf 90' lang='lat' dir='ltr'><strong>quos</strong></span> <span class='ocrx_word' id='word_1_188' title='bbox 1323 2450 1496 2523; x_wconf 87' lang='lat' dir='ltr'><strong>persecutns</strong></span> <span class='ocrx_word' id='word_1_189' title='bbox 1510 2449 1556 2501; x_wconf 91' lang='lat' dir='ltr'><strong>est</strong></span> <span class='ocrx_word' id='word_1_190' title='bbox 1570 2461 1668 2522; x_wconf 90' lang='lat' dir='ltr'><strong>usqua</strong></span> <span class='ocrx_word' id='word_1_191' title='bbox 1684 2440 1764 2513; x_wconf 81' lang='lat' dir='ltr'><strong>Dan,</strong></span> 
     </span>
     <span class='ocr_line' id='line_1_20' title="bbox 351 2527 1761 2612; baseline -0.004 -21"><span class='ocrx_word' id='word_1_192' title='bbox 351 2528 642 2610; x_wconf 50' lang='lat' dir='ltr'><strong>ssstvugrium,</strong></span> <span class='ocrx_word' id='word_1_193' title='bbox 656 2540 691 2590; x_wconf 89' lang='lat' dir='ltr'><strong>ut</strong></span> <span class='ocrx_word' id='word_1_194' title='bbox 701 2530 873 2612; x_wconf 89' lang='lat' dir='ltr'><strong>Hippolyti,</strong></span> <span class='ocrx_word' id='word_1_195' title='bbox 886 2531 1013 2604; x_wconf 77' lang='lat' dir='ltr'><strong>hancei,</strong></span> <span class='ocrx_word' id='word_1_196' title='bbox 1067 2549 1146 2610; x_wconf 86' lang='lat' dir='ltr'><strong>quae</strong></span> <span class='ocrx_word' id='word_1_197' title='bbox 1170 2529 1268 2603; x_wconf 89' lang='lat' dir='ltr'><strong>hodie,</strong></span> <span class='ocrx_word' id='word_1_198' title='bbox 1292 2529 1405 2610; x_wconf 86' lang='lat' dir='ltr'><strong>iuquit,</strong></span> <span class='ocrx_word' id='word_1_199' title='bbox 1429 2529 1557 2589; x_wconf 80' lang='lat' dir='ltr'><strong>Pumeuc</strong></span> <span class='ocrx_word' id='word_1_200' title='bbox 1582 2527 1761 2610; x_wconf 80' lang='lat' dir='ltr'><strong>appellatur,</strong></span> 
     </span>
     <span class='ocr_line' id='line_1_21' title="bbox 351 2613 1764 2696; baseline -0.005 -17"><span class='ocrx_word' id='word_1_201' title='bbox 351 2615 864 2691; x_wconf 60' lang='lat' dir='ltr'><strong>fflcsmrimsirctnmeseui,</strong></span> <span class='ocrx_word' id='word_1_202' title='bbox 882 2637 1015 2679; x_wconf 90' lang='lat' dir='ltr'><strong>necnon</strong></span> <span class='ocrx_word' id='word_1_203' title='bbox 1066 2638 1126 2679; x_wconf 89' lang='lat' dir='ltr'><strong>non</strong></span> <span class='ocrx_word' id='word_1_204' title='bbox 1152 2619 1202 2680; x_wconf 83' lang='lat' dir='ltr'><strong>ria</strong></span> <span class='ocrx_word' id='word_1_205' title='bbox 1223 2616 1261 2678; x_wconf 82' lang='lat' dir='ltr'><strong>de</strong></span> <span class='ocrx_word' id='word_1_206' title='bbox 1283 2616 1484 2688; x_wconf 78' lang='lat' dir='ltr'><strong>Hierusalem,</strong></span> <span class='ocrx_word' id='word_1_207' title='bbox 1510 2613 1565 2677; x_wconf 90' lang='lat' dir='ltr'><strong>sed</strong></span> <span class='ocrx_word' id='word_1_208' title='bbox 1591 2613 1630 2678; x_wconf 91' lang='lat' dir='ltr'><strong>de</strong></span> <span class='ocrx_word' id='word_1_209' title='bbox 1651 2613 1764 2696; x_wconf 92' lang='lat' dir='ltr'><strong>oppido</strong></span> 
     </span>
     <span class='ocr_line' id='line_1_22' title="bbox 351 2701 1660 2785; baseline -0.002 -20"><span class='ocrx_word' id='word_1_210' title='bbox 351 2702 502 2785; x_wconf 73' lang='lat' dir='ltr'><strong>palliurii</strong></span> <span class='ocrx_word' id='word_1_211' title='bbox 526 2712 559 2764; x_wconf 89' lang='lat' dir='ltr'><strong>ct</strong></span> <span class='ocrx_word' id='word_1_212' title='bbox 572 2704 737 2765; x_wconf 82' lang='lat' dir='ltr'><strong>Eustachii.</strong></span> <span class='ocrx_word' id='word_1_213' title='bbox 766 2707 868 2784; x_wconf 79' lang='lat' dir='ltr'><strong>Atque</strong></span> <span class='ocrx_word' id='word_1_214' title='bbox 890 2705 938 2765; x_wconf 87' lang='lat' dir='ltr'><strong>his</strong></span> <span class='ocrx_word' id='word_1_215' title='bbox 961 2703 1012 2766; x_wconf 85' lang='lat' dir='ltr'><strong>ad·</strong></span> <span class='ocrx_word' id='word_1_216' title='bbox 1067 2703 1270 2784; x_wconf 87' lang='lat' dir='ltr'><strong>metropoleos</strong></span> <span class='ocrx_word' id='word_1_217' title='bbox 1285 2704 1405 2766; x_wconf 89' lang='lat' dir='ltr'><strong>Sichcm</strong></span> <span class='ocrx_word' id='word_1_218' title='bbox 1422 2705 1453 2764; x_wconf 93' lang='lat' dir='ltr'><strong>in</strong></span> <span class='ocrx_word' id='word_1_219' title='bbox 1468 2704 1577 2764; x_wconf 87' lang='lat' dir='ltr'><strong>itinere</strong></span> <span class='ocrx_word' id='word_1_220' title='bbox 1592 2701 1660 2764; x_wconf 79' lang='lat' dir='ltr'><strong>fnit</strong></span> 
     </span>
    </p>

    <p class='ocr_par' dir='ltr' id='par_1_4' title="bbox 351 2789 1766 5133">
     <span class='ocr_line' id='line_1_23' title="bbox 351 2789 1760 2873; baseline -0.001 -21"><span class='ocrx_word' id='word_1_221' title='bbox 351 2810 413 2873; x_wconf 62' lang='lat' dir='ltr'><strong>qe</strong></span> <span class='ocrx_word' id='word_1_222' title='bbox 432 2789 606 2871; x_wconf 81' lang='lat' dir='ltr'><strong>Jcccphum</strong></span> <span class='ocrx_word' id='word_1_223' title='bbox 628 2790 679 2851; x_wconf 90' lang='lat' dir='ltr'><strong>lih.</strong></span> <span class='ocrx_word' id='word_1_224' title='bbox 696 2794 725 2853; x_wconf 90' lang='lat'><strong>1.</strong></span> <span class='ocrx_word' id='word_1_225' title='bbox 739 2793 809 2853; x_wconf 79' lang='lat' dir='ltr'><strong>Ant.</strong></span> <span class='ocrx_word' id='word_1_226' title='bbox 831 2812 897 2872; x_wconf 88' lang='lat' dir='ltr'><strong>cup.</strong></span> <span class='ocrx_word' id='word_1_227' title='bbox 917 2795 963 2852; x_wconf 90' lang='lat' dir='ltr'><strong>ll.</strong></span> <span class='ocrx_word' id='word_1_228' title='bbox 984 2799 1016 2851; x_wconf 87' lang='lat' dir='ltr'><strong>et</strong></span> <span class='ocrx_word' id='word_1_229' title='bbox 1110 2792 1172 2854; x_wconf 88' lang='lat' dir='ltr'><strong>Sed</strong></span> <span class='ocrx_word' id='word_1_230' title='bbox 1187 2791 1244 2852; x_wconf 85' lang='lat' dir='ltr'><strong>hac</strong></span> <span class='ocrx_word' id='word_1_231' title='bbox 1258 2793 1398 2863; x_wconf 81' lang='lat' dir='ltr'><strong>rationes,</strong></span> <span class='ocrx_word' id='word_1_232' title='bbox 1414 2798 1538 2872; x_wconf 86' lang='lat' dir='ltr'><strong>propter</strong></span> <span class='ocrx_word' id='word_1_233' title='bbox 1553 2809 1630 2869; x_wconf 78' lang='lat' dir='ltr'><strong>quas</strong></span> <span class='ocrx_word' id='word_1_234' title='bbox 1645 2790 1684 2851; x_wconf 82' lang='lat' dir='ltr'><strong>ah</strong></span> <span class='ocrx_word' id='word_1_235' title='bbox 1700 2809 1760 2850; x_wconf 91' lang='lat' dir='ltr'><strong>om·</strong></span> 
     </span>
     <span class='ocr_line' id='line_1_24' title="bbox 351 2874 1763 2961; baseline -0.001 -21"><span class='ocrx_word' id='word_1_236' title='bbox 351 2874 375 2940; x_wconf 78' lang='lat' dir='ltr'><strong>h.</strong></span> <span class='ocrx_word' id='word_1_237' title='bbox 388 2878 417 2941; x_wconf 75' lang='lat'><strong>¹1.</strong></span> <span class='ocrx_word' id='word_1_238' title='bbox 431 2877 473 2940; x_wconf 89' lang='lat' dir='ltr'><strong>dc</strong></span> <span class='ocrx_word' id='word_1_239' title='bbox 485 2876 567 2940; x_wconf 89' lang='lat' dir='ltr'><strong>hello</strong></span> <span class='ocrx_word' id='word_1_240' title='bbox 582 2876 654 2940; x_wconf 89' lang='lat' dir='ltr'><strong>Jud.</strong></span> <span class='ocrx_word' id='word_1_241' title='bbox 670 2896 735 2960; x_wconf 81' lang='lat' dir='ltr'><strong>cap.</strong></span> <span class='ocrx_word' id='word_1_242' title='bbox 754 2882 813 2951; x_wconf 74' lang='grc'><strong>18..</strong></span> <span class='ocrx_word' id='word_1_243' title='bbox 828 2878 1014 2961; x_wconf 75' lang='lat' dir='ltr'><strong>ngsippum</strong></span> <span class='ocrx_word' id='word_1_244' title='bbox 1066 2880 1147 2941; x_wconf 86' lang='lat' dir='ltr'><strong>nium</strong></span> <span class='ocrx_word' id='word_1_245' title='bbox 1161 2878 1289 2940; x_wconf 80' lang='lat' dir='ltr'><strong>oliorum</strong></span> <span class='ocrx_word' id='word_1_246' title='bbox 1304 2880 1453 2940; x_wconf 84' lang='lat' dir='ltr'><strong>sententia</strong></span> <span class='ocrx_word' id='word_1_247' title='bbox 1468 2875 1597 2939; x_wconf 91' lang='lat' dir='ltr'><strong>discedit</strong></span> <span class='ocrx_word' id='word_1_248' title='bbox 1610 2875 1763 2958; x_wconf 84' lang='lat' dir='ltr'><strong>Hierony·</strong></span> 
     </span>
     <span class='ocr_line' id='line_1_25' title="bbox 351 2963 1763 3048; baseline 0 -23"><span class='ocrx_word' id='word_1_249' title='bbox 351 2983 443 3046; x_wconf 73' lang='lat' dir='ltr'><strong>mque</strong></span> <span class='ocrx_word' id='word_1_250' title='bbox 465 2964 518 3026; x_wconf 90' lang='lat' dir='ltr'><strong>lih.</strong></span> <span class='ocrx_word' id='word_1_251' title='bbox 535 2970 563 3028; x_wconf 64' lang='lat' dir='ltr'>a</span> <span class='ocrx_word' id='word_1_252' title='bbox 583 2963 623 3027; x_wconf 91' lang='lat' dir='ltr'><strong>de</strong></span> <span class='ocrx_word' id='word_1_253' title='bbox 644 2965 764 3027; x_wconf 81' lang='lat' dir='ltr'><strong>excidio</strong></span> <span class='ocrx_word' id='word_1_254' title='bbox 779 2966 931 3028; x_wconf 90' lang='lat' dir='ltr'><strong>Hierosol.</strong></span> <span class='ocrx_word' id='word_1_255' title='bbox 947 2985 1013 3045; x_wconf 79' lang='lat' dir='ltr'><strong>cup.</strong></span> <span class='ocrx_word' id='word_1_256' title='bbox 1067 2986 1141 3039; x_wconf 87' lang='lat' dir='ltr'><strong>mus,</strong></span> <span class='ocrx_word' id='word_1_257' title='bbox 1163 2975 1308 3048; x_wconf 79' lang='lat' dir='ltr'><strong>quantum</strong></span> <span class='ocrx_word' id='word_1_258' title='bbox 1330 2967 1464 3038; x_wconf 81' lang='lat' dir='ltr'><strong>valeant,</strong></span> <span class='ocrx_word' id='word_1_259' title='bbox 1491 2963 1561 3026; x_wconf 84' lang='lat' dir='ltr'><strong>vide</strong></span> <span class='ocrx_word' id='word_1_260' title='bbox 1575 2963 1655 3046; x_wconf 81' lang='lat' dir='ltr'><strong>apud</strong></span> <span class='ocrx_word' id='word_1_261' title='bbox 1671 2964 1763 3025; x_wconf 77' lang='lat' dir='ltr'><strong>Rhe</strong></span> 
     </span>
     <span class='ocr_line' id='line_1_26' title="bbox 351 3050 1764 3135; baseline -0.002 -21"><span class='ocrx_word' id='word_1_262' title='bbox 351 3061 399 3114; x_wconf 65' lang='grc' dir='ltr'><strong>,α</strong></span> <span class='ocrx_word' id='word_1_263' title='bbox 410 3050 638 3114; x_wconf 79' lang='lat' dir='ltr'><strong>&#39;l&#39;heodorctum</strong></span> <span class='ocrx_word' id='word_1_264' title='bbox 654 3062 772 3132; x_wconf 83' lang='lat' dir='ltr'><strong>qnceet.</strong></span> <span class='ocrx_word' id='word_1_265' title='bbox 789 3053 839 3113; x_wconf 74' lang='grc'><strong>63.</strong></span> <span class='ocrx_word' id='word_1_266' title='bbox 855 3055 887 3114; x_wconf 91' lang='lat' dir='ltr'><strong>in</strong></span> <span class='ocrx_word' id='word_1_267' title='bbox 902 3052 1014 3114; x_wconf 78' lang='lat' dir='ltr'><strong>Senes.</strong></span> <span class='ocrx_word' id='word_1_268' title='bbox 1067 3074 1140 3127; x_wconf 83' lang='lat' dir='ltr'><strong>ram,</strong></span> <span class='ocrx_word' id='word_1_269' title='bbox 1155 3055 1207 3135; x_wconf 89' lang='lat' dir='ltr'><strong>qui</strong></span> <span class='ocrx_word' id='word_1_270' title='bbox 1222 3073 1285 3114; x_wconf 91' lang='lat' dir='ltr'><strong>rem</strong></span> <span class='ocrx_word' id='word_1_271' title='bbox 1301 3061 1395 3114; x_wconf 83' lang='lat' dir='ltr'><strong>totum</strong></span> <span class='ocrx_word' id='word_1_272' title='bbox 1411 3062 1548 3114; x_wconf 77' lang='lat' dir='ltr'><strong>accurate</strong></span> <span class='ocrx_word' id='word_1_273' title='bbox 1563 3058 1681 3112; x_wconf 78' lang='lat' dir='ltr'><strong>tructut</strong></span> <span class='ocrx_word' id='word_1_274' title='bbox 1701 3050 1764 3131; x_wconf 77' lang='lat' dir='ltr'><strong>Qui</strong></span> 
     </span>
     <span class='ocr_line' id='line_1_27' title="bbox 351 3137 1764 3220; baseline -0.001 -20"><span class='ocrx_word' id='word_1_275' title='bbox 351 3137 439 3220; x_wconf 63' lang='lat' dir='ltr'><strong>luha</strong></span> <span class='ocrx_word' id='word_1_276' title='bbox 469 3138 608 3201; x_wconf 86' lang='lat' dir='ltr'><strong>omnihus</strong></span> <span class='ocrx_word' id='word_1_277' title='bbox 645 3139 838 3201; x_wconf 78' lang='lat' dir='ltr'><strong>rnhscriunnt</strong></span> <span class='ocrx_word' id='word_1_278' title='bbox 865 3141 898 3200; x_wconf 92' lang='lat' dir='ltr'><strong>in</strong></span> <span class='ocrx_word' id='word_1_279' title='bbox 925 3140 1016 3219; x_wconf 87' lang='lat' dir='ltr'><strong>hujuc</strong></span> <span class='ocrx_word' id='word_1_280' title='bbox 1068 3149 1167 3200; x_wconf 88' lang='lat' dir='ltr'><strong>tamen</strong></span> <span class='ocrx_word' id='word_1_281' title='bbox 1181 3161 1241 3201; x_wconf 89' lang='lat' dir='ltr'><strong>non</strong></span> <span class='ocrx_word' id='word_1_282' title='bbox 1262 3141 1380 3200; x_wconf 89' lang='lat' dir='ltr'><strong>omnino</strong></span> <span class='ocrx_word' id='word_1_283' title='bbox 1395 3140 1474 3200; x_wconf 83' lang='lat' dir='ltr'><strong>forte</strong></span> <span class='ocrx_word' id='word_1_284' title='bbox 1495 3138 1662 3200; x_wconf 70' lang='lat' dir='ltr'><strong>refloreret</strong></span> <span class='ocrx_word' id='word_1_285' title='bbox 1675 3156 1764 3218; x_wconf 73' lang='lat' dir='ltr'><strong>ergn-</strong></span> 
     </span>
     <span class='ocr_line' id='line_1_28' title="bbox 351 3223 1763 3308; baseline -0.002 -20"><span class='ocrx_word' id='word_1_286' title='bbox 351 3225 409 3308; x_wconf 68' lang='grc' dir='ltr'><strong>’μ</strong></span> <span class='ocrx_word' id='word_1_287' title='bbox 429 3245 536 3288; x_wconf 79' lang='lat' dir='ltr'><strong>ccnm</strong></span> <span class='ocrx_word' id='word_1_288' title='bbox 560 3223 774 3300; x_wconf 87' lang='lat' dir='ltr'><strong>Occnmenius,</strong></span> <span class='ocrx_word' id='word_1_289' title='bbox 794 3226 960 3288; x_wconf 80' lang='lat' dir='ltr'><strong>Sasholdoc</strong></span> <span class='ocrx_word' id='word_1_290' title='bbox 984 3235 1016 3288; x_wconf 90' lang='lat' dir='ltr'><strong>et</strong></span> <span class='ocrx_word' id='word_1_291' title='bbox 1067 3236 1170 3287; x_wconf 91' lang='lat' dir='ltr'><strong>mento</strong></span> <span class='ocrx_word' id='word_1_292' title='bbox 1193 3226 1232 3288; x_wconf 91' lang='lat' dir='ltr'><strong>de</strong></span> <span class='ocrx_word' id='word_1_293' title='bbox 1254 3228 1367 3288; x_wconf 83' lang='lat' dir='ltr'><strong>itinere</strong></span> <span class='ocrx_word' id='word_1_294' title='bbox 1392 3226 1481 3289; x_wconf 81' lang='lat' dir='ltr'><strong>Certe</strong></span> <span class='ocrx_word' id='word_1_295' title='bbox 1503 3225 1586 3306; x_wconf 88' lang='lat' dir='ltr'><strong>quod</strong></span> <span class='ocrx_word' id='word_1_296' title='bbox 1608 3225 1647 3289; x_wconf 87' lang='lat' dir='ltr'><strong>de</strong></span> <span class='ocrx_word' id='word_1_297' title='bbox 1670 3225 1763 3286; x_wconf 84' lang='lat' dir='ltr'><strong>ruinis</strong></span> 
     </span>
     <span class='ocr_line' id='line_1_29' title="bbox 351 3311 1764 3395; baseline -0.001 -21"><span class='ocrx_word' id='word_1_298' title='bbox 351 3311 443 3374; x_wconf 76' lang='lat' dir='ltr'><strong>ihm.</strong></span> <span class='ocrx_word' id='word_1_299' title='bbox 1067 3315 1172 3395; x_wconf 77' lang='lat' dir='ltr'><strong>pclatii</strong></span> <span class='ocrx_word' id='word_1_300' title='bbox 1186 3312 1408 3375; x_wconf 78' lang='lat' dir='ltr'><strong>Melchisedech</strong></span> <span class='ocrx_word' id='word_1_301' title='bbox 1429 3320 1497 3394; x_wconf 88' lang='lat' dir='ltr'><strong>post</strong></span> <span class='ocrx_word' id='word_1_302' title='bbox 1517 3321 1561 3373; x_wconf 90' lang='lat' dir='ltr'><strong>tot</strong></span> <span class='ocrx_word' id='word_1_303' title='bbox 1575 3311 1764 3376; x_wconf 87' lang='lat' dir='ltr'><strong>saeculorum</strong></span> 
     </span>
     <span class='ocr_line' id='line_1_30' title="bbox 367 3399 1763 3481; baseline -0.003 -17"><span class='ocrx_word' id='word_1_304' title='bbox 367 3400 433 3463; x_wconf 70' lang='lat' dir='ltr'><strong>1ae</strong></span> <span class='ocrx_word' id='word_1_305' title='bbox 445 3401 563 3464; x_wconf 70' lang='lat' dir='ltr'><strong>colea</strong></span> <span class='ocrx_word' id='word_1_306' title='bbox 578 3399 688 3473; x_wconf 71' lang='lat' dir='ltr'><strong>Salem,</strong></span> <span class='ocrx_word' id='word_1_307' title='bbox 703 3400 791 3477; x_wconf 84' lang='lat' dir='ltr'><strong>cujnr</strong></span> <span class='ocrx_word' id='word_1_308' title='bbox 805 3419 861 3462; x_wconf 87' lang='lat' dir='ltr'><strong>rcx</strong></span> <span class='ocrx_word' id='word_1_309' title='bbox 872 3399 930 3460; x_wconf 84' lang='lat' dir='ltr'><strong>init</strong></span> <span class='ocrx_word' id='word_1_310' title='bbox 940 3399 1017 3460; x_wconf 79' lang='lat' dir='ltr'><strong>Hel·</strong></span> <span class='ocrx_word' id='word_1_311' title='bbox 1067 3402 1248 3462; x_wconf 80' lang='lat' dir='ltr'><strong>mntstionas</strong></span> <span class='ocrx_word' id='word_1_312' title='bbox 1270 3419 1325 3462; x_wconf 88' lang='lat' dir='ltr'><strong>suo</strong></span> <span class='ocrx_word' id='word_1_313' title='bbox 1346 3400 1445 3461; x_wconf 84' lang='lat' dir='ltr'><strong>sdhno</strong></span> <span class='ocrx_word' id='word_1_314' title='bbox 1466 3408 1600 3481; x_wconf 87' lang='lat' dir='ltr'><strong>tempora</strong></span> <span class='ocrx_word' id='word_1_315' title='bbox 1615 3400 1763 3466; x_wconf 82' lang='lat' dir='ltr'><strong>axctcnti·</strong></span> 
     </span>
     <span class='ocr_line' id='line_1_31' title="bbox 351 3484 1762 3561; baseline -0.002 -12"><span class='ocrx_word' id='word_1_316' title='bbox 351 3484 492 3558; x_wconf 55' lang='lat' dir='ltr'><strong>bdech.</strong></span> <span class='ocrx_word' id='word_1_317' title='bbox 512 3486 619 3548; x_wconf 87' lang='lat' dir='ltr'><strong>urbem</strong></span> <span class='ocrx_word' id='word_1_318' title='bbox 636 3486 734 3548; x_wconf 79' lang='lat' dir='ltr'><strong>fulcro</strong></span> <span class='ocrx_word' id='word_1_319' title='bbox 748 3494 847 3547; x_wconf 84' lang='lat' dir='ltr'><strong>terrac</strong></span> <span class='ocrx_word' id='word_1_320' title='bbox 860 3485 1015 3560; x_wconf 82' lang='lat' dir='ltr'><strong>Ohencan,</strong></span> <span class='ocrx_word' id='word_1_321' title='bbox 1067 3488 1125 3548; x_wconf 92' lang='lat' dir='ltr'><strong>bns</strong></span> <span class='ocrx_word' id='word_1_322' title='bbox 1138 3496 1250 3559; x_wconf 79' lang='lat' dir='ltr'><strong>nerrat,</strong></span> <span class='ocrx_word' id='word_1_323' title='bbox 1272 3486 1353 3548; x_wconf 76' lang='lat' dir='ltr'><strong>hund</strong></span> <span class='ocrx_word' id='word_1_324' title='bbox 1375 3486 1465 3548; x_wconf 81' lang='lat' dir='ltr'><strong>focile</strong></span> <span class='ocrx_word' id='word_1_325' title='bbox 1487 3485 1630 3561; x_wconf 81' lang='lat' dir='ltr'><strong>adducor,</strong></span> <span class='ocrx_word' id='word_1_326' title='bbox 1651 3495 1687 3546; x_wconf 88' lang='lat' dir='ltr'><strong>ut</strong></span> <span class='ocrx_word' id='word_1_327' title='bbox 1701 3505 1762 3546; x_wconf 89' lang='lat' dir='ltr'><strong>cre·</strong></span> 
     </span>
     <span class='ocr_line' id='line_1_32' title="bbox 351 3571 1763 3654; baseline -0.001 -18"><span class='ocrx_word' id='word_1_328' title='bbox 351 3591 366 3636; x_wconf 84' lang='grc' dir='ltr'>ι</span> <span class='ocrx_word' id='word_1_329' title='bbox 384 3572 509 3636; x_wconf 71' lang='lat' dir='ltr'><strong>historie</strong></span> <span class='ocrx_word' id='word_1_330' title='bbox 522 3573 655 3637; x_wconf 78' lang='lat' dir='ltr'><strong>Genesis</strong></span> <span class='ocrx_word' id='word_1_331' title='bbox 671 3574 862 3654; x_wconf 85' lang='lat' dir='ltr'><strong>perspicuum</strong></span> <span class='ocrx_word' id='word_1_332' title='bbox 877 3581 938 3649; x_wconf 67' lang='lat' dir='ltr'><strong>ectr</strong></span> <span class='ocrx_word' id='word_1_333' title='bbox 961 3571 1016 3634; x_wconf 92' lang='lat' dir='ltr'><strong>sed</strong></span> <span class='ocrx_word' id='word_1_334' title='bbox 1068 3574 1147 3647; x_wconf 81' lang='lat' dir='ltr'><strong>dam,</strong></span> <span class='ocrx_word' id='word_1_335' title='bbox 1169 3576 1347 3654; x_wconf 86' lang='lat' dir='ltr'><strong>praesertim</strong></span> <span class='ocrx_word' id='word_1_336' title='bbox 1370 3574 1510 3654; x_wconf 81' lang='lat' dir='ltr'><strong>qnoniam</strong></span> <span class='ocrx_word' id='word_1_337' title='bbox 1527 3583 1558 3634; x_wconf 88' lang='lat' dir='ltr'><strong>ct</strong></span> <span class='ocrx_word' id='word_1_338' title='bbox 1575 3575 1641 3654; x_wconf 86' lang='lat' dir='ltr'><strong>ipse</strong></span> <span class='ocrx_word' id='word_1_339' title='bbox 1655 3573 1763 3635; x_wconf 91' lang='lat' dir='ltr'><strong>Hiero·</strong></span> 
     </span>
     <span class='ocr_line' id='line_1_33' title="bbox 351 3659 1763 3742; baseline -0.001 -20"><span class='ocrx_word' id='word_1_340' title='bbox 351 3677 469 3722; x_wconf 72' lang='lat' dir='ltr'><strong>uenam</strong></span> <span class='ocrx_word' id='word_1_341' title='bbox 492 3659 594 3733; x_wconf 73' lang='lat' dir='ltr'><strong>luerit,</strong></span> <span class='ocrx_word' id='word_1_342' title='bbox 620 3659 779 3721; x_wconf 80' lang='lat' dir='ltr'><strong>dubitatur.</strong></span> <span class='ocrx_word' id='word_1_343' title='bbox 813 3660 1016 3740; x_wconf 74' lang='lat' dir='ltr'><strong>Hieronymus</strong></span> <span class='ocrx_word' id='word_1_344' title='bbox 1067 3681 1177 3742; x_wconf 88' lang='lat' dir='ltr'><strong>nymus</strong></span> <span class='ocrx_word' id='word_1_345' title='bbox 1192 3660 1266 3722; x_wconf 84' lang='lat' dir='ltr'><strong>alibi</strong></span> <span class='ocrx_word' id='word_1_346' title='bbox 1282 3659 1404 3723; x_wconf 79' lang='lat' dir='ltr'><strong>iobnlue</strong></span> <span class='ocrx_word' id='word_1_347' title='bbox 1417 3660 1665 3742; x_wconf 74' lang='lat' dir='ltr'><strong>lidemderogcre</strong></span> <span class='ocrx_word' id='word_1_348' title='bbox 1678 3659 1763 3722; x_wconf 79' lang='lat' dir='ltr'><strong>vidc-</strong></span> 
     </span>
     <span class='ocr_line' id='line_1_34' title="bbox 351 3745 1763 3829; baseline 0.001 -22"><span class='ocrx_word' id='word_1_349' title='bbox 351 3749 458 3829; x_wconf 82' lang='lat' dir='ltr'><strong>repist</strong></span> <span class='ocrx_word' id='word_1_350' title='bbox 481 3767 574 3826; x_wconf 79' lang='lat' dir='ltr'><strong>saepe</strong></span> <span class='ocrx_word' id='word_1_351' title='bbox 596 3750 687 3808; x_wconf 79' lang='lat' dir='ltr'><strong>citata</strong></span> <span class='ocrx_word' id='word_1_352' title='bbox 699 3745 801 3821; x_wconf 72' lang='lat' dir='ltr'><strong>refert,</strong></span> <span class='ocrx_word' id='word_1_353' title='bbox 824 3746 945 3809; x_wconf 87' lang='lat' dir='ltr'><strong>eosdem</strong></span> <span class='ocrx_word' id='word_1_354' title='bbox 962 3766 1014 3807; x_wconf 84' lang='lat' dir='ltr'><strong>au·</strong></span> <span class='ocrx_word' id='word_1_355' title='bbox 1068 3758 1125 3809; x_wconf 91' lang='lat' dir='ltr'><strong>tur.</strong></span> <span class='ocrx_word' id='word_1_356' title='bbox 1151 3747 1228 3810; x_wconf 81' lang='lat' dir='ltr'><strong>Nam</strong></span> <span class='ocrx_word' id='word_1_357' title='bbox 1252 3749 1284 3808; x_wconf 93' lang='lat' dir='ltr'><strong>in</strong></span> <span class='ocrx_word' id='word_1_358' title='bbox 1298 3747 1375 3808; x_wconf 92' lang='lat' dir='ltr'><strong>libro</strong></span> <span class='ocrx_word' id='word_1_359' title='bbox 1391 3747 1431 3808; x_wconf 95' lang='lat' dir='ltr'><strong>de</strong></span> <span class='ocrx_word' id='word_1_360' title='bbox 1451 3748 1526 3809; x_wconf 89' lang='lat' dir='ltr'><strong>locis</strong></span> <span class='ocrx_word' id='word_1_361' title='bbox 1541 3747 1702 3811; x_wconf 83' lang='lat' dir='ltr'><strong>Hebraicis</strong></span> <span class='ocrx_word' id='word_1_362' title='bbox 1716 3768 1763 3809; x_wconf 94' lang='lat' dir='ltr'><strong>rc·</strong></span> 
     </span>
     <span class='ocr_line' id='line_1_35' title="bbox 351 3833 1766 3916; baseline 0 -21"><span class='ocrx_word' id='word_1_363' title='bbox 351 3841 429 3909; x_wconf 69' lang='lat' dir='ltr'><strong>mres,</strong></span> <span class='ocrx_word' id='word_1_364' title='bbox 450 3836 504 3916; x_wconf 89' lang='lat' dir='ltr'><strong>qni</strong></span> <span class='ocrx_word' id='word_1_365' title='bbox 519 3833 743 3897; x_wconf 74' lang='lat' dir='ltr'><strong>llelchiocdech</strong></span> <span class='ocrx_word' id='word_1_366' title='bbox 758 3834 909 3896; x_wconf 88' lang='lat' dir='ltr'><strong>hominem</strong></span> <span class='ocrx_word' id='word_1_367' title='bbox 923 3834 1016 3894; x_wconf 79' lang='lat' dir='ltr'><strong>inisse</strong></span> <span class='ocrx_word' id='word_1_368' title='bbox 1067 3835 1136 3910; x_wconf 77' lang='lat' dir='ltr'><strong>lert,</strong></span> <span class='ocrx_word' id='word_1_369' title='bbox 1158 3855 1227 3896; x_wconf 90' lang='lat' dir='ltr'><strong>esm</strong></span> <span class='ocrx_word' id='word_1_370' title='bbox 1241 3835 1345 3896; x_wconf 88' lang='lat' dir='ltr'><strong>urbem</strong></span> <span class='ocrx_word' id='word_1_371' title='bbox 1361 3835 1427 3896; x_wconf 92' lang='lat' dir='ltr'><strong>solo</strong></span> <span class='ocrx_word' id='word_1_372' title='bbox 1440 3847 1602 3915; x_wconf 66' lang='lat' dir='ltr'><strong>aequatum</strong></span> <span class='ocrx_word' id='word_1_373' title='bbox 1616 3835 1720 3910; x_wconf 80' lang='lat' dir='ltr'><strong>inimo,</strong></span> <span class='ocrx_word' id='word_1_374' title='bbox 1734 3842 1766 3897; x_wconf 89' lang='lat' dir='ltr'><strong>et</strong></span> 
     </span>
     <span class='ocr_line' id='line_1_36' title="bbox 351 3919 1765 4002; baseline 0.001 -19"><span class='ocrx_word' id='word_1_375' title='bbox 351 3919 533 3984; x_wconf 59' lang='lat' dir='ltr'><strong>huncum</strong></span> <span class='ocrx_word' id='word_1_376' title='bbox 555 3920 711 3992; x_wconf 84' lang='lat' dir='ltr'><strong>dixerunt,</strong></span> <span class='ocrx_word' id='word_1_377' title='bbox 738 3922 829 3981; x_wconf 82' lang='lat' dir='ltr'><strong>etium</strong></span> <span class='ocrx_word' id='word_1_378' title='bbox 851 3920 908 3980; x_wconf 88' lang='lat' dir='ltr'><strong>hoc</strong></span> <span class='ocrx_word' id='word_1_379' title='bbox 931 3919 1015 3981; x_wconf 84' lang='lat' dir='ltr'><strong>addi·</strong></span> <span class='ocrx_word' id='word_1_380' title='bbox 1069 3922 1134 3984; x_wconf 80' lang='lat' dir='ltr'><strong>sale</strong></span> <span class='ocrx_word' id='word_1_381' title='bbox 1148 3923 1325 3983; x_wconf 80' lang='lat' dir='ltr'><strong>semiustam</strong></span> <span class='ocrx_word' id='word_1_382' title='bbox 1340 3920 1380 3982; x_wconf 84' lang='lat' dir='ltr'><strong>ab</strong></span> <span class='ocrx_word' id='word_1_383' title='bbox 1394 3921 1570 3983; x_wconf 76' lang='lat' dir='ltr'><strong>Ahim01ech</strong></span> <span class='ocrx_word' id='word_1_384' title='bbox 1585 3942 1668 4002; x_wconf 71' lang='lat' dir='ltr'><strong>rege</strong></span> <span class='ocrx_word' id='word_1_385' title='bbox 1696 3922 1765 3984; x_wconf 91' lang='lat' dir='ltr'><strong>Hoc</strong></span> 
     </span>
     <span class='ocr_line' id='line_1_37' title="bbox 351 4006 1765 4090; baseline 0 -20"><span class='ocrx_word' id='word_1_386' title='bbox 351 4008 420 4083; x_wconf 70' lang='lat' dir='ltr'><strong>bc,</strong></span> <span class='ocrx_word' id='word_1_387' title='bbox 441 4006 526 4088; x_wconf 83' lang='lat' dir='ltr'><strong>qnod</strong></span> <span class='ocrx_word' id='word_1_388' title='bbox 547 4027 603 4069; x_wconf 84' lang='lat' dir='ltr'><strong>rex</strong></span> <span class='ocrx_word' id='word_1_389' title='bbox 624 4008 717 4069; x_wconf 73' lang='lat' dir='ltr'><strong>inerit</strong></span> <span class='ocrx_word' id='word_1_390' title='bbox 737 4006 820 4068; x_wconf 81' lang='lat' dir='ltr'><strong>urbia</strong></span> <span class='ocrx_word' id='word_1_391' title='bbox 842 4008 1016 4088; x_wconf 87' lang='lat' dir='ltr'><strong>Hierosoly·</strong></span> <span class='ocrx_word' id='word_1_392' title='bbox 1069 4010 1184 4090; x_wconf 87' lang='lat' dir='ltr'><strong>quippe</strong></span> <span class='ocrx_word' id='word_1_393' title='bbox 1200 4008 1238 4068; x_wconf 91' lang='lat' dir='ltr'><strong>de</strong></span> <span class='ocrx_word' id='word_1_394' title='bbox 1252 4008 1384 4070; x_wconf 83' lang='lat' dir='ltr'><strong>Sichims</strong></span> <span class='ocrx_word' id='word_1_395' title='bbox 1406 4008 1518 4089; x_wconf 70' lang='lat' dir='ltr'><strong>legitur</strong></span> <span class='ocrx_word' id='word_1_396' title='bbox 1532 4007 1636 4070; x_wconf 81' lang='lat' dir='ltr'><strong>Jndic</strong></span> <span class='ocrx_word' id='word_1_397' title='bbox 1652 4011 1681 4070; x_wconf 87' lang='grc'><strong>9.</strong></span> <span class='ocrx_word' id='word_1_398' title='bbox 1704 4008 1765 4070; x_wconf 87' lang='lat' dir='ltr'><strong>Pro</strong></span> 
     </span>
     <span class='ocr_line' id='line_1_38' title="bbox 351 4093 1765 4262; baseline 0.004 -22"><span class='ocrx_word' id='word_1_399' title='bbox 351 4094 768 4244; x_wconf 56' lang='lat' dir='ltr'><strong>ffiffilffffl</strong></span> <span class='ocrx_word' id='word_1_400' title='bbox 789 4093 1016 4262; x_wconf 57' lang='lat' dir='ltr'><strong>illidii</strong></span> <span class='ocrx_word' id='word_1_401' title='bbox 1068 4094 1571 4245; x_wconf 59' lang='lat' dir='ltr'><strong>{lll&#39;l‘ttllltts‘lll⁰⁶</strong></span> <span class='ocrx_word' id='word_1_402' title='bbox 1584 4094 1765 4246; x_wconf 55' lang='lat' dir='ltr'><strong>“hell</strong></span> 
     </span>
     <span class='ocr_line' id='line_1_39' title="bbox 351 4202 1766 4350; baseline 0.004 -24"><span class='ocrx_word' id='word_1_403' title='bbox 351 4264 472 4350; x_wconf 72' lang='lat' dir='ltr'><strong>lipum</strong></span> <span class='ocrx_word' id='word_1_404' title='bbox 486 4267 612 4330; x_wconf 69' lang='lat' dir='ltr'><strong>tradem</strong></span> <span class='ocrx_word' id='word_1_405' title='bbox 622 4267 942 4350; x_wconf 83' lang='lat' dir='ltr'><strong>Josephnelooiscnte</strong></span> <span class='ocrx_word' id='word_1_406' title='bbox 957 4288 1016 4328; x_wconf 93' lang='lat' dir='ltr'><strong>mc·</strong></span> <span class='ocrx_word' id='word_1_407' title='bbox 1067 4269 1164 4329; x_wconf 81' lang='lat' dir='ltr'><strong>victos</strong></span> <span class='ocrx_word' id='word_1_408' title='bbox 1186 4278 1430 4331; x_wconf 81' lang='lat' dir='ltr'><strong>commemoratur</strong></span> <span class='ocrx_word' id='word_1_409' title='bbox 1451 4290 1504 4330; x_wconf 85' lang='lat' dir='ltr'><strong>rex</strong></span> <span class='ocrx_word' id='word_1_410' title='bbox 1518 4202 1704 4348; x_wconf 50' lang='lat' dir='ltr'><strong>ordrici-lem</strong></span> <span class='ocrx_word' id='word_1_411' title='bbox 1727 4268 1766 4331; x_wconf 91' lang='lat' dir='ltr'><strong>dc</strong></span> 
     </span>
     <span class='ocr_line' id='line_1_40' title="bbox 351 4351 1765 4438; baseline 0 -22"><span class='ocrx_word' id='word_1_412' title='bbox 351 4358 452 4428; x_wconf 64' lang='lat' dir='ltr'><strong>mis,</strong></span> <span class='ocrx_word' id='word_1_413' title='bbox 466 4363 499 4416; x_wconf 86' lang='lat' dir='ltr'><strong>et</strong></span> <span class='ocrx_word' id='word_1_414' title='bbox 513 4351 686 4416; x_wconf 75' lang='lat' dir='ltr'><strong>Chaldaeus</strong></span> <span class='ocrx_word' id='word_1_415' title='bbox 701 4356 848 4435; x_wconf 82' lang='lat' dir='ltr'><strong>interpres</strong></span> <span class='ocrx_word' id='word_1_416' title='bbox 863 4353 940 4416; x_wconf 80' lang='lat' dir='ltr'><strong>Gen.</strong></span> <span class='ocrx_word' id='word_1_417' title='bbox 957 4357 1016 4428; x_wconf 75' lang='lat'><strong>14..</strong></span> <span class='ocrx_word' id='word_1_418' title='bbox 1067 4375 1140 4437; x_wconf 73' lang='lat' dir='ltr'><strong>rege</strong></span> <span class='ocrx_word' id='word_1_419' title='bbox 1154 4355 1276 4417; x_wconf 81' lang='lat' dir='ltr'><strong>alterius</strong></span> <span class='ocrx_word' id='word_1_420' title='bbox 1292 4355 1395 4419; x_wconf 86' lang='lat' dir='ltr'><strong>Salem</strong></span> <span class='ocrx_word' id='word_1_421' title='bbox 1410 4357 1453 4418; x_wconf 90' lang='lat' dir='ltr'><strong>ihi</strong></span> <span class='ocrx_word' id='word_1_422' title='bbox 1468 4377 1528 4418; x_wconf 93' lang='lat' dir='ltr'><strong>non</strong></span> <span class='ocrx_word' id='word_1_423' title='bbox 1542 4357 1670 4438; x_wconf 72' lang='lat' dir='ltr'><strong>legitur3</strong></span> <span class='ocrx_word' id='word_1_424' title='bbox 1693 4376 1765 4436; x_wconf 76' lang='lat' dir='ltr'><strong>crgo</strong></span> 
     </span>
     <span class='ocr_line' id='line_1_41' title="bbox 351 4440 1765 4524; baseline 0.004 -26"><span class='ocrx_word' id='word_1_425' title='bbox 351 4442 430 4504; x_wconf 78' lang='lat' dir='ltr'><strong>tatii</strong></span> <span class='ocrx_word' id='word_1_426' title='bbox 455 4461 496 4503; x_wconf 82' lang='lat' dir='ltr'><strong>ex</strong></span> <span class='ocrx_word' id='word_1_427' title='bbox 522 4440 687 4513; x_wconf 82' lang='lat' dir='ltr'><strong>Hebraeis,</strong></span> <span class='ocrx_word' id='word_1_428' title='bbox 713 4459 802 4520; x_wconf 82' lang='lat' dir='ltr'><strong>qnos,</strong></span> <span class='ocrx_word' id='word_1_429' title='bbox 829 4442 1015 4524; x_wconf 85' lang='lat' dir='ltr'><strong>Hieronymo</strong></span> <span class='ocrx_word' id='word_1_430' title='bbox 1068 4442 1123 4504; x_wconf 90' lang='lat' dir='ltr'><strong>illa</strong></span> <span class='ocrx_word' id='word_1_431' title='bbox 1151 4442 1248 4504; x_wconf 79' lang='lat' dir='ltr'><strong>alters</strong></span> <span class='ocrx_word' id='word_1_432' title='bbox 1275 4442 1375 4505; x_wconf 80' lang='lat' dir='ltr'><strong>Solem</strong></span> <span class='ocrx_word' id='word_1_433' title='bbox 1402 4463 1463 4506; x_wconf 90' lang='lat' dir='ltr'><strong>non</strong></span> <span class='ocrx_word' id='word_1_434' title='bbox 1491 4442 1625 4506; x_wconf 81' lang='lat' dir='ltr'><strong>hahebat</strong></span> <span class='ocrx_word' id='word_1_435' title='bbox 1652 4463 1765 4524; x_wconf 75' lang='lat' dir='ltr'><strong>regem.</strong></span> 
     </span>
     <span class='ocr_line' id='line_1_42' title="bbox 351 4526 1764 4611; baseline 0.001 -24"><span class='ocrx_word' id='word_1_436' title='bbox 351 4537 408 4604; x_wconf 69' lang='grc' dir='ltr'><strong>ιο,</strong></span> <span class='ocrx_word' id='word_1_437' title='bbox 426 4535 599 4609; x_wconf 61' lang='lat' dir='ltr'><strong>acuuntur</strong></span> <span class='ocrx_word' id='word_1_438' title='bbox 612 4547 714 4589; x_wconf 85' lang='lat' dir='ltr'><strong>omnes</strong></span> <span class='ocrx_word' id='word_1_439' title='bbox 728 4529 829 4602; x_wconf 86' lang='lat' dir='ltr'><strong>nostri,</strong></span> <span class='ocrx_word' id='word_1_440' title='bbox 853 4526 885 4588; x_wconf 89' lang='lat' dir='ltr'><strong>id</strong></span> <span class='ocrx_word' id='word_1_441' title='bbox 899 4537 952 4604; x_wconf 78' lang='lat' dir='ltr'><strong>est,</strong></span> <span class='ocrx_word' id='word_1_442' title='bbox 968 4548 1014 4589; x_wconf 89' lang='lat' dir='ltr'><strong>cc-</strong></span> <span class='ocrx_word' id='word_1_443' title='bbox 1067 4529 1271 4591; x_wconf 84' lang='lat' dir='ltr'><strong>Nnmcrantur</strong></span> <span class='ocrx_word' id='word_1_444' title='bbox 1293 4531 1371 4591; x_wconf 89' lang='lat' dir='ltr'><strong>enim</strong></span> <span class='ocrx_word' id='word_1_445' title='bbox 1397 4550 1501 4593; x_wconf 88' lang='lat' dir='ltr'><strong>omnes</strong></span> <span class='ocrx_word' id='word_1_446' title='bbox 1524 4549 1611 4611; x_wconf 75' lang='lat' dir='ltr'><strong>reges</strong></span> <span class='ocrx_word' id='word_1_447' title='bbox 1634 4550 1689 4611; x_wconf 93' lang='lat' dir='ltr'><strong>pcr</strong></span> <span class='ocrx_word' id='word_1_448' title='bbox 1709 4528 1764 4591; x_wconf 86' lang='lat' dir='ltr'><strong>Jo-</strong></span> 
     </span>
     <span class='ocr_line' id='line_1_43' title="bbox 351 4609 1764 4698; baseline -0.001 -20"><span class='ocrx_word' id='word_1_449' title='bbox 351 4609 480 4678; x_wconf 74' lang='lat' dir='ltr'><strong>lru&#39;sctici</strong></span> <span class='ocrx_word' id='word_1_450' title='bbox 491 4616 663 4696; x_wconf 78' lang='lat' dir='ltr'><strong>scriptores.</strong></span> <span class='ocrx_word' id='word_1_451' title='bbox 679 4615 747 4676; x_wconf 86' lang='lat' dir='ltr'><strong>Huc</strong></span> <span class='ocrx_word' id='word_1_452' title='bbox 758 4614 839 4687; x_wconf 78' lang='lat' dir='ltr'><strong>facit,</strong></span> <span class='ocrx_word' id='word_1_453' title='bbox 856 4615 936 4694; x_wconf 89' lang='lat' dir='ltr'><strong>quod</strong></span> <span class='ocrx_word' id='word_1_454' title='bbox 949 4619 1016 4696; x_wconf 81' lang='lat' dir='ltr'><strong>ipos</strong></span> <span class='ocrx_word' id='word_1_455' title='bbox 1069 4637 1124 4680; x_wconf 92' lang='lat' dir='ltr'><strong>sne</strong></span> <span class='ocrx_word' id='word_1_456' title='bbox 1146 4615 1306 4693; x_wconf 78' lang='lat' dir='ltr'><strong>dchelleti3</strong></span> <span class='ocrx_word' id='word_1_457' title='bbox 1329 4635 1386 4678; x_wconf 86' lang='lat' dir='ltr'><strong>nec</strong></span> <span class='ocrx_word' id='word_1_458' title='bbox 1409 4617 1546 4691; x_wconf 87' lang='lat' dir='ltr'><strong>dubium,</strong></span> <span class='ocrx_word' id='word_1_459' title='bbox 1568 4617 1642 4698; x_wconf 91' lang='lat' dir='ltr'><strong>quin</strong></span> <span class='ocrx_word' id='word_1_460' title='bbox 1664 4624 1694 4677; x_wconf 86' lang='lat' dir='ltr'><strong>st</strong></span> <span class='ocrx_word' id='word_1_461' title='bbox 1708 4634 1764 4677; x_wconf 85' lang='lat' dir='ltr'><strong>rex</strong></span> 
     </span>
     <span class='ocr_line' id='line_1_44' title="bbox 351 4695 1762 4783; baseline 0 -20"><span class='ocrx_word' id='word_1_462' title='bbox 351 4695 525 4773; x_wconf 71' lang='lat' dir='ltr'><strong>licmsolum</strong></span> <span class='ocrx_word' id='word_1_463' title='bbox 545 4702 638 4763; x_wconf 78' lang='lat' dir='ltr'><strong>ctiam</strong></span> <span class='ocrx_word' id='word_1_464' title='bbox 654 4710 814 4783; x_wconf 80' lang='lat' dir='ltr'><strong>postquam</strong></span> <span class='ocrx_word' id='word_1_465' title='bbox 833 4701 891 4762; x_wconf 89' lang='lat' dir='ltr'><strong>hoc</strong></span> <span class='ocrx_word' id='word_1_466' title='bbox 908 4720 1018 4764; x_wconf 90' lang='lat' dir='ltr'><strong>nomen</strong></span> <span class='ocrx_word' id='word_1_467' title='bbox 1068 4704 1170 4766; x_wconf 79' lang='lat' dir='ltr'><strong>Selom</strong></span> <span class='ocrx_word' id='word_1_468' title='bbox 1184 4702 1267 4765; x_wconf 87' lang='lat' dir='ltr'><strong>illius</strong></span> <span class='ocrx_word' id='word_1_469' title='bbox 1287 4703 1394 4765; x_wconf 79' lang='lat' dir='ltr'><strong>inisset</strong></span> <span class='ocrx_word' id='word_1_470' title='bbox 1406 4706 1514 4779; x_wconf 83' lang='lat' dir='ltr'><strong>rictus,</strong></span> <span class='ocrx_word' id='word_1_471' title='bbox 1534 4711 1762 4783; x_wconf 87' lang='lat' dir='ltr'><strong>etconseqnen·</strong></span> 
     </span>
     <span class='ocr_line' id='line_1_45' title="bbox 351 4786 1709 4870; baseline 0 -20"><span class='ocrx_word' id='word_1_472' title='bbox 351 4790 446 4870; x_wconf 72' lang='lat' dir='ltr'><strong>tctplt,</strong></span> <span class='ocrx_word' id='word_1_473' title='bbox 468 4797 500 4850; x_wconf 91' lang='lat' dir='ltr'><strong>ct</strong></span> <span class='ocrx_word' id='word_1_474' title='bbox 522 4789 554 4849; x_wconf 93' lang='lat' dir='ltr'><strong>in</strong></span> <span class='ocrx_word' id='word_1_475' title='bbox 575 4786 680 4849; x_wconf 88' lang='lat' dir='ltr'><strong>sedem</strong></span> <span class='ocrx_word' id='word_1_476' title='bbox 695 4789 779 4869; x_wconf 73' lang='lat' dir='ltr'><strong>regni</strong></span> <span class='ocrx_word' id='word_1_477' title='bbox 794 4789 957 4852; x_wconf 69' lang='lat' dir='ltr'><strong>Israelitici</strong></span> <span class='ocrx_word' id='word_1_478' title='bbox 971 4789 1015 4854; x_wconf 88' lang='lat' dir='ltr'><strong>in·</strong></span> <span class='ocrx_word' id='word_1_479' title='bbox 1067 4800 1115 4853; x_wconf 92' lang='lat' dir='ltr'><strong>ter</strong></span> <span class='ocrx_word' id='word_1_480' title='bbox 1130 4800 1359 4852; x_wconf 79' lang='lat' dir='ltr'><strong>connumeratus</strong></span> <span class='ocrx_word' id='word_1_481' title='bbox 1374 4792 1449 4864; x_wconf 78' lang='lat' dir='ltr'><strong>cliic,</strong></span> <span class='ocrx_word' id='word_1_482' title='bbox 1465 4792 1491 4852; x_wconf 92' lang='lat' dir='ltr'><strong>si</strong></span> <span class='ocrx_word' id='word_1_483' title='bbox 1507 4792 1578 4870; x_wconf 89' lang='lat' dir='ltr'><strong>quis</strong></span> <span class='ocrx_word' id='word_1_484' title='bbox 1592 4790 1709 4853; x_wconf 81' lang='lat' dir='ltr'><strong>fuicaet</strong></span> 
     </span>
     <span class='ocr_line' id='line_1_46' title="bbox 351 4873 1763 4956; baseline 0 -20"><span class='ocrx_word' id='word_1_485' title='bbox 351 4873 430 4936; x_wconf 71' lang='lat' dir='ltr'><strong>tues</strong></span> <span class='ocrx_word' id='word_1_486' title='bbox 449 4874 519 4948; x_wconf 80' lang='lat' dir='ltr'><strong>loir,</strong></span> <span class='ocrx_word' id='word_1_487' title='bbox 538 4874 661 4956; x_wconf 68' lang='lat' dir='ltr'><strong>legatur</strong></span> <span class='ocrx_word' id='word_1_488' title='bbox 680 4874 833 4956; x_wconf 78' lang='lat' dir='ltr'><strong>uppelluta</strong></span> <span class='ocrx_word' id='word_1_489' title='bbox 855 4874 949 4938; x_wconf 78' lang='lat' dir='ltr'><strong>inisse</strong></span> <span class='ocrx_word' id='word_1_490' title='bbox 963 4876 1015 4938; x_wconf 80' lang='lat' dir='ltr'><strong>Su·</strong></span> <span class='ocrx_word' id='word_1_491' title='bbox 1109 4878 1265 4940; x_wconf 75' lang='lat' dir='ltr'><strong>Sacerdos</strong></span> <span class='ocrx_word' id='word_1_492' title='bbox 1286 4879 1350 4940; x_wconf 79' lang='lat' dir='ltr'><strong>Dei</strong></span> <span class='ocrx_word' id='word_1_493' title='bbox 1370 4879 1493 4939; x_wconf 81' lang='lat' dir='ltr'><strong>cummi.</strong></span> <span class='ocrx_word' id='word_1_494' title='bbox 1524 4876 1650 4949; x_wconf 83' lang='lat' dir='ltr'><strong>hlirum,</strong></span> <span class='ocrx_word' id='word_1_495' title='bbox 1674 4895 1763 4956; x_wconf 91' lang='lat' dir='ltr'><strong>quos-</strong></span> 
     </span>
     <span class='ocr_line' id='line_1_47' title="bbox 351 4961 1764 5046; baseline 0.001 -23"><span class='ocrx_word' id='word_1_496' title='bbox 351 4973 392 5023; x_wconf 76' lang='grc' dir='ltr'><strong>Ι.</strong></span> <span class='ocrx_word' id='word_1_497' title='bbox 409 4961 489 5026; x_wconf 69' lang='lat' dir='ltr'><strong>Hm</strong></span> <span class='ocrx_word' id='word_1_498' title='bbox 512 4981 568 5039; x_wconf 85' lang='lat' dir='ltr'><strong>pro</strong></span> <span class='ocrx_word' id='word_1_499' title='bbox 589 4981 635 5036; x_wconf 91' lang='lat' dir='ltr'><strong>co,</strong></span> <span class='ocrx_word' id='word_1_500' title='bbox 661 4961 744 5041; x_wconf 87' lang='lat' dir='ltr'><strong>qnod</strong></span> <span class='ocrx_word' id='word_1_501' title='bbox 766 4963 798 5023; x_wconf 92' lang='lat' dir='ltr'><strong>in</strong></span> <span class='ocrx_word' id='word_1_502' title='bbox 818 4962 942 5024; x_wconf 82' lang='lat' dir='ltr'><strong>Psalmo</strong></span> <span class='ocrx_word' id='word_1_503' title='bbox 966 4962 1016 5023; x_wconf 79' lang='lat'><strong>75.</strong></span> <span class='ocrx_word' id='word_1_504' title='bbox 1069 4962 1139 5024; x_wconf 82' lang='lat' dir='ltr'><strong>dam</strong></span> <span class='ocrx_word' id='word_1_505' title='bbox 1165 4985 1217 5046; x_wconf 92' lang='lat' dir='ltr'><strong>pro</strong></span> <span class='ocrx_word' id='word_1_506' title='bbox 1248 4964 1404 5025; x_wconf 82' lang='lat' dir='ltr'><strong>sacerdote</strong></span> <span class='ocrx_word' id='word_1_507' title='bbox 1431 4972 1551 5025; x_wconf 69' lang='lat' dir='ltr'><strong>vertere</strong></span> <span class='ocrx_word' id='word_1_508' title='bbox 1578 4963 1764 5037; x_wconf 82' lang='lat' dir='ltr'><strong>Pontificem,</strong></span> 
     </span>
     <span class='ocr_line' id='line_1_48' title="bbox 351 5037 1766 5133; baseline -0.001 -21"><span class='ocrx_word' id='word_1_509' title='bbox 351 5037 445 5112; x_wconf 52' lang='grc' dir='ltr'><strong>Μ.</strong></span> <span class='ocrx_word' id='word_1_510' title='bbox 457 5051 503 5116; x_wconf 73' lang='lat' dir='ltr'><strong>Hi</strong></span> <span class='ocrx_word' id='word_1_511' title='bbox 513 5049 625 5130; x_wconf 72' lang='lat' dir='ltr'><strong>foetur</strong></span> <span class='ocrx_word' id='word_1_512' title='bbox 638 5056 684 5111; x_wconf 74' lang='lat' dir='ltr'><strong>aa</strong></span> <span class='ocrx_word' id='word_1_513' title='bbox 697 5052 734 5112; x_wconf 79' lang='lat' dir='ltr'><strong>es</strong></span> <span class='ocrx_word' id='word_1_514' title='bbox 744 5067 826 5128; x_wconf 79' lang='lat' dir='ltr'><strong>poco</strong></span> <span class='ocrx_word' id='word_1_515' title='bbox 839 5050 927 5114; x_wconf 70' lang='grc' dir='ltr'><strong>ὶοωι</strong></span> <span class='ocrx_word' id='word_1_516' title='bbox 941 5054 1016 5127; x_wconf 65' lang='lat' dir='ltr'><strong>elur.</strong></span> <span class='ocrx_word' id='word_1_517' title='bbox 1070 5069 1162 5133; x_wconf 79' lang='lat' dir='ltr'><strong>quum</strong></span> <span class='ocrx_word' id='word_1_518' title='bbox 1183 5051 1233 5113; x_wconf 90' lang='lat' dir='ltr'><strong>hic</strong></span> <span class='ocrx_word' id='word_1_519' title='bbox 1253 5050 1368 5114; x_wconf 81' lang='lat' dir='ltr'><strong>Graece</strong></span> <span class='ocrx_word' id='word_1_520' title='bbox 1387 5071 1449 5113; x_wconf 88' lang='lat' dir='ltr'><strong>non</strong></span> <span class='ocrx_word' id='word_1_521' title='bbox 1470 5050 1510 5113; x_wconf 89' lang='lat' dir='ltr'><strong>sit</strong></span> <span class='ocrx_word' id='word_1_522' title='bbox 1532 5042 1707 5131; x_wconf 71' lang='grc' dir='ltr'><strong>ἀρχιερεὺς,</strong></span> <span class='ocrx_word' id='word_1_523' title='bbox 1727 5048 1766 5112; x_wconf 86' lang='lat' dir='ltr'><strong>¹id</strong></span> 
     </span>
    </p>
   </div>
   <div class='ocr_carea' id='block_1_4' title="bbox 0 0 2227 5825">
    <p class='ocr_par' dir='ltr' id='par_1_5' title="bbox 0 0 2227 5825">
     <span class='ocr_line' id='line_1_49' title="bbox 0 0 2227 5825; baseline 0 0"><span class='ocrx_word' id='word_1_524' title='bbox 0 0 2227 5825; x_wconf 95' lang='lat' dir='ltr'><strong> </strong></span> 
     </span>
    </p>
   </div>
  </div>
 </body>
</html>
