4442 5825
406 602 484 672 dte
921 590 1334 651 comminuerentur.

403 770 584 854 pandendis.
599 766 1027 843 Nonnullivero,libertetem,
1040 789 1100 850 qua
1154 773 1220 832 14.:
1247 772 1298 833 Ad
1319 776 1458 837 nildam
1481 778 1635 841 dedamus
1654 787 1697 842 est

403 859 630 941 per-(lhristum
644 856 749 917 donati
765 875 877 929 sumus,
899 875 1041 935 perverse
1055 857 1098 915 in·
1152 868 1259 934 spectu
1281 863 1348 934 ejas
1371 865 1552 943 multqaus3
1576 871 1714 929 ammas

404 953 614 1030 tepretuntes,
638 942 858 1017 existimabant,
880 943 924 1004 ita
946 961 981 1002 se
1000 962 1100 1003 esses
1152 948 1328 1008 Dominam
1343 951 1510 1028 plurificat.

404 1035 474 1116 lege
495 1031 614 1102 liberos,
637 1040 679 1106 ut,
703 1029 854 1110 quidquid
876 1027 990 1102 liberet,
1012 1050 1101 1109 egere
1195 1035 1445 1097 Fraterm'tatem
1465 1039 1598 1116 diltqr'tc.
1620 1043 1714 1103 Frate

403 1129 535 1205 pumt.
568 1116 681 1179 Contra
706 1136 783 1197 quaa
805 1116 920 1177 Paulus
942 1117 1028 1177 Rom.
1052 1118 1096 1176 6.:
1151 1139 1260 1181 nomen
1286 1122 1443 1184 collective
1469 1130 1596 1188 munitur
1618 1149 1672 1207 pre
1696 1128 1714 1188 fi

403 1205 667 1271 Permaaebimas
692 1207 728 1264 ia
751 1211 901 1280 peccato,
930 1210 967 1264 at
991 1206 1100 1279 qratia
1152 1206 1184 1267 id
1200 1215 1246 1266 est
1257 1206 1448 1284 Christianis,
1464 1232 1541 1291 quoa
1557 1215 1714 1297 specialip

404 1293 568 1357 amada?
590 1294 757 1352 etiterum:
783 1291 995 1366 Peccadimas,
1019 1309 1099 1368 qao·
1152 1291 1269 1353 delibus
1285 1314 1387 1356 amore
1409 1317 1447 1357 ac
1461 1299 1714 1361 benevolentius

402 1388 494 1446 atam
508 1399 576 1442 aare
590 1396 698 1439 semus
711 1377 768 1439 sab
783 1379 858 1453 leae,
881 1378 936 1437 sed
950 1377 1006 1438 sab
1022 1394 1099 1452 qra-
1151 1380 1324 1460 sequendos.
1349 1383 1385 1443 Id
1402 1386 1481 1445 enim
1504 1386 1642 1466 postulat
1656 1389 1713 1450 ord

403 1471 475 1533 tia?
489 1468 599 1544 Aesta-
615 1475 647 1527 et
661 1463 701 1525 sd
715 1464 783 1525 Gal
800 1467 843 1526 da
872 1465 932 1525 Vos
950 1467 987 1524 ia
1002 1464 1098 1523 liber·
1150 1468 1198 1526 tis.
1215 1466 1305 1527 Unde
1321 1468 1390 1530 Gal.
1407 1473 1451 1531 6.:
1478 1474 1657 1549 Operemar
1672 1476 1714 1537 da

403 1567 501 1620 tatem
515 1555 623 1616 vocati
644 1554 731 1628 eetis3
754 1559 881 1613 tautam
905 1570 945 1612 ae
966 1551 1097 1611 liberta-
1151 1570 1276 1629 omnes,
1302 1559 1441 1618 maxime
1466 1568 1574 1620 auum
1600 1562 1646 1621 ad
1668 1563 1714 1624 du

403 1654 466 1708 tem
491 1646 528 1704 s'a
551 1641 746 1702 ocemoaem
768 1638 846 1698 dctis
868 1642 984 1699 camis.
1021 1636 1098 1697 Inde
1150 1639 1233 1715 fidei.
1257 1640 1407 1723 Praecipit
1423 1646 1525 1723 igitur,
1549 1658 1592 1719 ut,
1615 1650 1670 1728 qui
1689 1670 1714 1711 rs

402 1734 465 1795 usti
480 1729 627 1802 Gnostici,
651 1726 689 1786 de
712 1724 824 1804 quibus
840 1726 874 1784 B.
890 1726 999 1786 Petrus
1022 1727 1053 1784 in
1068 1725 1096 1783 2.
1150 1728 1230 1787 tione
1255 1728 1364 1791 iratres
1393 1741 1480 1804 sunt,
1510 1753 1578 1793 sese
1610 1747 1714 1796 mutum

402 1820 500 1900 Epist
517 1834 583 1896 cap.
599 1816 645 1873 2:
672 1811 865 1873 Libertatem
882 1813 946 1872 illie
958 1813 1096 1889 promit·
1149 1834 1250 1875 amore
1264 1817 1503 1896 complectantur
1515 1823 1567 1893 sic,
1582 1831 1615 1881 ut
1627 1843 1714 1903 neqm

403 1914 511 1978 unm,
536 1920 608 1962 eam
622 1903 684 1977 ipss·
698 1902 782 1959 moi
795 1901 860 1959 siat
873 1899 1097 1977 corruptionis.
1150 1901 1318 1979 despiciant
1329 1923 1487 1984 pauperes,
1499 1906 1538 1966 de
1551 1926 1612 1986 quo
1625 1912 1714 1970 vitio.

402 1991 445 2054 Et
458 1992 490 2053 fl
505 1987 605 2051 Judss
620 1989 652 2047 in
667 2006 723 2047 sue
737 1985 887 2065 Epistola:
911 1987 973 2046 Dei
994 1987 1096 2047 nostri
1149 1998 1269 2049 accuset
1294 1990 1428 2052 lacobus
1454 1994 1639 2073 Apostolns3
1666 2016 1714 2056 uer

402 2084 541 2158 moelem
556 2075 784 2152 transferentes
799 2076 836 2134 ἐπ
851 2073 1024 2134 luxuriam.
1148 2074 1215 2135 daei
1237 2077 1365 2156 gentiles
1389 2078 1591 2159 dedignentur
1612 2083 1714 2143 haben

446 2161 618 2227 Verisimile
633 2170 680 2223 eat
693 2168 803 2233 summ,
820 2161 940 2220 Petrum
957 2159 1095 2220 hocloco
1148 2165 1310 2223 crementis
1333 2174 1363 2224 et
1386 2169 1616 2230 conversatione
1638 2173 1714 2231 eocic

401 2246 1096 2337 respicerepotissimumadpraetextumillum
1148 2250 1322 2312 coelestium
1344 2254 1574 2332 promissionum
1600 2256 1714 2318 hubent

401 2345 532 2425 priorem
555 2337 714 2398 libertatis.
744 2335 855 2397 Scribit
876 2335 956 2394 enim
979 2334 1017 2394 sd
1038 2334 1094 2395 Ju-
1146 2336 1248 2397 redes.

401 2430 500 2503 tiseos,
512 2436 543 2489 et
553 2424 730 2486 sensaturin
743 2421 921 2483 inculcando
933 2426 1094 2501 praecepto
1189 2425 1295 2484 Deam
1317 2426 1431 2486 timete.
1464 2427 1621 2489 Interaerit
1644 2430 1703 2490 hoc

400 2514 590 2580 obedientiae
630 2509 859 2590 magistratibus
896 2507 1093 2569 exhibendae.
1144 2519 1230 2591 ptum
1245 2509 1283 2570 de
1297 2511 1365 2571 Deo
1389 2514 1529 2589 timendo,
1551 2524 1592 2589 ut,
1615 2518 1643 2576 si
1665 2518 1714 2597 qui

400 2604 530 2667 earm:
551 2599 689 2678 Subjecti
711 2606 809 2659 estote
830 2605 982 2676 tamquam
997 2594 1093 2666 liberi,
1145 2616 1208 2671 nes,
1221 2600 1415 2676 quantumvis
1426 2610 1572 2679 potentes,
1584 2612 1637 2664 sut
1649 2623 1714 2682 prst

399 2691 429 2753 id
445 2701 500 2766 est,
514 2687 688 2757 liberaliter,
705 2693 736 2745 et
745 2704 806 2744 non
817 2684 967 2744 serviliter
978 2681 1094 2761 legibus
1146 2692 1200 2744 aut
1214 2684 1319 2757 velint,
1335 2687 1416 2764 quod
1429 2689 1490 2749 Dei
1502 2691 1654 2750 voluntati
1666 2710 1714 2750 eon

399 2779 567 2859 principum
578 2784 726 2854 parentes.
742 2770 800 2832 Vel
816 2778 980 2848 tamquam
990 2769 1092 2843 liberi,
1145 2773 1191 2843 sit,
1207 2771 1245 2831 ab
1261 2790 1299 2830 eo
1314 2790 1491 2834 revocemur
1505 2777 1614 2837 timore
1631 2778 1699 2850 Dei,

400 2862 431 2927 id
446 2872 500 2937 est,
524 2861 690 2942 spectetis
711 2878 766 2939 per
781 2857 935 2919 Christum
958 2856 1093 2931 libereti3
1145 2865 1253 2919 tentet
1275 2862 1419 2921 animam
1446 2870 1477 2922 et
1509 2880 1626 2939 corpas
1647 2882 1714 2941 perr

399 2954 453 3032 qni
468 2950 597 3033 proinde
616 2947 764 3026 justitium
780 2947 881 3007 colere
895 2943 1039 3016 debeatis,
1062 2952 1093 3003 et
1143 2947 1328 3021 ardennam.
1367 2948 1471 3009 Mattln
1497 2952 1546 3009 10.
1585 2950 1714 3013 sciente

398 3038 506 3112 iscees,
527 3032 609 3116 quod
629 3032 746 3094 Paulus
770 3031 932 3112 praecipit:
958 3031 1091 3093 Reddite
1144 3033 1277 3111 ejusdem
1293 3034 1450 3113 Apostoli:
1474 3037 1610 3099 Obeds're
1633 3056 1714 3115 opor

398 3126 545 3188 omnibus
567 3121 690 3196 debita,
714 3121 799 3181 Rom
825 3120 889 3196 13.;
911 3139 971 3179 uon
992 3126 1090 3178 sutem
1143 3122 1255 3195 maqis,
1271 3140 1368 3197 quam
1383 3124 1574 3198 homiuibus,
1598 3125 1669 3185 Act.
1686 3130 1713 3188 ὁ.

398 3214 574 3284 libertatem,
590 3209 676 3290 qussi
692 3207 804 3274 velum.
819 3213 993 3287 praetexere
1006 3203 1090 3264 meli·
1143 3225 1215 3286 ergo
1244 3208 1408 3269 timendum
1438 3212 1588 3290 praecipit
1616 3221 1652 3272 nt
1678 3212 1714 3272 Dr

397 3303 458 3361 tiae
472 3311 505 3360 et
518 3294 744 3359 inobedientiae
757 3304 886 3355 vestrae.
1143 3304 1189 3353 est
1204 3293 1367 3355 Dominum
1381 3316 1418 3357 ac
1439 3296 1574 3375 judicem
1591 3318 1714 3380 snprem

440 3387 502 3450 eea
523 3387 603 3446 aaut
623 3383 707 3443 saus·
722 3382 793 3441 Dei.
817 3384 863 3441 Ac
885 3380 910 3439 si
933 3376 1026 3439 diest:
1054 3377 1090 3436 In
1142 3399 1202 3460 quo
1213 3380 1350 3442 Jacobns
1363 3402 1427 3463 esp.
1440 3386 1487 3443 4.:
1509 3386 1600 3445 Ursas
1615 3394 1661 3446 est
1676 3386 1714 3462 leq

396 3474 461 3548 hoc,
485 3471 569 3555 qnod
585 3467 771 3549 principibus
786 3466 924 3538 obeditis,
946 3465 1013 3524 Deo
1028 3483 1090 3525 ser·
1142 3476 1172 3526 et
1182 3468 1292 3542 judea,
1316 3474 1372 3545 qat
1384 3478 1487 3545 potest
1500 3473 1636 3546 perdere
1652 3474 1714 3534 ere

395 3562 478 3633 vltis,
495 3560 548 3641 qui
563 3556 595 3618 id
610 3556 774 3637 praecepit
798 3554 906 3632 Itaque
921 3550 1089 3612 hominibus
1183 3556 1299 3630 chem
1321 3557 1535 3634 honorificate.
1561 3558 1645 3620 Idem
1670 3563 1700 3620 in

395 3644 567 3709 obediendo
581 3650 706 3723 propter
718 3642 826 3714 Deum,
841 3659 901 3701 uon
916 3637 1090 3711 hominibus,
1141 3641 1266 3701 verbum
1278 3661 1346 3703 curu
1359 3645 1520 3722 superiori:
1534 3647 1704 3722 mamae,

396 3732 449 3797 sed
465 3734 532 3793 Deo
553 3749 610 3790 ros
624 3738 660 3788 ut
681 3747 786 3790 servos
806 3727 962 3806 subjicitis.
993 3724 1089 3803 Atqm
1140 3720 1298 3805 τιμήσατε.
1322 3729 1413 3808 Quod
1436 3731 1526 3810 igitur
1548 3738 1708 3815 praecepit

394 3821 463 3882 Deo
479 3819 593 3880 sessim
604 3834 721 3876 summa
731 3814 854 3875 libertas
869 3821 922 3874 est
937 3811 1089 3891 Deinceps
1140 3813 1229 3875 nibus
1245 3818 1275 3874 in
1291 3824 1443 3897 potestate
1470 3820 1653 3893 constitutis,
1677 3827 1712 3882 ut

396 3907 511 3988 aliquot
533 3912 697 3986 praecepte
718 3901 884 3980 subjungit,
907 3897 1010 3960 eodem
1025 3896 1089 3959 fere
1139 3920 1195 3961 nor
1216 3901 1334 3963 debitus
1356 3902 1509 3978 reddetur,
1535 3905 1568 3965 id
1592 3907 1714 3987 speciei

393 3995 582 4074 pertinentis.
1139 3987 1321 4067 primendum
1337 3992 1458 4069 putavit
1472 3990 1511 4051 de
1525 4011 1616 4073 rege3
1641 4003 1704 4058 tum

440 4080 489 4141 17.
520 4081 636 4141 Omnes
660 4077 822 4138 honerate.
854 4071 1089 4135 Accommodste
1140 4075 1207 4153 ejus
1232 4079 1451 4155 praecaeteris
1478 4081 1714 4159 eminentium3i

394 4166 451 4228 boc
461 4163 608 4245 intellige,
620 4165 698 4224 sicut
709 4163 783 4224 illud
794 4162 993 4244 praecedens:
1005 4158 1087 4222 8111)-
1139 4172 1261 4241 propter
1272 4164 1419 4243 insignem
1433 4164 1524 4239 illius,
1535 4169 1590 4245 qui
1602 4177 1675 4230 tunc
1685 4187 1714 4231 rt

388 4255 465 4330 joas·
490 4258 587 4313 estote
612 4251 701 4310 omni
724 4251 887 4311 demersae
911 4253 1086 4307 creaturae.
1139 4247 1284 4309 malitiam
1308 4247 1383 4326 (erat
1404 4251 1429 4309 is
1451 4252 1543 4325 Nero,
1567 4254 1700 4316 Romani

392 4340 475 4402 Neue
488 4356 597 4400 sensus
613 4344 674 4397 est:
700 4333 812 4399 Omnes
833 4331 1021 4396 honorandos
1036 4332 1087 4393 ho·
1138 4333 1291 4416 princeps)
1315 4340 1456 4416 cuiquem
1471 4337 1552 4399 sorte
1572 4341 1714 4406 videreta

391 4435 508 4504 nonna
520 4424 636 4488 etiamsi
654 4423 783 4503 gentiles
799 4426 860 4484 sint
874 4429 926 4482 sut
940 4419 1085 4480 infideles.
1138 4421 1338 4483 honorandus.
1362 4424 1456 4484 Porro
1479 4444 1546 4485 curn
1571 4427 1671 4490 honor
1692 4429 1714 4492 si

390 4511 627 4575 Estenimtidem
642 4529 710 4570 cum
722 4529 767 4584 eo,
783 4508 863 4593 qaod
874 4507 990 4569 Paulas
1001 4527 1086 4588 prae·
1138 4511 1270 4570 monium
1293 4510 1499 4585 excellentiae,
1522 4515 1714 4594 principes}

392 4601 480 4681 cipite
496 4601 557 4663 cisi
570 4600 735 4671 honorem,
751 4599 914 4670 tanmem,
930 4595 1019 4656 Rom.
1037 4598 1087 4657 13.
1138 4605 1305 4670 censentur,
1322 4617 1414 4678 quum
1427 4617 1529 4659 eorum
1541 4602 1714 4664 excellentie

390 4688 499 4767 Neque
512 4687 593 4746 mm
616 4682 682 4743 vult
695 4683 816 4758 Petrus,
835 4701 937 4743 omues
951 4681 1086 4742 homines
1137 4683 1215 4744 inter
1236 4683 1369 4745 homines
1393 4685 1515 4758 habent,
1538 4691 1714 4767 agnoscitur

390 4775 464 4834 sintl-
477 4772 654 4853 exceptione
676 4771 795 4834 suebis
818 4770 972 4842 honorari,
995 4768 1085 4828 etism
1136 4771 1258 4829 vatione
1270 4770 1378 4850 legum,
1391 4780 1421 4830 et
1432 4775 1714 4851 praestationetrih

390 4860 555 4940 pessimos3
576 4856 630 4919 scd
644 4876 706 4930 eos,
730 4860 838 4940 quibus
852 4857 948 4917 honor
961 4853 1085 4916 debetur
1182 4860 1230 4918 18.
1253 4858 1345 4918 Servs·
1366 4857 1482 4919 sudditi
1504 4868 1600 4923 estote
1622 4866 1661 4925 te
1685 4879 1714 4926 α

390 4947 507 5007 ratione
534 4945 709 5028 potestatis,
740 4964 829 5027 quam
851 4944 900 5005 hic
925 4942 1084 5023 praecipue
1135 4961 1222 5003 more
1248 4946 1404 5006 Dominis.
1441 4947 1470 5006 A
1495 4967 1608 5026 genere
1637 4947 1714 5032 subit

389 5039 515 5113 spectati
542 5031 669 5110 Alioqui
690 5032 850 5092 tenendum
870 5027 947 5092 illud
969 5027 1081 5090 Psalni.
1134 5030 1275 5109 politicae
1300 5032 1339 5092 sd
1362 5030 1508 5112 quasdam
1533 5034 1612 5098 alies
1638 5034 1714 5119 sebit
