4442 5825
397 609 446 677 ⁹4
913 601 1334 659 mmmmrusncsen.

393 777 506 857 legitur
526 774 616 837 Num.
634 777 683 837 14.
699 782 730 835 et
744 773 835 835 Deut
852 777 881 835 2.
903 774 1015 847 Sensus
1030 786 1091 838 est:
1143 776 1303 838 transtulit
1326 776 1396 837 Non
1411 775 1536 837 dubium
1551 787 1669 849 autem,
1683 774 1761 857 quin
1775 772 1845 835 base

394 863 443 924 Ne
465 865 536 943 quia
558 869 699 934 noetrum,
723 861 840 940 abjecta
862 861 983 936 fiducia,
1005 862 1094 924 cadat
1144 867 1259 936 omnia,
1286 884 1366 945 quae
1388 863 1429 923 de
1455 881 1594 924 sermoam
1614 863 1678 922 Dei
1705 860 1785 922 dicit
1803 860 1848 921 hie

395 958 427 1011 et
441 956 557 1030 pereat,
578 948 717 1028 exemplo
732 949 857 1029 punitae
878 949 1092 1012 incredulitatis
1146 952 1317 1030 Apostolus,
1332 952 1363 1010 in
1375 950 1490 1010 Filium
1500 950 1562 1010 Dei
1577 954 1769 1029 competant
1784 947 1849 1009 Eue

394 1037 486 1099 simili
500 1055 569 1097 cnm
579 1034 734 1109 Israelitis,
749 1054 877 1115 quorum
887 1055 1014 1117 corpora
1024 1056 1091 1117 pro·
1144 1040 1231 1099 etiam
1246 1039 1353 1098 invitat
1369 1036 1422 1097 illa
1436 1035 1596 1116 particula,
1619 1054 1684 1116 qua
1705 1043 1774 1095 tota
1787 1054 1849 1095 aea·

397 1132 496 1186 strata
508 1123 669 1202 jacuerunt
684 1123 716 1182 in
731 1121 860 1183 deserti.
1144 1126 1240 1185 tentia
1254 1123 1424 1184 clauditur:
1446 1122 1492 1182 ad
1513 1143 1608 1200 quern
1628 1120 1728 1184 nobie
1742 1138 1850 1183 me.

1144 1210 1236 1291 Quod
1253 1209 1291 1270 ds
1305 1208 1434 1280 cbristo,
1458 1210 1517 1269 Dei
1531 1210 1623 1283 Filio,
1646 1229 1746 1287 quam
1761 1209 1849 1289 aptis

440 1297 488 1358 12.
528 1297 626 1357 Vivus
657 1303 701 1356 cst
730 1298 814 1357 euim
840 1311 943 1356 termo
970 1296 1033 1357 Dei
1063 1302 1092 1356 ct
1143 1296 1353 1358 simevidetur
1367 1296 1511 1374 intelligi3
1526 1315 1597 1357 nam
1613 1295 1655 1356 de
1670 1296 1743 1376 ejus
1758 1293 1850 1376 digni-

395 1384 520 1464 efficax.
551 1382 589 1443 In
614 1382 705 1462 hujus
726 1382 785 1444 loci
812 1381 1023 1463 explanatione
1040 1401 1091 1441 va·
1143 1391 1205 1443 tate
1221 1390 1251 1443 ct
1264 1381 1436 1443 sacerdotio
1452 1391 1515 1441 tota
1531 1381 1595 1445 iere
1610 1381 1787 1462 disputatio
1800 1380 1850 1442 bu·

394 1472 476 1532 riant
489 1470 678 1549 interpretes.
705 1466 837 1547 Quidam
855 1489 911 1548 per
925 1486 1091 1529 sermonem
1140 1470 1193 1549 jus
1209 1470 1365 1549 Epistulae
1381 1470 1562 1529 contexitur.
1587 1469 1670 1530 Sane
1682 1465 1852 1550 probabll'n

394 1557 454 1619 Dei
480 1555 658 1636 intelligunt
685 1555 810 1616 verbum
840 1575 896 1617 seu
925 1555 1092 1616 doctrinam
1144 1564 1192 1616 est
1207 1555 1255 1615 bic
1277 1556 1517 1617 commentarius.
1542 1556 1648 1635 Atque
1671 1574 1747 1617 enm
1764 1551 1850 1615 tradi-

393 1642 610 1723 erangelicam.
642 1640 739 1702 Addit
765 1640 927 1703 Calvinus:
961 1642 990 1702 A
1019 1661 1090 1722 qno·
1144 1641 1624 1722 demntOscumenina,Aquinaa
1637 1638 1850 1715 Liranuaila·

393 1749 527 1811 eumque
541 1732 634 1791 odam
655 1729 791 1790 ministro
813 1729 959 1809 prolatam
978 1738 1010 1790 et
1024 1729 1090 1808 qui·
1139 1729 1273 1807 jetunus,
1296 1736 1426 1810 unaque
1446 1727 1559 1808 glossa,
1581 1728 1704 1808 aliique
1728 1727 1850 1790 Latiae·

392 1817 580 1896 buecumqne
594 1815 767 1877 bominibus
780 1817 1004 1891 annuntiatam,
1026 1815 1093 1876 vult
1143 1835 1217 1876 rum.
1241 1817 1290 1875 De
1304 1813 1408 1876 eodem
1419 1815 1569 1876 intellexit
1578 1814 1767 1877 Ambrosius
1782 1812 1851 1875 lod

394 1904 475 1967 enin
487 1901 651 1983 Evangelii
664 1902 838 1976 doctrinam,
853 1901 950 1976 idest,
965 1901 1091 1961 verbnm
1142 1903 1312 1963 memoratis
1326 1909 1356 1961 et
1370 1899 1506 1982 (lyrillns
1520 1902 1574 1962 lib.
1587 1905 1617 1963 2.
1629 1904 1664 1963 in
1678 1901 1776 1963 Joan.
1787 1918 1850 1980 cap·

392 1988 630 2071 medicationis
644 2007 763 2068 semper
779 2007 847 2049 esse
861 1988 967 2050 efficax
982 1988 1012 2048 in
1028 1989 1090 2048 ani-
1145 1991 1194 2051 37.
1232 1988 1294 2051 Sed
1319 1987 1394 2049 buin
1432 1988 1678 2069 interpretationi
1710 1982 1850 2051 nonnihil

392 2077 450 2137 mis
464 2075 651 2151 auditorum
671 2095 732 2136 non
754 2074 879 2155 quidem
894 2083 928 2135 nt
943 2074 982 2136 ab
997 2077 1089 2136 omni·
1143 2075 1251 2148 obstat,
1268 2074 1349 2156 quod
1364 2073 1490 2155 abrupte
1504 2083 1575 2155 post
1587 2074 1756 2155 superiora
1769 2093 1847 2137 mn-

392 2162 451 2225 bue
473 2161 622 2236 credatur,
648 2161 702 2224 sed
724 2169 757 2222 ut
778 2163 810 2222 in
832 2161 979 2234 omnibus,
1002 2162 1091 2221 etiam
1143 2163 1184 2222 tio
1198 2161 1338 2223 videatur
1353 2163 1449 2242 ingeri
1466 2161 1599 2223 debilis
1613 2162 1685 2235 Dei,
1714 2180 1848 2244 praeese

391 2248 538 2331 reprobis,
560 2250 693 2330 aliquem
716 2256 856 2328 operetur
878 2248 1016 2310 effectum
1039 2255 1093 2308 aut
1143 2250 1194 2308 tim
1209 2250 1266 2310 sub
1279 2250 1400 2309 numine
1415 2247 1516 2322 Verbi,
1536 2247 1576 2309 de
1592 2268 1655 2330 quo
1670 2248 1752 2311 nibil
1768 2268 1848 2331 prae

391 2335 470 2410 fidel,
495 2344 549 2398 aut
562 2338 683 2398 terroris
705 2334 813 2397 saltem
836 2335 966 2413 alicujus
981 2355 1018 2396 ac
1031 2342 1091 2395 tor·
1144 2338 1241 2396 cussit.
1263 2335 1329 2396 Nec
1343 2354 1416 2396 vero
1439 2335 1480 2397 ad
1494 2335 1577 2397 bunc
1592 2334 1792 2399 intellectum
1806 2354 1848 2398 eu·

392 2425 488 2485 menti
517 2425 729 2485 eonscientiae
766 2422 881 2483 Verum
906 2421 955 2483 bio
985 2440 1092 2481 sensns
1144 2423 1188 2503 git
1209 2442 1316 2483 nomen
1338 2422 1431 2483 Verbi
1455 2422 1530 2497 Dei,
1552 2415 1650 2503 'quasi
1674 2422 1764 2486 Filio
1785 2442 1849 2505 pre·

394 2509 510 2571 alicnus
526 2518 573 2570 eet
587 2529 607 2569 a
621 2510 775 2589 Scriptura
790 2528 887 2581 secra,
903 2528 980 2589 quae
996 2507 1092 2579 docet,
1144 2511 1251 2589 prium
1273 2509 1352 2569 Nam
1375 2506 1550 2589 frequenter
1572 2511 1664 2572 etiam
1681 2511 1716 2572 in
1732 2517 1848 2592 aposte-

392 2595 505 2658 multos
521 2615 596 2668 esse,
616 2597 668 2677 qui
684 2595 809 2658 verbum
823 2594 886 2655 Dei
901 2601 1093 2655 contemnunt
1143 2597 1210 2656 licis
1226 2595 1386 2675 scripturis
1402 2597 1552 2676 accipitur
1561 2617 1618 2678 pro
1630 2597 1730 2659 verbo
1742 2604 1849 2669 meato,

391 2690 487 2763 atque
509 2681 668 2755 irrideant,
691 2690 844 2762 umquam
865 2678 983 2754 falsum,
1004 2678 1092 2740 fabu-
1144 2684 1211 2743 sive
1227 2682 1257 2744 id
1272 2702 1291 2741 a
1305 2681 1383 2753 Deo,
1405 2682 1470 2742 aive
1484 2681 1524 2744 ab
1539 2685 1605 2764 ejna
1618 2686 1773 2748 ministris
1785 2703 1849 2767 pro·

393 2769 502 2843 loanm,
516 2767 701 2831 incredibile.
724 2767 795 2829 Non
806 2774 908 2847 potest
922 2776 1024 2828 antem
1034 2775 1091 2828 ter·
1144 2769 1240 2830 latum
1254 2767 1354 2829 fuerit

395 2875 464 2919 rsre
487 2856 709 2929 conscientiam,
731 2854 811 2937 qnod
826 2852 911 2916 nullo
927 2852 1015 2915 modo
1030 2872 1092 2914 cre·

393 2942 489 3021 ditnr3
519 2942 747 3023 nihilomagis,
773 2961 863 3023 qnam
886 2960 974 3002 urere
996 2947 1094 3021 potest
1187 2939 1283 3003 Nobia
1312 2948 1395 3001 certe
1425 2963 1531 3006 eornm
1567 2948 1727 3009 sententia
1759 2948 1851 3028 mogh

393 3031 471 3112 ignis
493 3032 602 3112 piatus
625 3030 694 3090 Jam
710 3049 784 3089 vero
800 3030 889 3089 etiam
905 3026 1024 3087 difficile
1038 3034 1092 3098 est,
1144 3027 1297 3108 probatur,
1315 3030 1367 3107 qni
1382 3047 1550 3093 sermonem
1564 3031 1626 3094 Dei
1646 3036 1850 3116 interpretat·

392 3117 487 3178 verbo
502 3116 737 3197 praedicationis
762 3134 798 3176 sa
812 3115 912 3175 omnia
927 3134 1090 3174 accommo
1144 3124 1200 3188 tur,
1216 3132 1306 3194 quem
1317 3114 1403 3176 Deus
1419 3115 1459 3177 ad
1473 3116 1613 3182 bomine·
1627 3120 1775 3203 loquitor,
1790 3122 1851 3190 n'va

393 3202 475 3278 darc,
494 3221 574 3285 quae
596 3203 645 3263 bio
666 3202 705 3262 ab
720 3201 866 3283 Apostolo
889 3202 1019 3261 sermoni
1033 3200 1093 3259 Dei
1145 3200 1354 3281 promittendo,
1377 3201 1441 3262 eive
1462 3204 1661 3282 exhortando,
1683 3208 1755 3270 aire
1776 3228 1851 3270 eeu·

392 3290 571 3362 tribuuntur,
588 3287 665 3350 illnd
677 3290 816 3361 maxime,
828 3286 910 3368 quod
921 3286 1003 3360 dicit,
1014 3286 1093 3348 nul·
1143 3285 1292 3348 minando.
1307 3289 1381 3367 Agit
1392 3289 1472 3350 enim
1483 3292 1652 3372 Apostolus
1667 3293 1709 3355 de
1725 3293 1791 3358 fida
1801 3293 1851 3360 ba·

392 3378 458 3439 lora
473 3387 666 3457 ,creaturum
691 3378 728 3437 in
754 3378 822 3450 ejus
841 3383 1010 3451 conspectu
1031 3392 1092 3434 aeae
1143 3372 1243 3435 benda
1252 3373 1343 3435 verbo
1352 3378 1851 3453 promissionieetcomminatieeia

392 3465 594 3539 invicibilem,
618 3464 805 3524 aestumatio
828 3462 927 3523 oculis
950 3453 1017 3535 ey'isa
1032 3477 1092 3519 esce
1145 3459 1276 3532 divinae,
1289 3458 1446 3540 docetque,
1457 3465 1484 3523 ai
1492 3465 1553 3526 Dei
1562 3465 1852 3547 promissionufida

391 3552 484 3617 nardo
506 3558 536 3612 st
557 3556 682 3628 apertu.
706 3550 775 3609 Hoc
795 3549 876 3610 enim
891 3556 1007 3609 eonetut
1023 3546 1091 3606 Deo
1150 3544 1851 3637 amplectamur,inreqniemejuaingreaamap

391 3640 547 3721 proprium
563 3657 640 3698 esse.
1145 3635 1191 3693 sin
1203 3634 1310 3706 minus,
1321 3632 1851 3721 maleperituros,idqueeornmex·

436 3726 535 3805 Quam
552 3723 591 3786 ob
612 3723 758 3783 rationem
781 3720 833 3781 alii
855 3726 988 3792 censent,
1011 3719 1092 3779 bnne
1146 3719 1252 3799 emplo,
1270 3718 1309 3779 ed
1324 3738 1400 3799 quoe
1412 3722 1484 3783 olim
1497 3744 1596 3789 sermo
1605 3729 1667 3790 Dei
1678 3728 1851 3795 tamea

391 3812 490 3875 locum
516 3810 686 3872 necessario
715 3805 924 3886 exponendum
952 3804 990 3866 de
1014 3804 1091 3867 Filio
1146 3804 1236 3867 Unde
1258 3808 1302 3866 ait
1323 3825 1431 3886 supra:
1455 3811 1518 3873 Sed
1542 3832 1613 3876 raon
1634 3818 1772 3895 profuit
1790 3817 1852 3880 iliis

391 3898 460 3972 Dei,
475 3898 528 3977 qni
544 3906 590 3958 est
599 3895 733 3956 Verbum
744 3894 854 3967 Patria,
870 3891 909 3954 de
924 3912 984 3972 quo
996 3892 1090 3953 Joan·
1144 3910 1246 3953 sermo
1261 3893 1401 3968 nuditus,
1424 3902 1456 3957 et
1471 3918 1537 3979 cap.
1553 3902 1600 3962 2:
1627 3904 1665 3965 Si
1680 3907 1783 3983 mia,
1799 3905 1852 3984 pati

391 4004 446 4046 nes
469 3982 634 4062 Evangelii
658 3984 707 4043 sui
731 3982 833 4042 initio:
861 3981 902 4040 Iri
927 3980 1091 4055 principio
1143 3996 1204 4055 per
1218 3979 1348 4054 unpeloa
1365 3980 1467 4043 dictura
1485 3993 1530 4045 cat
1543 4005 1659 4063 sermo,
1682 3991 1797 4069 sm
1810 3995 1851 4054 a

394 4077 465 4134 emt
492 4070 647 4142 Verbum,
675 4077 707 4130 et
734 4072 761 4129 1.
785 4068 882 4148 Epist.
905 4066 952 4125 5.:
982 4067 1090 4140 Pater,
1143 4065 1254 4142 [trinu
1275 4072 1342 4138 etc,
1364 4076 1394 4126 et
1411 4088 1481 4148 cap.
1506 4076 1551 4133 1.:
1579 4075 1666 4137 Olim
1689 4078 1785 4142 Dm
1804 4078 1850 4141 ιο.

398 4156 535 4220 Verbum
560 4163 589 4216 et
610 4157 749 4233 Spiritus
773 4160 917 4226 mustus,
944 4161 975 4212 et
996 4153 1091 4233 Apoc.
1145 4170 1243 4228 quem
1254 4153 1402 4227 putribus
1424 4157 1461 4216 iri
1474 4158 1655 4237 Prophetis,
1678 4168 1850 4230 noctuae

394 4247 459 4307 lb:
485 4244 610 4304 Nomen
632 4246 699 4316 ejus
728 4240 863 4302 Verbum
888 4240 958 4299 Dei.
991 4239 1088 4317 Siqni·
1144 4237 1268 4299 loeutus
1282 4246 1326 4299 eet
1340 4240 1482 4304 nubiriae
1497 4246 1594 4307 Filio.
1617 4248 1702 4312 Nam
1718 4254 1786 4315 eive
1800 4269 1850 4333 pfl

391 4330 463 4393 dean
477 4337 507 4390 et
521 4330 580 4389 boc
599 4327 666 4387 loco
687 4328 765 4387 verti
780 4328 892 4406 potnit:
918 4324 1030 4385 Vivum
1045 4334 1091 4385 est
1145 4343 1178 4385 se
1201 4333 1255 4385 ant
1277 4344 1331 4404 per
1348 4326 1457 4388 Filium
1480 4351 1566 4394 sunm
1586 4334 1676 4397 Dens
1699 4335 1849 4422 loquetae

392 4418 473 4479 enim
495 4414 630 4477 Verbum
654 4413 721 4486 Dei,
750 4410 899 4492 quomodo
922 4410 998 4490 legit
1020 4410 1089 4471 Am·
1145 4412 1211 4471 aire
1225 4430 1280 4492 per
1295 4413 1428 4492 angelos,
1448 4417 1515 4477 sive
1530 4439 1585 4500 per
1598 4420 1753 4502 bomine„
1775 4425 1849 4489 id&

390 4503 509 4566 brosiue
523 4501 575 4562 lib.
592 4503 621 4560 4.
636 4498 676 4560 de
690 4498 759 4573 fide,
774 4519 841 4579 cap.
857 4498 887 4557 3.
902 4505 933 4559 et
947 4498 998 4559 lib.
1016 4501 1044 4558 2.
1060 4498 1091 4557 in
1145 4507 1190 4558 eet
1201 4497 1293 4571 Deus,
1308 4501 1360 4580 qui
1371 4501 1515 4581 loquitur,
1530 4507 1658 4588 etqnod
1670 4510 1714 4572 ad
1724 4512 1847 4596 loquea-

391 4590 506 4653 Luoam
522 4585 561 4648 ad
577 4585 653 4646 illud
669 4605 735 4666 cap.
753 4590 799 4647 2:
828 4586 873 4647 Et
887 4591 977 4645 mum
992 4586 1092 4659 ipsius
1144 4592 1206 4644 tem
1233 4585 1356 4657 attinet,
1386 4585 1463 4648 idem
1492 4610 1600 4656 asmo.
1631 4594 1697 4675 Qui
1723 4598 1847 4681 mm

391 4680 536 4738 animam
560 4674 770 4750 pertransibit
798 4671 945 4748 plodiesa,
975 4689 1090 4729 necnon
1145 4690 1263 4751 semper
1283 4679 1318 4731 ut
1341 4672 1477 4751 ejusdem
1507 4683 1732 4762 estraines,
1756 4689 1847 4750 ,ῃ

391 4761 444 4823 lib.
462 4766 490 4822 1.
505 4759 546 4822 de
559 4757 639 4820 Abel
657 4765 688 4819 et
703 4758 789 4833 Cain,
805 4777 871 4836 cap.
888 4758 917 4815 8.
940 4755 998 4815 Est
1013 4756 1101 4828 enin
1144 4756 1279 4836 ejusdem
1309 4759 1431 4820 virtutis
1457 4771 1489 4823 et
1511 4764 1682 4844 efficaciae,
1721 4781 1784 4836 tan
1808 4769 1846 4834 ad

390 4846 424 4909 in
439 4846 578 4907 omnibns
600 4844 646 4907 bia
659 4845 834 4926 Scripturas
848 4841 923 4944 locis
939 4834 1089 4902 Graecei
1143 4844 1326 4923 praestanda
1348 4847 1497 4925 promissa
1519 4851 1739 4936 credentibus,
1760 4877 1844 4944 quam

391 4925 500 5010 λόγος,
523 4930 604 5010 quod
619 4932 822 4995 indifferenter
837 4936 927 4990 cuam
946 4927 1090 5007 vulgatus
1143 4928 1181 4989 ad
1222 4929 1380 4993 inferenda
1423 4934 1576 5015 supplicia
1608 4945 1844 5010 mam-sutae

389 5020 539 5100 mmm
550 5016 793 5094 moverem,
807 5015 897 5078 modo
912 5031 1088 5077 sennonem
1144 5013 1219 5077 cun
1241 5036 1312 5096 ergo
1334 5037 1433 5080 sermo
1448 5020 1510 5084 Dei
1532 5025 1582 5101 ait,
1605 5026 1675 5109 ipae
1696 5031 1785 5097 Dans
1805 5031 1842 5096 lo·
