4442 5825
394 603 467 671 ⁶33
916 590 1199 647 commutamnus
1216 590 1339 646 caum

392 767 482 851 Quod
499 775 530 829 et
541 768 663 830 Erssmo
676 766 775 847 placet
789 768 818 829 iu
830 767 1082 830 unnomtionihus.
1138 789 1172 828 eo
1194 778 1292 848 pacto,
1314 777 1347 829 ut
1369 769 1459 830 eitius
1473 765 1673 850 'complentur
1693 789 1802 830 nunnus

392 856 509 936 Optime
532 875 601 916 vero
625 875 747 915 sensum
771 855 902 917 reddidit
921 863 1024 915 nester
1040 857 1082 915 in·
1137 857 1307 928 electorum,
1331 876 1367 916 ac
1382 855 1501 917 desinat
1520 857 1649 936 quercla
1664 855 1806 917 diccuiu:

392 956 507 1022 terpres
522 963 591 1021 per:
607 943 826 1021 dissolvendo,
850 941 926 1004 adeo
942 952 976 1002 ut
992 940 1022 1000 id
1038 961 1083 1001 se·
1143 942 1201 1004 Ubi
1216 949 1259 1002 cst
1271 945 1440 1018 promissio
1456 944 1618 1006 adventur
1632 944 1722 1018 eius?
1741 943 1806 1003 huns

392 1041 477 1090 cutus
500 1033 538 1089 sit
560 1031 702 1090 Erasmus
729 1030 760 1088 in
786 1029 972 1109 paraphrasi.
1005 1028 1083 1087 Nam
1137 1048 1256 1089 sensum
1293 1049 1352 1089 non
1389 1032 1489 1091 renuit
1521 1030 1653 1091 verbum
1687 1027 1807 1091 Gratum

390 1135 534 1198 praesens
557 1136 610 1195 pro
626 1135 669 1189 eo,
691 1113 771 1196 quod
795 1118 961 1177 certissime
977 1123 1022 1176 est
1036 1113 1082 1174 iu·
1136 1109 1286 1174 unoddsru.
1309 1116 1498 1197 Frequenter
1515 1119 1597 1178 enim
1613 1117 1762 1178 mnrium
1773 1135 1808 1178 tu·

391 1213 498 1276 turum,
521 1201 659 1284 qnodque
681 1210 832 1282 tamquam
847 1220 991 1285 praesens
1005 1220 1083 1262 sem·
1135 1204 1235 1262 mitur.
1258 1201 1372 1263 Verum
1394 1205 1465 1284 quie
1481 1203 1664 1286 scripturae
1678 1222 1736 1266 non
1748 1202 1811 1264 nott

391 1309 446 1371 per
475 1310 547 1369 prae
573 1289 666 1349 oeulis
692 1288 862 1350 habendum
890 1297 953 1361 est,
983 1288 1084 1367 posuit
1135 1288 1271 1350 tribuunt
1296 1289 1549 1353 recreatorem
1577 1290 1729 1353 deuotus
1749 1289 1810 1350 tlh

392 1376 562 1457 Apostolus.
595 1375 784 1455 Augustinus
810 1375 901 1457 legit:
928 1377 989 1436 Hir
1008 1393 1082 1451 erpo
1136 1374 1207 1450 diei,
1230 1375 1284 1437 sed
1300 1379 1399 1457 potius
1414 1378 1475 1457 ipsi
1490 1375 1616 1440 Christo
1639 1373 1811 1449 venturu&

391 1463 535 1524 omnibus
558 1463 774 1540 pereuntibus.
797 1464 922 1543 Quales,
948 1461 1083 1524 Graece:
1136 1482 1196 1542 quo
1219 1482 1328 1545 supra:
1359 1466 1432 1526 Non
1458 1466 1573 1526 tardat
1595 1467 1810 1537 Dominus«,

390 1542 556 1624 ποδαποὺς,
581 1549 663 1631 quod
682 1570 742 1609 non
764 1552 938 1631 simpliciter
953 1548 1081 1631 qualita-
1136 1548 1245 1610 idcireo
1259 1552 1356 1630 magis
1368 1551 1468 1630 placet
1483 1571 1601 1625 seusus,
1616 1571 1709 1632 quem
1722 1558 1808 1632 opert*

390 1646 449 1698 tem
465 1636 616 1717 signifieat
638 1639 681 1697 rei
696 1635 748 1696 vel
769 1657 924 1717 personae,
948 1634 1001 1697 sed
1017 1655 1084 1696 eum
1136 1637 1182 1696 vit
1196 1644 1299 1699 noster
1312 1640 1466 1718 interpres,
1489 1637 1666 1720 supplendo
1688 1636 1809 1719 prscpou'*

391 1722 526 1804 emphasi
541 1723 670 1804 quadam
686 1724 903 1794 admirationis,
927 1731 961 1783 ut
974 1721 1082 1783 Matt'o.
1135 1724 1264 1799 tionem,
1295 1735 1330 1784 ut
1359 1725 1450 1786 iliud:
1477 1726 1660 1790 aduentum
1686 1719 1808 1799 attend

392 1815 436 1872 8.:
460 1811 570 1890 Qualia
593 1817 636 1871 cat
657 1811 718 1886 hic,
742 1814 817 1888 quio
840 1813 927 1872 venti
950 1817 979 1871 ct
993 1827 1083 1869 marc
1135 1818 1295 1891 utrumque
1318 1813 1508 1893 participium
1530 1812 1683 1875 referatur
1703 1812 1807 1873 bosuc

391 1899 542 1960 obediunt
557 1901 586 1957 ci
593 1901 606 1956 t
625 1896 717 1957 Marc.
735 1901 801 1960 la:
829 1901 952 1975 Aspice,
976 1897 1083 1974 quoles
1137 1895 1190 1957 do:
1206 1897 1428 1978 Exspectantes
1441 1898 1608 1961 edvemum
1624 1898 1708 1960 illiue
1721 1897 1806 1970 dieict

391 1985 513 2063 lapides
535 1992 564 2045 et
587 1984 695 2062 quoles
718 1989 918 2046 structurae!
938 1987 1010 2045 Luc.
1037 1985 1081 2042 7.ε
1137 1983 1177 2044 ad
1193 1983 1320 2045 eundem
1332 1996 1538 2066 properantes.
1562 1984 1805 2063 Aecidicattpc

391 2075 477 2153 ριιαι
493 2079 523 2131 ct
537 2072 642 2149 qualia
664 2077 708 2131 cst
726 2074 851 2148 mulier,
874 2091 955 2149 qnae
978 2072 1084 2146 tonpit
1137 2070 1247 2132 stolus:
1275 2072 1345 2133 Non
1368 2073 1464 2133 solum
1487 2074 1568 2146 volo,
1592 2080 1627 2133 ut
1649 2072 1725 2133 diem
1743 2070 1804 2132 din

391 2179 471 2221 cum.
1137 2160 1328 2237 exspectetis,
1353 2178 1472 2239 semper
1493 2159 1605 2240 vigiles
1628 2165 1661 2221 et
1674 2159 1802 2240 parati*

434 2244 597 2307 Caeterum
620 2244 787 2306 exhortatio
810 2246 844 2304 Β.
860 2246 945 2305 Petri
963 2245 1081 2304 ratioci·
1137 2246 1256 2325 seipere
1277 2245 1450 2320 Dominum,
1478 2266 1571 2328 quum
1594 2248 1726 2321 reuerit3
1744 2238 1801 2323 qud

390 2333 513 2395 natione
528 2339 645 2394 constat
659 2331 844 2411 hujusmodi:
866 2330 1006 2399 Mundus,
1030 2332 1083 2410 qui
1135 2331 1281 2393 honorum
1304 2352 1456 2394 servorum
1479 2343 1535 2407 eet,
1566 2334 1605 2395 de
1629 2333 1733 2413 quibus
1750 2331 1799 2390 hu

390 2421 483 2481 nostri
500 2440 589 2481 eausa
604 2418 742 2480 conditus
758 2427 813 2492 est,
831 2417 967 2480 incendio
983 2417 1078 2477 solve·
1138 2421 1493 2494 12.:Bearrreretttlt,
1517 2433 1798 2497 quenquumurnt·
1835 2460 1839 2467 -

390 2515 446 2581 tur,
462 2507 647 2589 purgabitur,
670 2505 870 2578 innovabitur,
891 2515 924 2566 ut
939 2514 1082 2578 nostrum,
1136 2508 1179 2565 rit
1196 2507 1365 2581 Dominus,
1389 2510 1552 2568 invenerat
1566 2508 1747 2583 viniductum
1763 2496 1797 2564 td
1836 2532 1839 2550 ι

390 2593 420 2654 id
436 2603 488 2669 est,
512 2594 675 2654 electorum
695 2602 786 2672 utque
806 2593 956 2670 justorum
973 2591 1025 2652 fiat
1039 2611 1082 2653 re·
1137 2594 1258 2671 insuper
1273 2595 1423 2665 exhortor,
1438 2602 1474 2654 ut
1488 2595 1519 2654 iu
1535 2613 1694 2655 occursum
1709 2586 1796 2651 Doni

390 2680 595 2762 septennium,
622 2689 769 2759 qnantum
795 2680 885 2758 igitur
910 2698 965 2738 uos
992 2681 1082 2758 ipsos,
1135 2681 1255 2740 venturi
1269 2682 1444 2760 properetis,
1466 2700 1528 2759 quo
1545 2682 1644 2760 magis
1658 2678 1795 2739 ardensrt
1831 2694 1840 2730 Ι

389 2770 465 2828 utin
480 2766 683 2828 babitaculum
699 2764 773 2827 iliud
789 2766 975 2845 recipiamur,
991 2784 1082 2846 puros
1136 2773 1228 2826 strum
1254 2765 1434 2828 desiderium
1461 2766 1609 2828 adventus
1636 2766 1713 2828 illius
1734 2768 1794 2824 tent

390 2861 421 2914 et
436 2862 556 2915 sanctes
579 2872 648 2914 esse
664 2850 827 2914 convenit?
849 2853 969 2913 Erimus
985 2860 1083 2913 autern
1136 2855 1217 2914 mini.
1253 2853 1323 2934 Quo
1349 2854 1476 2935 pertinet
1494 2853 1672 2934 evangelius
1686 2845 1794 2933 purchoh
1828 2848 1839 2899 ”.

390 2941 475 3015 tales,
499 2942 594 3023 siper
610 2942 712 3001 omnia
728 2947 831 3001 sunote
847 2947 878 2999 et
893 2941 944 3019 pie
959 2959 1081 3000 conver·
1135 2941 1295 3020 virgiuum,
1318 2960 1398 3021 quae
1413 2962 1478 3002 oum
1495 2940 1672 3003 ardentibus
1687 2934 1793 3018 unp-t
1827 2953 1840 2988 Ξ

390 3047 496 3101 semur,
516 3029 676 3105 supienter
699 3031 775 3101 rjus,
801 3045 881 3103 quac
903 3029 939 3086 in
961 3026 1082 3088 mundo
1124 3028 1192 3088 ,bus
1218 3028 1338 3088 iverunt
1359 3028 1480 3088 obviam
1506 3047 1628 3107 sponso,
1654 3026 1746 3087 ttrut
1762 3018 1804 3082 tt·

390 3124 451 3190 cat,
475 3117 746 3192 concupiscentiae
770 3116 1017 3189 corruptionem,
1039 3113 1082 3173 uti
1137 3112 1270 3193 Quidum
1296 3116 1339 3174 sio
1365 3117 1474 3174 vertit:
1500 3116 1724 3192 Exspectasse
1741 3123 1793 3187 pti·

390 3203 471 3263 dixit
494 3223 585 3283 supra
605 3222 669 3281 esp.
692 3206 719 3261 1.
753 3202 887 3263 Sanetus
912 3218 1083 3262 converso·
1134 3201 1281 3278 peranda
1297 3203 1471 3262 adventum
1493 3202 1557 3262 dici
1573 3203 1645 3276 Dei,
1668 3191 1793 3280 quari&

390 3293 491 3349 tiones
514 3296 544 3349 et
562 3291 697 3365 pietates
712 3297 801 3348 vocat
821 3294 940 3348 sanctus
964 3296 996 3347 et
1017 3289 1083 3366 pias
1136 3288 1411 3366 quidsiguifieetur,
1424 3285 1792 3369 qualeprorerbiorulgtttt

389 3379 529 3450 artiones,
557 3377 675 3436 tametsi
700 3373 793 3435 illud:
816 3374 997 3450 pietatibus,
1021 3374 1082 3433 Au·
1137 3376 1268 3436 Festina
1297 3376 1400 3451 lentc,·
1434 3383 1469 3434 ut
1498 3376 1688 3454 exspectatio
1714 3381 1792 3431 uer!
1835 3389 1839 3420 ¹

389 3465 528 3543 gostinus
550 3483 609 3523 nen
631 3461 714 3541 legit.
739 3462 846 3522 Sensui
863 3462 927 3539 jam
952 3460 1022 3520 dato
1037 3480 1082 3521 re·
1136 3460 1302 3540 significet,
1325 3463 1497 3542 properatio
1519 3464 1634 3542 torpori
1656 3461 1792 3540 opposcit

391 3549 550 3631 spondent,
567 3567 647 3628 quae
660 3554 826 3628 sequnntur
837 3566 935 3627 usque
949 3545 989 3607 ad
1004 3566 1083 3608 vers.
1137 3548 1198 3609 Sed
1221 3548 1302 3627 prior
1322 3567 1430 3609 sensns
1451 3546 1560 3609 melius
1575 3537 1792 3628 respondctdtd·

393 3637 441 3697 15.
1138 3636 1241 3714 pturis.

435 3727 483 3785 12.
506 3725 732 3799 Exspectantcr
758 3727 787 3780 ct
809 3727 1021 3797 properanter
1047 3721 1083 3779 in
1179 3721 1232 3780 Fit
1246 3728 1346 3782 autern
1367 3721 1450 3794 haec,
1472 3718 1511 3780 de
1526 3739 1588 3800 qua
1601 3709 1791 3800 scriptor-etr
1830 3744 1840 3771 s

390 3810 563 3872 aduentum
579 3809 643 3870 dici
657 3809 800 3869 Domini.
823 3808 967 3882 Domini,
988 3805 1082 3867 Grae·
1137 3816 1281 3889 qnuntur,
1301 3810 1495 3887 exspectatio,
1518 3827 1575 3868 nee
1588 3827 1650 3869 nou
1665 3795 1792 3887 proptu&

390 3917 439 3958 re:
463 3895 549 3970 θεοῦ,
572 3897 642 3956 Dei.
667 3893 758 3974 Quod
779 3902 809 3954 et
823 3895 854 3954 in
868 3892 1021 3954 nonnullis
1038 3901 1084 3954 est
1138 3902 1170 3956 et
1194 3913 1345 3967 secunus,
1374 3894 1444 3955 dnm
1469 3894 1612 3974 quisque,
1642 3889 1736 3955 sedulo

389 3983 515 4044 Latinis.
542 3983 589 4043 Ao
603 3982 732 4043 fortasse
748 3983 881 4042 Domini
897 4001 951 4060 pro
966 3982 1030 4041 Dei
1045 3982 1083 4040 ir·
1138 3982 1278 4062 operibns
1293 3981 1478 4053 incumbens,
1501 3979 1642 4053 ostendit,
1664 3963 1793 4040 schnfl
1825 3991 1840 4032 Ι

389 4071 492 4150 repsit,
508 4067 588 4149 quod
604 4068 676 4129 alibi
687 4069 798 4148 passim
811 4075 934 4128 vocetur
945 4066 1012 4129 dies
1022 4068 1083 4126 Do·
1138 4066 1298 4128 adveutum
1311 4087 1352 4128 ex
1364 4069 1463 4129 auimo
1475 4065 1603 4148 diligere
1611 4086 1649 4127 se
1656 4059 1792 4127 ceruum

390 4157 470 4229 mini,
487 4154 625 4236 quodque
641 4155 705 4214 dici
719 4156 782 4215 Dei
797 4154 1000 4233 oaeophonum
1013 4151 1084 4235 quid
1137 4174 1219 4216 more
1244 4174 1415 4227 servorum,
1442 4155 1496 4234 qui
1520 4152 1659 4214 dominos

390 4242 509 4304 habeut.
526 4240 680 4302 Christum
692 4250 792 4301 autem
803 4239 941 4322 intelligi,
957 4249 1084 4315 constet,
1139 4262 1214 4321 quos
1241 4248 1351 4314 ament,
1378 4260 1445 4301 cum
1473 4238 1621 4301 desiderio
1648 4230 1793 4318 exoptet*

390 4330 427 4391 de
442 4331 530 4409 eujus
542 4327 675 4389 adventu
690 4337 721 4388 et
736 4327 785 4387 die
795 4326 903 4406 judieii
916 4329 964 4389 hie
975 4329 1083 4406 agitur.
1137 4329 1253 4389 interim
1265 4327 1361 4388 officio
1374 4326 1531 4406 diligenter
1539 4327 1658 4388 intenti.
1671 4324 1734 4386 Huc
1831 4319 1839 4330 ’

390 4418 448 4477 Est
464 4418 555 4497 igitur
571 4416 619 4476 hie
633 4415 718 4475 loeus
734 4423 865 4494 apertus,
883 4417 973 4494 juxta
990 4414 1083 4475 Grae·
1138 4414 1274 4476 alludere
1288 4415 1410 4475 Petrum
1432 4415 1462 4474 in
1477 4414 1525 4475 bis
1541 4412 1651 4486 verbis,
1673 4432 1692 4470 r
1720 4408 1748 4425 ''

390 4524 455 4564 cam
485 4504 662 4573 lectionem,
693 4520 747 4579 pro
774 4499 888 4560 Christi
916 4501 1084 4562 divinitate.
1137 4510 1192 4564 est.
1214 4501 1307 4561 Porro
1330 4502 1415 4563 diem
1438 4502 1575 4562 Domini
1595 4519 1648 4561 eeu
1661 4500 1718 4559 Dci

390 4589 572 4664 Notandum,
590 4588 695 4649 abesse
709 4589 739 4647 in
756 4586 872 4648 Graeco
887 4589 1083 4669 praepositio·
1138 4598 1256 4668 tempus
1281 4587 1365 4661 illud,
1391 4607 1451 4668 quo
1473 4587 1612 4650 Christus
1636 4584 1762 4647 nonus·

390 4697 471 4738 nem:
487 4680 531 4738 in.
555 4678 666 4756 Itaque
682 4675 773 4735 vertit
783 4674 943 4735 Erasmus:
959 4693 1084 4752 caecpcc·
1137 4676 1223 4737 Deus
1244 4695 1312 4736 oum
1334 4674 1495 4754 majestate
1515 4693 1627 4754 magna
1643 4674 1679 4752 ju
1700 4672 1708 4688 '

390 4771 547 4825 tentaret
573 4764 784 4824 accelerantes
813 4761 987 4823 adventum
1017 4769 1084 4835 ctu,
1141 4770 1188 4823 est
1212 4761 1363 4836 mundum,
1393 4768 1425 4821 et
1450 4779 1575 4841 regnum
1600 4778 1685 4822 suum

389 4859 541 4930 tamquam
564 4869 669 4911 sensus
684 4851 732 4923 sit,
754 4866 809 4909 nos
829 4846 967 4929 diligenti
983 4848 1083 4909 studio
1137 4848 1300 4930 gloriosum
1317 4850 1538 4929 suspicaturus.

391 4938 535 4998 bonarum
557 4938 708 4998 actionum
736 4934 767 4995 id
789 4955 879 5015 agere
906 4934 1024 5008 debere,
1050 4946 1084 4996 ut
1181 4939 1244 4997 Per
1271 4954 1363 5013 quem
1384 4936 1464 4996 eecli
1484 4935 1633 4998 ardenter
1656 4931 1702 4995 soi
1780 5003 1782 5008 ,

391 5022 573 5087 acceleretur
594 5022 742 5084 adventus
764 5022 897 5085 Domini.
926 5022 981 5083 Fit
1004 5023 1083 5086 enim
1136 5021 1726 5099 crrtcmemetpnucrdcrctcterrrnt
