4442 5825
677 593 1060 654 nominassemus
1077 596 1164 651 saell
1180 594 1304 651 solunte
1321 593 1491 652 dl'ffldffl.
1731 599 1804 671 '183

356 781 390 841 in
412 778 474 840 suis
495 777 615 840 Latinis
639 785 668 839 et
687 775 857 838 vernaculis
879 776 1056 856 interpreta-
1109 774 1265 838 verborum
1288 775 1320 836 in
1341 772 1390 834 bis
1405 793 1465 835 non
1487 779 1549 833 tam
1572 771 1739 834 similitudo
1759 770 1807 846 sit,

358 864 492 926 tionibus
520 865 634 945 ubique
663 860 789 927 vertare¹
813 864 845 924 in
881 865 1057 940 saniorem
1110 881 1202 944 quam
1229 860 1370 923 identitas
1400 879 1467 920 cnm
1494 860 1548 934 iis,
1578 879 1656 940 quae
1681 868 1751 920 sunt
1776 859 1808 919 in

358 953 430 1013 odio
446 951 562 1013 scilicet
572 950 685 1032 gradus
702 949 898 1012 ecclesiastici
914 962 946 1011 et
960 969 1057 1034 sacra·
1109 949 1215 1031 prima
1230 947 1267 1010 Id
1278 947 1359 1029 qnod
1372 945 1499 1028 liquebit
1509 944 1671 1007 conferenti
1687 945 1806 1008 lJoan.

357 1039 455 1100 menti
463 1036 592 1111 Ordinis,
612 1039 700 1116 cnjus
710 1037 956 1117 significationem
967 1034 1060 1097 babet
1110 1038 1141 1108 2,
1165 1039 1193 1098 7.
1220 1055 1286 1097 cum
1309 1034 1459 1096 secandae
1477 1033 1636 1113 Epistolas
1661 1052 1736 1095 vers.
1759 1032 1808 1110 b.;

357 1145 420 1187 non
433 1125 576 1187 Latinum
592 1127 717 1200 Senior,
732 1122 787 1185 aed
799 1123 946 1188 Graecum
961 1125 1058 1184 Pras·
1110 1125 1181 1184 item
1200 1126 1215 1183 1
1233 1122 1258 1184 J
1260 1143 1326 1183 oen.
1343 1125 1372 1196 2,
1396 1122 1446 1182 23.
1471 1139 1540 1180 cum
1562 1117 1713 1198 secandae
1727 1138 1807 1180 vers.

358 1213 460 1288 bytcr,
476 1232 534 1273 nau
550 1210 790 1274 Christianorum
807 1212 898 1272 etiem
914 1210 1056 1270 transier-
1080 1215 1084 1241 ¹
1112 1211 1158 1287 9.;
1181 1229 1283 1271 rursus
1308 1213 1324 1270 1
1347 1209 1440 1270 Joan.
1457 1208 1487 1282 3,
1511 1208 1539 1266 6.
1561 1226 1626 1268 cum
1649 1205 1809 1287 Epistulae

357 1309 475 1361 matum
491 1301 521 1360 in
536 1299 658 1380 linguas
672 1299 824 1377 vulgares.
849 1298 956 1378 Neque
970 1295 1058 1358 facile
1110 1297 1215 1358 tertiae
1231 1315 1309 1357 vers.
1328 1299 1389 1372 11.;
1406 1296 1478 1355 item
1496 1298 1511 1353 1
1525 1293 1624 1375 Epist.
1640 1294 1670 1370 4,
1688 1297 1716 1354 1.
1732 1296 1761 1354 2.
1779 1297 1808 1356 3.

359 1387 520 1449 invenient
534 1386 655 1447 sectarii
667 1386 697 1446 in
708 1384 872 1465 Scripturie
883 1386 955 1444 novi
967 1391 1058 1445 testa·
1111 1403 1180 1445 cum
1201 1382 1350 1444 secundae
1371 1400 1447 1442 vera
1465 1380 1510 1458 7.;
1531 1381 1574 1442 sic
1591 1385 1608 1440 1
1626 1380 1651 1442 J
1652 1400 1718 1442 oan.
1734 1381 1763 1456 d,
1780 1384 1809 1443 8.

357 1473 462 1546 menti,
484 1473 537 1535 ubi
551 1471 703 1535 Graecum
724 1490 832 1533 nomen
852 1463 1060 1550 πρεσβύτερος
1081 1492 1082 1499 “
1111 1491 1179 1531 cum
1195 1468 1349 1532 secundas
1371 1487 1448 1530 vara.
1466 1469 1510 1545 6.;
1532 1465 1663 1548 denique
1683 1473 1700 1528 1
1718 1466 1809 1530 Joau.

358 1559 513 1640 significet
534 1570 674 1622 aetatem.
1081 1623 1082 1631 ,
1114 1562 1141 1630 3,
1159 1561 1207 1619 18.
1231 1576 1299 1618 cum
1321 1557 1358 1616 iie
1381 1554 1456 1615 locis
1478 1552 1628 1616 secundae
1646 1563 1678 1615 et
1692 1554 1808 1629 tertiae,

404 1691 505 1771 Atque
520 1690 595 1752 hm
606 1689 645 1750 ad
657 1689 852 1769 objeefionem
866 1688 1059 1768 posteriorem
1081 1717 1082 1723 ἵ
1112 1644 1223 1726 quibus
1236 1642 1366 1705 inculcat
1378 1644 1543 1705 cavitatem
1556 1648 1586 1702 et
1597 1641 1809 1718 dilectionem,

359 1772 467 1858 (qnam
483 1786 515 1838 st
527 1775 727 1839 Oecumeniue
742 1773 894 1852 dissolvit)
909 1775 978 1835 ideo
993 1774 1057 1854 plu·
1112 1751 1194 1812 ΨΘ
1216 1731 1250 1791 ⁶⁸
1271 1733 1307 1793 ’ἢ
1327 1734 1470 1792 '’mm‘'
1495 1728 1564 1789 ΗΜ
1587 1748 1625 1788 ⁰¹
1647 1730 1809 1832 immiti*

358 1865 446 1925 ribus
468 1884 548 1925 nunc
571 1864 717 1935 diximus,
739 1883 778 1925 ne
800 1863 888 1923 initio
909 1862 1060 1923 secundae
1112 1838 1187 1891 Μ’
1210 1838 1377 1879 mmmm
1401 1826 1433 1878 θ*
1454 1814 1627 1894 ὤμω
1651 1814 1809 1878 mentm

358 1958 414 2013 aa
430 1950 800 2031 enarratam
813 1947 1058 2029 rotante..
1112 1902 1647 2072 geompgffgffmssgflgffissgg
1662 1901 1811 2051 Im:

359 2036 552 2119 Quamquam
568 2038 611 2098 ibi
624 2038 761 2098 nonnihil
776 2034 925 2098 addimus.
1113 2078 1152 2140 ‘d
1175 2099 1284 2141 annum
1301 2077 1421 2140 ¹chrm}
1445 2080 1495 2139 99·
1518 2073 1547 2152 g·
1572 2078 1600 2140 9⁸
1639 2076 1698 2155 Qui
1725 2076 1812 2158 plu„

405 2169 529 2231 Poterat
547 2168 797 2249 adprobandum,
819 2166 875 2228 bas
897 2165 1058 2247 duasEpi·
1081 2192 1082 2197 ¹
1113 2164 1280 2239 desiderat,
1306 2164 1408 2247 legere
1432 2167 1543 2242 poterit
1564 2164 1735 2225 Pamelium
1758 2182 1809 2224 an·

358 2257 453 2318 stolas
477 2275 544 2316 eoas
567 2255 697 2317 Joennie
717 2253 867 2334 Apostoli,
891 2254 980 2314 etiam
1002 2253 1074 2314 lroc·
1112 2261 1206 2313 notat.
1244 2255 1315 2315 195.
1346 2251 1384 2313 ad
1417 2251 1526 2311 librum
1558 2251 1741 2313 Tertulliani
1772 2248 1811 2309 de

358 2341 483 2418 adferri,
497 2341 582 2424 qnod
596 2342 778 2423 domatum,
800 2342 1015 2404 sententiarum
1030 2348 1061 2402 et
1081 2411 1082 2416 η
1112 2341 1289 2420 praescript
1311 2341 1461 2401 advorsus
1475 2336 1654 2401 haereticos.

631 2530 859 2599 llellallell
882 2529 1049 2600 stellula
1072 2529 1172 2597 lldll'l
1194 2528 1332 2598 tolllls
1353 2526 1542 2596 allstolllt

407 2653 585 2717 conterenti
614 2655 704 2736 hujus
737 2656 898 2737 Epistolae
927 2676 1003 2718 vcra.
1032 2657 1059 2716 7.
1116 2675 1238 2736 passum
1253 2675 1320 2718 osse
1335 2673 1447 2728 eorum,
1470 2673 1550 2734 qnae
1567 2654 1649 2715 viem
1663 2651 1756 2716 inerit
1769 2653 1812 2715 ia·

362 2762 430 2803 cnm
457 2743 550 2804 variis
576 2742 651 2803 locis
674 2744 788 2822 primas
808 2743 983 2822 Epistulas,
1009 2762 1063 2824 per
1115 2762 1185 2804 cere
1199 2742 1250 2803 vel
1273 2744 1346 2823 pati.
1370 2739 1461 2822 Quod
1485 2749 1531 2801 eat
1554 2748 1691 2803 evertere
1714 2749 1811 2802 totum

361 2847 418 2890 nos
433 2829 574 2890 indicatis
588 2838 690 2890 annot
707 2828 746 2890 ad
761 2850 826 2909 cap.
840 2830 869 2890 5.
884 2850 961 2892 vers.
977 2833 1015 2902 8.,
1032 2836 1062 2890 et
1116 2829 1340 2891 tundamentum
1355 2827 1572 2907 redemptionis
1587 2837 1718 2889 nostrae

361 2936 428 2977 cum
450 2917 508 2990 hia,
533 2936 612 2996 quae
635 2915 777 2998 legantur
798 2916 879 2997 apnd
895 2917 1060 2978 Tertullia·
1159 2915 1342 2979 Gratulatus
1376 2935 1448 2995 ergo
1480 2915 1644 2996 Apostolus
1673 2914 1811 2978 Joannes

361 3022 432 3064 num
457 3001 495 3063 de
517 3005 690 3084 praescript.
716 3024 781 3085 cap.
803 3006 853 3066 46.
875 3012 907 3065 et
929 3003 1010 3083 apud
1030 3004 1061 3065 S.
1115 3005 1231 3065 mulieri
1254 3004 1347 3066 nobili
1364 3000 1562 3075 Christianae,
1588 3014 1620 3063 et
1642 3001 1713 3063 filiis
1735 3003 1813 3082 ejas,

362 3088 565 3170 Epiphaniam
589 3090 704 3152 haeres.
721 3095 771 3153 24.
795 3092 886 3171 paulo
902 3099 972 3170 post
986 3093 1061 3163 init,
1116 3093 1198 3171 qnod
1222 3099 1337 3152 rectam
1361 3088 1398 3150 de
1419 3089 1495 3150 Jesu
1518 3088 1636 3149 Christo
1656 3088 1746 3150 fidem
1768 3096 1813 3150 tc·

361 3178 436 3237 satis
459 3176 625 3256 apparebit,
647 3178 725 3238 hanc
747 3178 869 3238 brevem
891 3176 1060 3259 Epistolam
1114 3185 1223 3251 neant;
1253 3177 1404 3250 bortatur,
1434 3184 1468 3235 ut
1494 3176 1525 3236 in
1551 3195 1588 3236 ea
1614 3183 1813 3254 perseverent,

360 3263 573 3344 principaliter
594 3262 685 3325 scribi
708 3264 855 3325 adversus
877 3265 1060 3345 impietatem
1115 3283 1241 3347 umque
1256 3284 1313 3344 per
1327 3265 1481 3325 caritatem
1497 3270 1529 3322 ot
1543 3260 1746 3324 obedientiam
1759 3261 1812 3323 bo·

359 3349 507 3411 Basilidis
523 3360 552 3409 et
567 3360 744 3411 sectatorum
760 3352 834 3429 ejus,
859 3361 931 3412 tenc
948 3359 1058 3431 tempo·
1115 3352 1162 3411 nie
1184 3350 1317 3411 moribus
1343 3359 1516 3412 constanter
1543 3360 1706 3427 exornent3
1730 3347 1814 3411 deni·

359 3436 405 3497 ris
428 3434 610 3509 docentium,
632 3437 794 3498 Christum*
807 3458 868 3498 non
890 3456 992 3498 verum
1008 3437 1059 3499 bo·
1116 3457 1176 3516 qne
1198 3448 1233 3500 nt
1247 3438 1389 3499 haereses
1404 3443 1435 3496 et
1449 3435 1616 3497 haereseon
1640 3436 1812 3497 dissemina·

357 3523 490 3594 minem,
521 3520 577 3584 esd
602 3524 781 3604 phantasma
809 3532 923 3584 tantum
953 3523 1062 3598 iniaae3
1115 3533 1194 3585 tores
1209 3544 1325 3585 summo
1341 3521 1441 3585 studio
1456 3521 1601 3595 devitent,
1622 3522 1739 3603 alioqui
1753 3542 1814 3584 nou

358 3608 495 3689 ideoque
509 3609 585 3671 nibil
604 3629 674 3670 eum
688 3629 795 3673 revera
809 3611 858 3672 vel
873 3609 989 3685 iecisse,
1012 3610 1063 3673 rel
1114 3612 1302 3691 permansuri
1317 3612 1348 3673 in
1362 3612 1414 3673 via
1428 3609 1546 3671 salutis.
