<?xml version="1.0" encoding="UTF-8"?>
<!DOCTYPE html PUBLIC "-//W3C//DTD XHTML 1.0 Transitional//EN"
    "http://www.w3.org/TR/xhtml1/DTD/xhtml1-transitional.dtd">
<html xmlns="http://www.w3.org/1999/xhtml" xml:lang="en" lang="en">
 <head>
  <title>
</title>
<meta http-equiv="Content-Type" content="text/html;charset=utf-8" />
  <meta name='ocr-system' content='tesseract 3.04.00' />
  <meta name='ocr-capabilities' content='ocr_page ocr_carea ocr_par ocr_line ocrx_word'/>
</head>
<body>
  <div class='ocr_page' id='page_1' title='image "./guilielmiestiii01estigoog_0534.png"; bbox 0 0 4442 5825; ppageno 0'>
   <div class='ocr_carea' id='block_1_1' title="bbox 390 588 1432 679">
    <p class='ocr_par' dir='ltr' id='par_1_1' title="bbox 390 588 1432 679">
     <span class='ocr_line' id='line_1_1' title="bbox 390 588 1432 679; baseline 0.002 -33"><span class='ocrx_word' id='word_1_1' title='bbox 390 602 466 672; x_wconf 67' lang='lat'><strong>524</strong></span> <span class='ocrx_word' id='word_1_2' title='bbox 903 588 1346 679; x_wconf 39' lang='lat' dir='ltr'><strong>comtuammsutcssu-</strong></span> <span class='ocrx_word' id='word_1_3' title='bbox 1430 607 1432 611; x_wconf 92' lang='lat'>·</span> 
     </span>
    </p>
   </div>
   <div class='ocr_carea' id='block_1_2' title="bbox 386 765 1805 4935">
    <p class='ocr_par' dir='ltr' id='par_1_2' title="bbox 386 765 1805 4935">
     <span class='ocr_line' id='line_1_2' title="bbox 389 765 1804 850; baseline -0.002 -16"><span class='ocrx_word' id='word_1_4' title='bbox 389 774 523 834; x_wconf 75' lang='lat' dir='ltr'><strong>minem.</strong></span> <span class='ocrx_word' id='word_1_5' title='bbox 545 767 637 849; x_wconf 79' lang='lat' dir='ltr'><strong>Quod</strong></span> <span class='ocrx_word' id='word_1_6' title='bbox 657 776 689 829; x_wconf 87' lang='lat' dir='ltr'><strong>et</strong></span> <span class='ocrx_word' id='word_1_7' title='bbox 710 769 742 829; x_wconf 90' lang='lat' dir='ltr'><strong>in</strong></span> <span class='ocrx_word' id='word_1_8' title='bbox 764 767 881 830; x_wconf 77' lang='lat' dir='ltr'><strong>Latinis</strong></span> <span class='ocrx_word' id='word_1_9' title='bbox 905 765 1083 848; x_wconf 82' lang='lat' dir='ltr'><strong>quibusdem</strong></span> <span class='ocrx_word' id='word_1_10' title='bbox 1136 768 1255 842; x_wconf 82' lang='lat' dir='ltr'><strong>tificem,</strong></span> <span class='ocrx_word' id='word_1_11' title='bbox 1278 771 1327 830; x_wconf 88' lang='lat' dir='ltr'><strong>cui</strong></span> <span class='ocrx_word' id='word_1_12' title='bbox 1348 771 1416 831; x_wconf 85' lang='lat' dir='ltr'><strong>sine</strong></span> <span class='ocrx_word' id='word_1_13' title='bbox 1438 770 1620 850; x_wconf 82' lang='lat' dir='ltr'><strong>exceptione</strong></span> <span class='ocrx_word' id='word_1_14' title='bbox 1642 787 1737 832; x_wconf 80' lang='lat' dir='ltr'><strong>omnes</strong></span> <span class='ocrx_word' id='word_1_15' title='bbox 1752 788 1804 831; x_wconf 80' lang='lat' dir='ltr'><strong>sess</strong></span> 
     </span>
     <span class='ocr_line' id='line_1_3' title="bbox 388 854 1805 939; baseline -0.001 -21"><span class='ocrx_word' id='word_1_16' title='bbox 388 858 509 939; x_wconf 76' lang='lat' dir='ltr'><strong>legitur.</strong></span> <span class='ocrx_word' id='word_1_17' title='bbox 531 855 578 916; x_wconf 82' lang='lat' dir='ltr'><strong>Ac</strong></span> <span class='ocrx_word' id='word_1_18' title='bbox 592 855 764 928; x_wconf 85' lang='lat' dir='ltr'><strong>verisimile,</strong></span> <span class='ocrx_word' id='word_1_19' title='bbox 780 855 940 916; x_wconf 88' lang='lat' dir='ltr'><strong>Dominum</strong></span> <span class='ocrx_word' id='word_1_20' title='bbox 956 854 1083 934; x_wconf 75' lang='lat' dir='ltr'><strong>intelligi</strong></span> <span class='ocrx_word' id='word_1_21' title='bbox 1136 874 1209 917; x_wconf 84' lang='lat' dir='ltr'><strong>oves</strong></span> <span class='ocrx_word' id='word_1_22' title='bbox 1238 858 1406 937; x_wconf 74' lang='lat' dir='ltr'><strong>pascendas</strong></span> <span class='ocrx_word' id='word_1_23' title='bbox 1436 865 1469 916; x_wconf 93' lang='lat' dir='ltr'><strong>et</strong></span> <span class='ocrx_word' id='word_1_24' title='bbox 1498 854 1652 937; x_wconf 74' lang='lat' dir='ltr'><strong>regendas</strong></span> <span class='ocrx_word' id='word_1_25' title='bbox 1680 857 1805 928; x_wconf 49' lang='lat' dir='ltr'><strong>eumn&amp;</strong></span> 
     </span>
     <span class='ocr_line' id='line_1_4' title="bbox 390 940 1805 1022; baseline -0.003 -17"><span class='ocrx_word' id='word_1_26' title='bbox 390 943 552 1012; x_wconf 84' lang='lat' dir='ltr'><strong>Christum,</strong></span> <span class='ocrx_word' id='word_1_27' title='bbox 573 949 606 1002; x_wconf 90' lang='lat' dir='ltr'><strong>ut</strong></span> <span class='ocrx_word' id='word_1_28' title='bbox 626 941 690 1002; x_wconf 83' lang='lat' dir='ltr'><strong>fere</strong></span> <span class='ocrx_word' id='word_1_29' title='bbox 711 941 784 1001; x_wconf 82' lang='lat' dir='ltr'><strong>alibi</strong></span> <span class='ocrx_word' id='word_1_30' title='bbox 806 944 837 1004; x_wconf 94' lang='lat' dir='ltr'><strong>in</strong></span> <span class='ocrx_word' id='word_1_31' title='bbox 860 940 979 1019; x_wconf 90' lang='lat' dir='ltr'><strong>scriptis</strong></span> <span class='ocrx_word' id='word_1_32' title='bbox 1001 940 1082 1019; x_wconf 83' lang='lat' dir='ltr'><strong>Apo·</strong></span> <span class='ocrx_word' id='word_1_33' title='bbox 1135 943 1224 1003; x_wconf 84' lang='lat' dir='ltr'><strong>Joen.</strong></span> <span class='ocrx_word' id='word_1_34' title='bbox 1238 946 1286 1003; x_wconf 82' lang='lat'><strong>21.</strong></span> <span class='ocrx_word' id='word_1_35' title='bbox 1304 943 1435 1022; x_wconf 72' lang='lat' dir='ltr'><strong>Quidum</strong></span> <span class='ocrx_word' id='word_1_36' title='bbox 1447 942 1540 1003; x_wconf 88' lang='lat' dir='ltr'><strong>illud:</strong></span> <span class='ocrx_word' id='word_1_37' title='bbox 1555 950 1720 1020; x_wconf 75' lang='lat' dir='ltr'><strong><em>tamquam</em></strong></span> <span class='ocrx_word' id='word_1_38' title='bbox 1731 960 1805 1019; x_wconf 87' lang='lat' dir='ltr'><strong>prar-</strong></span> 
     </span>
     <span class='ocr_line' id='line_1_5' title="bbox 390 1028 1805 1109; baseline 0.001 -18"><span class='ocrx_word' id='word_1_39' title='bbox 390 1030 512 1092; x_wconf 82' lang='lat' dir='ltr'><strong>stolicis</strong></span> <span class='ocrx_word' id='word_1_40' title='bbox 535 1028 596 1109; x_wconf 79' lang='lat' dir='ltr'><strong>Qui</strong></span> <span class='ocrx_word' id='word_1_41' title='bbox 613 1031 715 1090; x_wconf 80' lang='lat' dir='ltr'><strong>Deam</strong></span> <span class='ocrx_word' id='word_1_42' title='bbox 731 1028 842 1107; x_wconf 81' lang='lat' dir='ltr'><strong>legunt,</strong></span> <span class='ocrx_word' id='word_1_43' title='bbox 858 1028 1082 1105; x_wconf 85' lang='lat' dir='ltr'><strong>sicexponunt:</strong></span> <span class='ocrx_word' id='word_1_44' title='bbox 1136 1030 1277 1103; x_wconf 88' lang='lat' dir='ltr'><strong>cellenti,</strong></span> <span class='ocrx_word' id='word_1_45' title='bbox 1307 1036 1415 1109; x_wconf 78' lang='lat' dir='ltr'><strong>putent</strong></span> <span class='ocrx_word' id='word_1_46' title='bbox 1440 1030 1481 1090; x_wconf 88' lang='lat' dir='ltr'><strong>ed</strong></span> <span class='ocrx_word' id='word_1_47' title='bbox 1507 1048 1615 1090; x_wconf 82' lang='lat' dir='ltr'><strong>omnes</strong></span> <span class='ocrx_word' id='word_1_48' title='bbox 1639 1030 1805 1108; x_wconf 69' lang='lat' dir='ltr'><strong>magistratu</strong></span> 
     </span>
     <span class='ocr_line' id='line_1_6' title="bbox 390 1115 1805 1195; baseline -0.002 -15"><span class='ocrx_word' id='word_1_49' title='bbox 390 1121 527 1195; x_wconf 85' lang='lat' dir='ltr'><strong>Propter</strong></span> <span class='ocrx_word' id='word_1_50' title='bbox 548 1118 662 1189; x_wconf 82' lang='lat' dir='ltr'><strong>Deum,</strong></span> <span class='ocrx_word' id='word_1_51' title='bbox 690 1116 778 1192; x_wconf 87' lang='lat' dir='ltr'><strong>eujus</strong></span> <span class='ocrx_word' id='word_1_52' title='bbox 800 1123 909 1194; x_wconf 85' lang='lat' dir='ltr'><strong>gerunt</strong></span> <span class='ocrx_word' id='word_1_53' title='bbox 931 1116 1028 1189; x_wconf 80' lang='lat' dir='ltr'><strong>vices3</strong></span> <span class='ocrx_word' id='word_1_54' title='bbox 1051 1124 1084 1175; x_wconf 88' lang='lat' dir='ltr'><strong>ut</strong></span> <span class='ocrx_word' id='word_1_55' title='bbox 1136 1116 1299 1195; x_wconf 84' lang='lat' dir='ltr'><strong>pertinere;</strong></span> <span class='ocrx_word' id='word_1_56' title='bbox 1329 1119 1408 1176; x_wconf 90' lang='lat' dir='ltr'><strong>sicut</strong></span> <span class='ocrx_word' id='word_1_57' title='bbox 1432 1115 1571 1176; x_wconf 88' lang='lat' dir='ltr'><strong>extendit</strong></span> <span class='ocrx_word' id='word_1_58' title='bbox 1594 1115 1722 1190; x_wconf 78' lang='lat' dir='ltr'><strong>Paulas,</strong></span> <span class='ocrx_word' id='word_1_59' title='bbox 1744 1115 1805 1177; x_wconf 71' lang='lat' dir='ltr'><strong>un</strong></span> 
     </span>
     <span class='ocr_line' id='line_1_7' title="bbox 390 1201 1805 1280; baseline 0 -16"><span class='ocrx_word' id='word_1_60' title='bbox 390 1207 422 1266; x_wconf 91' lang='lat' dir='ltr'><strong>in</strong></span> <span class='ocrx_word' id='word_1_61' title='bbox 443 1203 562 1265; x_wconf 90' lang='lat' dir='ltr'><strong>homine</strong></span> <span class='ocrx_word' id='word_1_62' title='bbox 580 1202 708 1280; x_wconf 87' lang='lat' dir='ltr'><strong>jubente</strong></span> <span class='ocrx_word' id='word_1_63' title='bbox 730 1221 791 1262; x_wconf 91' lang='lat' dir='ltr'><strong>non</strong></span> <span class='ocrx_word' id='word_1_64' title='bbox 812 1201 961 1262; x_wconf 88' lang='lat' dir='ltr'><strong>hominem</strong></span> <span class='ocrx_word' id='word_1_65' title='bbox 989 1201 1082 1262; x_wconf 89' lang='lat' dir='ltr'><strong>cousi·</strong></span> <span class='ocrx_word' id='word_1_66' title='bbox 1139 1206 1187 1265; x_wconf 78' lang='lat'><strong>13.</strong></span> <span class='ocrx_word' id='word_1_67' title='bbox 1210 1201 1328 1262; x_wconf 85' lang='lat' dir='ltr'><strong>dicens:</strong></span> <span class='ocrx_word' id='word_1_68' title='bbox 1360 1204 1471 1265; x_wconf 81' lang='lat' dir='ltr'><strong>Omnis</strong></span> <span class='ocrx_word' id='word_1_69' title='bbox 1493 1205 1609 1263; x_wconf 86' lang='lat' dir='ltr'><strong>anima</strong></span> <span class='ocrx_word' id='word_1_70' title='bbox 1627 1201 1805 1279; x_wconf 67' lang='lat' dir='ltr'><strong>potestatibe</strong></span> 
     </span>
     <span class='ocr_line' id='line_1_8' title="bbox 390 1287 1804 1368; baseline -0.001 -15"><span class='ocrx_word' id='word_1_71' title='bbox 390 1291 508 1362; x_wconf 87' lang='lat' dir='ltr'><strong>deretis,</strong></span> <span class='ocrx_word' id='word_1_72' title='bbox 532 1288 587 1348; x_wconf 90' lang='lat' dir='ltr'><strong>sed</strong></span> <span class='ocrx_word' id='word_1_73' title='bbox 602 1289 709 1362; x_wconf 87' lang='lat' dir='ltr'><strong>Deum,</strong></span> <span class='ocrx_word' id='word_1_74' title='bbox 732 1308 824 1368; x_wconf 82' lang='lat' dir='ltr'><strong>equo</strong></span> <span class='ocrx_word' id='word_1_75' title='bbox 841 1295 1019 1368; x_wconf 76' lang='lat' dir='ltr'><strong>potestatem</strong></span> <span class='ocrx_word' id='word_1_76' title='bbox 1035 1307 1080 1347; x_wconf 83' lang='lat' dir='ltr'><strong>sc·</strong></span> <span class='ocrx_word' id='word_1_77' title='bbox 1136 1287 1804 1364; x_wconf 61' lang='lat' dir='ltr'><strong>sublimioribus,idesteminentibunilreett</strong></span> 
     </span>
     <span class='ocr_line' id='line_1_9' title="bbox 389 1368 1805 1458; baseline -0.001 -19"><span class='ocrx_word' id='word_1_78' title='bbox 389 1379 477 1458; x_wconf 89' lang='lat' dir='ltr'><strong>cepit,</strong></span> <span class='ocrx_word' id='word_1_79' title='bbox 499 1384 528 1436; x_wconf 94' lang='lat' dir='ltr'><strong>et</strong></span> <span class='ocrx_word' id='word_1_80' title='bbox 543 1377 630 1455; x_wconf 86' lang='lat' dir='ltr'><strong>cnjus</strong></span> <span class='ocrx_word' id='word_1_81' title='bbox 652 1395 810 1454; x_wconf 80' lang='lat' dir='ltr'><strong>personum</strong></span> <span class='ocrx_word' id='word_1_82' title='bbox 827 1377 964 1437; x_wconf 89' lang='lat' dir='ltr'><strong>sustinet.</strong></span> <span class='ocrx_word' id='word_1_83' title='bbox 993 1372 1083 1452; x_wconf 80' lang='lat' dir='ltr'><strong>Quod</strong></span> <span class='ocrx_word' id='word_1_84' title='bbox 1138 1368 1369 1452; x_wconf 78' lang='grc' dir='ltr'><strong>ὑπερεχούσαις,</strong></span> <span class='ocrx_word' id='word_1_85' title='bbox 1392 1376 1520 1438; x_wconf 76' lang='lat' dir='ltr'><strong>nrbdita</strong></span> <span class='ocrx_word' id='word_1_86' title='bbox 1533 1379 1584 1436; x_wconf 79' lang='lat' dir='ltr'><strong>sit.</strong></span> <span class='ocrx_word' id='word_1_87' title='bbox 1607 1376 1648 1435; x_wconf 74' lang='lat' dir='ltr'><strong>let</strong></span> <span class='ocrx_word' id='word_1_88' title='bbox 1664 1376 1805 1454; x_wconf 63' lang='lat' dir='ltr'><strong>expreu’</strong></span> 
     </span>
     <span class='ocr_line' id='line_1_10' title="bbox 390 1460 1805 1544; baseline -0.001 -19"><span class='ocrx_word' id='word_1_89' title='bbox 390 1464 548 1544; x_wconf 80' lang='lat' dir='ltr'><strong>diligenter</strong></span> <span class='ocrx_word' id='word_1_90' title='bbox 589 1462 721 1522; x_wconf 73' lang='lat' dir='ltr'><strong>inculcat</strong></span> <span class='ocrx_word' id='word_1_91' title='bbox 758 1461 921 1540; x_wconf 73' lang='lat' dir='ltr'><strong>Apostolus</strong></span> <span class='ocrx_word' id='word_1_92' title='bbox 958 1460 1082 1534; x_wconf 75' lang='lat' dir='ltr'><strong>Paulus,</strong></span> <span class='ocrx_word' id='word_1_93' title='bbox 1139 1462 1251 1522; x_wconf 85' lang='lat' dir='ltr'><strong>lTim.</strong></span> <span class='ocrx_word' id='word_1_94' title='bbox 1268 1463 1305 1535; x_wconf 88' lang='grc'><strong>2.,</strong></span> <span class='ocrx_word' id='word_1_95' title='bbox 1327 1464 1377 1527; x_wconf 89' lang='lat' dir='ltr'><strong>ubi</strong></span> <span class='ocrx_word' id='word_1_96' title='bbox 1401 1462 1477 1536; x_wconf 85' lang='lat' dir='ltr'><strong>vult,</strong></span> <span class='ocrx_word' id='word_1_97' title='bbox 1500 1464 1665 1524; x_wconf 77' lang='lat' dir='ltr'><strong>orationes</strong></span> <span class='ocrx_word' id='word_1_98' title='bbox 1683 1460 1751 1538; x_wconf 70' lang='lat' dir='ltr'><strong>flevi</strong></span> <span class='ocrx_word' id='word_1_99' title='bbox 1765 1476 1805 1538; x_wconf 69' lang='lat' dir='ltr'><strong>pa</strong></span> 
     </span>
     <span class='ocr_line' id='line_1_11' title="bbox 389 1547 1805 1627; baseline -0.001 -15"><span class='ocrx_word' id='word_1_100' title='bbox 389 1551 474 1612; x_wconf 80' lang='lat' dir='ltr'><strong>Rom</strong></span> <span class='ocrx_word' id='word_1_101' title='bbox 492 1552 559 1618; x_wconf 85' lang='lat'><strong>13.‚</strong></span> <span class='ocrx_word' id='word_1_102' title='bbox 580 1547 761 1609; x_wconf 77' lang='lat' dir='ltr'><strong>concludens</strong></span> <span class='ocrx_word' id='word_1_103' title='bbox 784 1547 868 1621; x_wconf 90' lang='lat' dir='ltr'><strong>inde,</strong></span> <span class='ocrx_word' id='word_1_104' title='bbox 894 1567 962 1609; x_wconf 86' lang='lat' dir='ltr'><strong>non</strong></span> <span class='ocrx_word' id='word_1_105' title='bbox 980 1548 1081 1608; x_wconf 83' lang='lat' dir='ltr'><strong>solum</strong></span> <span class='ocrx_word' id='word_1_106' title='bbox 1136 1548 1260 1625; x_wconf 85' lang='lat' dir='ltr'><strong>reqibar</strong></span> <span class='ocrx_word' id='word_1_107' title='bbox 1276 1557 1306 1609; x_wconf 91' lang='lat' dir='ltr'><strong>et</strong></span> <span class='ocrx_word' id='word_1_108' title='bbox 1320 1550 1478 1624; x_wconf 77' lang='lat' dir='ltr'><strong>omnibus,</strong></span> <span class='ocrx_word' id='word_1_109' title='bbox 1503 1554 1560 1627; x_wconf 85' lang='lat' dir='ltr'><strong>qui</strong></span> <span class='ocrx_word' id='word_1_110' title='bbox 1583 1552 1621 1609; x_wconf 90' lang='lat' dir='ltr'><strong>in</strong></span> <span class='ocrx_word' id='word_1_111' title='bbox 1642 1548 1805 1611; x_wconf 61' lang='lat' dir='ltr'><strong>mitrae</strong></span> 
     </span>
     <span class='ocr_line' id='line_1_12' title="bbox 387 1628 1805 1715; baseline -0.001 -16"><span class='ocrx_word' id='word_1_112' title='bbox 387 1644 522 1715; x_wconf 85' lang='lat' dir='ltr'><strong>propter</strong></span> <span class='ocrx_word' id='word_1_113' title='bbox 543 1638 637 1710; x_wconf 89' lang='lat' dir='ltr'><strong>iram,</strong></span> <span class='ocrx_word' id='word_1_114' title='bbox 659 1635 712 1696; x_wconf 84' lang='lat' dir='ltr'><strong>red</strong></span> <span class='ocrx_word' id='word_1_115' title='bbox 735 1638 831 1696; x_wconf 88' lang='lat' dir='ltr'><strong>etiam</strong></span> <span class='ocrx_word' id='word_1_116' title='bbox 853 1642 985 1712; x_wconf 89' lang='lat' dir='ltr'><strong>propter</strong></span> <span class='ocrx_word' id='word_1_117' title='bbox 1004 1653 1081 1694; x_wconf 90' lang='lat' dir='ltr'><strong>con·</strong></span> <span class='ocrx_word' id='word_1_118' title='bbox 1136 1643 1220 1710; x_wconf 82' lang='lat' dir='ltr'><strong>sunt,</strong></span> <span class='ocrx_word' id='word_1_119' title='bbox 1238 1634 1370 1697; x_wconf 77' lang='lat' dir='ltr'><strong>Graece:</strong></span> <span class='ocrx_word' id='word_1_120' title='bbox 1385 1628 1417 1696; x_wconf 77' lang='lat' dir='ltr'><strong>iu</strong></span> <span class='ocrx_word' id='word_1_121' title='bbox 1429 1630 1583 1715; x_wconf 75' lang='grc' dir='ltr'><strong>ὑπεροχῇ,</strong></span> <span class='ocrx_word' id='word_1_122' title='bbox 1599 1638 1637 1696; x_wconf 89' lang='lat' dir='ltr'><strong>in</strong></span> <span class='ocrx_word' id='word_1_123' title='bbox 1652 1635 1805 1697; x_wconf 68' lang='lat' dir='ltr'><strong>enimse</strong></span> 
     </span>
     <span class='ocr_line' id='line_1_13' title="bbox 390 1719 1805 1802; baseline -0.003 -16"><span class='ocrx_word' id='word_1_124' title='bbox 390 1725 553 1786; x_wconf 88' lang='lat' dir='ltr'><strong>seientiam</strong></span> <span class='ocrx_word' id='word_1_125' title='bbox 581 1722 690 1783; x_wconf 89' lang='lat' dir='ltr'><strong>debere</strong></span> <span class='ocrx_word' id='word_1_126' title='bbox 713 1721 894 1801; x_wconf 89' lang='lat' dir='ltr'><strong>principibus</strong></span> <span class='ocrx_word' id='word_1_127' title='bbox 923 1719 1078 1800; x_wconf 88' lang='lat' dir='ltr'><strong>subjectio·</strong></span> <span class='ocrx_word' id='word_1_128' title='bbox 1136 1721 1221 1783; x_wconf 84' lang='lat' dir='ltr'><strong>Nihil</strong></span> <span class='ocrx_word' id='word_1_129' title='bbox 1246 1730 1344 1783; x_wconf 80' lang='lat' dir='ltr'><strong>temon</strong></span> <span class='ocrx_word' id='word_1_130' title='bbox 1368 1733 1467 1796; x_wconf 78' lang='lat' dir='ltr'><strong>vetut,</strong></span> <span class='ocrx_word' id='word_1_131' title='bbox 1493 1721 1551 1784; x_wconf 91' lang='lat' dir='ltr'><strong>hoc</strong></span> <span class='ocrx_word' id='word_1_132' title='bbox 1578 1723 1648 1782; x_wconf 88' lang='lat' dir='ltr'><strong>loco</strong></span> <span class='ocrx_word' id='word_1_133' title='bbox 1671 1722 1805 1802; x_wconf 69' lang='lat' dir='ltr'><strong>signam</strong></span> 
     </span>
     <span class='ocr_line' id='line_1_14' title="bbox 389 1808 1805 1890; baseline -0.001 -17"><span class='ocrx_word' id='word_1_134' title='bbox 389 1832 465 1873; x_wconf 87' lang='lat' dir='ltr'><strong>nem.</strong></span> <span class='ocrx_word' id='word_1_135' title='bbox 479 1809 510 1869; x_wconf 89' lang='lat' dir='ltr'><strong>Si</strong></span> <span class='ocrx_word' id='word_1_136' title='bbox 524 1829 589 1869; x_wconf 90' lang='lat' dir='ltr'><strong>cum</strong></span> <span class='ocrx_word' id='word_1_137' title='bbox 599 1808 880 1888; x_wconf 78' lang='lat' dir='ltr'><strong>Graecislegsmus:</strong></span> <span class='ocrx_word' id='word_1_138' title='bbox 894 1810 1080 1882; x_wconf 82' lang='lat' dir='ltr'><strong>Dominum,</strong></span> <span class='ocrx_word' id='word_1_139' title='bbox 1137 1809 1256 1870; x_wconf 89' lang='lat' dir='ltr'><strong>titulum</strong></span> <span class='ocrx_word' id='word_1_140' title='bbox 1282 1808 1324 1869; x_wconf 86' lang='lat' dir='ltr'><strong>ite</strong></span> <span class='ocrx_word' id='word_1_141' title='bbox 1349 1812 1414 1890; x_wconf 79' lang='lat' dir='ltr'><strong>regi</strong></span> <span class='ocrx_word' id='word_1_142' title='bbox 1440 1811 1612 1889; x_wconf 83' lang='lat' dir='ltr'><strong>proprium,</strong></span> <span class='ocrx_word' id='word_1_143' title='bbox 1643 1817 1679 1868; x_wconf 90' lang='lat' dir='ltr'><strong>ut</strong></span> <span class='ocrx_word' id='word_1_144' title='bbox 1707 1808 1805 1871; x_wconf 75' lang='lat' dir='ltr'><strong>ecesse</strong></span> 
     </span>
     <span class='ocr_line' id='line_1_15' title="bbox 391 1894 1805 1977; baseline -0.001 -18"><span class='ocrx_word' id='word_1_145' title='bbox 391 1917 495 1959; x_wconf 86' lang='lat' dir='ltr'><strong>sensus</strong></span> <span class='ocrx_word' id='word_1_146' title='bbox 518 1896 589 1955; x_wconf 85' lang='lat' dir='ltr'><strong>crit:</strong></span> <span class='ocrx_word' id='word_1_147' title='bbox 616 1896 698 1977; x_wconf 79' lang='lat' dir='ltr'><strong>Quis</strong></span> <span class='ocrx_word' id='word_1_148' title='bbox 712 1895 860 1956; x_wconf 89' lang='lat' dir='ltr'><strong>Dominus</strong></span> <span class='ocrx_word' id='word_1_149' title='bbox 875 1895 1010 1957; x_wconf 81' lang='lat' dir='ltr'><strong>Christus</strong></span> <span class='ocrx_word' id='word_1_150' title='bbox 1025 1894 1082 1954; x_wconf 88' lang='lat' dir='ltr'><strong>hoc</strong></span> <span class='ocrx_word' id='word_1_151' title='bbox 1138 1895 1306 1976; x_wconf 81' lang='lat' dir='ltr'><strong>praelectis,</strong></span> <span class='ocrx_word' id='word_1_152' title='bbox 1328 1895 1366 1956; x_wconf 92' lang='lat' dir='ltr'><strong>de</strong></span> <span class='ocrx_word' id='word_1_153' title='bbox 1389 1897 1501 1976; x_wconf 87' lang='lat' dir='ltr'><strong>quibus</strong></span> <span class='ocrx_word' id='word_1_154' title='bbox 1525 1895 1658 1957; x_wconf 77' lang='lat' dir='ltr'><strong>alterum</strong></span> <span class='ocrx_word' id='word_1_155' title='bbox 1673 1894 1805 1957; x_wconf 72' lang='lat' dir='ltr'><strong>manbrt</strong></span> 
     </span>
     <span class='ocr_line' id='line_1_16' title="bbox 386 1980 1626 2065; baseline -0.002 -20"><span class='ocrx_word' id='word_1_156' title='bbox 386 1987 486 2065; x_wconf 88' lang='lat' dir='ltr'><strong>jussit,</strong></span> <span class='ocrx_word' id='word_1_157' title='bbox 509 1980 626 2042; x_wconf 85' lang='lat' dir='ltr'><strong>dicens:</strong></span> <span class='ocrx_word' id='word_1_158' title='bbox 649 1981 792 2057; x_wconf 76' lang='lat' dir='ltr'><strong>Reddite,</strong></span> <span class='ocrx_word' id='word_1_159' title='bbox 817 2002 898 2060; x_wconf 80' lang='lat' dir='ltr'><strong>quae</strong></span> <span class='ocrx_word' id='word_1_160' title='bbox 913 1990 987 2043; x_wconf 80' lang='lat' dir='ltr'><strong>sunt</strong></span> <span class='ocrx_word' id='word_1_161' title='bbox 1003 1983 1082 2043; x_wconf 80' lang='lat' dir='ltr'><strong>Cae·</strong></span> <span class='ocrx_word' id='word_1_162' title='bbox 1136 1982 1299 2062; x_wconf 79' lang='lat' dir='ltr'><strong>subjungit,</strong></span> <span class='ocrx_word' id='word_1_163' title='bbox 1321 2004 1381 2043; x_wconf 90' lang='lat' dir='ltr'><strong>non</strong></span> <span class='ocrx_word' id='word_1_164' title='bbox 1397 1985 1435 2044; x_wconf 85' lang='lat' dir='ltr'><strong>sit</strong></span> <span class='ocrx_word' id='word_1_165' title='bbox 1450 1984 1626 2044; x_wconf 88' lang='lat' dir='ltr'><strong>communis.</strong></span> 
     </span>
     <span class='ocr_line' id='line_1_17' title="bbox 390 2067 1805 2146; baseline -0.002 -15"><span class='ocrx_word' id='word_1_166' title='bbox 390 2074 488 2145; x_wconf 64' lang='lat' dir='ltr'><strong>eamr,</strong></span> <span class='ocrx_word' id='word_1_167' title='bbox 513 2069 659 2144; x_wconf 71' lang='lat' dir='ltr'><strong>oanan,</strong></span> <span class='ocrx_word' id='word_1_168' title='bbox 685 2068 792 2129; x_wconf 81' lang='lat' dir='ltr'><strong>Metth.</strong></span> <span class='ocrx_word' id='word_1_169' title='bbox 817 2071 866 2130; x_wconf 89' lang='grc'><strong>22.</strong></span> <span class='ocrx_word' id='word_1_170' title='bbox 903 2067 1081 2140; x_wconf 76' lang='lat' dir='ltr'><strong>Notandum,</strong></span> <span class='ocrx_word' id='word_1_171' title='bbox 1182 2073 1230 2131; x_wconf 84' lang='lat'><strong>14.</strong></span> <span class='ocrx_word' id='word_1_172' title='bbox 1260 2070 1334 2130; x_wconf 81' lang='lat' dir='ltr'><strong>Sive</strong></span> <span class='ocrx_word' id='word_1_173' title='bbox 1359 2071 1507 2146; x_wconf 68' lang='lat' dir='ltr'><strong>duabus,</strong></span> <span class='ocrx_word' id='word_1_174' title='bbox 1537 2077 1707 2146; x_wconf 85' lang='lat' dir='ltr'><strong>tamquam</strong></span> <span class='ocrx_word' id='word_1_175' title='bbox 1730 2067 1805 2129; x_wconf 78' lang='lat' dir='ltr'><strong>ale</strong></span> 
     </span>
     <span class='ocr_line' id='line_1_18' title="bbox 390 2146 1805 2236; baseline -0.001 -18"><span class='ocrx_word' id='word_1_176' title='bbox 390 2159 465 2218; x_wconf 82' lang='lat' dir='ltr'><strong>boec</strong></span> <span class='ocrx_word' id='word_1_177' title='bbox 476 2155 602 2236; x_wconf 81' lang='lat' dir='ltr'><strong>intelligi</strong></span> <span class='ocrx_word' id='word_1_178' title='bbox 614 2156 653 2217; x_wconf 88' lang='lat' dir='ltr'><strong>de</strong></span> <span class='ocrx_word' id='word_1_179' title='bbox 665 2156 800 2235; x_wconf 82' lang='lat' dir='ltr'><strong>legitime</strong></span> <span class='ocrx_word' id='word_1_180' title='bbox 813 2164 968 2234; x_wconf 81' lang='lat' dir='ltr'><strong>potestate,</strong></span> <span class='ocrx_word' id='word_1_181' title='bbox 981 2174 1080 2234; x_wconf 85' lang='lat' dir='ltr'><strong>quern·</strong></span> <span class='ocrx_word' id='word_1_182' title='bbox 1135 2161 1245 2218; x_wconf 81' lang='lat' dir='ltr'><strong>missis.</strong></span> <span class='ocrx_word' id='word_1_183' title='bbox 1268 2158 1418 2234; x_wconf 61' lang='lat' dir='ltr'><strong>Ducibem</strong></span> <span class='ocrx_word' id='word_1_184' title='bbox 1436 2157 1570 2219; x_wconf 79' lang='lat' dir='ltr'><strong>Graece:</strong></span> <span class='ocrx_word' id='word_1_185' title='bbox 1586 2146 1741 2234; x_wconf 70' lang='lat' dir='ltr'><strong>insudate,</strong></span> <span class='ocrx_word' id='word_1_186' title='bbox 1755 2173 1805 2234; x_wconf 79' lang='lat' dir='ltr'><strong>qus</strong></span> 
     </span>
     <span class='ocr_line' id='line_1_19' title="bbox 390 2239 1805 2325; baseline -0.004 -18"><span class='ocrx_word' id='word_1_187' title='bbox 390 2245 437 2308; x_wconf 84' lang='lat' dir='ltr'><strong>ris</strong></span> <span class='ocrx_word' id='word_1_188' title='bbox 454 2264 490 2305; x_wconf 78' lang='lat' dir='ltr'><strong>es</strong></span> <span class='ocrx_word' id='word_1_189' title='bbox 505 2241 593 2315; x_wconf 87' lang='lat' dir='ltr'><strong>sorte,</strong></span> <span class='ocrx_word' id='word_1_190' title='bbox 616 2252 651 2303; x_wconf 89' lang='lat' dir='ltr'><strong>nt</strong></span> <span class='ocrx_word' id='word_1_191' title='bbox 665 2262 756 2321; x_wconf 83' lang='lat' dir='ltr'><strong>saepe</strong></span> <span class='ocrx_word' id='word_1_192' title='bbox 771 2242 813 2315; x_wconf 76' lang='lat' dir='ltr'><strong>fit,</strong></span> <span class='ocrx_word' id='word_1_193' title='bbox 837 2263 855 2302; x_wconf 84' lang='lat' dir='ltr'><strong>e</strong></span> <span class='ocrx_word' id='word_1_194' title='bbox 875 2239 1037 2324; x_wconf 76' lang='lat' dir='ltr'><strong>tyrannide</strong></span> <span class='ocrx_word' id='word_1_195' title='bbox 1052 2251 1082 2302; x_wconf 90' lang='lat' dir='ltr'><strong>et</strong></span> <span class='ocrx_word' id='word_1_196' title='bbox 1136 2247 1283 2325; x_wconf 75' lang='lat' dir='ltr'><strong>interpres</strong></span> <span class='ocrx_word' id='word_1_197' title='bbox 1305 2243 1334 2303; x_wconf 90' lang='lat' dir='ltr'><strong>in</strong></span> <span class='ocrx_word' id='word_1_198' title='bbox 1359 2242 1533 2324; x_wconf 77' lang='lat' dir='ltr'><strong>Evangeliis</strong></span> <span class='ocrx_word' id='word_1_199' title='bbox 1556 2252 1589 2304; x_wconf 92' lang='lat' dir='ltr'><strong>et</strong></span> <span class='ocrx_word' id='word_1_200' title='bbox 1603 2244 1692 2304; x_wconf 76' lang='lat' dir='ltr'><strong>Actis</strong></span> <span class='ocrx_word' id='word_1_201' title='bbox 1707 2243 1805 2324; x_wconf 59' lang='lat' dir='ltr'><strong>Aponi</strong></span> 
     </span>
     <span class='ocr_line' id='line_1_20' title="bbox 390 2328 1805 2411; baseline -0.001 -19"><span class='ocrx_word' id='word_1_202' title='bbox 390 2331 477 2392; x_wconf 86' lang='lat' dir='ltr'><strong>mulis</strong></span> <span class='ocrx_word' id='word_1_203' title='bbox 492 2329 604 2391; x_wconf 79' lang='lat' dir='ltr'><strong>artibus</strong></span> <span class='ocrx_word' id='word_1_204' title='bbox 620 2330 735 2390; x_wconf 88' lang='lat' dir='ltr'><strong>initium</strong></span> <span class='ocrx_word' id='word_1_205' title='bbox 752 2329 888 2407; x_wconf 80' lang='lat' dir='ltr'><strong>duxerit3</strong></span> <span class='ocrx_word' id='word_1_206' title='bbox 904 2349 959 2389; x_wconf 91' lang='lat' dir='ltr'><strong>nec</strong></span> <span class='ocrx_word' id='word_1_207' title='bbox 973 2328 1081 2389; x_wconf 91' lang='lat' dir='ltr'><strong>nonde</strong></span> <span class='ocrx_word' id='word_1_208' title='bbox 1136 2333 1201 2393; x_wconf 87' lang='lat' dir='ltr'><strong>licie</strong></span> <span class='ocrx_word' id='word_1_209' title='bbox 1213 2331 1376 2408; x_wconf 79' lang='lat' dir='ltr'><strong>praesides</strong></span> <span class='ocrx_word' id='word_1_210' title='bbox 1392 2333 1612 2411; x_wconf 75' lang='lat' dir='ltr'><strong>interpretatur.</strong></span> <span class='ocrx_word' id='word_1_211' title='bbox 1635 2329 1805 2407; x_wconf 58' lang='lat' dir='ltr'><strong>Neque*</strong></span> 
     </span>
     <span class='ocr_line' id='line_1_21' title="bbox 387 2412 1805 2497; baseline -0.001 -18"><span class='ocrx_word' id='word_1_212' title='bbox 387 2419 478 2497; x_wconf 84' lang='lat' dir='ltr'><strong>justis</strong></span> <span class='ocrx_word' id='word_1_213' title='bbox 499 2415 625 2496; x_wconf 81' lang='lat' dir='ltr'><strong>legibus.</strong></span> <span class='ocrx_word' id='word_1_214' title='bbox 647 2416 755 2479; x_wconf 87' lang='lat' dir='ltr'><strong>Justes</strong></span> <span class='ocrx_word' id='word_1_215' title='bbox 777 2425 877 2477; x_wconf 78' lang='lat' dir='ltr'><strong>eutem</strong></span> <span class='ocrx_word' id='word_1_216' title='bbox 900 2416 984 2496; x_wconf 77' lang='lat' dir='ltr'><strong>leges</strong></span> <span class='ocrx_word' id='word_1_217' title='bbox 1007 2416 1082 2493; x_wconf 82' lang='lat' dir='ltr'><strong>bene</strong></span> <span class='ocrx_word' id='word_1_218' title='bbox 1135 2416 1209 2478; x_wconf 92' lang='lat' dir='ltr'><strong>belli</strong></span> <span class='ocrx_word' id='word_1_219' title='bbox 1224 2417 1314 2478; x_wconf 91' lang='lat' dir='ltr'><strong>duces</strong></span> <span class='ocrx_word' id='word_1_220' title='bbox 1328 2418 1500 2497; x_wconf 76' lang='lat' dir='ltr'><strong>significare</strong></span> <span class='ocrx_word' id='word_1_221' title='bbox 1518 2417 1585 2478; x_wconf 86' lang='lat' dir='ltr'><strong>vult</strong></span> <span class='ocrx_word' id='word_1_222' title='bbox 1597 2416 1633 2476; x_wconf 92' lang='lat' dir='ltr'><strong>B.</strong></span> <span class='ocrx_word' id='word_1_223' title='bbox 1647 2412 1805 2487; x_wconf 59' lang='lat' dir='ltr'><strong>Petrum</strong></span> 
     </span>
     <span class='ocr_line' id='line_1_22' title="bbox 390 2501 1805 2584; baseline -0.001 -18"><span class='ocrx_word' id='word_1_224' title='bbox 390 2505 494 2566; x_wconf 87' lang='lat' dir='ltr'><strong>definit</strong></span> <span class='ocrx_word' id='word_1_225' title='bbox 519 2503 692 2575; x_wconf 87' lang='lat' dir='ltr'><strong>Hesselius,</strong></span> <span class='ocrx_word' id='word_1_226' title='bbox 721 2522 803 2580; x_wconf 83' lang='lat' dir='ltr'><strong>quae</strong></span> <span class='ocrx_word' id='word_1_227' title='bbox 835 2523 893 2565; x_wconf 88' lang='lat' dir='ltr'><strong>nec</strong></span> <span class='ocrx_word' id='word_1_228' title='bbox 918 2504 1082 2564; x_wconf 84' lang='lat' dir='ltr'><strong>contraria</strong></span> <span class='ocrx_word' id='word_1_229' title='bbox 1136 2503 1293 2584; x_wconf 71' lang='lat' dir='ltr'><strong>praesides</strong></span> <span class='ocrx_word' id='word_1_230' title='bbox 1317 2504 1555 2582; x_wconf 81' lang='lat' dir='ltr'><strong>provinciarum,</strong></span> <span class='ocrx_word' id='word_1_231' title='bbox 1584 2520 1667 2583; x_wconf 79' lang='lat' dir='ltr'><strong>quse</strong></span> <span class='ocrx_word' id='word_1_232' title='bbox 1692 2501 1805 2564; x_wconf 72' lang='lat' dir='ltr'><strong>Romi</strong></span> 
     </span>
     <span class='ocr_line' id='line_1_23' title="bbox 391 2587 1805 2669; baseline -0.001 -17"><span class='ocrx_word' id='word_1_233' title='bbox 391 2593 451 2668; x_wconf 84' lang='lat' dir='ltr'><strong>leqi</strong></span> <span class='ocrx_word' id='word_1_234' title='bbox 467 2593 529 2651; x_wconf 88' lang='lat' dir='ltr'><strong>Dei</strong></span> <span class='ocrx_word' id='word_1_235' title='bbox 548 2593 766 2667; x_wconf 82' lang='lat' dir='ltr'><strong>praecipiunt,</strong></span> <span class='ocrx_word' id='word_1_236' title='bbox 790 2610 847 2652; x_wconf 87' lang='lat' dir='ltr'><strong>nec</strong></span> <span class='ocrx_word' id='word_1_237' title='bbox 868 2593 999 2667; x_wconf 86' lang='lat' dir='ltr'><strong>privata</strong></span> <span class='ocrx_word' id='word_1_238' title='bbox 1021 2607 1082 2649; x_wconf 83' lang='lat' dir='ltr'><strong>aa·</strong></span> <span class='ocrx_word' id='word_1_239' title='bbox 1137 2601 1225 2652; x_wconf 85' lang='lat' dir='ltr'><strong>erent</strong></span> <span class='ocrx_word' id='word_1_240' title='bbox 1254 2589 1423 2666; x_wconf 65' lang='lat' dir='ltr'><strong>subjectum</strong></span> <span class='ocrx_word' id='word_1_241' title='bbox 1457 2589 1626 2669; x_wconf 89' lang='lat' dir='ltr'><strong>cujusmodi</strong></span> <span class='ocrx_word' id='word_1_242' title='bbox 1658 2589 1691 2649; x_wconf 88' lang='lat' dir='ltr'><strong>in</strong></span> <span class='ocrx_word' id='word_1_243' title='bbox 1715 2587 1805 2651; x_wconf 72' lang='lat' dir='ltr'><strong>Jrl·</strong></span> 
     </span>
     <span class='ocr_line' id='line_1_24' title="bbox 390 2675 1805 2757; baseline -0.003 -16"><span class='ocrx_word' id='word_1_244' title='bbox 390 2676 549 2741; x_wconf 62' lang='lat' dir='ltr'><strong>ctoritate*</strong></span> <span class='ocrx_word' id='word_1_245' title='bbox 563 2679 735 2754; x_wconf 76' lang='lat' dir='ltr'><strong>serantur,</strong></span> <span class='ocrx_word' id='word_1_246' title='bbox 765 2697 822 2739; x_wconf 89' lang='lat' dir='ltr'><strong>nec</strong></span> <span class='ocrx_word' id='word_1_247' title='bbox 845 2678 888 2737; x_wconf 94' lang='lat' dir='ltr'><strong>ad</strong></span> <span class='ocrx_word' id='word_1_248' title='bbox 917 2680 1080 2753; x_wconf 84' lang='lat' dir='ltr'><strong>priuatam</strong></span> <span class='ocrx_word' id='word_1_249' title='bbox 1136 2679 1260 2752; x_wconf 78' lang='lat' dir='ltr'><strong>Pilutus,</strong></span> <span class='ocrx_word' id='word_1_250' title='bbox 1283 2677 1381 2748; x_wconf 84' lang='lat' dir='ltr'><strong>Felix,</strong></span> <span class='ocrx_word' id='word_1_251' title='bbox 1396 2679 1515 2738; x_wconf 78' lang='lat' dir='ltr'><strong>Festus.</strong></span> <span class='ocrx_word' id='word_1_252' title='bbox 1538 2677 1625 2747; x_wconf 75' lang='lat' dir='ltr'><strong>Sunt</strong></span> <span class='ocrx_word' id='word_1_253' title='bbox 1650 2675 1704 2757; x_wconf 89' lang='lat' dir='ltr'><strong>qui</strong></span> <span class='ocrx_word' id='word_1_254' title='bbox 1718 2680 1805 2755; x_wconf 72' lang='lat' dir='ltr'><strong>pald</strong></span> 
     </span>
     <span class='ocr_line' id='line_1_25' title="bbox 389 2763 1805 2843; baseline -0.004 -16"><span class='ocrx_word' id='word_1_255' title='bbox 389 2765 588 2827; x_wconf 84' lang='lat' dir='ltr'><strong>commodam</strong></span> <span class='ocrx_word' id='word_1_256' title='bbox 595 2811 606 2842; x_wconf 97' lang='lat'><strong>,</strong></span> <span class='ocrx_word' id='word_1_257' title='bbox 629 2785 688 2828; x_wconf 88' lang='lat' dir='ltr'><strong>nec</strong></span> <span class='ocrx_word' id='word_1_258' title='bbox 709 2766 925 2843; x_wconf 72' lang='lat' dir='ltr'><strong>inaequaliter</strong></span> <span class='ocrx_word' id='word_1_259' title='bbox 946 2771 1082 2824; x_wconf 86' lang='lat' dir='ltr'><strong>onerant</strong></span> <span class='ocrx_word' id='word_1_260' title='bbox 1135 2765 1192 2826; x_wconf 91' lang='lat' dir='ltr'><strong>boc</strong></span> <span class='ocrx_word' id='word_1_261' title='bbox 1207 2765 1328 2826; x_wconf 90' lang='lat' dir='ltr'><strong>nomine</strong></span> <span class='ocrx_word' id='word_1_262' title='bbox 1342 2763 1492 2842; x_wconf 77' lang='lat' dir='ltr'><strong>designari</strong></span> <span class='ocrx_word' id='word_1_263' title='bbox 1508 2763 1666 2843; x_wconf 88' lang='lat' dir='ltr'><strong>quoslibet</strong></span> <span class='ocrx_word' id='word_1_264' title='bbox 1679 2763 1805 2842; x_wconf 63' lang='lat' dir='ltr'><strong>mugiens</strong></span> 
     </span>
     <span class='ocr_line' id='line_1_26' title="bbox 390 2846 1805 2933; baseline -0.004 -18"><span class='ocrx_word' id='word_1_265' title='bbox 390 2852 546 2931; x_wconf 80' lang='lat' dir='ltr'><strong>aequales.</strong></span> <span class='ocrx_word' id='word_1_266' title='bbox 1136 2860 1185 2913; x_wconf 90' lang='lat' dir='ltr'><strong>tus</strong></span> <span class='ocrx_word' id='word_1_267' title='bbox 1200 2872 1273 2933; x_wconf 83' lang='lat' dir='ltr'><strong>rege</strong></span> <span class='ocrx_word' id='word_1_268' title='bbox 1287 2851 1450 2913; x_wconf 82' lang='lat' dir='ltr'><strong>inferiores.</strong></span> <span class='ocrx_word' id='word_1_269' title='bbox 1474 2851 1516 2911; x_wconf 79' lang='lat' dir='ltr'><strong>At</strong></span> <span class='ocrx_word' id='word_1_270' title='bbox 1537 2852 1715 2932; x_wconf 79' lang='lat' dir='ltr'><strong>Scripturas</strong></span> <span class='ocrx_word' id='word_1_271' title='bbox 1735 2846 1805 2929; x_wconf 66' lang='lat' dir='ltr'><strong>megi</strong></span> 
     </span>
     <span class='ocr_line' id='line_1_27' title="bbox 434 2938 1805 3020; baseline 0.001 -18"><span class='ocrx_word' id='word_1_272' title='bbox 434 2943 506 3003; x_wconf 74' lang='lat' dir='ltr'><strong>sive</strong></span> <span class='ocrx_word' id='word_1_273' title='bbox 532 2944 614 3017; x_wconf 84' lang='lat' dir='ltr'><strong>reqi,</strong></span> <span class='ocrx_word' id='word_1_274' title='bbox 645 2942 737 3017; x_wconf 83' lang='lat' dir='ltr'><strong>quasi</strong></span> <span class='ocrx_word' id='word_1_275' title='bbox 760 2941 974 3017; x_wconf 76' lang='lat' dir='ltr'><strong>praecellenti.</strong></span> <span class='ocrx_word' id='word_1_276' title='bbox 1012 2938 1080 3019; x_wconf 84' lang='lat' dir='ltr'><strong>Quo</strong></span> <span class='ocrx_word' id='word_1_277' title='bbox 1136 2948 1370 3001; x_wconf 79' lang='lat' dir='ltr'><strong>consentaneum</strong></span> <span class='ocrx_word' id='word_1_278' title='bbox 1387 2948 1440 3011; x_wconf 88' lang='lat' dir='ltr'><strong>est,</strong></span> <span class='ocrx_word' id='word_1_279' title='bbox 1463 2938 1544 3020; x_wconf 89' lang='lat' dir='ltr'><strong>qnod</strong></span> <span class='ocrx_word' id='word_1_280' title='bbox 1561 2938 1642 3014; x_wconf 82' lang='lat' dir='ltr'><strong>dixi3</strong></span> <span class='ocrx_word' id='word_1_281' title='bbox 1665 2939 1710 2998; x_wconf 83' lang='lat' dir='ltr'><strong>ite</strong></span> <span class='ocrx_word' id='word_1_282' title='bbox 1724 2946 1805 3004; x_wconf 60' lang='grc' dir='ltr'>Μ</span> 
     </span>
     <span class='ocr_line' id='line_1_28' title="bbox 392 3023 1805 3108; baseline -0.002 -21"><span class='ocrx_word' id='word_1_283' title='bbox 392 3038 524 3108; x_wconf 89' lang='lat' dir='ltr'><strong>tempore</strong></span> <span class='ocrx_word' id='word_1_284' title='bbox 539 3030 651 3107; x_wconf 81' lang='lat' dir='ltr'><strong>scripte</strong></span> <span class='ocrx_word' id='word_1_285' title='bbox 674 3026 820 3087; x_wconf 85' lang='lat' dir='ltr'><strong>fuithnec</strong></span> <span class='ocrx_word' id='word_1_286' title='bbox 835 3026 977 3107; x_wconf 74' lang='lat' dir='ltr'><strong>Epistola,</strong></span> <span class='ocrx_word' id='word_1_287' title='bbox 998 3029 1079 3106; x_wconf 91' lang='lat' dir='ltr'><strong>prin·</strong></span> <span class='ocrx_word' id='word_1_288' title='bbox 1134 3038 1167 3088; x_wconf 90' lang='lat' dir='ltr'><strong>nt</strong></span> <span class='ocrx_word' id='word_1_289' title='bbox 1183 3027 1237 3087; x_wconf 85' lang='lat' dir='ltr'><strong>sub</strong></span> <span class='ocrx_word' id='word_1_290' title='bbox 1253 3028 1375 3086; x_wconf 89' lang='lat' dir='ltr'><strong>nomine</strong></span> <span class='ocrx_word' id='word_1_291' title='bbox 1390 3025 1518 3107; x_wconf 76' lang='lat' dir='ltr'><strong>speciali</strong></span> <span class='ocrx_word' id='word_1_292' title='bbox 1538 3029 1630 3087; x_wconf 78' lang='lat' dir='ltr'><strong>etiam</strong></span> <span class='ocrx_word' id='word_1_293' title='bbox 1646 3023 1805 3103; x_wconf 71' lang='lat' dir='ltr'><strong>reliquit·</strong></span> 
     </span>
     <span class='ocr_line' id='line_1_29' title="bbox 390 3105 1805 3196; baseline -0.002 -21"><span class='ocrx_word' id='word_1_294' title='bbox 390 3134 464 3196; x_wconf 86' lang='lat' dir='ltr'><strong>ceps</strong></span> <span class='ocrx_word' id='word_1_295' title='bbox 478 3115 595 3193; x_wconf 89' lang='lat' dir='ltr'><strong>imperii</strong></span> <span class='ocrx_word' id='word_1_296' title='bbox 606 3115 733 3175; x_wconf 83' lang='lat' dir='ltr'><strong>Romani</strong></span> <span class='ocrx_word' id='word_1_297' title='bbox 749 3122 814 3173; x_wconf 82' lang='lat' dir='ltr'><strong>eret</strong></span> <span class='ocrx_word' id='word_1_298' title='bbox 829 3113 978 3174; x_wconf 87' lang='lat' dir='ltr'><strong>Domitius</strong></span> <span class='ocrx_word' id='word_1_299' title='bbox 990 3114 1080 3189; x_wconf 84' lang='lat' dir='ltr'><strong>Nero,</strong></span> <span class='ocrx_word' id='word_1_300' title='bbox 1135 3112 1496 3195; x_wconf 73' lang='lat' dir='ltr'><strong>gistrstnsintelligentur</strong></span> <span class='ocrx_word' id='word_1_301' title='bbox 1506 3110 1727 3193; x_wconf 82' lang='lat' dir='ltr'><strong>comprehensi.</strong></span> <span class='ocrx_word' id='word_1_302' title='bbox 1741 3105 1805 3172; x_wconf 71' lang='lat' dir='ltr'><strong>uss</strong></span> 
     </span>
     <span class='ocr_line' id='line_1_30' title="bbox 390 3197 1805 3281; baseline -0.005 -16"><span class='ocrx_word' id='word_1_303' title='bbox 390 3202 626 3265; x_wconf 79' lang='lat' dir='ltr'><strong>Christianorum</strong></span> <span class='ocrx_word' id='word_1_304' title='bbox 664 3201 860 3281; x_wconf 81' lang='lat' dir='ltr'><strong>gravissimus</strong></span> <span class='ocrx_word' id='word_1_305' title='bbox 897 3208 1078 3280; x_wconf 88' lang='lat' dir='ltr'><strong>perseeutor,</strong></span> <span class='ocrx_word' id='word_1_306' title='bbox 1135 3223 1194 3262; x_wconf 92' lang='lat' dir='ltr'><strong>non</strong></span> <span class='ocrx_word' id='word_1_307' title='bbox 1205 3200 1285 3261; x_wconf 85' lang='lat' dir='ltr'><strong>mele</strong></span> <span class='ocrx_word' id='word_1_308' title='bbox 1298 3200 1393 3280; x_wconf 83' lang='lat' dir='ltr'><strong>Syme</strong></span> <span class='ocrx_word' id='word_1_309' title='bbox 1404 3201 1554 3278; x_wconf 87' lang='lat' dir='ltr'><strong>interpres</strong></span> <span class='ocrx_word' id='word_1_310' title='bbox 1566 3199 1678 3260; x_wconf 83' lang='lat' dir='ltr'><strong>vertit:</strong></span> <span class='ocrx_word' id='word_1_311' title='bbox 1692 3197 1805 3261; x_wconf 77' lang='lat' dir='ltr'><strong>Jnans</strong></span> 
     </span>
     <span class='ocr_line' id='line_1_31' title="bbox 390 3283 1805 3368; baseline -0.002 -19"><span class='ocrx_word' id='word_1_312' title='bbox 390 3288 445 3350; x_wconf 90' lang='lat' dir='ltr'><strong>snb</strong></span> <span class='ocrx_word' id='word_1_313' title='bbox 462 3308 521 3368; x_wconf 89' lang='lat' dir='ltr'><strong>quo</strong></span> <span class='ocrx_word' id='word_1_314' title='bbox 537 3288 644 3350; x_wconf 87' lang='lat' dir='ltr'><strong>Petras</strong></span> <span class='ocrx_word' id='word_1_315' title='bbox 661 3290 733 3368; x_wconf 86' lang='lat' dir='ltr'><strong>ipse.</strong></span> <span class='ocrx_word' id='word_1_316' title='bbox 756 3288 809 3366; x_wconf 89' lang='lat' dir='ltr'><strong>qni</strong></span> <span class='ocrx_word' id='word_1_317' title='bbox 823 3287 900 3348; x_wconf 81' lang='lat' dir='ltr'><strong>baec</strong></span> <span class='ocrx_word' id='word_1_318' title='bbox 919 3286 1028 3360; x_wconf 84' lang='lat' dir='ltr'><strong>scribit,</strong></span> <span class='ocrx_word' id='word_1_319' title='bbox 1051 3298 1081 3348; x_wconf 89' lang='lat' dir='ltr'><strong>et</strong></span> <span class='ocrx_word' id='word_1_320' title='bbox 1134 3290 1170 3349; x_wconf 93' lang='lat' dir='ltr'><strong>In</strong></span> <span class='ocrx_word' id='word_1_321' title='bbox 1192 3308 1244 3359; x_wconf 89' lang='lat' dir='ltr'><strong>eo,</strong></span> <span class='ocrx_word' id='word_1_322' title='bbox 1272 3285 1353 3367; x_wconf 92' lang='lat' dir='ltr'><strong>quod</strong></span> <span class='ocrx_word' id='word_1_323' title='bbox 1376 3286 1514 3348; x_wconf 80' lang='lat' dir='ltr'><strong>additur:</strong></span> <span class='ocrx_word' id='word_1_324' title='bbox 1542 3294 1710 3364; x_wconf 78' lang='lat' dir='ltr'><strong>tamquam</strong></span> <span class='ocrx_word' id='word_1_325' title='bbox 1730 3283 1805 3346; x_wconf 65' lang='lat' dir='ltr'><strong>ab·</strong></span> 
     </span>
     <span class='ocr_line' id='line_1_32' title="bbox 389 3371 1805 3455; baseline -0.001 -20"><span class='ocrx_word' id='word_1_326' title='bbox 389 3375 506 3436; x_wconf 76' lang='lat' dir='ltr'><strong>Paulus</strong></span> <span class='ocrx_word' id='word_1_327' title='bbox 517 3378 695 3455; x_wconf 79' lang='lat' dir='ltr'><strong>martyrium</strong></span> <span class='ocrx_word' id='word_1_328' title='bbox 709 3374 874 3436; x_wconf 85' lang='lat' dir='ltr'><strong>subierunt</strong></span> <span class='ocrx_word' id='word_1_329' title='bbox 890 3376 998 3455; x_wconf 87' lang='lat' dir='ltr'><strong>Liquet</strong></span> <span class='ocrx_word' id='word_1_330' title='bbox 1010 3395 1080 3455; x_wconf 84' lang='lat' dir='ltr'><strong>ergo</strong></span> <span class='ocrx_word' id='word_1_331' title='bbox 1135 3378 1243 3449; x_wconf 85' lang='lat' dir='ltr'><strong>missis,</strong></span> <span class='ocrx_word' id='word_1_332' title='bbox 1266 3394 1429 3454; x_wconf 89' lang='lat' dir='ltr'><strong>pronomen</strong></span> <span class='ocrx_word' id='word_1_333' title='bbox 1452 3394 1488 3435; x_wconf 93' lang='lat' dir='ltr'><strong>eo</strong></span> <span class='ocrx_word' id='word_1_334' title='bbox 1511 3373 1550 3434; x_wconf 83' lang='lat' dir='ltr'><strong>sd</strong></span> <span class='ocrx_word' id='word_1_335' title='bbox 1572 3393 1678 3454; x_wconf 74' lang='lat' dir='ltr'><strong>regem</strong></span> <span class='ocrx_word' id='word_1_336' title='bbox 1700 3371 1805 3433; x_wconf 63' lang='lat' dir='ltr'><strong>refe!</strong></span> 
     </span>
     <span class='ocr_line' id='line_1_33' title="bbox 391 3458 1805 3542; baseline -0.005 -19"><span class='ocrx_word' id='word_1_337' title='bbox 391 3461 977 3542; x_wconf 77' lang='lat' dir='ltr'><strong>exdoctrinsApostolics‚principibus,</strong></span> <span class='ocrx_word' id='word_1_338' title='bbox 993 3463 1079 3521; x_wconf 83' lang='lat' dir='ltr'><strong>etism</strong></span> <span class='ocrx_word' id='word_1_339' title='bbox 1134 3461 1279 3523; x_wconf 91' lang='lat' dir='ltr'><strong>nonnulli.</strong></span> <span class='ocrx_word' id='word_1_340' title='bbox 1312 3459 1401 3540; x_wconf 82' lang='lat' dir='ltr'><strong>Quod</strong></span> <span class='ocrx_word' id='word_1_341' title='bbox 1424 3481 1484 3522; x_wconf 93' lang='lat' dir='ltr'><strong>non</strong></span> <span class='ocrx_word' id='word_1_342' title='bbox 1506 3460 1617 3542; x_wconf 80' lang='lat' dir='ltr'><strong>plecet</strong></span> <span class='ocrx_word' id='word_1_343' title='bbox 1649 3460 1727 3520; x_wconf 78' lang='lat' dir='ltr'><strong>Nem</strong></span> <span class='ocrx_word' id='word_1_344' title='bbox 1746 3458 1805 3537; x_wconf 71' lang='lat' dir='ltr'><strong>Aps</strong></span> 
     </span>
     <span class='ocr_line' id='line_1_34' title="bbox 389 3546 1805 3628; baseline -0.004 -17"><span class='ocrx_word' id='word_1_345' title='bbox 389 3549 562 3611; x_wconf 86' lang='lat' dir='ltr'><strong>infidelibus</strong></span> <span class='ocrx_word' id='word_1_346' title='bbox 589 3557 620 3611; x_wconf 91' lang='lat' dir='ltr'><strong>et</strong></span> <span class='ocrx_word' id='word_1_347' title='bbox 644 3548 735 3610; x_wconf 79' lang='lat' dir='ltr'><strong>valde</strong></span> <span class='ocrx_word' id='word_1_348' title='bbox 756 3549 857 3621; x_wconf 84' lang='lat' dir='ltr'><strong>melis,</strong></span> <span class='ocrx_word' id='word_1_349' title='bbox 885 3547 1080 3610; x_wconf 86' lang='lat' dir='ltr'><strong>obediendum</strong></span> <span class='ocrx_word' id='word_1_350' title='bbox 1135 3549 1230 3608; x_wconf 82' lang='lat' dir='ltr'><strong>stolus</strong></span> <span class='ocrx_word' id='word_1_351' title='bbox 1246 3547 1320 3621; x_wconf 85' lang='lat' dir='ltr'><strong>vult,</strong></span> <span class='ocrx_word' id='word_1_352' title='bbox 1342 3547 1400 3607; x_wconf 88' lang='lat' dir='ltr'><strong>hoc</strong></span> <span class='ocrx_word' id='word_1_353' title='bbox 1423 3550 1454 3607; x_wconf 92' lang='lat' dir='ltr'><strong>in</strong></span> <span class='ocrx_word' id='word_1_354' title='bbox 1469 3546 1664 3628; x_wconf 78' lang='lat' dir='ltr'><strong>praesidibus</strong></span> <span class='ocrx_word' id='word_1_355' title='bbox 1686 3546 1805 3608; x_wconf 67' lang='lat' dir='ltr'><strong>istiu·</strong></span> 
     </span>
     <span class='ocr_line' id='line_1_35' title="bbox 389 3621 1805 3717; baseline -0.003 -20"><span class='ocrx_word' id='word_1_356' title='bbox 389 3657 466 3699; x_wconf 84' lang='lat' dir='ltr'><strong>esse</strong></span> <span class='ocrx_word' id='word_1_357' title='bbox 489 3638 559 3698; x_wconf 79' lang='lat' dir='ltr'><strong>Etsi</strong></span> <span class='ocrx_word' id='word_1_358' title='bbox 581 3657 655 3697; x_wconf 84' lang='lat' dir='ltr'><strong>reto</strong></span> <span class='ocrx_word' id='word_1_359' title='bbox 669 3637 798 3696; x_wconf 77' lang='lat' dir='ltr'><strong>Romani</strong></span> <span class='ocrx_word' id='word_1_360' title='bbox 820 3646 906 3696; x_wconf 76' lang='lat' dir='ltr'><strong>suum</strong></span> <span class='ocrx_word' id='word_1_361' title='bbox 920 3635 1081 3716; x_wconf 88' lang='lat' dir='ltr'><strong>principem</strong></span> <span class='ocrx_word' id='word_1_362' title='bbox 1136 3635 1268 3706; x_wconf 70' lang='lat' dir='ltr'><strong>siderum,</strong></span> <span class='ocrx_word' id='word_1_363' title='bbox 1284 3633 1368 3717; x_wconf 90' lang='lat' dir='ltr'><strong>quod</strong></span> <span class='ocrx_word' id='word_1_364' title='bbox 1379 3635 1465 3695; x_wconf 89' lang='lat' dir='ltr'><strong>Deus</strong></span> <span class='ocrx_word' id='word_1_365' title='bbox 1480 3655 1534 3696; x_wconf 90' lang='lat' dir='ltr'><strong>eos</strong></span> <span class='ocrx_word' id='word_1_366' title='bbox 1548 3634 1682 3710; x_wconf 82' lang='lat' dir='ltr'><strong>miserit3</strong></span> <span class='ocrx_word' id='word_1_367' title='bbox 1706 3621 1805 3713; x_wconf 74' lang='lat' dir='ltr'><strong>isqui</strong></span> 
     </span>
     <span class='ocr_line' id='line_1_36' title="bbox 390 3721 1805 3804; baseline -0.006 -18"><span class='ocrx_word' id='word_1_368' title='bbox 390 3745 450 3786; x_wconf 91' lang='lat' dir='ltr'><strong>non</strong></span> <span class='ocrx_word' id='word_1_369' title='bbox 462 3743 571 3803; x_wconf 78' lang='lat' dir='ltr'><strong>regem,</strong></span> <span class='ocrx_word' id='word_1_370' title='bbox 587 3723 668 3804; x_wconf 88' lang='lat' dir='ltr'><strong>quod</strong></span> <span class='ocrx_word' id='word_1_371' title='bbox 678 3742 785 3783; x_wconf 90' lang='lat' dir='ltr'><strong>nomen</strong></span> <span class='ocrx_word' id='word_1_372' title='bbox 799 3722 858 3783; x_wconf 90' lang='lat' dir='ltr'><strong>illis</strong></span> <span class='ocrx_word' id='word_1_373' title='bbox 872 3742 994 3784; x_wconf 86' lang='lat' dir='ltr'><strong>exosum</strong></span> <span class='ocrx_word' id='word_1_374' title='bbox 1007 3729 1080 3796; x_wconf 84' lang='lat' dir='ltr'><strong>erut,</strong></span> <span class='ocrx_word' id='word_1_375' title='bbox 1135 3721 1173 3783; x_wconf 85' lang='lat' dir='ltr'><strong>nd</strong></span> <span class='ocrx_word' id='word_1_376' title='bbox 1188 3721 1388 3783; x_wconf 87' lang='lat' dir='ltr'><strong>obediendum</strong></span> <span class='ocrx_word' id='word_1_377' title='bbox 1411 3741 1532 3784; x_wconf 83' lang='lat' dir='ltr'><strong>movere</strong></span> <span class='ocrx_word' id='word_1_378' title='bbox 1552 3722 1657 3782; x_wconf 88' lang='lat' dir='ltr'><strong>debet.</strong></span> <span class='ocrx_word' id='word_1_379' title='bbox 1681 3721 1726 3782; x_wconf 71' lang='lat' dir='ltr'><strong>Ac</strong></span> <span class='ocrx_word' id='word_1_380' title='bbox 1737 3722 1805 3786; x_wconf 63' lang='lat' dir='ltr'><strong>ath</strong></span> 
     </span>
     <span class='ocr_line' id='line_1_37' title="bbox 390 3797 1805 3889; baseline -0.002 -18"><span class='ocrx_word' id='word_1_381' title='bbox 390 3810 443 3874; x_wconf 90' lang='lat' dir='ltr'><strong>sed</strong></span> <span class='ocrx_word' id='word_1_382' title='bbox 469 3811 520 3872; x_wconf 88' lang='lat' dir='ltr'><strong>rel</strong></span> <span class='ocrx_word' id='word_1_383' title='bbox 545 3809 725 3879; x_wconf 83' lang='lat' dir='ltr'><strong>Oeeesrem,</strong></span> <span class='ocrx_word' id='word_1_384' title='bbox 751 3810 802 3871; x_wconf 87' lang='lat' dir='ltr'><strong>vel</strong></span> <span class='ocrx_word' id='word_1_385' title='bbox 824 3810 1004 3889; x_wconf 74' lang='lat' dir='ltr'><strong>Augustum,</strong></span> <span class='ocrx_word' id='word_1_386' title='bbox 1032 3810 1080 3868; x_wconf 88' lang='lat' dir='ltr'><strong>vel</strong></span> <span class='ocrx_word' id='word_1_387' title='bbox 1136 3828 1233 3882; x_wconf 83' lang='lat' dir='ltr'><strong>ceam,</strong></span> <span class='ocrx_word' id='word_1_388' title='bbox 1254 3807 1336 3887; x_wconf 87' lang='lat' dir='ltr'><strong>quod</strong></span> <span class='ocrx_word' id='word_1_389' title='bbox 1358 3807 1514 3888; x_wconf 78' lang='lat' dir='ltr'><strong>praesides</strong></span> <span class='ocrx_word' id='word_1_390' title='bbox 1537 3808 1705 3888; x_wconf 79' lang='lat' dir='ltr'><strong>provinciis</strong></span> <span class='ocrx_word' id='word_1_391' title='bbox 1725 3797 1805 3889; x_wconf 56' lang='lat' dir='ltr'><strong>pud,</strong></span> 
     </span>
     <span class='ocr_line' id='line_1_38' title="bbox 389 3881 1805 3978; baseline 0 -19"><span class='ocrx_word' id='word_1_392' title='bbox 389 3899 607 3978; x_wconf 77' lang='lat' dir='ltr'><strong>Imperatorem</strong></span> <span class='ocrx_word' id='word_1_393' title='bbox 631 3897 833 3977; x_wconf 77' lang='lat' dir='ltr'><strong>appellerent:</strong></span> <span class='ocrx_word' id='word_1_394' title='bbox 856 3896 964 3959; x_wconf 75' lang='lat' dir='ltr'><strong>Graeci</strong></span> <span class='ocrx_word' id='word_1_395' title='bbox 980 3905 1082 3957; x_wconf 83' lang='lat' dir='ltr'><strong>temen</strong></span> <span class='ocrx_word' id='word_1_396' title='bbox 1136 3896 1302 3969; x_wconf 82' lang='lat' dir='ltr'><strong>ciebantur,</strong></span> <span class='ocrx_word' id='word_1_397' title='bbox 1325 3916 1386 3957; x_wconf 94' lang='lat' dir='ltr'><strong>non</strong></span> <span class='ocrx_word' id='word_1_398' title='bbox 1407 3904 1469 3956; x_wconf 82' lang='lat' dir='ltr'><strong>tem</strong></span> <span class='ocrx_word' id='word_1_399' title='bbox 1489 3895 1671 3957; x_wconf 71' lang='lat' dir='ltr'><strong>sueoniae</strong></span> <span class='ocrx_word' id='word_1_400' title='bbox 1686 3881 1805 3960; x_wconf 59' lang='grc' dir='ltr'><strong>ΟΜ</strong></span> 
     </span>
     <span class='ocr_line' id='line_1_39' title="bbox 391 3973 1805 4064; baseline 0.001 -19"><span class='ocrx_word' id='word_1_401' title='bbox 391 4005 467 4058; x_wconf 92' lang='lat' dir='ltr'><strong>eum,</strong></span> <span class='ocrx_word' id='word_1_402' title='bbox 491 3994 632 4045; x_wconf 87' lang='lat' dir='ltr'><strong>consueto</strong></span> <span class='ocrx_word' id='word_1_403' title='bbox 647 3984 826 4064; x_wconf 90' lang='lat' dir='ltr'><strong>populorum</strong></span> <span class='ocrx_word' id='word_1_404' title='bbox 841 4003 932 4056; x_wconf 89' lang='lat' dir='ltr'><strong>more,</strong></span> <span class='ocrx_word' id='word_1_405' title='bbox 954 3973 1081 4057; x_wconf 86' lang='grc' dir='ltr'>βασιλέα</span> <span class='ocrx_word' id='word_1_406' title='bbox 1136 4002 1226 4061; x_wconf 79' lang='lat' dir='ltr'><strong>qunnr</strong></span> <span class='ocrx_word' id='word_1_407' title='bbox 1254 3993 1394 4054; x_wconf 78' lang='lat' dir='ltr'><strong>senatus,</strong></span> <span class='ocrx_word' id='word_1_408' title='bbox 1421 3981 1465 4043; x_wconf 91' lang='lat' dir='ltr'><strong>illi</strong></span> <span class='ocrx_word' id='word_1_409' title='bbox 1492 3983 1580 4044; x_wconf 85' lang='lat' dir='ltr'><strong>elteri</strong></span> <span class='ocrx_word' id='word_1_410' title='bbox 1606 3981 1746 4043; x_wconf 65' lang='lat' dir='ltr'><strong>relationi</strong></span> <span class='ocrx_word' id='word_1_411' title='bbox 1766 3989 1805 4046; x_wconf 63' lang='grc'>1</span> 
     </span>
     <span class='ocr_line' id='line_1_40' title="bbox 390 4063 1805 4150; baseline -0.001 -18"><span class='ocrx_word' id='word_1_412' title='bbox 390 4071 572 4133; x_wconf 78' lang='lat' dir='ltr'><strong>vocitabant.</strong></span> <span class='ocrx_word' id='word_1_413' title='bbox 616 4072 708 4133; x_wconf 90' lang='lat' dir='ltr'><strong>Unde</strong></span> <span class='ocrx_word' id='word_1_414' title='bbox 738 4079 767 4131; x_wconf 91' lang='lat' dir='ltr'><strong>et</strong></span> <span class='ocrx_word' id='word_1_415' title='bbox 792 4069 901 4132; x_wconf 77' lang='lat' dir='ltr'><strong>Juddei</strong></span> <span class='ocrx_word' id='word_1_416' title='bbox 932 4068 1082 4139; x_wconf 77' lang='lat' dir='ltr'><strong>dicebant,</strong></span> <span class='ocrx_word' id='word_1_417' title='bbox 1137 4071 1274 4148; x_wconf 81' lang='lat' dir='ltr'><strong>quadret,</strong></span> <span class='ocrx_word' id='word_1_418' title='bbox 1301 4068 1382 4150; x_wconf 87' lang='lat' dir='ltr'><strong>qnod</strong></span> <span class='ocrx_word' id='word_1_419' title='bbox 1406 4071 1560 4150; x_wconf 87' lang='lat' dir='ltr'><strong>sequitur:</strong></span> <span class='ocrx_word' id='word_1_420' title='bbox 1588 4069 1634 4129; x_wconf 92' lang='lat' dir='ltr'><strong>ad</strong></span> <span class='ocrx_word' id='word_1_421' title='bbox 1660 4063 1805 4134; x_wconf 60' lang='lat' dir='ltr'><strong>uindffl</strong></span> 
     </span>
     <span class='ocr_line' id='line_1_41' title="bbox 391 4141 1805 4235; baseline -0.003 -15"><span class='ocrx_word' id='word_1_422' title='bbox 391 4156 482 4220; x_wconf 79' lang='lat' dir='ltr'><strong>Jocn.</strong></span> <span class='ocrx_word' id='word_1_423' title='bbox 507 4162 573 4220; x_wconf 78' lang='lat' dir='ltr'><strong>ts:</strong></span> <span class='ocrx_word' id='word_1_424' title='bbox 604 4160 677 4220; x_wconf 86' lang='lat' dir='ltr'><strong>Nan</strong></span> <span class='ocrx_word' id='word_1_425' title='bbox 698 4158 849 4220; x_wconf 80' lang='lat' dir='ltr'><strong>habemas</strong></span> <span class='ocrx_word' id='word_1_426' title='bbox 873 4175 993 4233; x_wconf 77' lang='lat' dir='ltr'><strong>repam,</strong></span> <span class='ocrx_word' id='word_1_427' title='bbox 1020 4158 1083 4218; x_wconf 86' lang='lat' dir='ltr'><strong>nisi</strong></span> <span class='ocrx_word' id='word_1_428' title='bbox 1135 4158 1379 4235; x_wconf 73' lang='lat' dir='ltr'><strong>malefactorum</strong></span> <span class='ocrx_word' id='word_1_429' title='bbox 1402 4164 1474 4231; x_wconf 86' lang='lat' dir='ltr'><strong>ete,</strong></span> <span class='ocrx_word' id='word_1_430' title='bbox 1499 4176 1589 4235; x_wconf 87' lang='lat' dir='ltr'><strong>quern</strong></span> <span class='ocrx_word' id='word_1_431' title='bbox 1614 4175 1739 4235; x_wconf 80' lang='lat' dir='ltr'><strong>scopum</strong></span> <span class='ocrx_word' id='word_1_432' title='bbox 1757 4141 1805 4224; x_wconf 60' lang='lat' dir='ltr'>d</span> 
     </span>
     <span class='ocr_line' id='line_1_42' title="bbox 391 4241 1805 4325; baseline -0.002 -18"><span class='ocrx_word' id='word_1_433' title='bbox 391 4246 566 4308; x_wconf 78' lang='lat' dir='ltr'><strong>Gaesarem.</strong></span> <span class='ocrx_word' id='word_1_434' title='bbox 1135 4264 1221 4322; x_wconf 84' lang='lat' dir='ltr'><strong>reges</strong></span> <span class='ocrx_word' id='word_1_435' title='bbox 1236 4264 1297 4305; x_wconf 91' lang='lat' dir='ltr'><strong>non</strong></span> <span class='ocrx_word' id='word_1_436' title='bbox 1320 4263 1538 4325; x_wconf 74' lang='lat' dir='ltr'><strong>usquequaque</strong></span> <span class='ocrx_word' id='word_1_437' title='bbox 1552 4241 1805 4321; x_wconf 61' lang='lat' dir='ltr'><strong>bebebsntpqt</strong></span> 
     </span>
     <span class='ocr_line' id='line_1_43' title="bbox 433 4326 1805 4410; baseline -0.001 -17"><span class='ocrx_word' id='word_1_438' title='bbox 433 4330 542 4393; x_wconf 79' lang='lat' dir='ltr'><strong>Addit:</strong></span> <span class='ocrx_word' id='word_1_439' title='bbox 558 4338 721 4408; x_wconf 82' lang='lat' dir='ltr'><strong>tamquam</strong></span> <span class='ocrx_word' id='word_1_440' title='bbox 734 4329 950 4408; x_wconf 81' lang='lat' dir='ltr'><strong>praecellenti,</strong></span> <span class='ocrx_word' id='word_1_441' title='bbox 968 4327 1083 4389; x_wconf 83' lang='lat' dir='ltr'><strong>Graece</strong></span> <span class='ocrx_word' id='word_1_442' title='bbox 1137 4331 1235 4389; x_wconf 82' lang='lat' dir='ltr'><strong>situm.</strong></span> <span class='ocrx_word' id='word_1_443' title='bbox 1261 4332 1387 4391; x_wconf 88' lang='lat' dir='ltr'><strong>Rectius</strong></span> <span class='ocrx_word' id='word_1_444' title='bbox 1409 4331 1502 4410; x_wconf 76' lang='lat' dir='ltr'><strong>igitur</strong></span> <span class='ocrx_word' id='word_1_445' title='bbox 1520 4328 1559 4391; x_wconf 83' lang='lat' dir='ltr'><strong>sd</strong></span> <span class='ocrx_word' id='word_1_446' title='bbox 1577 4332 1685 4391; x_wconf 82' lang='lat' dir='ltr'><strong>Deum</strong></span> <span class='ocrx_word' id='word_1_447' title='bbox 1700 4326 1805 4400; x_wconf 47' lang='lat' dir='ltr'><strong>rei*</strong></span> 
     </span>
     <span class='ocr_line' id='line_1_44' title="bbox 390 4409 1805 4498; baseline 0 -20"><span class='ocrx_word' id='word_1_448' title='bbox 390 4409 586 4497; x_wconf 73' lang='grc' dir='ltr'>ὑπερέχοντι,</span> <span class='ocrx_word' id='word_1_449' title='bbox 618 4416 648 4477; x_wconf 91' lang='lat' dir='ltr'><strong>id</strong></span> <span class='ocrx_word' id='word_1_450' title='bbox 675 4425 737 4489; x_wconf 90' lang='lat' dir='ltr'><strong>est,</strong></span> <span class='ocrx_word' id='word_1_451' title='bbox 767 4435 934 4497; x_wconf 77' lang='lat' dir='ltr'><strong>supremam</strong></span> <span class='ocrx_word' id='word_1_452' title='bbox 960 4414 1082 4476; x_wconf 77' lang='lat' dir='ltr'><strong>babenti</strong></span> <span class='ocrx_word' id='word_1_453' title='bbox 1138 4419 1189 4498; x_wconf 91' lang='lat' dir='ltr'><strong>qni</strong></span> <span class='ocrx_word' id='word_1_454' title='bbox 1214 4418 1294 4478; x_wconf 89' lang='lat' dir='ltr'><strong>buno</strong></span> <span class='ocrx_word' id='word_1_455' title='bbox 1325 4418 1415 4478; x_wconf 86' lang='lat' dir='ltr'><strong>finem</strong></span> <span class='ocrx_word' id='word_1_456' title='bbox 1442 4415 1579 4477; x_wconf 88' lang='lat' dir='ltr'><strong>omnibus</strong></span> <span class='ocrx_word' id='word_1_457' title='bbox 1607 4411 1805 4496; x_wconf 56' lang='lat' dir='ltr'><strong>maginem</strong></span> 
     </span>
     <span class='ocr_line' id='line_1_45' title="bbox 390 4491 1805 4586; baseline 0.001 -20"><span class='ocrx_word' id='word_1_458' title='bbox 390 4513 569 4586; x_wconf 84' lang='lat' dir='ltr'><strong>potestatem</strong></span> <span class='ocrx_word' id='word_1_459' title='bbox 593 4506 622 4566; x_wconf 90' lang='lat' dir='ltr'><strong>iu</strong></span> <span class='ocrx_word' id='word_1_460' title='bbox 645 4503 809 4584; x_wconf 77' lang='lat' dir='ltr'><strong>republica,</strong></span> <span class='ocrx_word' id='word_1_461' title='bbox 833 4510 923 4581; x_wconf 83' lang='lat' dir='ltr'><strong>etque</strong></span> <span class='ocrx_word' id='word_1_462' title='bbox 946 4505 976 4563; x_wconf 90' lang='lat' dir='ltr'><strong>in</strong></span> <span class='ocrx_word' id='word_1_463' title='bbox 996 4502 1082 4564; x_wconf 90' lang='lat' dir='ltr'><strong>rebus</strong></span> <span class='ocrx_word' id='word_1_464' title='bbox 1136 4504 1322 4584; x_wconf 78' lang='lat' dir='ltr'><strong>praeseribit</strong></span> <span class='ocrx_word' id='word_1_465' title='bbox 1346 4504 1437 4565; x_wconf 89' lang='lat' dir='ltr'><strong>Unde</strong></span> <span class='ocrx_word' id='word_1_466' title='bbox 1451 4512 1483 4565; x_wconf 90' lang='lat' dir='ltr'><strong>et</strong></span> <span class='ocrx_word' id='word_1_467' title='bbox 1497 4502 1616 4564; x_wconf 79' lang='lat' dir='ltr'><strong>Paulus</strong></span> <span class='ocrx_word' id='word_1_468' title='bbox 1632 4502 1672 4565; x_wconf 92' lang='lat' dir='ltr'><strong>de</strong></span> <span class='ocrx_word' id='word_1_469' title='bbox 1688 4491 1805 4585; x_wconf 60' lang='lat' dir='ltr'><strong>poffl</strong></span> 
     </span>
     <span class='ocr_line' id='line_1_46' title="bbox 391 4575 1805 4674; baseline -0.002 -20"><span class='ocrx_word' id='word_1_470' title='bbox 391 4591 430 4654; x_wconf 87' lang='lat' dir='ltr'><strong>ed</strong></span> <span class='ocrx_word' id='word_1_471' title='bbox 445 4592 581 4674; x_wconf 77' lang='lat' dir='ltr'><strong>politium</strong></span> <span class='ocrx_word' id='word_1_472' title='bbox 594 4599 751 4653; x_wconf 83' lang='lat' dir='ltr'><strong>externum</strong></span> <span class='ocrx_word' id='word_1_473' title='bbox 761 4590 987 4671; x_wconf 90' lang='lat' dir='ltr'><strong>pertinentibus.</strong></span> <span class='ocrx_word' id='word_1_474' title='bbox 1003 4587 1082 4650; x_wconf 78' lang='lat' dir='ltr'><strong>Nem</strong></span> <span class='ocrx_word' id='word_1_475' title='bbox 1136 4594 1220 4653; x_wconf 88' lang='lat' dir='ltr'><strong>Rom.</strong></span> <span class='ocrx_word' id='word_1_476' title='bbox 1246 4593 1310 4651; x_wconf 85' lang='lat'>13.:</span> <span class='ocrx_word' id='word_1_477' title='bbox 1340 4593 1399 4651; x_wconf 88' lang='lat' dir='ltr'><strong>Dei</strong></span> <span class='ocrx_word' id='word_1_478' title='bbox 1419 4593 1505 4651; x_wconf 88' lang='lat' dir='ltr'><strong>enim</strong></span> <span class='ocrx_word' id='word_1_479' title='bbox 1527 4592 1678 4652; x_wconf 80' lang='lat' dir='ltr'><strong>minister</strong></span> <span class='ocrx_word' id='word_1_480' title='bbox 1700 4575 1805 4665; x_wconf 49' lang='lat' dir='ltr'><strong>8,st</strong></span> 
     </span>
     <span class='ocr_line' id='line_1_47' title="bbox 389 4671 1769 4759; baseline -0.001 -18"><span class='ocrx_word' id='word_1_481' title='bbox 389 4682 421 4741; x_wconf 88' lang='lat' dir='ltr'><strong>in</strong></span> <span class='ocrx_word' id='word_1_482' title='bbox 437 4680 495 4751; x_wconf 84' lang='lat' dir='ltr'><strong>bis,</strong></span> <span class='ocrx_word' id='word_1_483' title='bbox 511 4698 591 4759; x_wconf 87' lang='lat' dir='ltr'><strong>quse</strong></span> <span class='ocrx_word' id='word_1_484' title='bbox 606 4677 645 4737; x_wconf 82' lang='lat' dir='ltr'><strong>ed</strong></span> <span class='ocrx_word' id='word_1_485' title='bbox 656 4677 810 4738; x_wconf 75' lang='lat' dir='ltr'><strong>Ecclesiae</strong></span> <span class='ocrx_word' id='word_1_486' title='bbox 824 4677 958 4756; x_wconf 75' lang='lat' dir='ltr'><strong>regium</strong></span> <span class='ocrx_word' id='word_1_487' title='bbox 973 4682 1004 4736; x_wconf 89' lang='lat' dir='ltr'><strong>et</strong></span> <span class='ocrx_word' id='word_1_488' title='bbox 1018 4671 1084 4757; x_wconf 88' lang='lat' dir='ltr'><strong>(qui</strong></span> <span class='ocrx_word' id='word_1_489' title='bbox 1137 4682 1173 4740; x_wconf 90' lang='lat' dir='ltr'><strong>in</strong></span> <span class='ocrx_word' id='word_1_490' title='bbox 1189 4678 1317 4751; x_wconf 83' lang='lat' dir='ltr'><strong>bonum,</strong></span> <span class='ocrx_word' id='word_1_491' title='bbox 1333 4698 1369 4736; x_wconf 83' lang='lat' dir='ltr'><strong>sc</strong></span> <span class='ocrx_word' id='word_1_492' title='bbox 1385 4698 1519 4739; x_wconf 86' lang='lat' dir='ltr'><strong>rursum:</strong></span> <span class='ocrx_word' id='word_1_493' title='bbox 1542 4678 1605 4737; x_wconf 90' lang='lat' dir='ltr'><strong>Dei</strong></span> <span class='ocrx_word' id='word_1_494' title='bbox 1620 4680 1769 4740; x_wconf 67' lang='lat' dir='ltr'><strong>menteo-</strong></span> 
     </span>
     <span class='ocr_line' id='line_1_48' title="bbox 392 4760 1763 4846; baseline 0.001 -22"><span class='ocrx_word' id='word_1_495' title='bbox 392 4766 473 4827; x_wconf 89' lang='lat' dir='ltr'><strong>illius</strong></span> <span class='ocrx_word' id='word_1_496' title='bbox 485 4765 637 4846; x_wconf 74' lang='lat' dir='ltr'><strong>regiminis</strong></span> <span class='ocrx_word' id='word_1_497' title='bbox 649 4764 718 4825; x_wconf 87' lang='lat' dir='ltr'><strong>finis</strong></span> <span class='ocrx_word' id='word_1_498' title='bbox 731 4760 787 4840; x_wconf 83' lang='lat' dir='ltr'><strong>eet)</strong></span> <span class='ocrx_word' id='word_1_499' title='bbox 803 4763 930 4824; x_wconf 84' lang='lat' dir='ltr'><strong>sulutem</strong></span> <span class='ocrx_word' id='word_1_500' title='bbox 945 4770 1085 4843; x_wconf 86' lang='lat' dir='ltr'><strong>spectent</strong></span> <span class='ocrx_word' id='word_1_501' title='bbox 1137 4765 1256 4828; x_wconf 75' lang='lat' dir='ltr'><strong>vindex</strong></span> <span class='ocrx_word' id='word_1_502' title='bbox 1278 4768 1315 4825; x_wconf 89' lang='lat' dir='ltr'><strong>in</strong></span> <span class='ocrx_word' id='word_1_503' title='bbox 1337 4768 1423 4825; x_wconf 87' lang='lat' dir='ltr'><strong>iram</strong></span> <span class='ocrx_word' id='word_1_504' title='bbox 1436 4766 1476 4839; x_wconf 91' lang='lat' dir='ltr'><strong>ei,</strong></span> <span class='ocrx_word' id='word_1_505' title='bbox 1499 4765 1556 4841; x_wconf 87' lang='lat' dir='ltr'><strong>qui</strong></span> <span class='ocrx_word' id='word_1_506' title='bbox 1578 4765 1667 4825; x_wconf 88' lang='lat' dir='ltr'><strong>male</strong></span> <span class='ocrx_word' id='word_1_507' title='bbox 1689 4765 1763 4842; x_wconf 71' lang='lat' dir='ltr'><strong>anit.</strong></span> 
     </span>
     <span class='ocr_line' id='line_1_49' title="bbox 391 4848 1715 4935; baseline -0.001 -21"><span class='ocrx_word' id='word_1_508' title='bbox 391 4853 565 4927; x_wconf 79' lang='lat' dir='ltr'><strong>animarum,</strong></span> <span class='ocrx_word' id='word_1_509' title='bbox 588 4849 728 4912; x_wconf 78' lang='lat' dir='ltr'><strong>Christus</strong></span> <span class='ocrx_word' id='word_1_510' title='bbox 750 4870 836 4910; x_wconf 89' lang='lat' dir='ltr'><strong>sunm</strong></span> <span class='ocrx_word' id='word_1_511' title='bbox 859 4848 989 4911; x_wconf 78' lang='lat' dir='ltr'><strong>babebat</strong></span> <span class='ocrx_word' id='word_1_512' title='bbox 1002 4851 1083 4910; x_wconf 78' lang='lat' dir='ltr'><strong>vice·</strong></span> <span class='ocrx_word' id='word_1_513' title='bbox 1138 4872 1198 4935; x_wconf 89' lang='lat' dir='ltr'><strong>quo</strong></span> <span class='ocrx_word' id='word_1_514' title='bbox 1214 4854 1305 4914; x_wconf 89' lang='lat' dir='ltr'><strong>etiam</strong></span> <span class='ocrx_word' id='word_1_515' title='bbox 1327 4862 1463 4932; x_wconf 80' lang='lat' dir='ltr'><strong>nppsret,</strong></span> <span class='ocrx_word' id='word_1_516' title='bbox 1486 4851 1630 4913; x_wconf 82' lang='lat' dir='ltr'><strong>misenen</strong></span> <span class='ocrx_word' id='word_1_517' title='bbox 1644 4850 1715 4913; x_wconf 81' lang='lat' dir='ltr'><strong>Deo</strong></span> 
     </span>
    </p>
   </div>
   <div class='ocr_carea' id='block_1_3' title="bbox 390 4934 1795 5109">
    <p class='ocr_par' dir='ltr' id='par_1_3' title="bbox 390 4934 1795 5109">
     <span class='ocr_line' id='line_1_50' title="bbox 390 4934 1795 5020; baseline 0.002 -21"><span class='ocrx_word' id='word_1_518' title='bbox 390 4940 467 5000; x_wconf 89' lang='lat' dir='ltr'><strong>rium</strong></span> <span class='ocrx_word' id='word_1_519' title='bbox 490 4938 611 5000; x_wconf 87' lang='lat' dir='ltr'><strong>Petrum</strong></span> <span class='ocrx_word' id='word_1_520' title='bbox 631 4936 817 5019; x_wconf 82' lang='lat' dir='ltr'><strong>Apostolum,</strong></span> <span class='ocrx_word' id='word_1_521' title='bbox 840 4944 869 4996; x_wconf 89' lang='lat' dir='ltr'><strong>et</strong></span> <span class='ocrx_word' id='word_1_522' title='bbox 890 4934 983 4996; x_wconf 88' lang='lat' dir='ltr'><strong>hebet</strong></span> <span class='ocrx_word' id='word_1_523' title='bbox 1003 4956 1084 4998; x_wconf 90' lang='lat' dir='ltr'><strong>nuuc</strong></span> <span class='ocrx_word' id='word_1_524' title='bbox 1136 4940 1229 5020; x_wconf 78' lang='lat' dir='ltr'><strong>telligi</strong></span> <span class='ocrx_word' id='word_1_525' title='bbox 1245 4939 1351 5000; x_wconf 89' lang='lat' dir='ltr'><strong>debere</strong></span> <span class='ocrx_word' id='word_1_526' title='bbox 1375 4960 1435 5000; x_wconf 95' lang='lat' dir='ltr'><strong>non</strong></span> <span class='ocrx_word' id='word_1_527' title='bbox 1458 4937 1554 4999; x_wconf 89' lang='lat' dir='ltr'><strong>solum</strong></span> <span class='ocrx_word' id='word_1_528' title='bbox 1571 4937 1668 4999; x_wconf 83' lang='lat' dir='ltr'><strong>duces</strong></span> <span class='ocrx_word' id='word_1_529' title='bbox 1681 4957 1738 5002; x_wconf 73' lang='lat' dir='ltr'><strong>ses</strong></span> <span class='ocrx_word' id='word_1_530' title='bbox 1790 5005 1795 5012; x_wconf 76' lang='grc'><strong>,</strong></span> 
     </span>
     <span class='ocr_line' id='line_1_51' title="bbox 391 5023 1788 5109; baseline 0.003 -23"><span class='ocrx_word' id='word_1_531' title='bbox 391 5026 588 5108; x_wconf 80' lang='lat' dir='ltr'><strong>qnoqueejus</strong></span> <span class='ocrx_word' id='word_1_532' title='bbox 601 5045 810 5098; x_wconf 84' lang='lat' dir='ltr'><strong>successorem,</strong></span> <span class='ocrx_word' id='word_1_533' title='bbox 824 5023 993 5090; x_wconf 77' lang='lat' dir='ltr'><strong>Romanum</strong></span> <span class='ocrx_word' id='word_1_534' title='bbox 1009 5044 1081 5106; x_wconf 88' lang='lat' dir='ltr'><strong>pon·</strong></span> <span class='ocrx_word' id='word_1_535' title='bbox 1136 5025 1225 5103; x_wconf 87' lang='lat' dir='ltr'><strong>sides,</strong></span> <span class='ocrx_word' id='word_1_536' title='bbox 1247 5025 1302 5089; x_wconf 89' lang='lat' dir='ltr'><strong>sed</strong></span> <span class='ocrx_word' id='word_1_537' title='bbox 1324 5027 1414 5087; x_wconf 82' lang='lat' dir='ltr'><strong>etiem</strong></span> <span class='ocrx_word' id='word_1_538' title='bbox 1435 5044 1539 5107; x_wconf 75' lang='lat' dir='ltr'><strong>regem</strong></span> <span class='ocrx_word' id='word_1_539' title='bbox 1560 5026 1671 5109; x_wconf 78' lang='lat' dir='ltr'><strong>ipsun,</strong></span> <span class='ocrx_word' id='word_1_540' title='bbox 1694 5023 1735 5090; x_wconf 77' lang='lat' dir='ltr'><strong>et</strong></span> <span class='ocrx_word' id='word_1_541' title='bbox 1786 5025 1788 5030; x_wconf 76' lang='grc'><strong>’</strong></span> 
     </span>
    </p>
   </div>
   <div class='ocr_carea' id='block_1_4' title="bbox 0 0 2227 5825">
    <p class='ocr_par' dir='ltr' id='par_1_4' title="bbox 0 0 2227 5825">
     <span class='ocr_line' id='line_1_52' title="bbox 0 0 2227 5825; baseline 0 0"><span class='ocrx_word' id='word_1_542' title='bbox 0 0 2227 5825; x_wconf 95' lang='lat' dir='ltr'><strong> </strong></span> 
     </span>
    </p>
   </div>
  </div>
 </body>
</html>
