4442 5825
709 607 864 666 comm.
881 608 915 664 nt
932 608 999 664 Cdl’.
1016 610 1036 663 l.
1054 609 1148 664 Ellisl.
1164 609 1192 663 ll.
1210 609 1238 664 B.
1254 607 1350 663 mlii.
1384 606 1470 662 VM.
1488 607 1513 662 i.
1760 611 1833 682 58⁵1

387 791 494 857 nostri
519 790 605 859 Josu
631 788 756 858 Christi
781 790 939 858 virtutem
967 795 1001 858 at
1027 789 1270 878 praesentiam3
1298 785 1359 854 sod
1385 786 1613 874 speculatores
1639 784 1719 853 laeti
1746 785 1836 853 illius

388 894 637 982 magnitudinis.
695 896 752 961 17.
787 896 967 981 Aooipiens
1004 896 1089 961 enim
1124 893 1245 961 aDeo
1282 891 1385 958 Patre
1420 890 1579 959 honorem
1616 895 1651 958 ot
1685 890 1836 976 gloriam,

389 1018 473 1067 vooe
502 999 640 1086 delapsa
666 998 710 1065 ad
746 1019 820 1066 eum
856 999 1086 1086 huJusoemodi
1114 1019 1134 1066 a
1161 996 1336 1083 magnifica
1361 985 1524 1081 glorla¹):
1562 993 1626 1061 Hie
1654 998 1705 1061 est
1731 993 1837 1061 Filius

388 1121 483 1171 meus
519 1102 679 1190 dilectus,
720 1104 755 1170 ln
791 1123 855 1192 quo
896 1104 978 1170 mihi
1013 1102 1219 1191 eomplaoui3
1261 1102 1368 1187 ipsum
1403 1097 1533 1167 auditei
1584 1100 1642 1168 18.
1670 1098 1714 1165 Et
1748 1097 1835 1164 hane

388 1227 506 1275 vocem
533 1228 594 1274 nos
622 1207 808 1275 audivimus
836 1207 877 1274 de
905 1208 999 1275 eoelo
1021 1208 1169 1293 allatam,
1197 1225 1271 1273 aum
1294 1222 1439 1272 essemus
1467 1223 1541 1271 oum
1561 1203 1635 1291 ipso
1662 1204 1696 1269 in
1722 1206 1835 1268 monte

389 1318 519 1378 saneto.
577 1313 634 1378 19.
662 1312 707 1378 Et
733 1310 894 1378 habemus
922 1313 1098 1379 firmiorem
1123 1309 1354 1398 propheticum
1384 1327 1586 1395 sermonem,
1614 1307 1668 1373 oui
1693 1303 1835 1373 boneia·

389 1417 466 1482 aitis
492 1415 724 1502 attendentes,
761 1417 856 1503 qussi
888 1415 1044 1483 lucernae
1080 1415 1206 1483 lucenti
1241 1415 1275 1479 in
1302 1411 1483 1498 caliginoso
1510 1413 1601 1497 loeo,
1630 1409 1736 1477 donea
1764 1409 1836 1476 dies

391 1521 581 1607 elucescat,
610 1524 644 1586 et
670 1519 789 1586 lucifer
816 1521 942 1586 oriatur
968 1521 1000 1586 in
1025 1517 1182 1586 sordibus
1209 1517 1348 1602 vestris;
1387 1516 1446 1582 20.
1475 1515 1539 1582 hoe
1565 1515 1706 1601 primum
1734 1513 1835 1581 intel·

388 1625 552 1710 ligantes,
595 1622 683 1712 quod
720 1625 825 1690 omnis
859 1624 1038 1710 prophetia
1073 1621 1267 1709 Scripturas
1302 1621 1439 1708 propria
1465 1618 1742 1706 interpretatione
1770 1638 1837 1684 non

388 1728 436 1794 lit.
492 1729 551 1793 21.
580 1728 655 1794 Non
691 1728 777 1795 enim
812 1727 985 1796 voluntate
1021 1729 1165 1794 humana
1198 1726 1302 1792 allata
1338 1729 1389 1791 est
1426 1722 1603 1813 aliquando
1638 1723 1835 1810 prophetia3

389 1830 451 1898 sed
478 1829 606 1919 Spiritu
632 1837 747 1899 saneto
774 1831 945 1920 inspirati,
971 1832 1077 1899 loeuti
1103 1837 1180 1899 sunt
1206 1830 1314 1897 saneti
1339 1828 1405 1897 Dei
1432 1829 1593 1896 homines.

868 2194 1071 2316 smmmun
1093 2247 1222 2316 amum
1243 2246 1351 2325 runt.

389 2367 506 2421 Gratiam
524 2370 550 2420 et
567 2380 658 2432 paoem
676 2375 813 2435 precatus,
832 2371 967 2432 admonet,
991 2373 1020 2423 ut
1038 2370 1113 2423 bonis
1131 2369 1252 2434 opertum
1270 2371 1379 2433 vacent,
1397 2369 1531 2422 doetrinae
1549 2379 1612 2420 suae
1630 2367 1682 2420 sint
1699 2377 1837 2429 memores,

494 2449 572 2501 ouum
591 2439 646 2502 ipse
665 2439 822 2502 ebornino,
849 2443 980 2504 spectator
1004 2441 1103 2503 gloriae
1122 2439 1192 2503 ejus,
1217 2439 1360 2504 acceperim
1384 2439 1459 2503 item,
1484 2442 1514 2490 ut
1530 2437 1633 2501 seriptis
1651 2435 1838 2499 Prophetarum

494 2507 647 2572 attendunt,
667 2520 734 2573 quae
752 2508 873 2562 divinitus
890 2510 940 2564 illis
958 2510 1084 2574 inspirata
1101 2509 1181 2562 luisse
1200 2510 1322 2562 declarat.

434 2616 462 2673 1.
485 2613 599 2675 Simon
614 2617 736 2676 Petraea
766 2616 889 2676 Petram
909 2617 1087 2699 Apostolum
1142 2614 1232 2698 Quod
1244 2624 1345 2677 autem
1356 2617 1497 2697 opinatur
1507 2612 1717 2685 Oeeumenius,
1732 2612 1837 2674 Simo-

389 2708 481 2761 antea
494 2711 635 2762 vasatum
649 2700 743 2762 luisse
759 2702 925 2779 Simonem,
948 2706 1086 2785 Evanga·
1140 2723 1213 2767 nem
1234 2704 1412 2764 diminutive
1435 2701 1495 2763 diei
1517 2701 1713 2776 asimeone,
1736 2699 1837 2760 minua

390 2785 480 2847 llatae
495 2795 653 2849 testantur.
688 2786 779 2868 Quod
800 2810 926 2866 nomen,
952 2792 980 2852 ei
1000 2811 1086 2872 epa·
1141 2792 1249 2872 plaoet
1283 2791 1332 2852 De
1354 2789 1502 2850 voeabulo
1529 2789 1617 2849 Petri
1642 2785 1731 2859 vida,
1758 2804 1839 2866 quaa

388 2871 524 2935 rentibus
553 2875 697 2949 inditum,
731 2879 895 2958 permansit
922 2897 1021 2958 usque
1049 2877 1089 2941 ad
1141 2877 1271 2939 diximus
1287 2875 1326 2938 ad
1342 2878 1462 2940 initium
1477 2876 1587 2956 prioris
1599 2874 1765 2957 Epistolae

388 2969 556 3023 uuemum
571 2965 652 3024 vitae
667 2964 753 3024 diem.
792 2964 861 3025 Non
882 2966 960 3027 anim
976 2967 1019 3026 sio
1034 2967 1086 3026 im-
1183 2966 1300 3027 Servum
1337 2975 1367 3026 et
1395 2963 1566 3042 Apostolus
1600 2967 1683 3027 Jaaa
1712 2962 1837 3025 coroa

389 3050 520 3128 positum
543 3051 573 3110 ei
595 3049 655 3110 luit
669 3068 688 3109 a
702 3050 821 3112 Christo
835 3054 965 3113 Domino
980 3072 1089 3115 nomen
1140 3053 1273 3114 sorsum
1289 3051 1398 3114 Christi
1414 3070 1448 3111 se
1462 3059 1560 3126 vocat,
1575 3058 1697 3132 propter
1706 3049 1837 3110 miniato·

389 3136 534 3212 capsae,
565 3135 664 3197 idest
689 3139 795 3213 Petet,
825 3138 931 3199 Matth.
959 3141 1025 3212 16„
1057 3146 1089 3199 nt
1140 3140 1216 3198 rium
1231 3139 1393 3217 Evangelii
1408 3136 1535 3200 dooendi
1551 3146 1583 3198 et
1593 3134 1790 3219 propagandi,
1805 3137 1837 3197 in

389 3221 483 3302 priori
498 3223 621 3283 nomine
636 3225 738 3284 vocari
750 3223 920 3301 desineret3
937 3224 1041 3287 sodex
1052 3245 1088 3287 eo
1141 3244 1201 3304 quo
1214 3226 1367 3287 serviebat
1378 3223 1649 3287 ChristoDomino.
1671 3223 1710 3284 Id
1722 3224 1836 3302 speeie·

389 3318 525 3389 tempore
552 3309 704 3371 binomius
741 3330 808 3371 esse
840 3314 955 3393 eoepit,
987 3322 1021 3373 ut
1050 3333 1088 3374 ex
1141 3312 1200 3373 lius
1226 3312 1374 3393 explieat,
1403 3312 1507 3374 addito
1533 3313 1653 3373 nomine
1681 3311 1837 3387 Apostoli,

389 3394 573 3472 Evangeliis
596 3405 627 3457 et
647 3399 732 3458 Aotis
755 3397 939 3478 apostolicis
961 3407 1088 3461 eonstat.
1142 3400 1229 3479 qussi
1256 3400 1352 3461 dieat:
1380 3399 1449 3460 Non
1475 3399 1705 3479 qnalisoumqua
1732 3414 1838 3458 servus

390 3480 552 3562 Quomodo
582 3502 639 3544 nae
664 3484 761 3547 Jaeob
790 3486 977 3561 Patriereha,
1007 3494 1086 3566 poet·
1141 3485 1269 3561 christi,
1285 3487 1339 3549 sed
1355 3486 1527 3567 Apostolus.
1558 3486 1621 3567 Qui
1636 3483 1749 3567 padus
1762 3485 1840 3544 iuter

390 3570 528 3648 quamsi
543 3567 730 3634 dictumest:
752 3574 857 3633 Israel
872 3573 1090 3651 appellabitur
1141 3574 1304 3654 Evangelii
1326 3573 1476 3635 ministros
1499 3590 1632 3635 summus
1653 3582 1734 3645 erat,
1760 3572 1839 3634 siout

389 3673 510 3718 nomm
535 3664 644 3733 taum,
672 3657 748 3720 Gen.
777 3662 841 3733 32„
872 3661 954 3739 priua
979 3681 1089 3722 nomen
1142 3669 1171 3720 et
1195 3661 1294 3741 ipsum
1319 3681 1428 3722 nomen
1460 3662 1640 3743 praecipuae
1671 3659 1838 3740 dignitatis.

391 3744 510 3820 amisit3
533 3744 589 3805 sed
603 3753 732 3824 utroque
756 3746 898 3827 deinceps
921 3748 1089 3828 appellatus
1141 3747 1219 3808 Nam
1234 3750 1282 3809 sui
1304 3750 1456 3829 primatus
1471 3751 1651 3808 mentionem
1672 3746 1733 3808 huo
1748 3754 1781 3806 ut
1795 3750 1837 3806 ln·

389 3830 454 3891 tait.
477 3832 606 3906 simon,
624 3831 754 3894 Graece:
781 3826 924 3913 Συμεὼν,
946 3835 1087 3915 quemad·
1141 3834 1248 3911 ferret,
1262 3835 1344 3895 haud
1359 3842 1562 3916 opportunum
1577 3842 1652 3895 arat.

389 3916 513 3978 modum
533 3925 565 3977 ot
587 3917 695 3998 legitur
725 3918 782 3981 hoo
803 3940 912 3982 nomen
931 3920 998 3983 Aet
1022 3926 1089 3985 15.:
1185 3922 1246 3997 Iis,
1269 3926 1325 3999 qai
1340 3922 1542 3999 coaequalem
1557 3921 1719 3984 nobismet
1733 3921 1838 3981 sortiti

389 4007 529 4082 symeon
550 4009 702 4067 novavit
722 4014 794 4085 σίας
820 4009 940 4068 tametsi
966 4007 1088 4089 quidam
1140 4015 1215 4068 sunt
1230 4009 1333 4085 Mem.
1357 4011 1416 4084 Its,
1434 4010 1560 4088 supple:
1585 4009 1700 4069 aertlit
1739 4009 1839 4071 Ooae-

389 4091 498 4153 Gnosi
513 4089 632 4153 eodioes
654 4092 712 4154 hoo
734 4093 801 4154 looo
823 4094 953 4156 habent:
977 4089 1088 4173 Σίμων.
1142 4096 1285 4173 malem,
1302 4095 1433 4157 Graeoe:
1459 4087 1610 4175 ἰσότιμον,
1633 4094 1664 4155 id
1680 4103 1839 4172 artaeque

388 4176 450 4239 eod
465 4177 557 4258 priori
573 4177 697 4240 loetioni
710 4190 877 4243 consonant
888 4190 1004 4243 veteres
1020 4201 1087 4244 eon·
1140 4184 1321 4259 pretiosam.
1343 4183 1413 4243 Nou
1428 4182 1509 4262 quod
1520 4183 1596 4244 fides
1608 4184 1739 4243 omnium
1752 4181 1836 4243 Chri·

388 4262 569 4326 oordeutiae.
593 4265 1089 4347 Quodquidemnomeuflsbreioe
1142 4270 1304 4330 stisnorum
1327 4289 1425 4350 aeque
1451 4289 1561 4351 magna
1586 4278 1681 4349 etque
1706 4268 1839 4347 perlaeta

387 4353 600 4432 pronuntiatur
622 4354 772 4431 simion,
796 4355 904 4417 Genea.
924 4356 975 4415 34.
993 4358 1042 4418 35.
1058 4364 1088 4416 et
1142 4357 1194 4428 sit,
1221 4375 1258 4417 eo
1279 4356 1360 4435 peria
1382 4358 1498 4434 meriti3'
1523 4375 1593 4417 nam
1616 4359 1648 4417 in
1669 4353 1838 4435 Evangelio

388 4437 479 4514 alibi3
494 4458 549 4517 pro
565 4460 627 4519 quo
643 4439 743 4502 LXX.
760 4441 957 4504 reddiderunt
972 4442 1087 4523 trissyl·
1142 4443 1195 4502 alii
1217 4442 1341 4504 dieitur:
1368 4444 1489 4518 Mopso
1512 4452 1556 4505 eat
1578 4444 1654 4521 tides
1675 4450 1753 4518 ωας
1777 4439 1838 4516 alii,

386 4524 507 4586 labumt
523 4526 661 4601 Simeon,
672 4526 782 4588 alitera
789 4529 922 4590 melioris
930 4528 1087 4590 facilioris
1142 4528 1225 4609 quod
1239 4529 1376 4591 modiane
1391 4529 1461 4592 fidei
1477 4533 1550 4604 sint,
1574 4532 1783 4609 increpantur3
1807 4536 1840 4589 et

388 4630 451 4692 qua
467 4611 534 4672 soni
550 4630 644 4675 eausa
659 4615 844 4695 interposita.
882 4616 924 4676 At
942 4617 972 4676 in
987 4618 1088 4676 livan-
1142 4616 1283 4696 discipuli
1291 4617 1452 4679 Dominum
1465 4625 1586 4698 rogant:
1602 4616 1737 4691 Adoape
1748 4614 1839 4677 eote

388 4698 478 4778 galiis
502 4700 615 4776 passim
642 4700 767 4762 dieitur:
794 4704 921 4777 Simon,
947 4723 1023 4763 voce
1049 4699 1088 4762 ad
1140 4704 1410 4780 fldem,Luo.17.
1433 4700 1837 4784 sedaeqoepretioeamdi-

388 4803 477 4846 usum
489 4783 627 4848 (imaeue
636 4787 860 4849 eonsuetudiuis
869 4797 983 4870 aptata.
1007 4788 1087 4850 Nam
1142 4792 1181 4852 eit
1197 4790 1307 4871 objecti
1321 4793 1451 4863 ratione,
1468 4790 1549 4871 quod
1565 4787 1670 4850 eadem
1684 4789 1838 4869 promissa,

388 4872 530 4934 Olmones
551 4870 636 4935 luere
656 4875 822 4956 complures
845 4875 927 4958 apud
946 4875 1087 4938 Graeeos.
1142 4897 1178 4940 aa
1204 4876 1307 4940 eadem
1332 4878 1478 4959 mysteria
1504 4897 1558 4960 per
1584 4875 1673 4936 fidem
1699 4876 1838 4940 omuibus

387 4993 706 5007 ——V—

493 5047 517 5121 ¹)
534 5050 622 5106 flattu
644 5054 685 5123 17,
705 5057 728 5109 1.
746 5067 803 5123 seq.
