4442 5825
449 587 522 660 ‘152
679 623 682 628 n
957 583 1193 639 conminus
1210 582 1242 639 or
1259 583 1326 639 cer.
1343 584 1382 638 rr.

446 759 487 820 nd
502 761 685 840 superiorem
701 761 947 837 exhortationem,
972 761 1033 837 nbi,
1055 781 1136 824 oom-
1181 761 1383 843 ‚diligendum
1399 762 1537 835 occurrit,
1558 767 1675 842 utpote
1690 759 1822 822 eeneibue
1834 780 1872 820 ex·

447 857 611 909 memorate
627 855 712 909 teute
724 848 782 908 Dei
797 850 921 909 oeritete
935 868 1009 928 erge
1024 869 1088 923 noe,
1103 859 1138 910 ιιι
1193 851 1342 930 peritum,
1368 869 1405 909 ee
1426 850 1453 909 ei
1475 846 1576 911 dicet:
1606 846 1671 929 Qui
1696 868 1758 909 nou
1779 846 1876 909 uuile

448 937 535 995 etiem
547 934 656 996 Filium
669 935 783 996 miserit
795 937 1061 1012 propitiationem
1073 953 1137 1012 pro
1196 936 1294 997 officie
1309 937 1445 998 ceritetie
1461 954 1534 1017 erge
1554 936 1718 1014 fratrem,
1741 955 1826 1013 peon
1838 937 1876 993 oi·

445 1023 582 1099 peceatie
595 1025 723 1096 nostrie,
747 1023 790 1082 itu
805 1023 1010 1083 concluserat:
1028 1022 1137 1084 Garie-
1195 1024 1258 1099 det,
1276 1020 1306 1082 id
1321 1034 1376 1097 eet,
1395 1022 1545 1083 lrouriuern
1560 1021 1623 1084 eibi
1637 1030 1756 1096 uotum,
1770 1031 1797 1082 et
1808 1021 1875 1099 cuju

445 1111 529 1185 rimi,
544 1111 572 1168 ei
586 1111 631 1169 ric
646 1110 732 1169 Deue
746 1109 858 1170 dilexit
872 1128 940 1182 noe,
964 1117 994 1170 et
1007 1128 1067 1170 noe
1080 1109 1137 1170 dc·
1195 1108 1281 1170 novit
1296 1110 1501 1184 ueoeeeitetee,
1516 1117 1551 1171 ut
1566 1110 1607 1170 iie
1623 1109 1797 1188 couepeetie
1809 1116 1875 1168 eete-

447 1197 555 1257 bemor
577 1195 768 1256 alterutrum
792 1195 931 1271 dilipere.
955 1195 1024 1257 Hoc
1045 1196 1139 1277 igitur
1195 1197 1299 1257 reliter
1320 1196 1435 1257 movui
1457 1194 1573 1258 debeet
1595 1196 1639 1257 ed
1664 1195 1875 1256 cornurieeretio

446 1292 500 1355 oet,
524 1281 606 1363 quod
621 1302 701 1343 nnnc
715 1283 833 1363 repetit,
853 1292 942 1343 utone
957 1281 1138 1344 exhortendi
1196 1302 1262 1343 nem
1278 1291 1309 1342 et
1323 1281 1492 1344 eubeidiuru
1511 1281 1757 1364 preeeteuduru:
1778 1283 1802 1342 ie
1820 1301 1875 1362 qen

446 1369 553 1446 modo;
576 1369 632 1429 ulei
654 1368 736 1450 quod
750 1367 813 1429 illic
836 1369 945 1442 intulit,
967 1368 1138 1449 diligendos
1194 1368 1284 1430 ruodo
1300 1369 1409 1445 Deum,
1432 1389 1523 1450 quern
1544 1388 1720 1450 numqueur
1741 1369 1820 1442 vidit,
1837 1367 1878 1428 red

446 1475 513 1517 eree
526 1459 649 1530 neon,
671 1456 720 1516 lric
734 1464 835 1516 eutem
858 1453 955 1531 infert,
976 1457 1076 1516 Deum
1091 1456 1136 1516 vi·
1195 1465 1313 1518 tentum
1326 1455 1429 1528 credit,
1444 1456 1577 1535 diligere
1588 1456 1718 1536 poterit,
1734 1475 1770 1516 eo
1783 1453 1878 1516 eeiliret

447 1545 547 1605 cieeim
568 1541 755 1623 diligendum
775 1561 852 1617 eree,
875 1562 912 1604 eo
933 1545 1074 1604 nimirum
1090 1562 1136 1602 er·
1195 1541 1366 1604 dilectionis
1381 1542 1478 1618 modo,
1494 1542 1548 1624 qui
1564 1543 1595 1603 ei
1610 1539 1768 1603 debetur?
1787 1540 1877 1622 Qeeu

445 1638 601 1710 gemente,
624 1631 695 1709 quie
718 1629 905 1691 benefactori
927 1627 1138 1710 rependendae
1194 1631 1241 1691 vie
1257 1630 1338 1690 euim
1353 1629 1573 1691 iretereuobie
1585 1627 1875 1709 diligendueitpro

446 1724 494 1778 eet
507 1737 590 1777 eruor
603 1735 639 1776 eo
651 1717 755 1797 megin,
771 1735 830 1798 quo
840 1717 939 1796 mejue
953 1715 1139 1798 preeetiterit
1194 1725 1262 1797 pter
1275 1717 1383 1788 Deum,
1398 1718 1480 1796 prior
1490 1725 1597 1777 temen
1608 1725 1660 1777 eet
1676 1725 1794 1790 ueture
1807 1734 1877 1796 qeee

445 1803 640 1880 beneficium
663 1803 754 1885 quale
768 1803 854 1864 nobie
869 1803 971 1882 utique
988 1820 1137 1863 summum
1194 1803 1311 1883 gretie3
1333 1812 1363 1863 et
1376 1802 1541 1865 recondunt
1556 1811 1706 1864 netureu
1721 1804 1801 1885 priue
1813 1823 1875 1864 ιιι

445 1903 477 1952 et
492 1889 717 1952 iueeetiurebile
739 1890 892 1968 preeetitit
905 1890 1002 1966 Deue,
1020 1897 1054 1949 ut
1068 1908 1135 1970 pro·
1193 1910 1262 1951 mue
1289 1891 1364 1963 viee,
1391 1910 1482 1969 quem
1505 1911 1568 1951 uon
1590 1891 1674 1950 viee.
1713 1889 1791 1950 Neru
1816 1892 1877 1950 ιὴιι

445 1977 517 2038 iude
543 1995 656 2038 rumore
682 1976 769 2038 nobie
798 1974 970 2057 diligendue
996 1979 1045 2039 eit.
1087 1975 1137 2037 Ex
1194 1977 1291 2038 omnir
1305 1985 1407 2038 uoetre
1421 1978 1537 2050 notitie,
1551 1977 1600 2037 eie
1614 1987 1651 2037 et
1666 1978 1767 2038 omuie
1780 1996 1876 2037 encre

445 2063 503 2125 lroc
527 2073 627 2124 eutem
653 2062 756 2124 debito
779 2064 914 2124 ceritetie
940 2083 1012 2142 erge
1035 2064 1137 2124 Deum
1194 2082 1284 2124 eeueu
1306 2062 1392 2125 ducit
1410 2064 1569 2143 originem.
1592 2062 1662 2125 Ieto
1678 2061 1746 2125 fere
1759 2061 1874 2126 notre

445 2169 635 2231 consequere
650 2159 706 2224 eet,
727 2157 761 2210 ut
776 2160 807 2211 et
821 2150 928 2212 iretree
944 2148 1070 2230 diligere
1084 2149 1136 2210 dc-
1195 2149 1330 2213 'I'homeo
1345 2150 1479 2231 explicet
1493 2150 1573 2211 hune
1588 2149 1697 2211 locum
1712 2151 1743 2211 iu
1755 2152 1784 2212 2.
1793 2168 1844 2212 ιιι
1853 2170 1875 2229 q.

445 2237 580 2311 beemue,
596 2237 669 2318 quie
683 2238 729 2297 eio
744 2236 796 2299 ille
811 2238 972 2318 praecepit
997 2235 1095 2312 Unde,
1110 2236 1137 2296 ei
1195 2238 1246 2297 26.
1260 2245 1315 2298 ert
1333 2241 1362 2299 2.
1377 2236 1417 2298 ed
1435 2242 1462 2297 1.
1486 2235 1547 2298 Ubi
1563 2235 1711 2299 videntur
1727 2237 1843 2299 Benna

445 2326 513 2407 quie
542 2323 667 2385 tratrem
693 2344 754 2385 uon
783 2323 896 2404 diligit,
925 2321 1073 2396 ooteudit,
1104 2342 1137 2383 ee
1238 2327 1288 2385 21.
1312 2325 1356 2386 Et
1379 2325 1438 2385 ltoc
1463 2325 1666 2386 mandatum
1694 2324 1872 2385 Ιιαὸιιιιιι

443 2411 553 2485 Deuru,
576 2421 609 2472 ut
632 2419 761 2490 oportet,
781 2432 842 2473 non
865 2409 1001 2492 diligere.
1024 2411 1065 2472 lit
1079 2409 1138 2470 hoc
1194 2412 1276 2486 Deo,
1298 2418 1345 2488 ret,
1371 2413 1427 2490 qui
1448 2411 1556 2488 dilicit
1578 2411 1703 2487 Deum,
1730 2411 1873 2489 dilipete

445 2507 500 2572 oet,
515 2496 597 2579 quod
612 2499 767 2578 requitur:
1192 2498 1332 2575 fratrem
1354 2516 1457 2560 eumn.
1486 2502 1515 2560 Δ
1531 2499 1614 2573 Deo,
1641 2495 1767 2560 Greece
1785 2507 1813 2560 et
1829 2496 1870 2576 Sy

488 2586 538 2649 20.
560 2585 595 2647 st
611 2588 681 2663 quir
695 2585 833 2646 dicerit:
855 2587 1015 2664 Quoniam
1037 2582 1136 2658 dilioo
1192 2586 1291 2645 riece:
1306 2584 1347 2645 ob
1362 2585 1421 2647 Eo.
1444 2583 1496 2646 Sic
1510 2593 1541 2645 et
1551 2583 1754 2664 Augurem
1769 2583 1871 2666 legite

447 2674 548 2735 Dotem
556 2694 568 2748 ,·
591 2678 621 2731 et
640 2673 779 2751 sconem
800 2690 893 2733 eurem
908 2670 1022 2744 oderit,
1045 2687 1137 2731 men·
1193 2689 1255 2731 uon
1269 2672 1357 2752 penei
1372 2672 1493 2733 oodioee
1507 2670 1596 2732 MS&
1613 2670 1711 2752 Quod
1723 2668 1871 2752 quide-el

444 2761 512 2821 doc
533 2766 586 2819 ert.
617 2760 796 2838 Quoniam,
818 2757 972 2819 redundet
993 2755 1136 2818 Hebraeo
1194 2755 1348 2821 Christum
1370 2757 1513 2832 referunt,
1535 2757 1628 2836 enjus
1649 2757 1868 2820 rueudetenie

444 2865 534 2908 more
557 2844 745 2907 Senonum:
767 2844 802 2907 Si
817 2846 887 2927 quie
903 2843 1025 2919 dixerit,
1040 2862 1075 2905 ee
1089 2843 1134 2904 di·
1194 2843 1299 2907 benur
1315 2846 1346 2906 iu
1359 2843 1540 2926 Evengelio,
1553 2853 1591 2905 ut
1601 2844 1715 2906 iretree
1725 2843 1869 2927 diligen

443 2934 540 3014 ligore
559 2932 669 3006 Deum,
692 2931 808 2994 eoilicet
827 2952 863 2993 ee
882 2931 1052 3005 dilectione,
1075 2949 1137 3012 que
1193 2931 1305 2993 Verum
1321 2934 1395 3013 quie
1416 2929 1455 2995 de
1472 2929 1597 2992 Obrieto
1619 2930 1703 2993 uileil
1725 2930 1869 3014 preeeed

444 3017 617 3097 diligendue
633 3030 696 3081 ert:
720 3028 750 3080 et
770 3019 891 3082 iuterim
911 3018 1034 3080 iretrem
1050 3037 1137 3078 euuru
1193 3019 1290 3080 eetiue
1305 3027 1359 3093 eet,
1375 3028 1418 3094 ut,
1433 3020 1525 3099 juxte
1540 3017 1690 3099 vulgetoe
1706 3020 1825 3088 codice.
1842 3012 1869 3076 el

443 3116 497 3169 eut
511 3104 617 3181 oderit,
640 3116 692 3167 eut
715 3108 836 3168 omniuo
858 3126 919 3167 non
942 3104 1061 3185 diliget,
1083 3101 1138 3165 eod
1194 3106 1300 3167 Decem
1315 3105 1489 3166 celeremue
1512 3104 1572 3165 lon
1583 3106 1783 3167 eutemlreec
1797 3103 1868 3166 elter

443 3195 483 3256 eb
509 3192 617 3254 effectu
641 3212 715 3254 euno
737 3192 907 3255 dilectiouie
930 3192 1087 3254 excludet:
1110 3191 1137 3251 ie
1194 3193 1272 3253 retio
1287 3191 1528 3273 adprehendunt
1542 3210 1615 3252 eum
1631 3188 1869 3271 mendenenqe'

442 3279 572 3342 mendex
602 3288 663 3354 eet,
701 3279 733 3341 id
763 3288 822 3355 eet,
852 3280 963 3342 ieleuur
993 3277 1137 3359 loquitur,
1194 3297 1262 3339 cum
1276 3299 1338 3340 non
1353 3278 1462 3359 diliget
1483 3278 1618 3351 iretreru,
1642 3278 1782 3353 effimet,
1801 3274 1867 3338 eod

443 3368 560 3429 etiemei
582 3385 759 3447 pertueeum
782 3366 859 3429 iorte
874 3366 992 3441 hebeet
1018 3385 1053 3427 ee
1068 3363 1135 3426 dili·
1194 3363 1290 3445 ligere
1311 3366 1430 3442 Denm3
1452 3374 1576 3445 eurnpte
1597 3364 1751 3427 videlieet
1771 3364 1869 3443 exiret

442 3473 513 3535 gero
525 3453 634 3515 Denru.
655 3453 735 3515 Nem
746 3452 828 3534 qnod
840 3452 922 3528 dicit,
937 3451 1016 3514 lecto
1027 3459 1136 3532 neget,
1194 3452 1263 3527 Dei,
1280 3471 1342 3532 que
1355 3452 1464 3515 iretree
1479 3451 1611 3532 diligere
1622 3452 1868 3533 jubarumque

444 3542 556 3603 dictum
581 3549 630 3602 eet
651 3548 754 3601 eutem
779 3559 871 3621 eupre
897 3560 964 3619 eep.
988 3543 1031 3603 3.:
1062 3539 1137 3601 Non
1194 3539 1247 3620 qui
1272 3539 1385 3612 violet,
1412 3559 1483 3601 vere
1508 3537 1612 3600 dicere
1638 3560 1703 3601 uon
1726 3546 1829 3621 poten,
1846 3551 1869 3596 ι

444 3628 616 3704 dilipome'ee
644 3626 757 3703 vobo,
788 3646 890 3708 neque
919 3627 1052 3705 linquo,
1082 3623 1137 3687 red
1193 3625 1294 3687 Deum
1316 3624 1453 3707 diligere.
1483 3623 1565 3685 lietu
1588 3624 1721 3689 dilectio
1743 3627 1800 3688 Dei
1817 3641 1867 3685 eu
1912 3608 1915 3664 ¹

444 3733 538 3793 opere
553 3720 583 3774 et
597 3717 740 3775 onitate.
764 3715 859 3775 Porro
870 3712 1046 3776 ruendeoem
1058 3729 1136 3785 eeee,
1194 3712 1271 3772 eietit
1292 3713 1325 3774 in
1344 3713 1560 3775 observatione
1580 3712 1796 3775 urendetoruer
1814 3710 1867 3790 q’·
1912 3725 1915 3755 l

443 3802 552 3883 probet
567 3799 684 3862 duebue
700 3800 846 3880 eubjeotie
860 3799 1037 3873 retiouibue,
1059 3817 1132 3879 que·
1193 3797 1284 3860 Unde
1298 3798 1438 3862 Clrrietue
1454 3800 1485 3861 iu
1499 3798 1698 3878 Eveugelio:
1713 3802 1750 3864 Si
1763 3797 1868 3875 W
1911 3830 1915 3871 r

442 3908 508 3949 rum
523 3889 604 3969 prior
618 3887 694 3948 lreec
710 3897 774 3951 oet:
1193 3906 1253 3962 mc,
1280 3886 1439 3947 mandato
1463 3903 1535 3946 meo
1555 3894 1700 3965 moute,
1727 3887 1814 3950 Joer.
1834 3884 1867 3945 rt

487 3977 550 4055 (leti
565 3978 649 4035 enim
665 3993 733 4036 non
748 3974 854 4052 dilipit
873 3975 1015 4053 fratrem
1028 3990 1134 4047 eoum,
1193 3972 1252 4033 liet
1272 3981 1371 4036 eutem
1393 3972 1465 4035 huic
1482 3971 1551 4032 loco
1574 3972 1692 4050 eimile,
1713 3972 1795 4055 qnod
1813 3967 1866 4031 d‘ui

442 4080 535 4139 poem
558 4061 645 4123 videt
651 4106 662 4138 ,
686 4062 802 4136 Decem,
829 4080 921 4140 qoem
944 4078 1014 4123 non
1036 4060 1134 4135 uidet,
1192 4057 1303 4122 Petro:
1329 4060 1448 4137 Dilipie
1468 4058 1542 4119 me?
1567 4059 1676 4122 Parce
1701 4078 1776 4122 occe
1794 4072 1864 4128 m

441 4235 604 4316 utrobique
615 4235 769 4316 praeteriti
781 4236 924 4317 temporie
936 4243 981 4295 eet
991 4233 1134 4294 verbnm:
1192 4232 1294 4295 eDeo
1316 4232 1449 4296 dicetur:
1475 4230 1510 4293 Si
1532 4230 1670 4313 diligiti·
1693 4254 1753 4308 ne,
1773 4229 1864 4311 ἂψ
1908 4244 1915 4312 l

442 4315 575 4400 ἑώρακε,
599 4322 690 4399 vidit,
714 4321 795 4402 quod
817 4332 850 4385 et
872 4324 903 4383 iu
926 4322 1054 4383 retnetie
1070 4319 1135 4400 qni·
1191 4317 1308 4381 iretree.
1341 4318 1379 4381 Id
1399 4321 1480 4382 euiru
1502 4321 1651 4399 preecepi
1673 4320 1777 4396 vobio,
1802 4307 1862 4379 eti
1907 4345 1915 4394 t

442 4407 567 4469 burdenr
590 4409 710 4470 Letinie
732 4408 858 4489 legitur3
881 4408 1003 4470 temetei
1024 4424 1072 4467 ree
1087 4426 1134 4466 eo·
1192 4404 1332 4468 ieciendo
1361 4405 1541 4480 oetendetie,
1575 4424 1636 4466 roe
1667 4427 1718 4470 rue
1753 4405 1860 4486 dilium
1905 4451 1915 4499 ,

444 4495 511 4556 dem
526 4494 639 4556 rederet
662 4495 743 4557 Nem
766 4493 848 4576 quod
870 4493 911 4556 ed
933 4514 1052 4555 eenruru
1066 4494 1134 4554 etti·
1193 4492 1286 4572 Quod
1302 4512 1373 4574 ergo
1389 4493 1462 4557 dicit
1474 4492 1626 4567 Joennee,
1641 4502 1691 4569 ret,
1715 4486 1860 4573 quw
1904 4533 1915 4606 Ι

441 4591 503 4656 net,
525 4601 668 4663 preeoene
690 4580 918 4662 comprehendit
932 4580 1135 4661 praeteritum.
1192 4582 1297 4642 Dotem
1314 4588 1380 4656 eto,
1404 4582 1449 4642 eir
1463 4578 1618 4660 intellige:
1641 4580 1687 4642 Ut
1700 4579 1858 4642 dilub-

442 4668 568 4748 Sumpte
590 4677 637 4729 eet
658 4679 758 4730 eutem
780 4668 855 4730 heee
877 4669 955 4729 retio
971 4688 990 4728 e
1004 4666 1134 4728 faciliori
1192 4667 1254 4727 Dei
1275 4668 1385 4749 prodet
1406 4687 1443 4729 ee
1463 4666 1572 4749 probet
1594 4685 1694 4749 opere
1719 4659 1856 4730 ω
1902 4669 1915 4689 “

443 4762 475 4816 et
490 4757 675 4837 promptiori,
699 4754 729 4816 id
752 4764 808 4830 eet,
831 4754 870 4816 eb
887 4773 933 4829 eo,
956 4753 1036 4835 quod
1052 4755 1136 4836 priue
1191 4753 1348 4828 ireteruee,
1364 4774 1455 4836 quern
1471 4751 1517 4814 illi
1531 4753 1621 4815 Deue
1635 4755 1797 4836 preeeepit

1007 5013 1306 5025 ——--—-.——
