4442 5825
785 602 981 660 mulctant
1000 602 1238 659 salustianis.
1273 602 1356 658 lm.
1379 604 1401 658 l.
1730 610 1802 679 687

360 790 446 875 aius.
489 784 554 872 Qui
582 791 692 854 autem
720 785 801 853 iacit
828 785 1034 853 voluntatem
1060 785 1136 871 Dei,
1163 791 1276 853 manet
1303 786 1336 852 in
1363 790 1545 852 aeternum.
1596 785 1654 852 18.
1681 782 1803 869 lilioli,

359 893 542 959 novissima
570 892 655 958 bora
683 896 752 976 est,
794 895 829 956 et
856 892 942 956 sicut
969 890 1127 975 audistis,
1156 891 1233 979 quia
1259 889 1485 956 Antichristus
1511 889 1620 974 vonit,
1657 894 1692 954 ot
1719 909 1805 956 nunc

358 997 561 1064 Antichristi
592 995 687 1062 multi
715 994 795 1061 lacti
822 999 917 1078 sunt3
946 993 1034 1061 undo
1062 995 1193 1080 scimus,
1222 995 1300 1083 quia
1326 995 1505 1061 novissima
1530 993 1614 1059 hora
1642 998 1703 1060 est.
1747 995 1804 1060 12.

359 1101 414 1168 Ex
440 1099 538 1167 nobis
563 1099 770 1187 prodierunt,
800 1098 947 1164 sednon
975 1104 1070 1165 erant
1098 1119 1140 1165 cx
1166 1096 1280 1184 nobis3
1308 1118 1395 1184 narn,
1424 1100 1452 1162 si
1474 1096 1614 1164 fuissent
1635 1117 1676 1164 ex
1698 1095 1805 1182 nobis,

360 1205 622 1292 permansissent
649 1204 763 1293 utique
791 1200 982 1288 nobiscum3
1011 1203 1072 1269 sod
1098 1209 1136 1269 ut
1163 1201 1329 1270 manifesti
1353 1203 1428 1288 siut,
1457 1202 1611 1290 quoniam
1637 1221 1704 1266 non
1731 1206 1807 1268 sunt

360 1329 476 1375 omnes
503 1328 546 1375 ex
572 1306 679 1374 nobis.
735 1308 795 1374 20.
823 1304 891 1372 Sed
918 1326 978 1372 vos
1005 1307 1195 1375 unctionem
1222 1296 1391 1388 habetis2)
1420 1326 1440 1371 a
1468 1304 1612 1391 Sancto,
1641 1311 1676 1372 et
1701 1305 1806 1372 nostis

361 1414 482 1479 omnia.
538 1415 598 1478 21.
639 1412 712 1477 Non
741 1412 859 1496 scripsi
891 1409 987 1476 vobis
1015 1411 1109 1499 quasi
1137 1409 1366 1497 ignorantibus
1392 1410 1588 1496 veritatem,
1625 1410 1685 1476 sed
1713 1410 1806 1498 quasi

362 1515 545 1584 scientibus
574 1535 665 1602 earn,
695 1522 729 1580 et
758 1518 912 1601 quoniam
940 1534 1035 1581 omne
1063 1515 1273 1581 mendacium
1302 1535 1343 1581 ex
1369 1513 1512 1580 veritate
1539 1534 1599 1580 nos
1628 1519 1690 1581 est.
1746 1515 1805 1580 22.

364 1619 448 1706 Quis
476 1625 527 1687 est
555 1619 718 1705 mendax,
745 1619 808 1684 nisi
836 1621 874 1704 is,
903 1619 959 1706 qui
986 1624 1107 1705 negat,
1137 1620 1290 1706 quoniam
1317 1618 1418 1685 Jesus
1448 1624 1499 1684 est
1527 1615 1704 1685 Christus?
1743 1617 1807 1683 Hic

362 1731 415 1793 est
440 1724 684 1809 Antichristus,
722 1724 778 1811 qui
804 1728 906 1808 negat
932 1722 1068 1789 Patrem
1103 1730 1138 1790 et
1163 1723 1295 1790 Filium.
1351 1723 1411 1789 23.
1446 1720 1577 1805 Omnis,
1614 1724 1671 1810 qui
1705 1726 1807 1808 negat

360 1829 502 1914 Fillum,
535 1848 598 1895 nec
626 1828 760 1894 Patrem
796 1825 925 1911 habet3·
958 1828 1013 1914 qui
1041 1829 1217 1894 confitetur
1243 1827 1381 1912 Filium,
1423 1831 1458 1892 et
1484 1826 1619 1893 Patrem
1653 1814 1806 1909 habet³l.

361 1935 422 2000 24.
451 1933 522 1999 Vos
550 1932 638 2020 quod
666 1931 805 1999 audistis
834 1929 876 1997 ab
903 1931 1016 2017 initio,
1050 1932 1084 1997 in
1111 1929 1208 1997 vobis
1234 1936 1451 2018 permaneat;
1488 1931 1577 1997 siin
1603 1929 1700 1997 vobis
1725 1951 1805 2019 per-

358 2039 540 2122 manserit,
568 2036 657 2125 quod
685 2035 824 2103 audistis
851 2034 894 2101 ab
922 2035 1035 2121 initio,
1072 2041 1107 2102 et
1140 2055 1200 2102 vos
1235 2037 1269 2101 in
1301 2036 1387 2102 Filio
1422 2040 1456 2102 ct
1483 2035 1582 2102 Patre
1618 2034 1806 2102 manebitis.

361 2143 422 2208 25.
459 2143 503 2207 Et
539 2141 624 2207 haec
662 2147 713 2207 est
748 2140 978 2226 repromissio,
1018 2160 1114 2228 quam
1148 2140 1224 2227 lpse
1258 2140 1428 2227 pollicitus
1465 2145 1516 2205 est
1551 2138 1666 2227 nobis,
1704 2142 1808 2206 vitam

359 2252 542 2312 aeternam.
598 2247 657 2310 26.
686 2245 779 2310 Haec
808 2244 925 2331 scripsi
955 2243 1050 2310 vobis
1077 2243 1119 2310 de
1147 2244 1217 2329 his,
1260 2246 1315 2331 qui
1342 2245 1506 2312 seducunt
1533 2262 1602 2309 vos.
1660 2246 1722 2308 27.
1763 2244 1808 2311 m

358 2369 421 2415 vos
448 2351 635 2417 unctionem
646 2340 693 2432 ⁵),
735 2367 832 2435 quarn
872 2348 1050 2434 accepistis
1084 2346 1127 2413 ab
1161 2351 1229 2430 Eo,
1266 2356 1397 2415 mancat
1433 2350 1465 2414 in
1503 2346 1610 2414 vobis.
1663 2348 1707 2413 m
1742 2369 1808 2415 non

359 2473 499 2520 necesse
528 2451 678 2538 habetis,
707 2458 745 2517 ut
773 2452 891 2539 aliquis
919 2451 1041 2518 doceat
1067 2471 1148 2538 vos3
1177 2452 1237 2518 sed
1264 2453 1349 2519 sicut
1375 2453 1487 2520 unctio
1514 2449 1595 2538 Ejus
1623 2451 1722 2519 docet
1748 2471 1809 2519 vos

360 2557 404 2624 do
433 2556 594 2640 omnibus,
623 2564 658 2622 et
686 2576 799 2621 verum
829 2562 888 2640 est,
919 2563 953 2620 et
980 2577 1045 2622 non
1074 2564 1126 2621 est
1152 2556 1370 2623 mendacium.
1412 2554 1456 2622 Et
1483 2557 1569 2622 sicut
1596 2555 1710 2623 docuit
1736 2575 1807 2644 vos,

361 2666 494 2727 manete
522 2662 555 2726 in
582 2660 641 2726 Eo.
699 2663 758 2726 28.
787 2660 831 2724 Et
858 2678 953 2744 nunc,
984 2661 1087 2744 tilioli,
1116 2667 1247 2727 manete
1276 2660 1309 2725 in
1336 2660 1397 2747 Eo,
1426 2666 1475 2745 ut,
1503 2680 1576 2725 cunr
1604 2663 1807 2748 apparuerit,

361 2763 546 2831 habeamus
573 2764 745 2848 fiduciam,
787 2769 819 2828 et
847 2785 912 2829 non
940 2763 1181 2831 confundamur
1218 2753 1338 2854 absslh
1365 2765 1398 2830 in
1427 2764 1574 2831 adventu
1600 2763 1692 2850 EJus.
1747 2766 1807 2831 22.

362 2867 399 2935 Si
427 2869 536 2955 scitis,
566 2869 718 2956 quoniam
741 2870 852 2953 justus
881 2873 950 2954 est,
978 2869 1120 2955 scitote,
1157 2869 1309 2957 quoniam
1339 2874 1373 2937 et
1401 2868 1524 2955 omnia,
1561 2868 1617 2957 qui
1645 2867 1726 2935 facit
1747 2871 1807 2955 ju·

361 2974 498 3056 stitiam,
528 2993 570 3039 ex
596 2974 673 3059 Ipso
701 2978 799 3037 natus
829 2978 889 3037 est.
969 3026 979 3051 ,

937 3159 1244 3170 ..-.......-..----———

855 3291 1058 3359 SUllllllllllll
1080 3291 1207 3361 dll’ll'ld
1228 3292 1373 3361 stultat.

362 3413 451 3478 Docet,
473 3414 602 3470 christum
620 3425 678 3465 esse
696 3412 903 3476 propitiationem
922 3426 968 3477 pro
986 3415 1104 3479 peccatis.
1122 3415 1245 3468 Hortatur
1263 3415 1294 3467 ad
1313 3412 1523 3467 observationem
1541 3412 1654 3466 mandati
1671 3414 1703 3467 de
1720 3414 1810 3467 mutua

467 3483 610 3535 dilectione.
646 3483 752 3534 omnem
771 3486 884 3534 aetatem
904 3485 1058 3537 consolatur.
1094 3486 1187 3548 Monet,
1207 3484 1339 3536 vitandam
1357 3482 1444 3535 mundi
1462 3482 1641 3547 ditectionem,
1661 3488 1688 3535 et
1706 3482 1808 3547 tugien-

469 3553 516 3604 dos
533 3551 710 3609 antichristos,
728 3563 758 3602 ac
776 3554 979 3614 permanendum
997 3553 1023 3604 in
1042 3555 1152 3605 verttate
1170 3554 1252 3605 semet
1271 3558 1385 3617 accepta.

407 3664 436 3720 1.
460 3661 574 3721 Filiola'
588 3662 660 3733 mei,
681 3662 757 3718 boec
779 3660 881 3719 acribo
905 3660 1001 3733 vobis,
1023 3666 1060 3720 ut
1111 3680 1220 3739 nempe
1243 3679 1298 3720 noa
1314 3678 1416 3719 omnes
1431 3677 1580 3740 peccasse,
1603 3665 1634 3719 at
1647 3668 1806 3738 peccatam

362 3765 432 3808 non
455 3750 594 3824 peccetis.
618 3746 746 3819 stlioli,
770 3766 830 3805 vox
857 3755 904 3806 est
927 3746 1058 3807 blandis·
1111 3746 1236 3819 habore,
1260 3755 1289 3807 ot
1308 3766 1327 3805 a
1347 3748 1480 3827 peccatis
1503 3744 1659 3808 emundari
1685 3746 1716 3805 in
1739 3763 1806 3807 san·

361 3834 438 3895 sime
452 3836 610 3905 monentis,
633 3852 693 3912 qua
710 3842 740 3892 at
755 3829 893 3892 Christus
917 3832 956 3893 ad
972 3832 1058 3893 disci·
1111 3834 1203 3912 guina
1230 3831 1356 3905 Christi,
1380 3835 1408 3895 ai
1437 3853 1473 3895 aa
1499 3831 1631 3894 confossi
1656 3831 1807 3895 susumus.

361 3920 451 4000 pulos
473 3938 542 3979 anos
565 3939 639 3978 usus
662 3920 725 3990 fuit,
747 3918 841 3979 Marc.
860 3919 908 3978 10.
925 3926 956 3979 et
969 3920 1059 3980 Joan.
1111 3921 1230 3979 Etenim
1240 3919 1344 3980 inolita
1352 3919 1536 3981 consuetudo
1548 3919 1703 3999 peccandi,
1718 3927 1749 3980 et
1763 3940 1809 3981 so-

363 4010 425 4081 13,
449 4016 481 4066 et
502 4006 615 4066 Paulus
637 4005 675 4064 ad
700 4005 827 4066 Galatas
850 4025 915 4083 cap.
930 4006 961 4065 4.
988 4006 1061 4086 Ipse
1115 4009 1229 4066 ciorum
1249 4008 1437 4085 peccantium
1454 4006 1612 4067 multitudo
1629 4014 1661 4068 et
1675 4006 1809 4069 facilitas

360 4112 437 4155 vero
449 4091 587 4155 Joanuas
603 4095 634 4154 in
650 4092 707 4153 hac
718 4091 857 4170 Epistola
872 4092 1061 4173 frequentius
1114 4094 1234 4166 veniae,
1247 4092 1524 4154 aolontbominibna
1535 4095 1727 4155 incitamento
1738 4113 1809 4156 ossa

360 4181 466 4241 utitur.
482 4180 530 4239 An
542 4188 644 4239 antem
657 4179 766 4239 idcirco
777 4179 855 4238 filios
867 4188 963 4252 vocet,
979 4179 1060 4260 quod
1116 4180 1155 4238 od
1170 4181 1306 4240 iteranda
1321 4188 1353 4240 et
1367 4179 1584 4259 frequentanda
1598 4190 1731 4261 peccata.
1754 4182 1808 4242 Di·

361 4287 416 4328 aoa
432 4267 463 4327 iu
479 4266 597 4326 Christo
612 4285 666 4345 par
680 4265 881 4342 Evangelinm
903 4267 1061 4346 genuisset,
1116 4268 1157 4326 cit
1169 4285 1240 4344 orgo
1264 4267 1299 4326 B.
1311 4266 1453 4339 loannes,
1469 4267 1544 4327 haec
1556 4287 1590 4329 se
1600 4288 1660 4329 nou
1671 4269 1809 4342 sorim,

359 4372 424 4415 non
446 4361 570 4413 constat
593 4353 670 4412 Nam
686 4351 841 4431 Apostolia
866 4372 967 4412 omnes
989 4352 1059 4411 fide·
1115 4372 1169 4414 son
1192 4354 1346 4432 scripsisse
1365 4355 1418 4425 eis,
1441 4372 1502 4433 qno
1525 4353 1646 4415 libarius
1668 4361 1809 4435 peccaut3

358 4440 407 4501 loa
425 4447 508 4499 erant
523 4438 576 4499 filii
591 4448 620 4498 et
632 4439 727 4512 filioli,
742 4449 890 4517 quatenns
906 4447 1061 4517 paternam
1115 4440 1169 4499 ssd
1186 4448 1297 4513 eontra,
1312 4448 1346 4500 nt
1361 4448 1491 4520 peccata
1502 4441 1629 4501 sollicito
1645 4443 1751 4515 vitent,
1772 4460 1810 4501 ao

360 4544 469 4588 curam
485 4524 593 4586 salutis
609 4523 748 4586 omnibus
762 4525 984 4605 impendebant,
1008 4533 1063 4584 aut
1114 4546 1151 4585 na
1175 4526 1205 4585 in
1228 4527 1371 4606 pristinas
1394 4526 1498 4588 sordes
1521 4537 1711 4607 peccatorum
1734 4526 1808 4588 rela-

359 4611 538 4692 impendero
568 4614 665 4690 parati
692 4622 784 4671 erant.
822 4612 914 4672 Porro
941 4611 1061 4672 dicens:
1114 4613 1231 4687 bantur,
1254 4613 1397 4693 aquibus
1419 4615 1568 4693 sanguine
1591 4613 1701 4675 Christi
1723 4634 1806 4675 mun·

359 4702 453 4761 Haec
468 4700 569 4759 acribo
585 4699 683 4772 vobio,
708 4708 761 4758 ant
784 4698 823 4757 do
846 4706 909 4757 tota
928 4698 1062 4778 loquitar
1114 4699 1177 4758 dati
1201 4708 1291 4759 orant.
1315 4699 1385 4759 Hoc
1408 4702 1486 4760 onim
1511 4709 1592 4761 esset
1613 4721 1742 4781 magnae
1764 4702 1807 4762 in·

358 4786 511 4866 Epistola,
535 4794 589 4846 ant
603 4787 705 4866 potius
725 4785 763 4844 ad
780 4805 817 4845 oa
832 4787 953 4864 proprie
967 4787 1060 4864 raspi-
1112 4785 1312 4864 gratitudinis.
1347 4785 1416 4846 Non
1439 4785 1621 4847 dissimiliter
1643 4788 1808 4867 Apostolus

358 4876 412 4947 eit,
437 4892 516 4953 quae
536 4874 597 4952 jam
613 4873 753 4951 proxime
768 4871 844 4932 dixit
859 4870 896 4931 de
911 4874 1061 4950 pascatis,
1112 4872 1227 4933 Paulus
1248 4873 1335 4933 Rom
1360 4877 1405 4934 6.;
1436 4874 1521 4951 Quid
1547 4892 1620 4950 erpo
1645 4875 1807 4937 dicemus?

468 5050 491 5119 ¹)
505 5053 581 5107 tera
599 5054 641 5105 aa.
676 5049 702 5119 ¹)
720 5053 780 5117 cap.
796 5053 822 5116 a,
846 5053 884 5104 to.
918 5051 994 5104 roan
1019 5052 1059 5115 ra,
1077 5054 1119 5104 aa.
1154 5048 1180 5117 ³)
1198 5052 1268 5105 rers.
1286 5054 1328 5104 ro.
1365 5052 1424 5117 cro.
1441 5055 1468 5118 a,
1485 5054 1526 5106 at.
1561 5056 1577 5107 a
1595 5054 1653 5107 cor.
1674 5057 1696 5119 r,
1712 5057 1754 5110 ar.
