4442 5825
392 573 466 644 379
892 558 1125 617 COMMENTARIUS
1143 557 1175 613 ut
1192 558 1258 614 ctu.
1275 558 1336 615 xm.

391 740 610 827 quodammodo
633 738 664 800 id
680 738 868 821 postulente3
892 740 979 820 quusi
995 739 1090 800 dicet:
1144 737 1340 798 Adducemus
1355 737 1423 796 Deo
1442 734 1560 796 vitulos
1581 731 1753 808 offerendos,
1772 749 1800 805 tn,

390 833 542 893 Exesmus
568 827 607 888 ed
631 826 738 889 Jeeum
761 834 847 888 extra
874 836 1007 906 portem,
1037 825 1091 886 uhi
1145 824 1357 905 quodcumque
1373 822 1607 884 alindsecrifieii
1624 818 1800 902 genus‚quul

390 937 500 1000 pessus
521 925 582 985 est,
606 923 641 974 ut
655 927 686 974 et
700 933 755 974 nos
779 914 927 994 patiemur
948 933 1016 973 cum
1040 932 1091 989 003
1145 914 1175 972 in
1190 913 1339 992 angustiis
1363 912 1534 983 constituti,
1560 909 1652 970 lobiis
1673 904 1800 970 metris!

392 1014 421 1066 st
435 1004 578 1086 quonium
595 1000 658 1061 illic
674 1021 708 1061 se
731 1003 827 1081 ipsum
851 1021 904 1078 pro
927 1000 1014 1059 nobis
1039 997 1089 1059 ob·
1145 1001 1253 1058 stinote
1269 1001 1408 1058 vovimus
1423 1017 1477 1056 nos
1498 995 1665 1057 obletures.
1697 994 1800 1055 Item

389 1091 457 1152 tulit
473 1090 556 1162 Deo,
572 1087 739 1148 hebesmns
755 1097 786 1146 et
800 1107 854 1146 nos
872 1085 995 1166 aliquid,
1010 1084 1091 1166 quod
1145 1105 1204 1165 qne
1223 1086 1379 1164 Scriptura
1400 1084 1532 1165 loquitur
1555 1082 1648 1143 Deut.
1665 1083 1727 1141 ld:
1746 1083 1800 1175 Qu⁴

390 1180 456 1257 ejus
487 1174 628 1254 exemplo
655 1175 794 1235 similiter
820 1175 887 1234 Deo
920 1172 1091 1232 offeremus.
1145 1174 1238 1232 semel
1254 1190 1408 1247 opressum
1425 1181 1469 1232 ert
1484 1171 1523 1230 de
1539 1170 1635 1230 lobiis
1650 1168 1800 1253 tumeba-¹

390 1262 474 1346 Quid
489 1282 562 1324 vero
578 1263 695 1340 potius,
723 1281 813 1341 qnsm
830 1258 1010 1320 sucrificium
1027 1258 1089 1319 len·
1145 1259 1249 1334 vabis,·
1266 1268 1295 1319 ct
1305 1261 1413 1337 facies,
1427 1263 1507 1318 sicut
1516 1259 1692 1334 promisisti
1701 1254 1800 1331 Demi

390 1350 435 1412 dis
460 1359 493 1411 et
514 1351 679 1429 grstinrnm
704 1348 848 1420 actionis,
875 1345 956 1426 qnod
978 1355 1009 1405 et
1023 1345 1091 1406 Deo
1146 1346 1214 1406 Dee
1230 1353 1294 1406 tuo.
1318 1345 1368 1406 Sic
1382 1346 1533 1406 voluntas
1545 1342 1800 1423 taeterrimum·

390 1437 592 1518 gratissimum
609 1443 669 1508 eet,
694 1443 725 1494 et
746 1433 833 1494 nobis
848 1435 980 1493 maxime
996 1452 1090 1513 prorn-
1145 1434 1253 1513 petitio
1265 1431 1353 1492 labiis
1367 1433 1566 1511 pronuntiate,
1575 1441 1605 1491 et
1616 1450 1635 1491 e
1645 1429 1730 1490 labiis

389 1533 475 1605 ptum
513 1521 551 1581 ed
586 1541 707 1602 semper
744 1518 948 1581 offerendum?
986 1519 1092 1580 eodem
1146 1539 1189 1591 ss,
1205 1519 1316 1580 Pselm.
1334 1520 1397 1578 20.:
1421 1517 1754 1581 Voluututclubiorum

389 1607 695 1673 Peelmistedicente:
711 1608 905 1668 Benedicent
915 1609 1092 1667 Dominum
1145 1624 1213 1666 uon
1224 1605 1389 1684 fraudasti
1404 1624 1483 1665 eum.
1508 1605 1669 1666 Persimile
1684 1612 1727 1664 est
1760 1640 1762 1646 ι

389 1699 532 1760 inomni
555 1703 715 1771 tempore,
739 1712 860 1770 semper
883 1694 954 1752 tuus
976 1697 1042 1768 ejus
1056 1696 1092 1755 iu
1145 1694 1246 1753 verbis
1263 1691 1436 1772 Prophetae
1451 1692 1526 1752 illud
1541 1692 1656 1753 Psalm.
1672 1690 1733 1752 bb:

391 1801 538 1846 oremco.
570 1781 633 1842 Sed
650 1802 702 1861 pro
727 1778 973 1864 quobeneficio?
997 1779 1093 1841 Gene·
1146 1779 1384 1839 dumtibivotu
1407 1799 1494 1855 mco,
1523 1797 1606 1858 quac
1630 1780 1664 1839 di
1684 1821 1686 1824 -

390 1872 481 1932 ratim
498 1867 620 1950 quidem
637 1887 692 1948 pro
709 1868 863 1942 omnibns;
888 1867 943 1929 sed
958 1866 1092 1948 speciali·
1146 1868 1232 1926 labie
1259 1883 1338 1926 mea.
1376 1866 1445 1927 Hoo
1475 1867 1554 1928 euim
1581 1866 1657 1947 quid
1682 1862 1753 1924 eliud

391 1967 438 2019 ter
453 1976 489 2016 ee
504 1956 692 2037 potissimum
706 1955 752 2030 (ut
764 1957 843 2016 bene
855 1963 939 2014 notet
950 1953 1092 2034 'l'eophy-
1146 1974 1237 2034 quem
1250 1952 1331 2034 quod
1344 1951 1495 2032 Propheta
1505 1953 1639 2014 breviter
1650 1951 1734 2013 dixit:
1757 1959 1763 2000 f

392 2039 503 2118 lectus)
521 2061 573 2122 pro
590 2061 634 2116 so,
651 2043 737 2120 eujus
750 2043 995 2123 suprameminit.
1011 2040 1092 2119 quod
1146 2041 1256 2101 demus
1277 2040 1411 2114 vitulos,
1438 2059 1492 2102 seu
1516 2040 1661 2117 fructum
1683 2038 1695 2098 1
1701 2070 1706 2089 ι
1720 2040 1750 2088 αἰ

392 2151 448 2211 per
463 2130 642 2209 sanguinem
659 2129 731 2189 Filii
750 2130 797 2188 sui
812 2149 867 2188 nos
882 2126 1092 2189 sanctificavit.
1146 2128 1353 2190 nostrorum?
1369 2126 1527 2188 Caeterum
1539 2127 1712 2208 Apostolus,
1721 2134 1749 2185 ut
1761 2161 1763 2164 -

392 2219 477 2279 Dicit
491 2226 607 2276 nutem:
628 2218 828 2293 peripsum,
845 2216 916 2295 quie
931 2234 988 2275 uec
1003 2215 1091 2275 secri-
1145 2224 1264 2276 tantum
1287 2213 1399 2274 sllndit
1420 2213 1459 2274 sd
1484 2214 1578 2276 verbu
1599 2213 1772 2297 Prophetee‚'

392 2305 492 2366 ficium
506 2301 735 2363 laudiseuohis
748 2303 881 2363 oblatum
893 2301 961 2362 Dee
974 2311 1093 2382 gratum
1147 2301 1273 2384 proinde
1296 2322 1356 2362 non
1378 2302 1484 2362 mirum
1506 2303 1560 2377 sit,
1582 2303 1609 2364 si
1633 2304 1669 2363 iis
1689 2309 1770 2364 nutu

331 2438 341 2449 .«
395 2410 462 2454 esse
476 2392 604 2470 poterit,
631 2391 690 2450 uisi
713 2410 768 2470 per
782 2389 893 2450 Filium
909 2389 974 2467 ejus
990 2388 1092 2449 offers·
1147 2409 1238 2451 sensu
1254 2389 1409 2470 peululum
1425 2388 1553 2449 diverso.
1779 2450 1782 2455 ,

393 2486 449 2553 tur,
465 2487 500 2537 ut
511 2477 683 2558 pontificem
697 2497 733 2537 ne
746 2475 939 2537 mediatorem
952 2484 1093 2536 nostrum.
1193 2479 1241 2536 16.
1264 2477 1500 2553 Beneficeutiue
1520 2483 1629 2538 autem
1652 2485 1681 2538 ct
1720 2505 1755 2529 κἸ

437 2564 477 2626 ld
505 2572 566 2639 est,
590 2564 734 2642 fructum
759 2563 917 2623 lubiorum
941 2563 1093 2640 coufiten-
1147 2566 1255 2627 niouir
1269 2565 1368 2624 nolite
1384 2563 1534 2625 oblivisci.
1557 2564 1754 2645 Duplexest·

393 2654 475 2713 tium
491 2653 618 2712 nomini
633 2652 721 2725 Ejus.
758 2652 905 2710 Hostium
922 2650 1029 2710 laudis
1044 2670 1092 2711 ex·
1146 2652 1262 2723 finium,
1289 2651 1387 2732 inquit
1412 2649 1446 2710 B.
1469 2651 1623 2724 Thomas,
1650 2649 1725 2732 qued
1766 2689 1768 2692 -

393 2739 480 2820 ponit
507 2738 653 2816 fructum
687 2737 845 2797 labiorum
876 2737 1093 2814 confitentium
1148 2739 1242 2799 nitere
1267 2735 1381 2797 Christi
1407 2738 1514 2799 offerre
1541 2736 1700 2799 debemus:
1743 2773 1751 2784 ιι
1764 2751 1766 2754 ·

393 2826 520 2888 nomini
535 2825 616 2899 Dei,
632 2823 690 2883 hoc
706 2831 768 2895 est,
785 2821 971 2883 laudantium
987 2823 1094 2897 Deum,
1149 2825 1339 2886 devotionem
1355 2844 1428 2904 erge
1443 2824 1558 2898 Deum,
1578 2834 1610 2885 et
1624 2825 1752 2887 miseruti·

392 2913 484 2993 juxta
499 2908 574 2972 illud
591 2909 702 2970 Pselm.
720 2913 786 2972 62:
810 2909 913 2971 Lubia
933 2930 1004 2971 meu
1020 2913 1094 2973 lau·
1148 2933 1220 2993 erge
1234 2914 1410 2993 proximum.
1433 2911 1483 2973 De
1498 2913 1589 2993 priori
1604 2913 1665 2991 jam
1676 2913 1744 2992 egit;

395 2997 521 3060 dubunt
537 3004 574 3056 te.
606 2997 686 3058 Nem
702 2998 858 3075 confessio
875 2996 972 3057 leudis
987 2998 1094 3060 intelli·
1148 3020 1213 3060 rum
1227 3017 1307 3059 nuno
1322 2997 1450 3077 subjicit
1475 2998 1708 3076 Benctlcentiue

395 3085 493 3166 gitur,
522 3102 584 3161 que
611 3085 700 3144 etim
723 3084 838 3163 legitur
863 3085 930 3162 ipse
956 3081 1095 3146 Christus
1148 3086 1354 3165 complectitur
1375 3087 1536 3146 universim
1562 3096 1687 3148 externe
1743 3082 1754 3137 ι’

394 3171 480 3232 Petri
505 3167 676 3244 confessus,
703 3169 821 3230 diceus:
844 3168 1005 3246 Confiteor
1027 3172 1094 3248 tibi,
1149 3173 1260 3245 officie,
1286 3191 1365 3251 ques
1387 3173 1534 3252 proximis
1553 3172 1766 3256 impenduntur,¹

394 3259 511 3332 Pater,
539 3257 616 3335 quio
632 3257 824 3318 abscondisti
838 3257 915 3317 haec
931 3277 952 3317 a
966 3262 1095 3336 supien-
1147 3260 1332 3341 praesertim,
1348 3258 1458 3340 quibus
1472 3279 1576 3319 eorum
1590 3261 1690 3341 inopie

395 3345 478 3406 tibut
497 3350 574 3416 ete,
598 3343 708 3403 hletth.
725 3348 774 3404 11.
808 3343 897 3403 Hauc
919 3342 1022 3405 leudis
1043 3345 1094 3406 ho·
1148 3359 1205 3407 tur.
1242 3343 1292 3404 Ad
1314 3344 1389 3404 hese
1411 3354 1513 3406 eutem
1534 3345 1602 3407 sole
1615 3348 1756 3428 pertinet

395 3432 486 3492 etism
515 3437 607 3489 vocet
634 3430 778 3508 {nedum
809 3429 987 3505 labiorum,
1025 3433 1096 3511 quio
1148 3434 1251 3494 munio
1277 3450 1331 3492 sen
1354 3434 1595 3506 communicetis,
1621 3452 1682 3513 que

395 3517 486 3578 labiis
496 3517 554 3577 hoe
566 3515 677 3577 bonum
692 3535 777 3597 opus,
792 3524 947 3596 tamquam
959 3516 1095 3591 fructum,
1149 3521 1218 3600 quis
1233 3537 1281 3579 res
1297 3537 1366 3578 suns
1388 3517 1595 3598 indigentibus
1612 3529 1763 3582 commum.

398 3601 570 3678 reddimus3
597 3604 674 3664 sieut
696 3610 843 3663 vocentur
863 3600 979 3663 fructus
998 3614 1097 3666 terrae
1150 3607 1205 3678 cit,
1227 3613 1380 3685 reputans,
1403 3624 1437 3666 se
1460 3624 1513 3667 ees
1535 3624 1597 3666 uon
1619 3605 1676 3667 sihi
1689 3601 1736 3665 soli

398 3689 519 3770 fruges,
535 3706 612 3769 ques
628 3696 708 3750 terre
722 3688 835 3763 reddit,
859 3697 891 3749 et
905 3687 1020 3752 fruetus
1035 3711 1096 3751 me·
1149 3695 1230 3773 pisse
1256 3713 1274 3752 u
1298 3692 1379 3764 Deo,
1410 3690 1465 3752 sed
1492 3694 1521 3752 in
1548 3710 1636 3753 usum
1752 3724 1754 3727 ·

397 3795 489 3838 nuum
505 3776 648 3856 pecunie,
672 3794 763 3855 quem
779 3794 883 3836 manus
898 3774 1053 3839 lucrantur
1068 3785 1097 3837 et
1150 3776 1326 3858 erogandos.
1360 3777 1410 3837 Sic
1434 3779 1583 3857 preeoipit
1608 3775 1757 3848 Bonus

397 3863 485 3944 quusi
512 3860 671 3941 proferunt
696 3861 857 3943 operando.
892 3862 981 3924 Unde
1007 3865 1096 3925 Pron.
1151 3870 1216 3938 tn,
1243 3873 1277 3924 ut
1299 3864 1533 3926 necessitutibus
1554 3873 1727 3927 sunctum

397 3948 452 4009 ult.
470 3950 511 4009 ds
526 3947 652 4009 muliere
673 3948 744 4009 lorti
766 3948 887 4010 dicitur:
915 3952 964 4010 De
984 3952 1096 4029 fructu
1148 3954 1321 4014 municeut.
1344 3951 1558 4012 Dioitautem:
1574 3953 1679 4014 Nolite
1697 3942 1769 4001 ἰε’

397 4052 556 4097 munuum
568 4052 698 4095 munem
709 4036 874 4112 plautavit
885 4039 1022 4098 vincam.
1043 4036 1094 4098 Vi·
1149 4040 1226 4098 siout
1241 4047 1272 4099 et
1287 4055 1380 4118 supro
1395 4035 1434 4097 de
1449 4037 1674 4118 hospitalitrte3
1697 4067 1702 4078 ·

398 4123 488 4182 detur
502 4129 602 4181 entem
622 4120 757 4182 alludere
771 4123 938 4203 Apostolus
960 4125 1000 4184 ud
1015 4124 1094 4204 legs·
1148 4124 1225 4185 nolit
1235 4125 1284 4185 rel
1295 4145 1356 4185 non
1367 4122 1479 4184 sudent
1489 4125 1670 4207 proscipere,
1683 4122 1747 4205 quir,

398 4208 445 4270 les
460 4206 628 4268 oblationes
644 4208 794 4270 fruetuum
809 4217 924 4285 terrse;
940 4218 1094 4290 tsmquam
1148 4231 1298 4292 pauperes
1320 4219 1424 4271 essent
1439 4210 1588 4285 Hebresi,
1612 4213 1685 4275 setis
1711 4242 1713 4259 ι
1741 4239 1744 4251 ’

397 4293 497 4357 diest:
520 4293 581 4354 Pro
596 4293 869 4369 medenatense,
891 4316 1018 4377 quornm
1033 4298 1095 4376 jem
1149 4319 1201 4359 eos
1217 4298 1396 4370 admonere,
1411 4314 1450 4357 ne
1465 4298 1637 4361 istiusmodi
1651 4309 1752 4380 opu·

398 4389 498 4443 cesset
513 4380 638 4454 oblatio,
661 4380 790 4442 fructum
813 4381 961 4444 labiorum
977 4403 1096 4463 semper
1148 4386 1322 4445 tenuitatem
1352 4402 1471 4444 suerum
1500 4383 1693 4460 insultatum,
1725 4419 1736 4439 ι.

395 4466 586 4530 laudantium
601 4469 710 4529 Deum.
1148 4471 1401 4532 obliviscerentur.

440 4554 535 4616 Porro
546 4555 707 4616 manifeste
717 4555 843 4635 respicit
853 4553 892 4614 ed
904 4554 1002 4617 locum
1016 4555 1095 4617 Osee
1195 4558 1326 4620 Talibus
1333 4561 1417 4619 euim
1426 4557 1534 4619 bestiis
1539 4565 1731 4635 promerdit
1746 4564 1752 4599 ¹

400 4644 450 4705 14.
466 4640 630 4703 secuudum
646 4641 746 4703 LXX.
776 4641 855 4702 Num
871 4662 925 4721 pro
941 4662 990 4714 eo,
1013 4642 1094 4723 quod
1149 4647 1369 4720 Promcretur,
1386 4646 1508 4724 passive
1522 4643 1603 4707 dixit
1616 4647 1773 4728 interpret.

397 4748 453 4791 uos
467 4729 532 4790 illie
548 4748 586 4789 ex
598 4728 742 4789 Hehreeo
757 4727 901 4807 legimus:
917 4728 1096 4790 Reddemue
1148 4751 1252 4812 perum
1274 4734 1391 4792 Latine.
1422 4730 1555 4792 Proinde
1577 4733 1660 4814 quod
1679 4734 1707 4794 in
1725 4735 1750 4779 ²¹·

397 4816 516 4879 uitulus
530 4815 901 4891 lubiorumnostrorum,
918 4816 1016 4877 LXX.
1029 4835 1094 4876 ver·
1149 4826 1208 4879 est:
1236 4812 1449 4895 εὐαρεστεῖται
1472 4811 1488 4877 ὁ
1513 4810 1610 4896 θεός,
1636 4821 1770 4882 urna

397 4910 512 4963 terunt:
544 4901 727 4964 Reddumue
758 4902 901 4979 fructum
935 4903 1094 4964 lubiorum
1148 4905 1324 4966 vertendum
1341 4907 1473 4986 putavit:
1502 4906 1657 4980 placatur
1669 4907 1756 4972 M·

396 4997 589 5053 eumenem.
627 4989 671 5049 Et
699 5006 806 5050 sensus
835 4989 1006 5070 Prophetes
1032 5000 1094 5054 est:
1147 4992 1272 5072 quidem
1294 4999 1326 5053 et
1347 4992 1539 5073 Augustinus
1560 4994 1606 5058 ite
1627 4993 1700 5076 legit
1714 4985 1770 5057 ἢ,
