4442 5825
764 594 1179 652 rsermsrreerueme
1206 595 1290 651 urse.
1312 598 1351 653 te
1372 598 1413 653 rc
1698 606 1775 679 m

357 773 433 854 regis
445 772 555 854 pluet,
576 774 791 849 eiatatiom
805 773 932 854 intelligi
947 774 1023 835 divi·
1076 772 1257 834 dissimiliter
1272 772 1393 853 quidem
1408 773 1570 853 accipiunt,
1585 773 1640 851 sed
1655 774 1768 839 ebstre·

357 866 408 933 mn,
428 878 491 940 que
512 858 627 921 seluce
648 860 733 921 Deua
753 862 856 922 visitet
878 861 1023 922 hominee.
1077 861 1165 934 ctive,
1188 870 1221 921 ut
1236 859 1415 923 vocabulum
1430 871 1527 933 sonu,
1549 859 1581 921 id
1594 868 1642 923 est
1656 861 1773 925 ordine·

357 946 473 1009 timim
495 948 636 1011 electu
652 957 680 1007 et
694 948 762 1009 dice
775 950 966 1010 visitationis
980 948 1022 1010 fe·
1076 949 1181 1019 tiones,
1205 946 1431 1009 constitutiones
1444 967 1499 1007 eeu
1514 947 1597 1027 leges
1613 947 1770 1011 humente.

357 1030 482 1095 rllieriut
496 1034 685 1112 recipiuntur
700 1034 731 1095 in
746 1034 915 1114 Scripturie.
1076 1035 1189 1096 Verum
1205 1034 1251 1094 bis
1267 1032 1373 1106 obstet,
1396 1032 1478 1113 quud
1500 1036 1602 1097 stetim
1617 1038 1772 1115 requitur:

376 1116 473 1199 Igitur
494 1120 631 1181 nonnulli
652 1120 691 1182 ds
710 1121 759 1182 die
776 1121 885 1202 judicii
910 1142 965 1182 seu
980 1141 1023 1182 re·
1076 1126 1141 1182 elec
1163 1122 1249 1196 noi,
1273 1127 1344 1195 ete,
1368 1120 1448 1200 quod
1472 1121 1598 1200 primum
1622 1120 1713 1195 illam,
1742 1121 1773 1182 id

357 1204 499 1267 Manis
522 1208 766 1289 interpretantur,
788 1209 909 1289 quando
932 1210 1023 1289 impii,
1077 1218 1137 1281 eet,
1167 1208 1366 1268 concretivem
1395 1209 1532 1287 postulet
1564 1209 1659 1288 megia
1689 1228 1771 1269 eece·

357 1302 490 1372 mesto
508 1295 658 1373 justorum
673 1295 777 1374 glorie,
799 1296 855 1355 Dei
874 1295 1023 1373 justitiiem
1077 1296 1219 1376 ptionem.

357 1387 496 1459 poscent
516 1381 566 1440 vel
587 1382 685 1441 lnvitl.
715 1380 766 1441 Sic
788 1381 865 1441 inire
887 1402 953 1461 cap.
977 1382 1022 1441 b:
1118 1382 1161 1442 At
1185 1382 1262 1441 enim
1293 1380 1461 1454 sciendum,
1492 1379 1640 1443 Graecam
1664 1401 1771 1442 vocem

357 1466 560 1528 lemiliemiui
574 1468 631 1529 rub
645 1472 769 1544 potenti
783 1487 885 1529 mooe
901 1470 971 1543 Dei,
988 1477 1024 1530 ut
1075 1462 1183 1544 κτίσιν,
1204 1487 1265 1547 que
1278 1467 1386 1528 Petrus
1408 1470 1511 1542 utitur,
1534 1487 1682 1548 nusqurm
1698 1466 1771 1529 elibi

357 1555 932 1632 umottetetsmporcouttcuontu
948 1564 1021 1617 tem·
1076 1559 1106 1616 in
1136 1555 1289 1633 Scriptura
1326 1555 1498 1633 significare
1526 1555 1769 1616 constitutionem

357 1640 722 1713 tdillicot'sitotiosrisnon
729 1641 1022 1703 additurinGreeco.
1075 1643 1140 1703 sive
1151 1642 1377 1713 ordinationem,
1393 1642 1568 1721 praesertim
1579 1641 1680 1714 telem,
1693 1661 1767 1722 que·

357 1725 521 1788 bntbuio
536 1729 645 1801 sensui,
667 1728 748 1807 quod
772 1727 857 1789 dicit:
881 1747 918 1790 ce
934 1730 1023 1790 bouis
1076 1729 1112 1790 lis
1143 1738 1189 1789 est
1219 1729 1335 1806 legum,
1368 1727 1421 1789 sed
1451 1729 1564 1808 peseim
1594 1730 1690 1808 eccipi
1715 1748 1770 1809 pro

357 1814 476 1891 pectes
490 1833 547 1875 vos
561 1814 804 1879 considerantes.
831 1815 868 1875 Id
884 1816 962 1876 enim
977 1827 1023 1878 est
1075 1823 1233 1890 orcotoro,
1262 1814 1292 1876 id
1315 1823 1369 1887 est,
1395 1817 1484 1876 rebus
1506 1835 1526 1874 a
1548 1815 1615 1875 Deo
1643 1818 1770 1893 creetis3

357 1901 418 1981 ujus
432 1900 554 1962 eecculi.
578 1900 710 1962 Proinde
721 1902 773 1963 elii
791 1902 928 1982 plerique
943 1904 1022 1964 diem
1075 1901 1325 1985 quemedmodum
1341 1901 1522 1963 ostendimus
1537 1903 1576 1963 ed
1591 1901 1667 1962 illud
1682 1903 1768 1963 Rom

357 1987 501 2067 stelligunt
536 1988 658 2050 divinae
686 1991 877 2050 visitationis
906 1991 937 2049 in
966 1990 1023 2050 boc
1078 1996 1120 2050 1.:
1142 1989 1322 2051 Invisibilia
1344 1992 1442 2065 ipsiur
1456 2008 1477 2049 o
1492 1999 1641 2051 creatus-o
1658 1991 1772 2051 mundi

357 2075 460 2147 leculo,
476 2095 545 2135 cunr
560 2075 675 2137 scilicet
689 2076 773 2137 Deus
788 2097 842 2155 per
856 2096 941 2136 suem
956 2097 1021 2156 gre·
1075 2085 1128 2137 cte
1154 2077 1220 2137 Nec
1241 2095 1313 2137 vero
1337 2078 1501 2137 necessitas
1522 2077 1586 2138 ulle
1606 2085 1669 2151 est,
1693 2097 1772 2157 quse

357 2181 402 2223 em
417 2161 635 2224 obtrectstores
653 2161 720 2223 illos
736 2164 858 2231 ¹uisitere
874 2162 1022 2242 dignetur,
1075 2172 1179 2243 coget,
1207 2163 1294 2223 aliter
1319 2164 1417 2240 eccipi
1443 2163 1500 2222 hoc
1526 2163 1611 2241 loco,
1635 2168 1770 2245 quando·

357 2256 510 2312 retenens
533 2268 634 2310 eorum
656 2248 746 2310 eorde
760 2270 779 2310 e
793 2249 978 2311 detractione
994 2258 1023 2310 et
1076 2249 1197 2329 quidem
1220 2259 1250 2311 et
1272 2249 1354 2329 apud
1369 2251 1513 2321 Murcum,
1536 2250 1620 2311 Petri
1644 2250 1772 2333 discipu·

357 2334 398 2397 lte
420 2335 461 2397 ed
479 2335 730 2397 benevolentiam.
753 2337 926 2417 Numquam
943 2339 1022 2396 euim
1074 2338 1143 2408 lum,
1167 2357 1232 2416 cep.
1248 2336 1311 2411 ult,
1335 2337 1379 2395 sic
1400 2337 1545 2415 accipitur
1568 2339 1599 2398 in
1621 2338 1713 2398 eimili
1728 2340 1771 2400 lo·

357 2432 436 2485 mete
456 2420 696 2485 Obrietienorum
719 2424 780 2484 vite
803 2423 841 2484 ed
857 2423 1022 2485 infidelium
1075 2424 1201 2495 cutione,
1217 2424 1268 2483 ubi
1281 2423 1771 2507 memoretDominumsuisApo·

357 2509 594 2571 malevolorum
618 2511 841 2571 conversionem
857 2512 1022 2591 proliceret,
1074 2510 1161 2571 stolis
1176 2508 1308 2570 dixisse:
1334 2511 1454 2571 Euntcs
1469 2516 1505 2571 io
1520 2512 1677 2573 mundam
1693 2517 1771 2574 uui-

357 2597 387 2657 ’ei
407 2598 493 2657 Deus
515 2597 641 2676 speciali
662 2599 775 2674 grstia,
798 2606 949 2678 umquem
971 2597 1022 2659 be·
1077 2615 1197 2659 eorsum
1221 2599 1410 2673 praedicate
1438 2600 1652 2674 Evouoclium
1682 2604 1770 2661 omui

357 2683 421 2763 igue
435 2683 538 2745 vultus
554 2686 600 2744 sui
615 2683 842 2757 illuminatione,
862 2704 913 2745 eos
929 2686 1020 2763 respi·
1075 2692 1251 2758 creaturae,
1275 2689 1381 2765 utique
1402 2684 1561 2757 humenee,
1584 2685 1616 2746 id
1639 2693 1686 2746 est
1711 2708 1770 2748 om·

357 2780 417 2845 eret,
433 2769 718 2850 quomodoPetruur
731 2770 868 2832 Christus
883 2774 1021 2852 respexit,
1074 2773 1163 2832 nibus
1188 2771 1372 2843 hominibus,
1400 2792 1459 2834 non
1482 2771 1613 2835 Judeels
1640 2783 1769 2847 tentum,

357 2860 469 2922 neus.
1075 2860 1129 2921 sed
1139 2859 1322 2938 etgentibus,
1336 2857 1448 2938 ubique
1460 2869 1491 2922 et
1502 2859 1768 2924 indiscriminatim.

373 2945 421 3006 18.
443 2946 581 3020 Stobjccti
606 2948 704 3021 teitus·
727 2954 820 3007 estote
847 2948 935 3009 omni
960 2948 1021 3007 lta·
1076 2945 1166 3027 Quod
1188 2956 1216 3007 et
1242 2946 1355 3008 iactum
1380 2947 1489 3022 fuisse,
1517 2948 1606 3008 simili
1633 2968 1770 3011 sermone

357 3050 446 3095 tenoc
459 3040 626 3094 creaturae
642 3041 778 3109 proptor
793 3036 906 3095 Deum.
931 3032 1022 3113 Age·
1073 3041 1200 3094 testetur
1215 3035 1338 3109 Paulus,
1360 3033 1424 3095 001.
1444 3039 1470 3095 1.
1494 3034 1596 3095 dicens
1613 3036 1652 3097 de
1668 3037 1771 3098 Even-

357 3118 421 3181 reli
443 3120 656 3181 exhortatione
677 3118 716 3180 ad
732 3123 924 3199 particularia
938 3141 1022 3198 pree·
1075 3121 1172 3201 gelio:
1199 3124 1289 3200 Quod
1315 3124 1533 3199 praedicatum
1562 3131 1605 3183 cet
1631 3127 1667 3183 in
1692 3126 1769 3184 ussi·

357 3214 413 3286 pte
434 3215 560 3268 sanese
574 3216 604 3267 et
624 3206 768 3267 honestae
787 3209 1023 3269 conversationis
1075 3228 1166 3269 occsa
1188 3219 1346 3284 creatura,
1369 3228 1451 3285 quoe
1469 3208 1525 3271 cub
1548 3211 1633 3271 coelo
1649 3220 1701 3272 cst
1724 3211 1769 3272 ei-

357 3293 497 3370 uscendit3
513 3302 545 3356 et
557 3296 628 3372 quie
640 3291 764 3362 Judeei,
780 3304 896 3356 utente
911 3293 1022 3355 dictum
1076 3307 1126 3355 eut
1142 3303 1241 3355 eutem
1256 3299 1287 3358 in
1302 3296 1361 3357 illis
1376 3296 1535 3376 Scripturie
1550 3298 1677 3376 primum
1693 3317 1771 3378 opus

357 3387 381 3452 tt
402 3380 496 3461 vulgo
513 3381 591 3442 mele
611 3379 774 3441 audiebent
797 3385 874 3443 inter
888 3383 1022 3461 gentiles,
1076 3392 1121 3443 est
1136 3384 1333 3456 restrictione,
1350 3402 1427 3463 quee
1438 3383 1496 3443 hoc
1507 3382 1574 3443 loco
1586 3385 1771 3463 exprimitur,

357 3485 482 3547 umquem
504 3468 606 3547 legum
629 3467 809 3541 refrecterii,
835 3471 930 3549 primo
957 3469 1022 3528 loco
1074 3470 1104 3530 id
1121 3478 1176 3543 est,
1192 3477 1224 3530 ut
1237 3470 1425 3549 intelligetur
1440 3479 1588 3531 crcotcsro
1603 3472 1769 3548 bumouo5

357 3551 541 3634 Meteonem
559 3556 705 3633 prescipit
720 3556 932 3632 praestandam
945 3557 1020 3636 regi·
1075 3556 1183 3618 deinde
1197 3564 1230 3616 ut
1244 3577 1290 3629 ea,
1313 3558 1362 3617 cui
1384 3556 1568 3638 praedicetio
1590 3557 1655 3618 fieri
1670 3567 1771 3638 potest

357 3659 383 3702 tt
403 3662 441 3702 ec
462 3642 615 3704 civitatum
638 3642 806 3722 praefectis,
828 3663 867 3704 ne
889 3646 919 3703 in
943 3643 1020 3703 ordi·
1075 3642 1190 3723 (neque
1220 3646 1297 3706 enim
1321 3643 1492 3705 infcntibus
1521 3652 1576 3705 eut
1603 3646 1771 3707 ementibus

357 3745 395 3788 tm
418 3729 544 3807 politice
566 3748 688 3809 quoquo
705 3729 792 3791 modo
808 3740 944 3810 peccent.
967 3730 1019 3790 Ac·
1076 3730 1309 3811 praedicandum
1347 3740 1414 3793 eret
1446 3729 1677 3811 blvsngeliuml:
1716 3736 1767 3807 ite,

357 3832 391 3875 ue
415 3815 486 3877 binc
507 3816 639 3893 emplius
654 3815 809 3895 probabile
831 3818 878 3890 fit,
905 3816 943 3878 ad
967 3818 1020 3878 Ju·
1076 3817 1158 3898 quod
1173 3819 1222 3878 hic
1235 3818 1361 3880 dicitur:
1386 3821 1475 3879 omui
1494 3821 1659 3880 bumouoc
1680 3840 1770 3881 orco·

357 3919 418 3964 teus
429 3903 686 3981 bencEpietolsm
699 3904 797 3976 scribi,
813 3911 933 3984 propter
945 3923 1021 3982 quos
1075 3914 1177 3980 turae,
1203 3904 1291 3966 debet
1314 3908 1407 3986 eocipi
1429 3908 1565 3967 restricte
1581 3915 1613 3966 et
1634 3908 1693 3986 ipsi
1711 3927 1772 3967 mn·

357 3987 414 4048 iem
425 3989 541 4050 Paulus
556 3990 666 4050 similie
681 3988 734 4050 det
749 3999 919 4069 praecepte,
933 3992 1018 4051 Rom
1074 3993 1168 4053 terite
1182 3993 1413 4063 accommodate,
1434 3993 1472 4054 de
1495 3994 1632 4054 omnibus
1647 3994 1770 4055 bomini·

357 4073 376 4132 l.
401 4084 434 4136 et
456 4075 497 4137 ed
519 4077 581 4136 Tit.
606 4082 652 4148 3.‚
678 4076 931 4156 quernedmodum
959 4080 1021 4138 suis
1074 4079 1139 4152 bus,
1163 4079 1214 4161 qul
1229 4089 1298 4139 sunt
1312 4082 1342 4139 in
1358 4087 1507 4159 potestate
1523 4082 1685 4151 constituti,
1706 4083 1769 4161 qui·

357 4162 398 4223 ἐκ
411 4171 459 4223 eet
473 4172 659 4223 mentatum.
1074 4185 1203 4246 cumque
1220 4173 1250 4225 et
1265 4166 1504 4244 qualescunque
1519 4169 1594 4243 sint3
1617 4175 1650 4226 ut
1664 4188 1771 4229 sensus

365 4249 557 4312 &caturam
602 4253 778 4311 temonem
817 4250 1020 4312 Oscumenius
1074 4254 1129 4312 sit:
1160 4250 1276 4313 Subditi
1304 4262 1415 4324 estote,
1442 4252 1564 4313 obedite
1592 4256 1770 4335 cuicumque

357 4343 389 4396 st
410 4337 575 4416 Didymum
599 4337 741 4416 intelligit
767 4338 925 4398 humanum
952 4357 1019 4397 oon·
1073 4339 1188 4400 bomini
1213 4341 1375 4418 superiori,
1401 4340 1465 4399 eive
1486 4339 1625 4401 dedecus
1648 4342 1699 4402 ille
1723 4343 1770 4415 sit,

358 4424 507 4484 tutionem
538 4443 592 4483 eeu
622 4425 819 4497 creationem,
849 4426 1020 4484 concretive
1072 4427 1138 4486 eive
1153 4426 1280 4505 gentilis,
1297 4435 1327 4486 et
1346 4428 1410 4488 sive
1431 4426 1627 4499 Christianus,
1643 4430 1707 4489 sive
1725 4430 1768 4490 in·

357 4529 430 4578 men.
443 4509 475 4574 id
488 4509 689 4584 esthominee,
701 4511 913 4591 quieregibus
926 4511 1020 4570 crecti
1072 4511 1187 4591 fidelis,
1218 4512 1348 4594 denique
1369 4533 1421 4574 seu
1448 4512 1558 4585 bonus,
1584 4534 1638 4574 seu
1664 4514 1770 4575 melus.

357 4615 370 4657 u
383 4595 539 4675 designati
547 4606 617 4658 eunt
630 4598 771 4677 praefecti
785 4599 858 4657 etin
871 4606 1019 4676 potestete
1071 4600 1151 4660 Nem
1167 4609 1249 4661 certe
1263 4597 1301 4661 de
1317 4600 1485 4678 bominibus
1509 4603 1605 4680 eccipi
1622 4610 1768 4679 oportere,

357 4684 491 4756 uttituti3
508 4685 656 4762 sutipsos
672 4688 758 4745 etiem
776 4705 871 4763 reges,
889 4682 1018 4764 eoquod
1072 4696 1190 4747 constat
1219 4706 1259 4746 ex
1288 4685 1495 4748 distributione
1522 4688 1678 4765 sequenti:
1704 4691 1768 4749 siec

361 4773 427 4850 ipei
444 4769 484 4831 ab
500 4769 672 4832 bominibus
696 4772 850 4832 constituti
872 4793 908 4831 ac
929 4771 1017 4850 positi
1070 4776 1147 4849 copi,
1164 4778 1228 4835 sive
1240 4772 1379 4835 eleetos.
1404 4774 1494 4833 Hunc
1505 4772 1632 4834 eundem
1646 4793 1768 4835 sensum

357 4866 386 4920 ct.
410 4856 581 4936 stetenus
605 4860 703 4935 ipsum
723 4858 850 4918 officium
866 4859 1017 4937 regiminis
1070 4859 1166 4938 Syrus
1208 4861 1353 4939 interpres
1396 4861 1575 4921 Hebreismo
1620 4858 1767 4921 reddidit:

357 4935 551 5025 elligits‘eo
582 4944 665 5023 quod
699 4945 839 5005 humenis
867 4944 1018 5024 euffreglis
1069 4948 1178 5008 It'rtotc
1192 4947 1322 5021 mbjecti
1337 4948 1482 5009 omnibus
1497 4946 1570 5024 filiis
1584 4949 1728 5009 bominis.

357 5031 445 5108 ntur.
485 5027 550 5093 Alii
575 5041 745 5094 erectorem
770 5029 931 5094 bumeuem
956 5051 1017 5093 uon
1110 5035 1249 5118 Propter
1263 5035 1379 5116 Deum,
1396 5034 1531 5100 Graece:
1542 5040 1678 5119 propter
1691 5036 1762 5100 Do-
