4442 5825
403 590 478 659 let
919 582 1318 640 commummsntcrm

400 762 528 835 ctionss,
555 757 635 840 quod
654 776 708 838 per
730 777 782 819 ess
797 759 882 820 Deus
909 767 1028 821 tentare
1044 779 1098 821 sen
1150 762 1262 824 Laude
1278 761 1416 843 quidem,
1432 764 1506 844 quia
1521 770 1600 825 tuuc
1613 764 1686 825 latis
1698 763 1818 823 erit&-

400 848 528 930 probare
549 845 644 907 soleat
672 847 818 921 homines,
846 855 881 907 ut
902 847 1023 928 plenius
1046 866 1097 908 ex·
1150 852 1263 926 cuique
1278 868 1299 909 a
1314 853 1402 926 Deo,
1421 849 1521 912 lOor.
1536 853 1586 926 4.;
1615 859 1689 911 tune
1702 852 1819 911 enimn·

400 937 531 1017 pasitnru
555 942 601 994 est
621 931 661 992 ad
683 931 758 993 illud
785 933 896 994 Jecabi
925 937 968 993 1.:
996 935 1097 995 Omne
1150 935 1249 1009 dient,
1265 938 1319 1017 qui
1335 938 1415 998 bons
1431 946 1575 1018 egerunt,
1597 938 1653 998 bu
1669 933 1821 1015 rouujsli·

399 1023 554 1099 paediam
576 1022 769 1095 criminale,
797 1039 868 1081 crem
891 1023 927 1081 iro
945 1023 1097 1081 tentatio·
1150 1024 1208 1083 eis:
1241 1025 1347 1099 Eripe,
1382 1043 1470 1086 serve
1497 1025 1579 1085 boue
1612 1032 1645 1085 et
1669 1023 1762 1102 fidelis
1783 1029 1823 1085 ee

399 1120 455 1172 rtes
469 1111 579 1170 varias
593 1108 777 1168 incideritis.
802 1107 901 1185 Igitur
916 1110 1097 1169 contristati
1155 1111 1275 1185 Vertite,
1292 1111 1447 1172 benedicti
1462 1113 1572 1172 Patris
1588 1114 1652 1172 mei
1663 1119 1728 1186 eta,
1740 1108 1823 1171 tlrtl

399 1199 435 1259 iu
449 1198 550 1258 variis
568 1195 798 1256 tentationibas
822 1193 900 1254 idem
924 1206 987 1270 cst,
1013 1193 1095 1274 quod
1150 1196 1200 1256 25.
1226 1197 1337 1259 Gloria
1351 1206 1381 1258 et
1395 1200 1535 1274 bonore,
1551 1200 1641 1278 quia,
1665 1201 1842 1275 quietura.

399 1283 504 1344 dolore
526 1300 587 1341 eeu*
602 1301 735 1341 moerore
758 1281 857 1342 affecti
879 1281 918 1341 ob
941 1282 1041 1341 rarius
1064 1289 1096 1341 et
1148 1284 1488 1361 bonoripieaoeritme,
1503 1285 1692 1362 plorilicobo
1708 1283 1825 1357 md

398 1368 580 1450 multiplica
602 1369 785 1428 afflictiones.
822 1367 916 1429 Addit
932 1371 1095 1429 autemzsi
1148 1368 1299 1432 Dominus
1325 1374 1437 1452 leeg.
1457 1375 1487 1433 2.
1525 1372 1567 1431 Et
1591 1373 1668 1451 quie
1692 1372 1823 1447 amics

398 1463 539 1534 oportet,
571 1457 658 1536 quia,
689 1454 826 1534 quamvis
852 1456 903 1535 pie
925 1455 1094 1516 virentibus
1147 1458 1251 1518 bouor
1266 1462 1354 1519 amai
1377 1463 1527 1535 operartti
1550 1459 1694 1532 bouum,
1715 1455 1822 1519 Brut

397 1542 605 1604 tribulationes
624 1560 790 1622 numquam
814 1539 930 1616 desint,
953 1544 1014 1602 imo
1034 1559 1095 1617 per
1147 1543 1207 1602 Est
1222 1554 1321 1605 antem
1338 1545 1378 1606 ad
1393 1564 1509 1619 aurum,
1532 1545 1573 1607 de
1587 1565 1650 1627 qno
1666 1545 1824 1615 locutum

396 1631 513 1692 multas
534 1629 759 1690 tribulationes
783 1636 928 1704 oporteat
956 1648 1015 1689 aas
1040 1631 1094 1688 irt-
1147 1629 1264 1691 allusio.
1297 1633 1377 1693 Nam
1400 1642 1434 1691 ut
1455 1652 1528 1694 anre
1549 1652 1612 1693 nen
1627 1641 1699 1693 ante
1711 1628 1822 1691 nuti

397 1724 486 1778 trare
510 1721 547 1778 irs
572 1734 707 1791 repetam
732 1716 809 1789 Dei,
845 1716 911 1774 Act
937 1718 1000 1790 14„
1033 1735 1094 1775 non
1147 1716 1234 1777 betur
1256 1718 1367 1792 bonos,
1392 1739 1484 1801 quarn
1508 1727 1670 1800 purgatum
1692 1729 1722 1779 st
1740 1714 1822 1796 preb
1853 1765 1856 1786 ,

396 1813 500 1866 tamen
514 1822 642 1882 semper,
657 1822 712 1863 nec
728 1801 863 1862 erunibus
876 1821 973 1881 acque
984 1821 1093 1882 graves
1146 1813 1208 1864 tnm
1224 1804 1330 1881 fuerit,
1353 1808 1395 1866 ita
1410 1807 1574 1886 signifieat,
1600 1804 1707 1877 fidum,
1731 1810 1822 1884 pt*

396 1891 581 1953 incumbunt.
619 1891 738 1949 Tamen
764 1891 882 1968 quoties
908 1908 964 1949 eae
989 1908 1091 1949 occur·
1146 1910 1238 1972 quam
1264 1895 1323 1953 rite
1347 1891 1438 1952 luerit
1460 1896 1637 1954 examinata
1660 1901 1690 1953 et
1713 1889 1820 1972 prabet

396 1987 480 2054 runt,
510 1996 607 2060 aequo
634 1979 735 2036 animo
761 1975 902 2037 terendus
929 1985 976 2036 est
998 1974 1090 2036 dolor.
1145 1978 1242 2059 gloria
1266 1979 1432 2040 ethonore
1454 1970 1820 2051 coronandsmaDso,d

396 2065 465 2126 Hoc
480 2074 541 2139 cst,
568 2063 649 2144 qnod
665 2064 725 2123 ait:
751 2065 786 2125 Si
805 2069 945 2139 oportet,
973 2065 999 2123 si
1015 2084 1092 2142 opus
1146 2074 1190 2125 eet
1205 2066 1302 2145 iprum
1318 2067 1468 2128 bominem
1490 2068 1601 2128 merite
1615 2065 1689 2127 fidei
1703 2082 1833 2127 aarum·

396 2157 451 2228 sit,
478 2153 625 2214 olitores
640 2150 727 2210 terat.
764 2151 900 2231 Proque
924 2149 998 2210 dicit
1013 2148 1093 2211 infra
1145 2151 1233 2227 dnm;
1263 2155 1342 2213 siunt
1372 2153 1447 2214 dicit
1474 2155 1510 2214 B.
1542 2153 1681 2216 Jsecbus
1710 2172 1768 2231 esp.
1790 2154 1820 2211 le

396 2260 462 2322 cap.
479 2244 523 2303 u:
539 2240 574 2302 Si
591 2238 738 2299 voluutas
752 2238 814 2298 Dei
829 2238 914 2298 velit.
1144 2243 1266 2301 Beatus
1291 2243 1361 2315 vir,
1397 2242 1453 2318 qui
1482 2241 1596 2318 suffert
1628 2241 1819 2311 smmum

440 2329 467 2387 7.
498 2328 538 2389 Ut
560 2326 711 2403 probatio
737 2332 862 2385 vertrae
886 2323 962 2401 tldei
990 2324 1092 2384 malta
1146 2329 1317 2405 quoniam,
1335 2325 1820 2406 communicaverimus
1853 2371 1857 2408 ,

392 2417 565 2494 pretiosior
584 2431 681 2486 auro,
704 2412 791 2489 quad
810 2430 872 2489 per
892 2414 997 2486 ipaem
1010 2429 1091 2487 pro-
1145 2431 1298 2475 caraaam
1315 2417 1408 2474 vitae.
1849 2458 1857 2495 ,

395 2504 498 2564 batur.
533 2501 675 2561 Tentstis
696 2508 727 2560 et
749 2500 932 2559 contristatis
953 2499 1037 2576 ponit
1053 2497 1091 2557 ob
1187 2503 1231 2562 lu
1252 2503 1449 2563 revelatione
1475 2505 1559 2564 Jesrs
1581 2502 1707 2565 curati
1738 2497 1772 2559 Id
1788 2500 1819 2559 d

394 2588 498 2652 oeulos
511 2587 642 2648 lructum
658 2588 863 2647 tentationum.
887 2584 1006 2645 Graeca
1021 2585 1091 2664 plus
1144 2588 1176 2647 in
1190 2587 1240 2647 die
1251 2586 1378 2665 judieii,
1394 2608 1485 2668 quum
1497 2590 1686 2668 apparuerit,
1701 2587 1749 2668 qni
1760 2599 1829 2647 nn:
1849 2612 1852 2623 =

394 2675 509 2757 aliquid
531 2675 660 2735 babent:
683 2673 784 2734 multo
802 2675 975 2750 pretiosior
996 2690 1090 2745 auro,
1144 2673 1232 2745 latet,
1248 2673 1272 2734 J
1273 2692 1342 2734 esus
1358 2675 1495 2736 Christus
1510 2677 1639 2736 veniens
1655 2677 1687 2736 in
1700 2673 1792 2754 daria

394 2763 479 2842 qtsod
492 2766 595 2839 perit,
610 2778 670 2838 per
684 2763 790 2836 ipnem
802 2766 907 2820 autem
921 2761 1089 2834 probatur.
1187 2761 1294 2821 Potest
1309 2770 1374 2821 tota
1389 2762 1484 2821 oratio
1508 2763 1641 2823 construi
1664 2769 1696 2823 et
1710 2760 1816 2821 brari!
1846 2788 1858 2850 ἰ

393 2851 429 2913 Id
447 2849 606 2929 estquod,
633 2849 689 2907 etsi
705 2857 809 2926 pereat
823 2866 877 2906 sen
895 2845 1091 2925 corruptibile
1145 2847 1290 2927 explicari
1303 2848 1433 2909 adhunc
1446 2849 1585 2909 modum:
1602 2849 1648 2909 Ut
1660 2844 1827 2911 fidam

394 2941 446 3013 sit,
472 2944 574 2996 temen
590 2936 666 2995 tanti
680 2934 714 2994 fit
728 2935 765 2994 sb
781 2932 966 3004 bominibus,
989 2943 1024 2992 ut
1038 2952 1089 2992 ve·
1145 2936 1361 2996 tentationibus
1388 2935 1517 3015 probata
1543 2939 1711 3015 reperiatur
1734 2927 1844 3004 incl.-

393 3026 451 3087 lint
463 3025 534 3102 igne
550 3022 686 3101 probari,
711 3040 772 3100 quo
795 3041 881 3081 snum
904 3021 986 3099 apud
1009 3021 1090 3100 ipsos
1143 3030 1237 3082 ventu
1272 3022 1384 3083 Christi
1417 3022 1531 3100 judicis
1571 3022 1663 3102 longe
1689 3020 1858 3113 preti&

393 3113 524 3195 pretium
553 3110 697 3171 obtineat.
739 3108 882 3168 Similiter
912 3108 989 3167 inira
1018 3125 1090 3167 cor·
1143 3128 1215 3169 auro
1231 3110 1399 3188 perignem
1415 3109 1557 3189 probata,
1577 3106 1814 3190 proindequslsr
1844 3158 1858 3199 t

392 3197 562 3277 ruptibilia
589 3205 678 3256 vocat
705 3212 823 3256 aarum
853 3202 882 3254 et
912 3201 1088 3269 arpentum.
1143 3194 1209 3255 dem
1237 3202 1268 3255 et
1293 3196 1418 3273 glorium
1443 3206 1473 3256 et
1499 3197 1644 3258 bonorem
1671 3193 1815 3275 apulea
1845 3201 1847 3212 '

392 3286 546 3348 Probare
557 3284 632 3360 fidei
643 3283 795 3342 locutione
810 3281 969 3340 transitiva
984 3279 1091 3340 dieitur
1143 3290 1349 3342 consecutura.
1373 3282 1518 3362 suggerit
1533 3284 1614 3344 bunc
1634 3282 1762 3343 ordinem
1773 3275 1822 3364 aa
1846 3315 1858 3354 ι

393 3393 446 3455 pro
477 3371 555 3449 fides
581 3368 738 3448 probata,
766 3368 934 3444 explorata
941 3411 951 3441 ,
982 3387 1090 3445 nempe
1138 3368 1271 3446 jetanus.
1305 3369 1426 3428 Dicitur
1451 3379 1553 3430 autem
1577 3367 1655 3430 fides
1671 3363 1858 3463 invenirit:

391 3460 482 3522 rariie
490 3456 715 3519 tentationibus.
740 3457 816 3515 Earn
824 3472 905 3514 auro
914 3472 975 3530 per
983 3456 1087 3528 ipnem
1144 3455 1194 3516 die
1207 3455 1314 3533 judicii
1338 3453 1503 3516 secuudum
1527 3457 1670 3517 ellectum
1693 3452 1780 3516 landis
1793 3451 1823 3512 d.

388 3547 527 3624 probato
553 3544 626 3604 dicit
650 3561 719 3602 esse
744 3542 844 3602 multo
859 3543 1087 3616 pretiosiorem,
1141 3542 1271 3619 gloriae,
1287 3551 1321 3601 ut
1332 3543 1397 3619 jam
1412 3542 1600 3604 declaratum
1616 3553 1672 3603 est
1849 3599 1858 3636 Ι

391 3654 452 3695 non
478 3632 559 3713 quod
586 3628 790 3708 comparabile
816 3630 857 3688 sit
885 3645 990 3685 aarum
1022 3646 1088 3686 curn
1185 3631 1213 3689 8.
1238 3631 1335 3706 Quem
1351 3648 1423 3689 eam
1439 3648 1508 3690 aaa
1522 3631 1687 3704 videritis,
1701 3625 1812 3703 dilip'fi
1845 3663 1849 3672 ·

391 3720 465 3796 lide3
493 3719 546 3780 aed
570 3716 609 3778 ud
631 3714 845 3775 declarandum
864 3713 920 3773 boc
935 3714 1089 3773 schemate
1148 3715 1314 3788 videritis,
1341 3715 1519 3776 vertendum
1547 3725 1646 3777 esset:
1672 3713 1820 3786 aornim:

392 3805 624 3887 comparationis
655 3801 863 3862 excellentiam
894 3798 980 3874 fidei3
1015 3819 1086 3877 qua·
1141 3810 1188 3860 cst
1202 3803 1280 3861 enim
1298 3803 1328 3862 in
1344 3800 1463 3863 Graeco
1489 3804 1683 3883 perticipium
1705 3791 1814 3870 εἷδόπι
1846 3797 1857 3812 ’“

391 3887 1086 3965 madoDavid‚jadiciaDomiaipraedicans,
1140 3887 1194 3946 sed
1223 3889 1359 3948 notitiam
1390 3888 1438 3948 hic
1468 3891 1625 3970 accipiunt
1655 3892 1858 3969 interpretur

392 3999 428 4041 ea
444 3979 519 4040 dicit
534 3997 601 4039 csse
621 3976 844 4036 desiderabilia
859 3992 1087 4050 superatarum
1141 3992 1220 4052 quac
1234 3995 1289 4055 per
1306 3994 1427 4036 sensum
1449 3976 1482 4035 fir
1509 3976 1723 4055 principalem,
1744 3971 1817 4040 ild,
1845 3969 1857 3984 “

313 4115 314 4118 ,
392 4066 576 4143 etlaplderu
591 4066 765 4140 pretiosum
782 4063 936 4134 maltum,
961 4067 990 4119 et
1013 4060 1086 4120 dal·
1139 4060 1347 4140 visum,quod
1363 4063 1529 4123 verisimile
1544 4065 1594 4136 rit,
1612 4062 1733 4124 Petrnm
1742 4054 1845 4138 reule·

391 4156 479 4214 ciera
501 4169 596 4228 super
616 4151 679 4209 mel
699 4157 730 4209 et
750 4149 883 4226 savum,
907 4146 1018 4207 Psalm.
1037 4148 1085 4206 18.
1140 4166 1207 4207 cere
1232 4146 1271 4207 ad
1295 4147 1406 4208 dictura
1430 4148 1618 4210 salvatoris:
1646 4151 1754 4224 Beati,
1773 4139 1819 4222 d
1847 4165 1853 4202 ·.

391 4238 505 4301 Subest
520 4239 612 4318 igitur
635 4237 668 4296 in
690 4235 736 4295 bis
757 4236 856 4295 verbis
879 4243 1086 4313 argumentum
1138 4251 1206 4294 aare
1221 4234 1373 4294 videraut
1388 4241 1417 4293 et
1433 4237 1658 4312 erediderunt,
1681 4237 1765 4299 Josu
1798 4244 1822 4281 ¹..
1848 4273 1858 4336 ᾖ

390 4346 411 4386 a
431 4328 562 4386 minore:
588 4324 622 4383 si
643 4342 763 4395 auram,
790 4322 868 4402 qnod
891 4319 1085 4398 corruptibile
1138 4319 1199 4381 Sed
1221 4341 1288 4381 cum
1313 4321 1449 4382 vexilla
1475 4321 1600 4385 Graeca
1621 4322 1755 4385 eontra&

391 4422 439 4474 sst
467 4411 664 4482 elementum,
695 4408 872 4487 probatione
902 4427 956 4487 per
986 4409 1085 4485 ignem
1138 4405 1235 4467 soleat
1250 4408 1289 4467 ad
1304 4427 1423 4469 sensum
1446 4408 1586 4482 videndi,
1614 4410 1670 4472 sed
1691 4407 1776 4490 ηιξ·

390 4498 525 4560 redditur
541 4496 711 4558 bominibus
733 4498 895 4574 pretiosum
918 4502 949 4555 et
969 4512 1085 4569 aarum3
1138 4503 1268 4555 mentem
1284 4495 1445 4570 reseratum
1474 4516 1578 4575 usqne
1592 4496 1678 4577 apud
1691 4495 1755 4562 J
1813 4534 1816 4540 ‚
1852 4471 1858 4512 Ι

391 4605 444 4647 cur
464 4607 526 4646 non
548 4586 634 4645 Dens
661 4581 731 4642 fidei
752 4583 961 4660 probationem
984 4581 1086 4658 exigat
1139 4581 1170 4640 in
1185 4582 1335 4641 sententia
1350 4581 1441 4641 citata
1456 4582 1594 4663 legatur:
1614 4575 1748 4657 εἰδότες,
1800 4611 1812 4637 ·,

390 4691 447 4752 per
459 4672 642 4740 afflictiones,
658 4677 692 4728 ut
706 4685 743 4731 es
758 4677 859 4728 core'm
873 4669 938 4748 ipso
953 4667 1083 4747 resplen·
1137 4657 1267 4741 ἰδόντες,
1287 4668 1369 4747 qnod
1385 4666 1425 4728 ad
1440 4671 1540 4730 visum
1556 4671 1681 4751 proprie
1695 4667 1812 4753 perlis*
1851 4713 1858 4788 p

391 4757 478 4832 daut,
494 4759 669 4838 gratiorque
684 4751 761 4815 liat?
1137 4755 1247 4833 poterit
1261 4773 1331 4833 pare
1347 4756 1404 4814 ieta
1426 4756 1470 4815 sic
1485 4758 1618 4836 exponi:
1646 4758 1771 4839 Quen.
1811 4813 1817 4840 ,-

435 4845 629 4907 Inveniatur
642 4845 678 4902 ia
694 4840 821 4902 laudem
837 4847 867 4900 et
880 4841 1016 4915 planam
1025 4883 1035 4913 ,
1056 4846 1086 4899 et
1138 4849 1208 4901 ante
1222 4841 1385 4919 nequidem
1397 4845 1609 4921 cognoveritis,
1625 4863 1687 4906 ann
1735 4871 1739 4885 ·

1841 3526 1858 3560 ⁸·

391 4930 552 4992 bonorem.
580 4928 619 4989 ld
635 4936 681 4990 cst
695 4928 867 4990 inveniatur
880 4925 972 5005 digna
988 4924 1085 4998 laude,
1137 4936 1237 4988 umen
1266 4926 1401 5007 diligitur
1447 4928 1543 4990 Porro
1573 4930 1600 4991 ei
1629 4932 1749 4992 omnine

390 5014 537 5096 pltriset
557 5014 685 5091 bonore,
705 5014 824 5076 scilicet
843 5011 1003 5092 injudicio
1017 5012 1085 5074 Dei.
1136 5023 1355 5094 cognoverant,
1379 5016 1532 5095 sequitur,
1559 5025 1595 5078 ut
1615 5035 1675 5080 nec
1735 5048 1737 5062 ·
1766 5054 1768 5057 -
1805 5029 1816 5042 ’“
