4442 5825
821 604 984 661 semotus
1002 605 1019 658 l.
1036 603 1125 658 stru
1140 602 1236 658 euml.
1262 603 1347 658 ltus.
1367 607 1409 659 2⁰.

382 785 453 847 time
473 784 566 847 etiam
580 783 700 847 Hrasmi
719 785 834 860 versio,
858 783 897 845 de
920 804 980 865 qna
996 783 1068 857 dixi,

468 871 568 933 batur.

385 872 544 1036 hliboque
565 961 674 1035 panai,
704 958 739 1017 sa
765 966 810 1019 est
832 966 900 1020 oeto
927 961 1068 1033 animae,

384 1046 479 1107 ulvae
498 1040 607 1123 (actae
627 1053 703 1107 sunt
721 1064 783 1122 pes·
804 1065 932 1124 apuam.
956 1048 1068 1122 Pauci,

385 1130 507 1195 trum
522 1150 656 1210 paueat,
672 1141 707 1192 nt
721 1131 760 1192 ud
776 1136 903 1194 animas
915 1133 1068 1205 referatur,

383 1238 430 1303 μ
449 1238 529 1301 ques
552 1228 657 1280 temen
694 1219 828 1280 homines
864 1218 1070 1300 significantur

384 1304 602 1388 synecdochice.
639 1307 718 1367 Nota
733 1315 783 1367 est
797 1305 922 1366 historia
937 1306 1012 1367 Gon.
1032 1308 1069 1378 7.,

383 1390 470 1455 Dum
490 1401 615 1474 propter
636 1393 787 1454 homiuum
811 1401 936 1473 peccata
958 1391 1070 1452 mundo

384 1477 521 1541 diluvium
532 1479 696 1553 induxisse,
712 1499 809 1561 coque
819 1499 922 1539 omnes
934 1481 1069 1559 periisse,

385 1568 510 1647 exeeptis
532 1574 615 1639 octo,
642 1585 718 1648 quos
741 1586 811 1627 arce
830 1567 972 1626 servavit
1010 1566 1072 1646 Qui

385 1652 495 1735 quidem
511 1670 572 1729 per
592 1671 710 1730 aquam
731 1654 814 1714 salvi
827 1654 910 1730 facti
924 1652 1070 1725 dicuntur,

385 1741 450 1821 quia
460 1758 550 1820 aqua,
564 1758 645 1819 quae
655 1749 793 1803 caeteros
805 1741 961 1813 exstinxit,
972 1760 1072 1801 arcam

371 1824 500 1889 elevans
515 1828 549 1886 in
564 1826 704 1901 sublime,
718 1828 833 1900 effecit,
852 1846 906 1899 ne,
922 1828 975 1907 qni
991 1829 1021 1887 in
1036 1846 1072 1886 oa

386 1922 475 1986 eant,
513 1930 576 1974 una
604 1934 670 1974 oum
700 1914 768 1975 aliis
802 1915 1071 1994 exstinguerentur.

386 1998 525 2062 llounulli
539 2018 598 2077 pes·
610 2018 728 2078 aquam
746 2010 917 2080 exponunt:
934 2003 970 2061 in
986 2018 1072 2078 aqna

385 2087 479 2149 ulvas
490 2087 611 2166 ladas,
634 2090 759 2150 caeteris
781 2089 812 2147 in
828 2107 907 2168 aqua
922 2089 1070 2168 pereunti·

385 2170 442 2237 ht·
463 2173 579 2236 Verum
603 2176 685 2255 prior
698 2193 805 2235 sensus
819 2175 916 2253 magis
933 2176 1074 2235 convenit

384 2276 444 2323 ιιιι
457 2262 607 2342 antitypo,
627 2259 659 2321 id
674 2271 719 2322 est
734 2261 913 2342 baptismate
927 2261 1072 2334 salvifico,

385 2344 421 2410 de
432 2366 490 2427 quo
506 2349 608 2410 stetim
623 2346 791 2409 audiemus.

422 2433 508 2495 Hauc
522 2434 563 2494 ad
581 2436 674 2495 totius
695 2435 756 2495 looi
777 2454 897 2496 sensum
920 2434 1072 2515 explican-

387 2518 448 2583 dum
477 2523 640 2582 veniemus.
678 2521 739 2582 Ubi
768 2523 894 2604 primum
924 2519 1074 2581 cavendus

386 2622 461 2671 nar
474 2627 594 2682 corum,
616 2609 669 2688 qui
683 2609 719 2668 B.
734 2608 819 2669 Petri
841 2607 935 2668 verbe
950 2609 979 2668 in
994 2606 1075 2667 hunc

385 2706 497 2757 mam
512 2697 701 2776 interpretati
715 2703 801 2769 sunt,
825 2695 946 2776 spiritus
969 2695 1072 2773 impio·

386 2798 442 2843 ιιιιι
457 2779 569 2843 (lbristi
585 2781 624 2843 ad
637 2781 749 2842 inferos
764 2780 974 2842 descendentis
988 2799 1073 2861 prae·

388 2862 526 2932 &stione
553 2888 714 2930 conversos
744 2876 775 2930 st
803 2868 945 2929 liberatos
971 2866 1072 2929 inisse.

388 2949 474 3036 tejas
488 2957 598 3017 erroris
614 2955 699 3017 Beda
714 2957 865 3029 meminit,
885 2975 1015 3035 eumque
1031 2965 1072 3015 ta·

378 3041 438 3102 io
457 3045 579 3104 nomine
601 3041 745 3103 adscribit
760 3043 892 3114 Hilario,
920 3043 971 3122 qui
988 3061 1072 3102 enar·

380 3143 448 3192 lus
475 3130 530 3191 illa
555 3129 650 3190 sorba
673 3130 787 3190 Psalmi
817 3133 904 3192 ns:
935 3127 1073 3206 mando

371 3216 592 3279 -asasototern
607 3217 679 3277 me?
701 3217 782 3289 sive,
805 3226 840 3276 ut
853 3216 906 3276 ills
921 3215 1003 3295 legit,
1019 3233 1073 3275 es·

381 3299 640 3366 menomenas
670 3312 738 3385 post
760 3301 821 3363 alia
844 3305 887 3363 sic
910 3304 967 3361 ait:
998 3304 1072 3375 sat,

374 3383 545 3470 -l‘ropbeta,
571 3391 654 3451 liano
677 3391 926 3452 exhortationem
950 3395 1074 3449 sanctos

374 3479 569 3556 Umentes
583 3480 619 3538 in
633 3478 765 3555 inferno
781 3477 969 3538 desiderare.
999 3477 1073 3550 sar,

386 3565 514 3626 monn
528 3566 644 3639 Petro,
668 3563 872 3625 descendente
891 3564 1074 3640 ininferna

381 3647 533 3729 inmite,
545 3654 641 3712 etiam
652 3652 712 3726 bis,
719 3653 775 3729 qni
786 3654 822 3712 in
833 3669 958 3711 carcere
970 3657 1073 3723 erant,

378 3739 584 3800 *meanti
597 3737 760 3815 quondam
769 3739 904 3816 fuerant
918 3741 954 3797 in
967 3736 1075 3797 diebus

382 3821 459 3901 lut,
471 3827 723 3888 erimanonem
734 3825 955 3902 praedicatam
964 3825 1072 3902 fuisse.

371 3901 492 3974 'Unum
506 3910 654 3993 quomodo
669 3930 741 3972 sane
757 3919 786 3972 et
797 3911 946 3972 catholice
958 3911 1075 3991 possint

371 3987 457 4060 'fiee
469 3999 566 4061 verbe
580 4000 685 4080 accipi,
700 3998 837 4078 pluribus
854 3998 987 4058 declarat
998 3997 1073 4056 Hes·

371 4081 489 4160 Ullus,
517 4093 554 4147 ut
581 4105 637 4145 nos
665 4083 746 4145 infra
774 4084 904 4145 breviter
933 4083 1074 4143 dicemus.

371 4159 537 4252 &guntur
563 4172 676 4232 cimilia
700 4171 780 4253 apud
802 4172 1021 4251 Hieronymum
1045 4172 1076 4230 in

371 4261 497 4336 quem.
518 4278 613 4339 super
635 4257 775 4320 Genesim
798 4258 837 4318 ad
859 4257 933 4317 illud
950 4277 1015 4336 cap.
1030 4260 1075 4318 6.:

371 4341 455 4406 lan
476 4343 680 4423 permanebit
700 4347 831 4421 spiritns
853 4364 939 4405 mens
961 4346 996 4403 in
1018 4346 1076 4403 lto·

371 4433 466 4493 tine
479 4440 535 4493 ete.
557 4432 618 4493 Pro
633 4451 693 4510 quo
705 4430 779 4491 dicit
795 4433 826 4492 in
841 4431 983 4491 Hebraeo
999 4430 1075 4510 legi:

371 4515 456 4580 'Just
478 4518 639 4595 judicabit
660 4521 791 4594 spiritus
820 4537 908 4578 mens
936 4519 1077 4578 lto-mines

371 4599 506 4668 Uasin
519 4613 706 4680 aeternnm
722 4608 799 4680 quia
814 4623 888 4665 earo
903 4611 986 4665 sunt.
1025 4604 1076 4663 Sic

371 4701 483 4754 -tem
509 4695 653 4772 exponit:
691 4694 774 4771 Quia
801 4693 930 4770 frapilis
961 4698 1004 4751 est
1040 4691 1076 4751 in

371 4765 507 4842 Mne
520 4779 682 4854 mnditia,
704 4797 772 4839 non
793 4797 844 4839 eas
866 4778 910 4837 ad
932 4785 1077 4838 aeternos

371 4867 512 4930 malis
533 4868 715 4942 maiatum,-
744 4866 796 4925 sed
821 4867 872 4925 bic
897 4865 963 4924 illis
984 4866 1076 4924 resti·

371 4957 488 5031 m,
506 4953 593 5032 quod
608 4959 780 5014 naenias.
803 4954 891 5028 arpo
907 4970 975 5012 non
990 4970 1076 5010 seve·

371 5041 529 5116 Mem,
562 5039 617 5102 sed
652 5040 850 5101 danenttam
883 5040 943 5100 Dei
972 5045 1075 5113 sonat,

1741 608 1814 680 stt

1122 783 1199 844 dum
1211 789 1359 860 peccator
1380 784 1430 843 hic
1448 800 1511 858 pra
1533 799 1590 842 suo
1612 781 1725 842 scelere
1740 784 1817 843 cisi·

1121 878 1218 932 tatur.
1242 870 1329 930 Haec
1345 869 1406 930 ille.
1429 868 1518 949 Quas
1531 868 1635 929 eadem
1647 869 1818 929 Eucherius

1122 959 1154 1018 in
1169 957 1300 1018 Genesin
1316 957 1448 1017 scribens
1471 976 1524 1016 suo
1549 958 1758 1017 commentario
1775 958 1817 1017 in·

1122 1046 1225 1105 seruit.

1164 1131 1222 1191 His
1245 1129 1332 1190 affine
1354 1137 1413 1202 est,
1443 1128 1525 1210 quod
1548 1128 1585 1189 dc
1609 1130 1661 1202 iis,
1692 1149 1819 1209 quorum

1121 1237 1249 1298 corpora
1271 1215 1445 1277 ceciderunt
1466 1218 1497 1277 in
1523 1215 1658 1291 deserto,
1684 1235 1820 1296 quosque

1122 1303 1239 1364 Paulus
1256 1304 1349 1363 Hebr.
1366 1307 1393 1365 3.
1412 1313 1444 1363 et
1458 1305 1487 1362 4.
1512 1312 1634 1364 accusat
1656 1302 1817 1363 increduli-

1123 1394 1208 1465 tatis,
1224 1389 1302 1450 idom
1318 1390 1536 1471 Hieronymus,
1561 1389 1731 1450 Exechielis
1746 1390 1819 1450 Pro·

1123 1478 1230 1558 phetae
1256 1498 1322 1558 cap.
1351 1477 1401 1536 20.
1429 1477 1612 1556 explanans,
1650 1476 1739 1551 dieit,
1769 1497 1820 1538 eos

1125 1566 1204 1646 apud
1220 1565 1318 1624 Donm
1334 1566 1453 1637 vivore,
1478 1583 1532 1624 neo
1555 1565 1686 1625 aeternis
1707 1565 1819 1646 snppli-

1125 1654 1177 1711 ciis
1194 1661 1364 1712 reservatos
1381 1670 1465 1724 esse,
1488 1671 1545 1712 neo
1560 1650 1675 1711 deletos
1690 1650 1727 1712 de
1742 1650 1820 1712 libro

1125 1739 1306 1813 viventium,
1329 1758 1386 1799 nec
1408 1746 1601 1818 consumptos
1623 1745 1693 1799 enta
1711 1737 1821 1798 taciem

1125 1826 1257 1885 Domini.

1168 1911 1262 1972 Porro
1292 1912 1327 1971 B.
1358 1912 1546 1991 Augustinus
1582 1912 1613 1972 in
1643 1913 1744 1993 Epist.
1782 1910 1821 1972 ad

1125 1998 1237 2071 llxosl„
1261 1996 1412 2078 praedicto
1429 2017 1526 2059 erroro
1542 1998 1688 2074 rclutato,
1711 2018 1820 2079 sugge-

1125 2087 1164 2147 rit
1186 2086 1263 2146 bnnc
1286 2104 1420 2157 sensnm,
1446 2093 1480 2145 nt
1501 2086 1627 2164 spiritns
1650 2088 1682 2148 in
1701 2105 1821 2148 carcere

1125 2173 1257 2233 conclusi
1282 2172 1486 2252 intelligantur
1515 2173 1668 2247 homines,
1695 2191 1822 2253 quorum

1125 2261 1263 2339 spiritus,
1291 2257 1389 2319 idest
1412 2260 1546 2331 animae,
1571 2262 1708 2320 arentin
1723 2279 1821 2333 carne,

1125 2355 1217 2426 atque
1233 2347 1417 2425 ignorantiae
1440 2345 1572 2406 tenebris
1594 2347 1680 2407 velut
1702 2365 1822 2406 carcero

1126 2432 1355 2504 claudebantur,
1387 2430 1599 2512 Christumque
1628 2433 1680 2508 iis,
1706 2453 1765 2493 non
1790 2433 1822 2493 in

1126 2539 1229 2591 earne,
1246 2521 1319 2599 quia
1333 2518 1464 2580 nondum
1477 2522 1652 2580 incarnatus
1669 2529 1748 2591 erat,
1766 2519 1822 2580 sed

1126 2607 1157 2667 in
1172 2607 1292 2686 spiritu,
1317 2606 1347 2667 id
1370 2615 1416 2666 est
1438 2606 1601 2666 secundum
1624 2607 1822 2677 divinitatem,

1125 2695 1199 2753 visis
1215 2694 1355 2773 congruis
1371 2692 1568 2773 alloquendo,
1591 2694 1672 2775 quod
1691 2692 1822 2766 volabat,

1125 2779 1324 2861 praedicasse.
1349 2780 1492 2861 Sequitur
1509 2781 1589 2841 hane
1603 2781 1821 2861 expositionem

1125 2866 1211 2928 Bada
1233 2868 1264 2928 in
1279 2887 1382 2927 comm.
1407 2875 1436 2928 et
1458 2866 1493 2927 B.
1513 2868 1650 2931 Thomas
1674 2874 1702 2932 3.
1726 2888 1754 2949 q.
1771 2867 1822 2929 52.

1127 2964 1183 3015 art.
1200 2957 1228 3013 2.
1244 2953 1283 3014 ad
1300 2956 1328 3014 3.
1344 2975 1411 3014 cum
1428 2957 1530 3035 paucis
1547 2956 1624 3016 aliis.

1169 3040 1238 3101 Nou
1253 3040 1409 3102 dissimilis
1417 3045 1568 3102 sententia
1580 3052 1625 3103 est
1639 3043 1663 3103 J
1665 3062 1731 3103 osn.
1746 3041 1821 3102 Hes·

1127 3128 1212 3201 solii,
1229 3130 1282 3207 qui
1298 3136 1398 3208 putat,
1416 3131 1603 3190 vocatiouem
1619 3130 1756 3208 gentium
1772 3127 1822 3187 hio

1126 3216 1250 3274 aPetro
1266 3214 1410 3288 describi,
1432 3215 1519 3274 velut
1534 3216 1718 3296 explicante,
1741 3212 1823 3295 quod

1127 3300 1258 3375 dixerat,
1286 3300 1439 3361 Christum
1456 3322 1509 3381 pro
1532 3304 1650 3381 injustis
1665 3310 1821 3363 mortuum.

1126 3388 1205 3449 Nam
1222 3388 1391 3468 Prophetas
1406 3387 1579 3449 describunt
1601 3399 1706 3469 gentes
1721 3385 1822 3449 infido·

1126 3477 1172 3536 lcs
1183 3485 1334 3556 tamqnam
1349 3476 1476 3546 vinctos,
1492 3476 1715 3547 obtenebratos,
1731 3474 1822 3534 vecti·

1126 3563 1181 3623 bus
1202 3562 1309 3622 ferreis
1333 3571 1363 3623 et
1380 3564 1472 3643 portis
1494 3566 1591 3624 aereis
1614 3563 1770 3623 conclusos
1791 3570 1822 3622 et

1128 3651 1341 3722 incarceratos,
1364 3661 1397 3710 ut
1413 3650 1523 3710 Psalm.
1541 3653 1612 3712 106.
1637 3659 1668 3712 et
1688 3653 1754 3713 Jes.
1771 3650 1822 3709 42.

1128 3746 1157 3797 et
1173 3740 1223 3799 49.
1261 3739 1303 3795 At
1317 3756 1389 3796 vero
1406 3739 1527 3817 utrique
1543 3740 1740 3819 expositioni,
1763 3746 1823 3796 tam

1128 3824 1295 3903 Augustini,
1311 3843 1401 3902 quam
1411 3824 1552 3897 Hasselii,
1565 3826 1690 3886 multum
1707 3823 1824 3885 obsistit

1127 3910 1322 3970 vocabulum:
1345 3912 1516 3987 spiritibus.
1551 3910 1659 3972 Obstat
1674 3915 1765 3973 ctiam
1781 3909 1822 3969 lo·

1128 4017 1179 4058 cns
1194 3997 1300 4077 capitis
1316 3999 1477 4076 sequentis,
1493 3998 1544 4058 nbi
1557 4000 1663 4059 Petrus
1675 4019 1708 4059 se
1723 4001 1822 4079 ipsum

1128 4086 1266 4163 exponit,
1284 4083 1401 4157 dicens,
1421 4088 1553 4145 mortuis
1569 4088 1823 4162 euanpelizatum

1129 4189 1197 4231 esse.
1246 4170 1364 4249 Quibus
1402 4173 1585 4251 argumentis
1614 4175 1702 4233 etiam
1732 4173 1824 4233 Arias

1128 4260 1287 4318 Moritanns
1302 4256 1465 4332 refellitur,
1489 4260 1542 4338 qui
1557 4280 1635 4321 novo
1651 4280 1743 4321 sensu
1758 4262 1824 4336 spi-

1129 4348 1209 4404 ritus
1228 4347 1263 4403 in
1287 4362 1411 4404 carcerc
1434 4345 1590 4407 conclusos
1614 4350 1825 4427 interpretatur

1129 4439 1196 4491 octo
1212 4432 1326 4490 animus
1342 4432 1471 4491 inclusas
1486 4433 1517 4492 in
1533 4453 1610 4493 arca.
1643 4434 1743 4513 Quem
1759 4451 1824 4492 son-

1130 4537 1194 4577 sum
1225 4519 1315 4577 etinm
1346 4526 1505 4578 contextus
1536 4520 1673 4600 Apostoli
1702 4518 1825 4598 refugit.

1173 4603 1362 4664 Veniendnm
1392 4606 1484 4684 igitur
1516 4606 1553 4666 ad
1584 4605 1674 4679 illud,
1704 4610 1734 4667 in
1765 4624 1826 4685 qno

1130 4692 1239 4751 caeteri
1255 4710 1358 4752 ornnes
1373 4694 1577 4765 consentiunt,
1594 4695 1684 4755 etiam
1698 4693 1827 4764 sectarii,

1130 4780 1261 4853 spiritus
1284 4779 1381 4857 accipi
1402 4780 1537 4858 proprie,
1565 4789 1596 4839 et
1621 4778 1744 4859 quidem
1767 4797 1828 4839 non

1131 4864 1206 4925 alios
1222 4864 1272 4924 hic
1287 4864 1429 4944 intelligi,
1455 4885 1542 4942 quarn
1565 4870 1696 4943 spiritus
1711 4867 1827 4926 hnma-

1129 4970 1199 5026 nos,
1218 4952 1248 5011 id
1264 4961 1309 5012 est
1325 4953 1441 5012 animas
1460 4951 1611 5013 hominum
1627 4963 1827 5028 mortuorum3

1131 5037 1345 5119 Christumque
1370 5040 1409 5099 iis
1434 5041 1470 5098 in
1496 5057 1639 5117 earcere,
1669 5040 1700 5102 id
1724 5048 1771 5101 est
1796 5040 1829 5100 in

1547 5139 1622 5208 35*
