4442 5825
431 584 504 666 316

428 771 514 812 suam
529 751 691 833 pugnaudo
707 773 773 814 cnm
788 753 926 815 hostibus
942 755 1061 834 egregie
1073 752 1124 814 de·

429 839 588 912 eluserunt,
610 838 677 899 Deo
700 841 831 901 animum
849 839 987 902 addente.
1014 841 1063 902 Ita
1080 841 1123 901 di·

429 935 498 988 cunt
524 925 670 986 Hebraei:
701 928 779 988 Esto
805 930 858 988 vir
877 929 991 1006 fortis,
1020 926 1051 987 id
1078 937 1126 988 est

428 1013 545 1073 fortiter
559 1032 624 1092 age,
646 1018 661 1073 1
678 1015 753 1094 Reg.
772 1018 821 1076 18.

472 1100 585 1161 Castro
607 1107 772 1161 verterunt
790 1109 979 1163 exterorum.
1015 1102 1124 1162 Verte·

429 1193 521 1259 runt,
554 1184 672 1246 Graece
702 1181 824 1246 ἔκλιναν
832 1235 842 1265 ,
874 1188 1123 1250 inclinaverunt.

429 1274 500 1355 Qus
515 1291 591 1332 voce
605 1275 704 1333 Lucss
728 1293 799 1335 usus
822 1283 867 1336 est
882 1275 1042 1354 Evangelii
1058 1297 1124 1357 esp.

429 1362 496 1420 24:
520 1360 684 1420 Inclinato
700 1370 742 1421 est
760 1364 830 1435 jam
847 1364 923 1437 dieo,
947 1361 1042 1422 idest
1058 1363 1124 1441 jam

428 1446 539 1520 deficit,
561 1444 599 1504 sd
616 1447 705 1507 finem
728 1460 878 1529 properat.
901 1449 971 1509 Non
987 1449 1125 1509 dissimili

428 1552 519 1593 sensu
540 1533 743 1611 metaphorice
762 1537 888 1595 sumitur
902 1536 951 1595 hio
966 1537 1124 1596 inclinare

427 1640 482 1702 pro
509 1638 561 1693 so,
591 1620 673 1699 quod
704 1632 750 1681 est
776 1621 926 1698 dejicere,
958 1624 1123 1698 dissipare,

428 1714 573 1768 euertere.
596 1706 686 1768 Unde
709 1717 741 1768 et
754 1709 859 1769 Latini
880 1711 976 1769 eciem
1001 1709 1124 1769 inclinu-

427 1803 489 1853 tsm
505 1793 617 1865 dicunt,
640 1815 706 1856 cum
722 1796 753 1855 in
768 1795 871 1875 fugam
890 1797 966 1855 verti
982 1797 1123 1876 coeperit.

427 1880 470 1941 Et
485 1882 625 1961 quumvis
641 1890 756 1960 partem
781 1879 858 1942 hene
873 1883 925 1942 elii
942 1885 973 1942 in
988 1883 1065 1943 alios
1082 1884 1124 1943 in-

429 1974 647 2046 terpretentur,
678 1969 815 2029 existimo
848 1978 964 2042 tamen,
994 1970 1125 2029 maxims

428 2072 604 2133 germanum
620 2073 693 2128 esse,
710 2056 736 2114 si
747 2056 913 2137 accipiatur
928 2056 965 2116 de
981 2055 1126 2116 Gedeone

428 2151 458 2200 et
478 2139 620 2214 Jouatha,
642 2141 702 2201 filio
727 2141 811 2215 Ssul,
835 2162 962 2223 quorum
983 2143 1035 2204 ille
1059 2162 1125 2202 cum

427 2229 570 2289 trecentis
600 2229 673 2289 viris
701 2237 796 2290 caena
821 2228 1055 2291 Mudiuuitarum
1082 2231 1124 2289 in-

427 2333 558 2396 gressus,
574 2332 611 2373 ee
625 2319 774 2394 percussit
789 2325 822 2378 et
836 2317 983 2390 contrivit,
995 2317 1019 2378 J
1021 2317 1070 2377 ud.
1088 2317 1126 2389 7.,

427 2403 585 2472 hisvero,
612 2405 771 2463 comitatus
793 2404 941 2482 armigero
963 2424 1033 2476 suo,
1060 2423 1125 2463 cum

428 2489 467 2550 ad
497 2490 657 2549 stationem
688 2489 912 2550 Philistinorum
943 2491 1122 2562 transiisset,

427 2575 529 2635 multis
544 2578 710 2656 prostratis,
727 2576 856 2637 tumultu
868 2596 904 2636 eo
916 2576 1010 2636 caede
1026 2584 1126 2637 castra

428 2683 529 2723 eorum
553 2664 720 2743 complevit,
748 2669 762 2722 1
786 2664 861 2742 Reg.
885 2667 933 2724 14.
956 2662 1125 2743 Utrobique

428 2759 529 2810 eutem
554 2749 696 2829 leguntur
716 2750 831 2823 hostes,
859 2749 1010 2811 conversis
1034 2751 1064 2809 in
1089 2770 1123 2809 se

428 2844 531 2897 mutue
546 2833 664 2915 gladiis,
680 2836 865 2898 occubuisse.

471 2923 646 2983 Notandum
671 2943 753 2998 sane,
781 2932 909 3004 utroque
936 2924 1002 2984 leco
1025 2925 1124 2986 LXX.

428 3012 587 3091 scripsisse
618 3004 832 3090 παρεμβολὴν,
872 3011 903 3071 id
933 3020 980 3071 est
1010 3021 1124 3085 cestra,

430 3097 803 3170 scilicsteendemvocem,
819 3118 897 3178 quse
910 3098 958 3158 hie
970 3101 1001 3159 in
1009 3097 1124 3160 Graeco

429 3185 556 3265 legitur3
586 3185 644 3243 nisi
671 3184 752 3264 quod
778 3185 940 3264 Apostolus
970 3185 1126 3266 pluraliter

430 3272 508 3333 dixit
530 3264 741 3349 παρεμβολὰς,
766 3293 802 3333 eo
825 3271 903 3354 qnod
920 3293 980 3333 non
995 3273 1034 3333 ds
1049 3274 1124 3347 unis,

430 3361 484 3421 sed
498 3366 530 3419 nt
540 3360 695 3419 minimum
707 3358 746 3420 de
761 3360 841 3421 binis
853 3360 966 3420 diversi
983 3362 1125 3440 temporis

429 3447 535 3508 cestris
558 3444 739 3525 loqueretur,
761 3450 805 3507 uti
822 3450 888 3527 jam
903 3456 1055 3507 ostensum
1071 3455 1124 3507 est.

430 3533 517 3613 Quos
533 3553 580 3594 res
595 3535 756 3594 Erasmum
769 3535 883 3606 ieiellit,
899 3542 933 3592 ut
945 3533 1027 3593 eliud
1040 3534 1123 3614 qnid·

429 3620 498 3680 dem
522 3618 571 3681 hic
592 3620 791 3701 signifieutum
816 3629 944 3701 putaret.
975 3620 1024 3681 Sic
1046 3622 1125 3680 enim

429 3707 597 3767 transtulit:
627 3710 832 3769 Incarsiones
858 3714 1045 3768 everterunt
1070 3726 1125 3768 ee·

429 3803 578 3855 terorum.
603 3795 697 3874 Atqui
713 3796 759 3856 bis
782 3804 896 3876 peccet,
920 3793 989 3854 dum
1006 3808 1125 3871 παρεμ-

429 3870 528 3957 βολὰς
540 3881 769 3960 interpretatur:
781 3886 988 3955 incursiones,
1001 3890 1031 3940 et
1042 3873 1125 3939 ἔκλι-

809 629 812 635 .
893 641 896 648 ,
929 545 1353 632 comsuumnsncnm.

1177 753 1251 835 Reg.
1267 757 1315 816 17.
1329 761 1359 814 et
1369 756 1390 814 4
1402 754 1476 835 Reg.
1489 755 1518 814 4.
1542 751 1580 813 ld
1592 759 1695 814 entem
1709 750 1783 814 fidei
1798 753 1877 834 ipsa·

1177 861 1241 901 rum
1264 841 1411 902 adscribit
1424 837 1595 921 Apostolus,
1614 839 1706 920 juxte
1730 859 1876 902 commen·

1178 929 1288 988 terium
1313 930 1408 1008 msgis
1439 928 1570 988 obvium.
1607 927 1686 987 Nem
1717 927 1878 1008 utriusqus

1177 1014 1275 1089 tidem,
1291 1033 1352 1096 qus
1367 1016 1448 1075 viros
1462 1013 1521 1074 Dei
1535 1013 1666 1092 benigno
1682 1013 1781 1074 officio
1796 1015 1876 1076 iove·

1178 1100 1258 1175 bant,
1280 1101 1443 1180 prophetas
1467 1102 1498 1161 in
1518 1101 1639 1160 nomine
1660 1100 1876 1181 prophetarum

1178 1189 1390 1268 suscipientes,
1416 1187 1588 1267 hujusmodi
1612 1185 1794 1248 beneficium
1821 1209 1878 1248 ms·

1177 1276 1281 1349 ruisse,
1297 1282 1528 1336 consentaneum
1545 1283 1600 1346 est,
1623 1277 1807 1354 praesertim
1824 1275 1877 1336 Su·

1179 1361 1339 1434 usmitidis,
1364 1381 1441 1441 quae
1465 1359 1601 1434 credidit,
1624 1360 1682 1421 heo
1698 1359 1738 1420 ub
1754 1361 1878 1421 Elizeeo

1177 1448 1243 1509 fieri
1258 1468 1357 1529 posse,
1373 1455 1404 1508 et
1416 1456 1451 1507 ut
1465 1448 1556 1519 fieret,
1582 1449 1729 1507 instanter
1743 1448 1877 1527 postula-

1177 1538 1229 1596 rit.
1253 1536 1348 1597 Nebis
1371 1536 1468 1614 magis
1483 1543 1529 1594 est
1551 1534 1723 1608 verisimile,
1746 1533 1878 1596 referen-

1177 1620 1257 1696 dum,
1280 1621 1363 1702 quod
1377 1621 1425 1680 hic
1440 1621 1559 1694 dicitur,
1581 1619 1620 1682 ud
1640 1619 1729 1680 tidem
1744 1621 1878 1700 ipsorum

1178 1709 1398 1789 prophetarum,
1414 1709 1465 1787 qui
1477 1716 1607 1768 mortuos
1618 1708 1803 1768 suscitarunt
1818 1729 1874 1769 mn·

1179 1797 1335 1875 tribusque
1369 1793 1569 1855 reddiderunt.
1609 1793 1743 1871 Quorum
1773 1797 1877 1874 ntique

1179 1881 1254 1942 fides
1267 1882 1305 1942 ad
1321 1882 1399 1941 hune
1414 1901 1475 1939 rem
1490 1880 1557 1962 plus
1573 1881 1680 1955 valuit,
1696 1901 1788 1960 quem
1805 1881 1877 1941 fides

1179 1978 1319 2042 matrum,
1358 1968 1543 2047 Sareptauue
1569 1968 1761 2046 praesertim,
1801 1988 1877 2049 quse

1178 2057 1273 2117 filium
1284 2055 1323 2116 ed
1335 2055 1430 2115 vitam
1442 2053 1646 2116 revocandum
1659 2073 1719 2114 non
1731 2056 1876 2133 speravit

1179 2145 1220 2204 m
1241 2142 1297 2203 hee
1321 2140 1410 2202 modo
1431 2139 1666 2220 Chrysostomus
1689 2141 1876 2202 intellexisse

1179 2229 1309 2291 videtur.
1333 2227 1383 2288 Ita
1404 2249 1524 2309 quoque
1548 2229 1762 2289 Titelmannus
1787 2249 1873 2311 expo·

1178 2317 1230 2377 nit.
1254 2316 1334 2377 Tale
1356 2316 1447 2376 etiam
1469 2325 1530 2390 est,
1558 2316 1639 2395 quod
1666 2334 1760 2393 snprs
1785 2314 1874 2376 dixit:

1180 2402 1259 2466 Fide
1283 2411 1312 2462 et
1334 2403 1405 2480 ipsu
1425 2404 1509 2464 Sors
1531 2403 1645 2463 sterilis
1668 2403 1823 2462 uirtutem
1844 2404 1875 2462 in

1178 2492 1382 2566 conceptione
1407 2492 1535 2550 seminis
1561 2491 1690 2565 occepit.
1724 2486 1819 2568 Quod
1841 2487 1874 2548 ed

1179 2575 1268 2637 fidem
1292 2576 1433 2637 Abrabae
1454 2577 1565 2656 potius,
1589 2597 1680 2656 quem
1698 2574 1797 2636 Seres
1812 2595 1872 2656 per·

1179 2665 1289 2735 tinere,
1320 2684 1356 2724 eo
1386 2662 1452 2722 loco
1484 2662 1675 2724 ostendimus.
1715 2661 1874 2722 Caeterum

1178 2749 1255 2811 illud
1281 2751 1491 2817 obscuritatem
1513 2750 1619 2822 habet,
1646 2748 1729 2830 quod
1755 2749 1816 2809 sit:
1841 2748 1874 2808 de

1178 2841 1416 2914 resurrectione,
1441 2857 1507 2897 cum
1530 2838 1632 2917 potius
1653 2836 1691 2896 de
1712 2843 1817 2898 morte
1834 2834 1874 2895 di·

1179 2924 1304 2987 cendum
1327 2925 1485 2986 videretur.
1520 2924 1552 2985 S.
1576 2924 1708 2984 Thomas
1735 2924 1873 3003 exponit:

1179 3014 1218 3074 de
1233 3016 1471 3087 resurrectione,
1497 3010 1589 3071 idest
1610 3030 1664 3091 per
1680 3010 1873 3071 resurrectio·

1179 3121 1254 3161 nem.
1284 3098 1394 3160 Glosss
1417 3102 1648 3177 interpretatur:
1672 3098 1710 3157 de
1733 3114 1873 3159 resurre-

1178 3191 1281 3248 ctione
1294 3188 1464 3261 venientes,
1480 3185 1511 3246 id
1522 3192 1570 3244 est
1580 3184 1784 3257 resuscitatos,
1796 3184 1874 3268 quod

1180 3271 1366 3354 probabilius
1389 3281 1441 3334 est
1467 3271 1580 3333 Graece
1602 3272 1726 3351 legitur.
1757 3272 1813 3335 Eo·
1826 3290 1873 3333 rt·

1178 3362 1380 3422 surrectione.

1221 3448 1288 3509 Alii
1313 3454 1419 3507 eutem
1446 3444 1574 3504 distenti
1596 3451 1678 3505 cunt.
1711 3443 1874 3527 Subiungit

1178 3555 1258 3595 nunc
1280 3534 1470 3602 afflictiones,
1493 3531 1621 3611 probru,
1645 3533 1873 3610 persecutiones

1179 3631 1209 3682 et
1232 3631 1356 3694 mortes,
1380 3638 1456 3700 quas
1477 3620 1591 3691 ssncti,
1619 3617 1677 3679 fids
1700 3618 1873 3680 coelestium

1179 3709 1392 3789 premissorum
1408 3726 1458 3766 eos
1469 3706 1619 3766 animante
1631 3725 1667 3765 ac
1679 3714 1872 3782 sustontnots,

1178 3796 1354 3856 tolerarunt
1395 3793 1473 3852 Pro:
1500 3794 1631 3853 distenti
1654 3799 1729 3852 eunt
1760 3791 1874 3854 Graece

1179 3890 1240 3943 est:
1262 3873 1539 3958 ἐτυμπανίσθησαν,
1561 3880 1647 3960 quusi
1670 3879 1768 3939 dicet:
1793 3888 1874 3955 tym-

429 3983 500 4042 eus,
537 3976 744 4046 everterunt3
782 3970 875 4052 idque
903 3967 1126 4048 reprehendens
1175 3971 1420 4047 penizatimnt,
1436 3966 1560 4040 hocest,
1576 3968 1618 4025 ita
1633 3964 1771 4025 distracti
1786 3977 1874 4048 atque

428 4054 561 4115 Febrem
575 4054 792 4134 stapulensem,
816 4058 869 4137 qui
884 4063 1066 4117 everterunt
1081 4057 1123 4116 iu·

428 4148 609 4220 terpretatus
631 4143 686 4216 sit;
710 4162 803 4221 quum
827 4145 892 4223 ipse
914 4163 998 4203 susm
1015 4143 1122 4203 versio-

429 4246 498 4290 nem
513 4226 595 4287 nullo
608 4226 715 4289 Graeci
731 4230 862 4291 auctoris
876 4228 1014 4309 exemplo
1029 4233 1126 4309 possit

428 4315 567 4398 probare.
594 4314 704 4374 Nostro
727 4317 881 4398 interpreti
904 4327 935 4377 et
952 4316 1124 4394 Stapnlensi

428 4402 609 4480 suffragatur
632 4402 778 4483 interpres
801 4405 912 4483 Syrus,
933 4405 985 4484 qui
1008 4403 1052 4463 sic
1073 4403 1124 4462 ba-

428 4489 496 4552 bet:
512 4490 556 4551 Et
573 4497 754 4552 everterant
768 4498 875 4553 eostre
890 4491 953 4553 sive
968 4492 1123 4552 munitio-

429 4596 484 4640 nes
499 4578 711 4639 inimieorum.

472 4665 523 4727 35.
550 4669 749 4741 Acceperunt
774 4666 920 4726 mulieres
949 4664 988 4724 de
1014 4681 1122 4723 resur·

430 4755 568 4812 rectione
593 4759 734 4812 mortuos
755 4771 834 4813 suos.
858 4753 1051 4830 Sareptensm
1078 4751 1121 4811 vi-

430 4838 519 4899 deam
531 4847 563 4900 st
572 4838 790 4901 Sunamitidcm
805 4838 959 4902 mulierem
971 4838 1123 4917 inteiligit,

431 4942 558 5008 quarum
586 4926 639 4987 illa
661 4927 700 4988 ab
722 4927 807 4999 Elis,
834 4926 910 4988 lueee
936 4925 974 4985 eb
1000 4925 1123 4988 Elisaeo

430 5009 509 5088 tilios
530 5032 602 5075 suos
624 5025 766 5099 mertuos
782 5023 961 5098 receperunt
980 5014 1082 5089 rivos,
1103 5017 1123 5077 3

1179 4057 1310 4127 distenti,
1333 4052 1583 4134 quemadmodum
1609 4054 1720 4112 corium
1745 4055 1778 4112 in
1799 4061 1872 4133 tym-

1178 4162 1256 4224 psne
1284 4141 1473 4203 distenditur.
1508 4139 1654 4218 Quidam,
1680 4147 1756 4200 teste
1780 4139 1872 4201 Oeon-

1177 4230 1285 4302 menio,
1300 4229 1475 4309 intelligunt
1491 4227 1729 4298 excoriationem,
1748 4245 1874 4307 eumque

1179 4315 1217 4377 sd
1239 4315 1441 4377 Muclrabueos
1464 4323 1611 4393 martyres
1634 4312 1780 4384 referunt,
1803 4332 1873 4393 quo

1177 4424 1241 4465 rum
1263 4403 1367 4485 primis
1382 4401 1499 4463 duobus
1522 4411 1621 4461 eutem
1637 4401 1744 4480 cupitis
1760 4399 1874 4462 abstra-

1179 4500 1254 4551 ctam
1281 4490 1390 4566 fuisse,
1415 4498 1547 4550 testatur
1571 4487 1696 4548 historie
1723 4489 1875 4567 passionis

1179 4597 1288 4650 eorum,
1301 4578 1319 4636 2
1331 4577 1432 4638 Maoh.
1446 4580 1473 4637 7.
1492 4573 1583 4656 Quod
1594 4593 1666 4634 sene
1678 4572 1874 4652 prebebilins,

1179 4684 1270 4745 quem
1297 4672 1332 4723 nt
1361 4663 1400 4724 ed
1425 4663 1592 4725 Jeremiam
1618 4659 1791 4744 reseretur,
1818 4662 1873 4734 eui,

1177 4761 1336 4833 postquam
1360 4749 1515 4829 lapidatus
1531 4757 1595 4809 crst
1611 4769 1629 4808 a
1646 4746 1789 4822 Judeeis,
1814 4747 1873 4830 psl·

1177 4840 1236 4901 lem
1258 4836 1357 4899 tuisse‘
1376 4837 1542 4898 detractam
1559 4846 1590 4895 et
1604 4837 1670 4895 vice
1687 4836 1762 4896 corii
1786 4855 1875 4916 super

1179 4935 1323 5005 tympano
1347 4937 1513 4995 extensam,
1537 4921 1671 4983 nonnulli
1695 4922 1873 4986 fabulentur.

1178 5011 1412 5095 chrysostomus
1448 5010 1620 5093 decollatos
1652 5011 1873 5095 interpretetur,
