4442 5825
774 620 937 678 suntote!
954 620 997 676 sl>
1013 614 1177 676 militm
1212 616 1296 675 imit.
1316 621 1357 674 lo.
1376 619 1416 673 17.
1738 620 1810 691 155

384 796 431 873 jen
445 795 609 875 explicito,
631 796 682 857 lex
697 804 761 858 erat
780 795 915 859 mandeti
929 796 1063 870 cumeis,
1116 814 1173 857 nec
1187 796 1245 874 ipsi
1260 793 1418 874 qnisquam
1440 810 1633 855 successurus
1648 794 1696 853 sit
1723 790 1806 854 eem-

385 881 471 942 suen
497 882 670 962 spiritualis
697 892 777 957 eret,
803 885 937 944 maxime
961 882 1063 963 quoad
1117 881 1360 961 perenimvivit,
1375 879 1586 951 neciutnrum,
1601 876 1810 958 utaliquando
1869 929 1874 940 .

384 977 529 1049 praecepte
547 969 683 1042 moralis,
706 971 777 1050 quis
799 971 1005 1050 praecipiebat
1019 986 1064 1042 ee,
1117 967 1315 1029 transferatur
1330 969 1395 1046 eJus
1416 965 1624 1028 sacerdotium.
1648 963 1745 1026 Officii
1760 984 1810 1024 eu-

384 1073 444 1135 eees
458 1057 622 1116 observate
642 1054 802 1117 redderent
816 1056 964 1117 bominem
979 1056 1063 1135 spiri·
1117 1063 1177 1115 tem
1192 1056 1318 1126 ratione,
1333 1056 1404 1134 quie
1419 1071 1535 1134 semper
1550 1052 1629 1133 apud
1644 1053 1766 1113 Patrem
1781 1052 1812 1111 in

384 1141 482 1200 uelem
497 1148 531 1202 et
542 1143 669 1220 justum
1118 1142 1211 1202 coelis
1237 1140 1409 1218 interpellat
1435 1159 1489 1218 pre
1515 1139 1610 1200 nobie.
1648 1140 1704 1198 Est
1731 1139 1811 1200 euim

415 1229 461 1287 17.
486 1229 693 1290 cucumare
706 1232 800 1291 mim.
821 1228 954 1290 Graece:
970 1234 1066 1301 teste,-
1119 1226 1282 1291 eccelesia
1297 1226 1423 1287 officium
1438 1225 1628 1306 interpellare
1641 1225 1742 1286 Deum
1754 1245 1811 1305 pro

382 1322 424 1373 tu·
438 1318 537 1390 caim,
560 1313 702 1375 subaudi:
725 1317 822 1390 Deus,
846 1332 900 1396 per
915 1312 1066 1376 Davidem
1118 1315 1214 1374 selme
1233 1332 1343 1383 cerum,
1366 1314 1477 1393 quibus
1499 1312 1588 1372 datus
1604 1319 1649 1371 est
1663 1311 1811 1372 sacerdos.

383 1401 498 1479 loqnme
515 1398 557 1462 ed
570 1401 693 1463 Filium.
1118 1402 1269 1479 Fungitur
1294 1408 1394 1467 eutem
1417 1399 1472 1459 boc
1498 1398 1595 1460 officio
1617 1397 1755 1459 Christus
1781 1399 1812 1459 in

415 1489 577 1565 Quoniam
591 1495 628 1550 tu
641 1507 672 1548 es
686 1488 830 1549 smerdes
846 1490 882 1549 in
899 1495 1065 1548 oeternum
1118 1496 1283 1559 aeternum,
1306 1485 1336 1546 id
1353 1495 1407 1558 est,
1430 1488 1574 1566 usquein
1589 1486 1676 1545 finem
1691 1484 1812 1556 saeculi,

381 1575 544 1634 erundum
574 1573 720 1634 ordinem
750 1575 980 1635 Melchisedech.
1017 1573 1067 1634 Ex
1119 1573 1340 1654 donee''·omnee
1366 1592 1435 1633 suos
1458 1573 1568 1634 electos
1590 1569 1750 1633 adduxerit
1774 1571 1813 1631 ed

382 1676 431 1725 ene
450 1660 570 1720 Psalmi
592 1660 746 1721 versiculo
768 1660 881 1740 duplex
897 1670 943 1721 eet
957 1661 1063 1739 proba·
1119 1660 1253 1720 sulutem.
1276 1659 1343 1719 Nec
1358 1678 1430 1719 vero
1454 1660 1529 1720 haec
1544 1657 1748 1739 interpellatio
1764 1668 1813 1718 est

382 1747 414 1805 tio
426 1749 523 1826 pertis
537 1746 756 1826 praecedentis.
779 1747 813 1823 Si
833 1749 912 1808 euim
928 1746 1065 1808 Christus
1118 1747 1182 1807 sine
1199 1745 1357 1816 oblatione,
1372 1765 1450 1825 quse
1464 1755 1495 1806 et
1510 1749 1578 1826 ipss
1592 1744 1630 1805 ad
1645 1744 1812 1806 sacerdotis

382 1839 420 1893 tet
438 1833 581 1894 secordes
603 1835 634 1894 in
649 1842 812 1905 eetemnm‚
835 1852 894 1894 uon
916 1853 987 1912 ergo
1002 1852 1065 1894 suc·
1119 1833 1247 1894 officium
1262 1835 1405 1911 pertinet,
1424 1852 1493 1894 nam
1508 1836 1648 1893 contiuuo
1664 1850 1698 1891 se
1713 1833 1811 1912 ipsum

384 1920 602 1991 cessionarium,
621 1918 675 1980 sed
689 1920 896 1981 indissolubile
913 1919 1004 1980 hahet
1021 1936 1066 1979 sa·
1120 1920 1276 1993 huminem,
1298 1928 1329 1978 et
1350 1918 1507 1980 vulnerum
1530 1921 1624 1998 sigua,
1651 1938 1730 1997 queo
1743 1936 1811 2000 pes-

384 2004 545 2066 oerdetium.
570 2005 662 2086 Quod
674 2006 751 2067 idem
763 2007 956 2085 consequitur
968 2026 1006 2067 ex
1022 2026 1066 2079 eo,
1119 2025 1169 2067 sus
1192 2016 1254 2078 est,
1281 2005 1403 2066 exbibet
1426 2015 1519 2086 etque
1541 2006 1628 2067 offert
1649 2004 1737 2065 Patri
1759 2026 1813 2086 pro

385 2091 455 2169 qued
483 2091 652 2153 secundum
685 2093 818 2153 ordinem
846 2092 1067 2153 Melchisedech
1119 2094 1217 2153 salute
1232 2091 1406 2154 electorum.
1430 2094 1569 2174 Denique
1587 2095 1704 2154 ratione
1719 2091 1814 2172 ipsius

385 2177 511 2238 uuerden
523 2188 579 2239 est
594 2178 673 2238 Nem
685 2181 716 2239 iu
727 2179 949 2240 Melchisedech
960 2188 1067 2259 typum
1120 2179 1252 2253 effectus,
1269 2181 1341 2258 quis
1356 2199 1408 2257 per
1423 2180 1607 2251 sucrificium,
1624 2177 1705 2258 qnod
1721 2178 1814 2239 semel

387 2280 442 2324 one
462 2267 653 2326 aeternitatis
675 2263 796 2339 Christi,
822 2267 894 2326 satie
919 2284 1067 2347 superque
1120 2265 1228 2325 obtulit
1249 2267 1279 2325 in
1302 2284 1397 2339 cruce,
1424 2264 1523 2325 iectus
1544 2274 1590 2326 est
1612 2265 1700 2325 nobis
1724 2284 1815 2325 cenea

389 2345 560 2412 merum
575 2361 622 2412 eet
635 2353 667 2410 in
683 2353 896 2432 superioribus.
1119 2352 1331 2430 redemptionis
1343 2359 1373 2411 et
1384 2353 1493 2413 salutis
1508 2362 1657 2414 eetemae.
1682 2350 1752 2430 Qus
1766 2368 1812 2410 re·

420 2436 473 2497 Pro
495 2439 589 2518 hujus
610 2453 716 2499 venue
739 2439 949 2519 explicatione,
975 2458 1067 2518 quam
1120 2441 1201 2498 tione
1217 2441 1313 2517 ipsum
1336 2440 1425 2498 etiam
1449 2443 1545 2501 crucis
1568 2437 1744 2500 sucrificium
1760 2455 1811 2497 eo·

392 2520 500 2585 hbunc
511 2544 612 2604 usque
623 2524 721 2585 locum
733 2524 909 2597 distulimus,
926 2525 984 2584 due
999 2534 1069 2585 sunt
1121 2527 1183 2584 ceri
1199 2533 1298 2601 potest
1313 2535 1477 2586 aeteruum.

391 2607 572 2688 inquirenda:
600 2611 669 2689 Quo
695 2631 785 2672 sensu
808 2612 942 2674 Christus
964 2611 1066 2692 appel·
1163 2611 1222 2671 His
1236 2611 1308 2671 addi
1331 2621 1450 2690 poterat
1471 2614 1547 2672 ratio
1563 2620 1682 2692 sumpta
1696 2610 1734 2671 eb
1751 2609 1811 2671 odi·

391 2691 850 2775 hureeeerdesinoetemum5
866 2708 965 2779 etque
977 2718 1069 2758 sensu
1120 2700 1166 2759 cio
1189 2699 1391 2771 sacrificandi,
1418 2701 1491 2778 quia
1514 2701 1651 2759 nimirum
1674 2696 1814 2757 Christus

389 2784 545 2845 mum
577 2784 723 2845 ordinem
751 2786 982 2846 Melchisedech.
1023 2786 1069 2844 Ac
1121 2785 1267 2845 Dominus
1295 2806 1355 2845 non
1380 2786 1477 2847 solum
1503 2783 1723 2867 interpellando
1747 2803 1814 2844 ctu·

390 2868 457 2946 ptius
470 2869 596 2951 quidem
612 2870 688 2932 illud
703 2891 762 2933 nou
775 2873 819 2933 ite
828 2871 958 2944 difficile,
974 2891 1068 2950 quum
1121 2891 1186 2933 sem
1201 2872 1363 2933 electorum
1386 2892 1506 2934 enorum
1521 2875 1684 2935 etiamnum
1696 2890 1811 2951 promo·

389 2957 471 3034 Ιμιιιι
485 2957 666 3037 Apostolum
681 2959 844 3021 habeemus
860 2962 1067 3038 expositorem.
1121 2970 1174 3019 vet
1188 2958 1269 3039 apud
1284 2960 1390 3031 Deum,
1405 2980 1510 3020 verum
1527 2963 1619 3021 etiam
1629 2961 1746 3039 jugiter
1760 2978 1814 3039 pre

392 3038 449 3102 itm
469 3046 550 3104 enim
569 3044 648 3106 dixit
661 3043 699 3104 de
714 3043 840 3118 christo,
863 3065 933 3106 eum
945 3048 1068 3123 sectum
1121 3047 1157 3106 iis
1171 3046 1376 3106 sacrificando.
1403 3046 1465 3108 Sed
1487 3047 1564 3108 illud
1587 3050 1650 3127 egit
1674 3047 1813 3107 continuo

393 3131 569 3191 Utetdotem
598 3133 769 3193 secundum
803 3134 952 3194 uirtutem
982 3135 1069 3193 vitoe
1121 3152 1176 3212 per
1199 3153 1232 3193 se
1253 3133 1369 3211 ipsum,
1394 3135 1450 3194 hec
1472 3154 1526 3213 per
1548 3135 1700 3194 ministros
1720 3152 1756 3193 ec
1770 3133 1813 3191 vi·

392 3214 560 3278 iuwluhilit.
584 3218 714 3279 litiuirs
730 3221 916 3300 expressius:
931 3221 993 3280 Hic
1007 3236 1068 3279 eu·
1122 3221 1217 3279 ceries
1239 3238 1308 3279 suos
1330 3219 1516 3294 sacerdotes,
1539 3220 1648 3299 quibus
1668 3219 1817 3281 commisit

392 3304 449 3376 ion,
470 3305 578 3385 inquit,
601 3323 637 3366 eo
659 3305 744 3383 quod
765 3313 895 3367 moneat
915 3310 950 3366 ih
965 3316 1069 3367 aeter·
1123 3305 1305 3366 offerendum
1321 3308 1352 3366 in
1367 3307 1511 3379 Ecclesia,
1533 3327 1631 3387 usqne
1649 3307 1688 3366 ad
1704 3304 1816 3367 saeculi

390 3400 465 3465 m,
486 3394 716 3468 tempitemum
737 3393 829 3453 hehet
847 3394 1067 3453 secerdotium.
1122 3395 1416 3466 consummationem,
1431 3394 1550 3454 visibile
1562 3394 1740 3455 sucrificium
1753 3413 1815 3452 cer·

395 3473 471 3538 Unde
498 3483 528 3538 et
549 3480 676 3539 solvere
698 3480 734 3540 in
753 3488 945 3556 perpetuum
966 3487 1069 3556 potest
1122 3481 1202 3558 poris
1218 3488 1248 3540 et
1262 3481 1417 3558 sauguinis
1430 3483 1478 3541 sui
1491 3481 1546 3540 snb
1559 3481 1714 3561 speciebus
1728 3480 1816 3559 penis

391 3564 556 3626 meum
577 3583 637 3641 per
650 3572 745 3626 semet
765 3569 870 3643 ipsum
886 3568 929 3626 ed
944 3569 1048 3627 Deum
1057 3589 1068 3644 ;
1122 3568 1237 3638 etvini,
1262 3566 1344 3645 quod
1359 3574 1455 3628 tamen
1471 3569 1582 3647 etipse
1597 3568 1710 3647 primus
1725 3568 1755 3627 in
1770 3565 1814 3626 ul·

389 3654 498 3726 'W'
518 3656 631 3714 tieem
649 3653 694 3713 ed
714 3654 986 3729 interpellandum
1006 3669 1068 3729 pro
1122 3654 1197 3714 time
1221 3672 1315 3714 coena
1336 3655 1453 3715 obtulit.
1477 3655 1632 3715 Caeterum
1648 3655 1722 3714 heec
1736 3656 1814 3715 ratio

388 3736 473 3797 sebia
495 3740 537 3799 lit
563 3742 686 3801 iterum:
713 3742 821 3801 &rme
844 3748 949 3801 autem
967 3743 1068 3814 juris-
1122 3740 1160 3800 ab
1176 3740 1323 3821 Apostolo
1346 3763 1406 3802 non
1429 3751 1474 3803 eet
1488 3761 1640 3822 expresse,
1667 3739 1719 3801 sed
1743 3743 1814 3802 iusi-

386 3823 521 3900 ienundi,
544 3829 601 3902 qui
621 3834 693 3902 poet
704 3828 804 3903 leuem
821 3834 874 3902 eet,
896 3827 1016 3889 h'iiium
1033 3831 1068 3886 in
1121 3837 1216 3887 nnete
1230 3835 1345 3889 nutum
1360 3830 1390 3888 in
1407 3850 1452 3903 eo,
1468 3828 1549 3907 qued
1565 3829 1735 3906 subjunxit:
1759 3831 1816 3891 Se·

387 3915 540 3973 mmm
548 3914 739 3991 perfeetum,
751 3912 883 3992 scillcet:
899 3917 1068 3975 constituit
1122 3915 1262 3975 cundum
1279 3916 1424 3975 ordinem
1439 3916 1667 3977 Melchisedech.

386 3990 445 4057 line
466 3999 555 4059 etiam
576 4001 716 4078 pertinet,
743 3999 825 4080 quod
846 3999 923 4061 dixit
944 4020 1008 4080 cap.
1027 4001 1068 4074 b..
1167 4001 1234 4060 Hoc
1255 4003 1345 4081 igitur
1368 4002 1454 4063 uobis
1476 4001 1690 4082 explicandum
1713 4010 1817 4075 natet,

388 4077 530 4145 ibristum
565 4086 744 4147 Pontificem
781 4086 894 4148 netum
931 4087 1068 4147 omuibus
1122 4106 1180 4167 quc
1197 4107 1287 4147 sensu
1302 4089 1474 4149 secundum
1492 4090 1637 4151 ordinem
1653 4090 1815 4151 Melchise-

386 4165 652 4251 ebtemperantibue
672 4172 729 4234 eibi
751 4185 874 4233 oensem
897 4174 1004 4234 salutis
1020 4194 1066 4234 ac·
1122 4173 1197 4234 dech
1227 4172 1363 4235 Christus
1392 4174 1535 4236 sacerdos
1565 4175 1736 4256 appellatus
1766 4178 1815 4236 sii.

371 4257 493 4333 ,itum
521 4258 664 4342 quodque
688 4279 752 4340 cap.
769 4264 797 4323 9.
821 4259 902 4333 dicit,
924 4277 991 4343 eum
1014 4279 1069 4339 per
1122 4261 1274 4321 Ordinem
1291 4261 1456 4342 Apostolus
1470 4265 1711 4325 similitudinem
1727 4265 1813 4325 iuter·

385 4345 526 4423 murium
547 4348 725 4426 sauguinem
743 4347 916 4408 introivisse
929 4347 1022 4408 semel
1037 4349 1067 4407 iu
1121 4355 1263 4424 pretatur,
1279 4356 1313 4408 ut
1327 4348 1419 4428 penio
1431 4358 1501 4410 ante
1512 4350 1649 4412 vidimus.
1673 4349 1743 4410 Vox
1754 4352 1815 4411 He·

386 4425 490 4502 butte
513 4440 639 4493 netem
653 4432 861 4513 redemptione
875 4435 1015 4510 inventa,
1038 4440 1067 4493 et
1121 4433 1219 4508 breea,
1244 4453 1323 4514 quae
1345 4437 1376 4496 in
1390 4436 1511 4497 Psalmo
1524 4437 1670 4514 habetur,
1696 4439 1816 4517 proprie

384 4527 440 4595 up.
452 4518 515 4579 10.:
533 4519 618 4593 Uno,
630 4521 736 4601 inquit,
749 4520 909 4581 oblatione
920 4537 1067 4582 coueum·
1122 4520 1249 4582 osehum
1266 4522 1432 4601 significat,
1449 4522 1501 4583 sed
1517 4524 1712 4603 usurpatione
1725 4543 1813 4603 geue-

386 4607 477 4666 fluott
490 4606 527 4666 in
540 4609 767 4683 sempitemum
782 4608 1001 4685 sanctificatos.
1119 4607 1191 4667 reiis
1207 4614 1262 4680 est,
1277 4618 1310 4669 nt
1326 4610 1415 4669 etium
1431 4630 1504 4684 rem,
1517 4614 1678 4689 negotium,
1694 4627 1814 4669 censam

416 4681 464 4753 Ex
485 4692 597 4773 quibus
616 4693 751 4753 omnibus
773 4694 960 4773 intelligitur,
982 4692 1064 4756 Obri-
1119 4694 1273 4773 designet,
1297 4694 1444 4756 interdum
1467 4715 1589 4775 quoque
1612 4715 1738 4770 merem,
1761 4717 1815 4757 een

381 4781 564 4840 ueremi
587 4778 771 4840 sacerdotem
787 4784 824 4841 in
839 4788 1005 4842 aeternum
1019 4799 1064 4840 re-
1119 4781 1364 4843 ceusuetndinem
1392 4801 1431 4860 pc
1460 4785 1557 4842 ritum.
1596 4782 1739 4859 Hebraea
1769 4786 1813 4844 sic

380 4861 625 4944 inspusonw,
649 4865 738 4927 officii
754 4875 784 4928 et
800 4868 932 4930 effeetus.
960 4867 1063 4928 Perso-
1118 4867 1242 4927 habent:
1271 4864 1446 4970 pembr)
1468 4865 1667 4957 ’ῃὊἾ-Ἄ]
1695 4864 1741 4943 (el
1764 4872 1815 4930 di-

377 4961 429 5012 κα
449 4950 574 5032 quidem
595 4953 720 5025 ratione,
742 4956 886 5033 quioniam
908 4956 951 5014 ita
967 4972 1063 5013 sacer·
1119 4954 1223 5013 brethi
1231 4953 1473 5033 Melchitsedec),
1488 4954 1570 5034 quod
1580 4955 1760 5018 verbotenus
1772 4960 1814 5018 lte

377 5033 494 5115 been,
512 5043 619 5103 must
633 5040 700 5123 ipss
722 5042 864 5125 cuiquem
879 5041 1064 5119 mccesscrit,
1117 5048 1220 5103 sonat:
1244 5040 1349 5119 Super
1374 5040 1504 5103 verbum
1526 5059 1630 5105 meum
1652 5045 1813 5107 Melchise-
