4442 5825
782 614 946 671 mutulae
961 615 981 669 1.
992 616 1079 671 emti
1096 615 1192 671 Perat
1210 616 1294 670 vms.
1312 616 1338 669 5.
1356 617 1382 669 d·
1720 620 1793 691 518

372 792 420 853 iu
431 802 461 853 et
472 790 601 873 dumam
615 801 763 867 nostram,
779 795 836 854 nisi
852 814 908 874 per
919 794 1046 855 eundem
1100 802 1324 876 argumentum,
1349 794 1419 855 item
1443 792 1668 872 comprehensio
1683 810 1794 873 pauco·

372 872 638 941 JuumOhristum.
669 879 756 942 Haec
771 883 949 941 constructio
973 882 1047 942 eatis
1100 902 1166 943 rum
1191 881 1350 941 verbomm
1378 890 1431 940 eut
1457 897 1599 941 semaam
1624 898 1664 939 ex
1692 877 1795 960 aliquo

372 972 411 1025 (et
433 965 657 1027 accommodata
686 969 794 1028 textui.
840 968 1047 1029 Veruntamen
1099 969 1191 1043 libro,
1215 987 1307 1048 quem
1330 966 1537 1027 Ecclesiastici
1561 967 1723 1044 scriptores
1738 966 1794 1027 La·

370 1048 413 1111 uh
432 1051 545 1115 referre
567 1052 683 1114 malunt
708 1054 748 1114 ed
770 1054 898 1115 verbum
925 1055 1046 1133 offerre.
1099 1056 1154 1116 tini
1169 1054 1345 1131 capitulum
1363 1073 1471 1114 vacere
1485 1052 1590 1113 solent.
1614 1052 1796 1133 Exemplum

369 1132 435 1199 llam
455 1158 511 1218 per
532 1138 685 1201 Christum
706 1140 856 1201 offerimus
878 1140 1047 1221 spirituales
1100 1151 1146 1203 est
1171 1141 1239 1203 Act.
1267 1145 1311 1214 8.,
1342 1140 1394 1199 ubi
1421 1161 1475 1201 noe
1501 1139 1662 1201 habemus:
1693 1139 1797 1199 Locus

369 1220 481 1300 hostiae,
507 1228 540 1287 ln
558 1236 704 1307 quantum
727 1226 793 1302 ille,
819 1238 973 1307 tamquam
989 1246 1047 1287 me·
1100 1231 1303 1305 Scripturae,
1340 1246 1435 1304 quarn
1470 1227 1591 1302 lepebat
1624 1227 1794 1300 eunuchus,

369 1306 454 1373 lister
478 1321 511 1376 et
532 1312 674 1375 sacerdos
700 1322 815 1387 noster,
839 1310 895 1375 'ees
921 1313 1004 1374 velut
1029 1334 1048 1374 a
1101 1322 1170 1376 erat
1184 1317 1251 1376 bic.-
1277 1316 1453 1391 Tamquam
1470 1317 1538 1374 ouis
1551 1313 1596 1372 ed
1611 1313 1796 1373 occisionem

369 1396 442 1459 rabie
454 1410 611 1481 meceptae
626 1400 712 1461 otiert
725 1402 791 1462 Deo
806 1401 906 1475 Petri,
932 1420 1047 1480 suaque
1101 1403 1213 1464 duetus
1225 1410 1269 1462 eet
1281 1409 1346 1475 etc,
1359 1400 1412 1461 nbi
1424 1402 1520 1475 locus,
1530 1398 1648 1461 Graece
1655 1391 1796 1477 περιοχὴ,

370 1484 566 1548 htucessione
579 1487 776 1548 commendat
815 1488 896 1548 Huic
914 1496 1046 1548 constru·
1103 1490 1134 1549 id
1151 1499 1196 1549 est
1210 1489 1396 1565 capitulum.
1428 1486 1486 1547 Cui
1502 1485 1712 1566 significationi
1727 1507 1794 1546 con·

370 1570 446 1633 atem
459 1571 564 1634 taven
577 1572 658 1637 eliae
670 1574 851 1656 Scripturee.
875 1575 953 1633 Nam
968 1574 1047 1634 Ilcb.
1101 1588 1242 1656 gmenter
1258 1578 1348 1636 etiem
1361 1576 1457 1654 ipsum
1471 1574 1594 1635 verbum
1607 1571 1654 1634 hic
1665 1575 1797 1653 positum

370 1656 408 1719 lb.
431 1657 469 1719 de
488 1658 610 1721 Christo
632 1662 675 1722 sic
704 1660 829 1723 dicitnr:
855 1664 917 1721 Per
942 1665 1047 1738 ipsum
1102 1683 1254 1743 exponere
1276 1662 1379 1723 licebit
1401 1662 1440 1720 ad
1463 1660 1543 1721 hunc
1562 1659 1698 1721 modum:
1725 1658 1797 1740 Qua

370 1760 429 1823 ttae
450 1746 623 1827 offeramus
642 1749 775 1809 boetiam
799 1748 905 1809 lerudie
926 1766 1048 1824 semiper
1101 1748 1140 1809 de
1155 1770 1187 1811 re
1199 1750 1284 1810 locus
1300 1768 1351 1809 seu
1373 1748 1538 1827 capitulum
1554 1756 1654 1808 exstet
1670 1749 1699 1807 in
1716 1746 1794 1808 Scri·

370 1830 442 1909 lieo,-
457 1844 490 1893 et
501 1835 597 1914 Apoc.
609 1838 655 1898 8.:
670 1836 759 1896 Data
770 1843 845 1897 sunt
857 1836 905 1894 illi
916 1830 1049 1914 (angelo)
1103 1846 1205 1915 ptura,
1233 1835 1371 1895 videlicet
1386 1844 1510 1913 eccepto
1525 1833 1617 1895 verbe
1643 1824 1795 1911 περιέχειν

370 1918 485 1981 licem
509 1922 632 1998 multa,
666 1930 703 1983 ut
735 1922 826 1984 duret
851 1922 1049 1983 orationibus
1101 1923 1277 1983 neutraliter
1298 1919 1380 1998 (nem
1409 1930 1440 1982 et
1465 1922 1521 1982 hoc
1547 1924 1683 2000 suggerit
1705 1920 1794 1981 Erae

370 2014 539 2071 cenoman
565 2012 708 2071 omnium
736 2029 830 2086 nepes
856 2010 959 2069 altare
987 2028 1048 2068 au·
1101 2005 1189 2086 mus).
1207 2029 1242 2069 ac
1258 2010 1282 2068 si
1298 2007 1425 2070 dixisset
1440 2007 1473 2067 B.
1489 2009 1614 2068 Petrus:
1643 2009 1796 2070 Contine-

370 2110 452 2157 ·erme.
477 2093 538 2156 Per
553 2116 640 2175 quem
656 2097 796 2175 angelum
809 2095 943 2156 Christus
958 2095 1047 2176 signi-
1101 2106 1222 2159 tarsen
1241 2096 1374 2156 babetur
1396 2099 1431 2155 in
1447 2097 1622 2171 Scriptura.
1661 2094 1752 2177 Quod
1766 2102 1798 2155 et

370 2178 469 2243 icatur.
508 2181 700 2265 Quemquam
715 2183 804 2262 hujus
818 2184 1050 2244 constructionis
1102 2183 1184 2245 velle
1213 2182 1330 2243 videtur
1360 2182 1486 2262 Syriaca
1516 2183 1631 2243 versio:
1669 2183 1798 2243 Dicitur

370 2286 462 2329 unaue
477 2288 577 2349 paene
591 2270 669 2331 idem
685 2282 732 2330 eet
754 2290 821 2331 cnm
843 2289 933 2331 sensu
948 2288 1049 2331 secun·
1103 2272 1245 2334 enimin
1265 2270 1441 2345 Scriptura.
1479 2267 1557 2328 Nem
1583 2270 1656 2348 quia
1681 2267 1798 2329 dixerat

370 2352 418 2417 he
452 2354 550 2417 Offert
573 2359 651 2418 enim
667 2356 803 2419 Christus
826 2360 976 2419 orationes
998 2378 1049 2416 no·
1102 2359 1210 2419 Petrus
1226 2357 1377 2416 Christum
1396 2355 1527 2435 lapidem
1551 2356 1670 2430 vivum,
1697 2355 1797 2416 eDeo

371 2448 430 2503 au
450 2463 487 2504 ac
509 2454 630 2505 caetera
650 2443 730 2505 bone
752 2464 844 2525 opere
867 2445 933 2505 Deo
958 2443 1051 2516 Patri,
1103 2444 1229 2507 electum
1246 2450 1275 2502 et
1289 2442 1532 2514 honorificatum,
1556 2441 1595 2501 ed
1616 2442 1648 2502 id
1670 2441 1796 2522 proben-

371 2528 426 2611 ,atr
439 2550 495 2611 per
508 2550 594 2592 suum
608 2533 745 2593 meritum
768 2538 858 2612 grate
881 2532 910 2592 ei
932 2530 1005 2592 facit
1019 2538 1052 2591 et
1104 2532 1176 2593 dum
1191 2529 1312 2591 adducit
1335 2549 1375 2591 ex
1390 2530 1547 2609 Scriptura
1566 2528 1740 2610 prophetica
1754 2538 1797 2590 tc-

371 2625 493 2696 recepta.
1104 2618 1289 2681 stimonium:

398 2704 428 2767 d.
449 2706 590 2782 Propter
610 2706 696 2783 quod
718 2706 860 2767 continet
877 2705 1052 2783 Scriptura.
1147 2707 1235 2779 Ecce,
1250 2704 1475 2781 ponoindion
1488 2701 1629 2779 lapidem
1640 2721 1798 2764 summum

371 2784 488 2851 dncce:
514 2792 591 2853 Ideo
613 2800 643 2852 et
666 2797 807 2855 eontinet
822 2795 858 2853 in
872 2794 1051 2869 Scriptura.
1105 2792 1309 2870 angularem,
1326 2793 1474 2866 electum,
1487 2793 1674 2867 pretiorum.
1703 2790 1798 2852 Sum·

371 2872 446 2958 lund
462 2881 536 2960 quie
548 2878 708 2942 obscurum
724 2889 776 2955 est,
788 2880 871 2942 varie
885 2880 1053 2960 exponitur.
1106 2900 1191 2944 mum
1207 2881 1394 2955 ungularem
1403 2925 1413 2956 ‚
1434 2877 1550 2941 Graece
1566 2878 1731 2960 composito
1745 2897 1797 2939 no·

371 2961 503 3026 humus
526 2969 557 3028 in
580 2977 710 3029 annotat
734 2967 809 3029 duas
835 2967 930 3028 refert
951 2967 1051 3046 conje-
1105 2971 1187 3030 mine
1203 2957 1441 3044 ἆκριγωνιαῑον,
1464 2965 1664 3047 qnaeidicas:
1679 2984 1799 3026 summ·

371 3058 457 3112 tures
472 3056 591 3125 verius,
606 3073 698 3134 qnam
713 3049 929 3135 expdsitiones.
952 3054 1052 3115 Primo
1105 3054 1301 3132 angularem.
1335 3056 1480 3115 Erasmus
1502 3052 1671 3134 periphrasi
1684 3051 1800 3113 reddit:

371 3137 479 3201 wem
506 3143 648 3203 emtinet
676 3141 716 3203 ad
744 3140 896 3203 Christum
922 3141 1053 3222 lapidem
1105 3148 1141 3205 in
1156 3159 1274 3204 marna
1286 3141 1474 3218 ponendam
1491 3140 1621 3216 capula.
1644 3140 1693 3199 Ita
1707 3138 1799 3202 Gree-

371 3223 459 3301 ders,
482 3226 541 3288 hoc
554 3226 663 3289 modos
685 3229 779 3310 Lapis
794 3229 860 3301 ille,
881 3227 919 3288 de
934 3248 994 3309 quo
1009 3227 1052 3287 lo·
1106 3233 1150 3291 cis
1166 3237 1287 3289 vocatur
1301 3228 1393 3308 lapis,
1416 3229 1468 3309 qui
1490 3229 1522 3288 in
1537 3236 1670 3288 extremo
1685 3226 1798 3306 angulo

371 3319 440 3374 utus
453 3333 539 3392 rum,
553 3319 696 3377 continet
708 3319 745 3378 in
760 3317 929 3393 Scriptura
936 3360 945 3391 ,
962 3314 993 3375 id
1008 3323 1054 3374 est
1106 3316 1289 3377 fundamenti
1313 3317 1389 3376 duae
1413 3316 1542 3396 parietes
1562 3335 1599 3374 ex
1614 3312 1733 3374 diverso
1747 3332 1798 3375 ae·

371 3399 532 3482 lcripturae
556 3404 726 3464 testimonio
751 3402 934 3466 describitur
961 3402 1051 3463 conti·
1106 3406 1223 3466 nientes
1236 3404 1579 3481 conJ'ungitetcontinet.
1604 3400 1798 3461 Gitatautem

372 3507 428 3550 rens
447 3496 479 3549 et
502 3498 685 3551 connectens
707 3491 739 3550 in
761 3509 795 3551 se
819 3489 893 3550 duas
917 3488 1053 3571 populos,
1107 3489 1270 3570 Apostolus
1298 3489 1470 3570 Prophetes
1494 3489 1715 3563 testimonium,
1744 3506 1800 3548 nec

372 3593 510 3658 mquam
525 3574 601 3636 duos
615 3578 761 3655 parietes,
777 3576 849 3637 dum
866 3587 992 3637 vocatur
1012 3575 1052 3634 le·
1107 3577 1207 3640 verbis
1223 3579 1339 3638 omnino
1355 3577 1476 3650 iisdem,
1499 3596 1554 3636 nec
1577 3573 1679 3636 eodem
1695 3573 1801 3635 ordine

372 3661 588 3742 &angularia
621 3662 702 3743 Quia
722 3683 794 3724 voro
815 3663 964 3724 Graecum
987 3684 1052 3724 rer·
1107 3673 1242 3737 servato,
1267 3673 1355 3744 prout
1379 3663 1518 3743 leguntur
1538 3662 1586 3723 vel
1606 3664 1635 3721 in
1650 3661 1800 3734 Hebraeo,

372 3765 423 3810 urn
439 3740 594 3827 περιέχειν
609 3750 757 3811 interdum
777 3751 927 3812 excellere
942 3750 1052 3830 signifi·
1106 3752 1158 3812 vel
1170 3751 1250 3831 apud
1264 3751 1359 3812 lxx.
1382 3751 1460 3811 Nam
1473 3750 1614 3810 Hebraea
1625 3748 1798 3822 eichebent,

372 3845 417 3910 at,
445 3835 517 3896 hinc
533 3836 659 3897 alt'erem
675 3835 761 3897 addit
776 3837 814 3898 de
830 3837 933 3898 eodem
949 3836 1054 3918 lepide
1106 3840 1291 3918 Hieronymo
1304 3844 1481 3918 interprete:
1497 3839 1586 3911 Eece,
1603 3853 1657 3912 epo
1672 3839 1797 3897 mittam

372 3920 480 3984 lhristo
497 3924 716 4003 expositionem
730 3922 916 4004 hujusmodis
940 3926 1054 3986 Επεὶ·
1106 3929 1142 3987 in
1156 3926 1377 4002 fundamentis
1391 3927 1470 3987 Sion
1485 3923 1642 4000 lapidem,
1658 3922 1798 4000 lapidem

372 4011 443 4072 ten
456 4012 645 4087 ereptura,
667 4010 700 4072 id
721 4021 767 4072 eet
788 4011 940 4072 excellens
957 4010 1052 4071 decla·
1103 4013 1686 4090 probatum,anpulaacmfflretieeum.
1699 4010 1798 4072 Lxx.

372 4105 439 4160 etur
452 4096 504 4157 hic
518 4096 597 4178 lepis
612 4098 771 4177 subjuncto
784 4099 956 4178 Scripturas
971 4098 1052 4158 teeti·
1108 4120 1180 4161 vero
1196 4099 1254 4159 sic:
1277 4101 1355 4160 Ecce
1363 4145 1372 4175 ,
1397 4118 1453 4176 ego
1473 4100 1607 4159 immitte
1623 4101 1658 4158 in
1674 4098 1801 4176 funda·

372 4184 464 4246 sunio.
500 4183 594 4245 Porro
609 4184 690 4265 apud
705 4185 742 4246 R.
757 4185 944 4265 Stephanum
961 4205 1052 4245 enno·
1106 4194 1215 4248 menta
1230 4187 1306 4247 Sion
1325 4187 1464 4264 lapidem
1478 4187 1653 4262 pretiosum
1671 4184 1802 4260 (Graece

372 4281 435 4332 stne
446 4289 528 4332 unus
539 4273 637 4333 codex
645 4271 789 4346 Graecus,
797 4273 828 4333 in
840 4293 900 4351 quo
909 4274 1053 4350 scriptum
1106 4268 1294 4350 πολυτελῆ),
1309 4275 1458 4347 electam,
1475 4273 1799 4348 emmanuelem,

372 4348 592 4437 ιιιιεριίχειὴ
605 4350 1051 4436 γραφῂοοιιιὶηειὸονίριιινα,
1103 4363 1278 4437 pretiosum
1307 4363 1373 4421 sive
1407 4360 1642 4436 honorabilem,
1683 4358 1802 4420 Graece

372 4443 608 4510 uemadmodem
625 4444 717 4506 habet
731 4456 832 4506 nostre
846 4447 953 4506 versio.
991 4446 1052 4507 Sed
1105 4441 1235 4526 ἔντιμον.
1268 4446 1315 4506 De
1335 4449 1484 4508 sententie
1506 4459 1605 4506 umen
1632 4445 1803 4527 Prophetae

372 4551 478 4608 eruor,
493 4551 534 4592 ne
550 4531 636 4592 locus
651 4532 751 4594 studio
766 4534 805 4594 sit
818 4533 1005 4608 efformatus,
1020 4541 1054 4593 ut
1106 4535 1332 4595 nihilmntetum
1345 4543 1398 4595 est.
1424 4537 1470 4594 lia
1484 4552 1553 4592 vero
1563 4542 1610 4593 eet
1619 4531 1801 4613 hujusmodi:

373 4619 469 4682 taliis
484 4618 665 4700 quibusdam
681 4619 805 4695 factum,
831 4620 1052 4680 adversionem
1106 4623 1188 4682 Ecce
1199 4640 1271 4701 ego,
1296 4621 1370 4682 dicit
1383 4621 1531 4681 Dominus
1548 4621 1630 4681 Deus
1653 4619 1691 4681 ed
1711 4641 1803 4701 popu·

373 4709 506 4770 atinam.
1106 4709 1168 4769 lum
1184 4707 1295 4781 Isreiil,
1322 4708 1426 4770 faciam
1450 4710 1479 4768 in
1502 4709 1588 4769 vobis
1612 4727 1675 4767 rem
1695 4727 1803 4767 novam

389 4792 476 4858 llihi
491 4811 555 4854 rem
571 4793 710 4874 attigisse
731 4795 854 4855 ridetur
869 4794 959 4855 doen.
976 4795 1052 4854 Hae·
1108 4816 1143 4855 ac
1166 4795 1257 4874 longe
1281 4806 1394 4875 praeter
1418 4796 1522 4855 merite
1545 4802 1662 4871 vestrm
1689 4795 1803 4854 nemin

373 4881 495 4954 tlenum
532 4881 587 4962 qui
615 4880 791 4956 submonet,
825 4872 975 4959 περιέχειν
1004 4881 1054 4940 hic
1108 4882 1199 4954 Sion,
1225 4881 1283 4942 huc
1299 4892 1359 4958 est,
1386 4885 1417 4943 in
1431 4881 1587 4953 Ecclesia,
1615 4900 1693 4961 quae
1708 4889 1804 4941 ortum

373 4967 452 5052 scipi
467 4985 573 5048 pueee,
593 4975 627 5026 ut
642 4968 682 5027 eit
696 4969 822 5030 verbum
837 4967 1054 5040 scholasticum,
1110 4967 1235 5028 hebebit
1250 4970 1281 5030 in
1296 4980 1395 5032 monte
1411 4971 1484 5030 Sion
1500 4971 1528 5029 in
1544 4967 1732 5039 Jerusalem,
1751 4987 1803 5046 po·

382 5073 454 5140 quo
477 5051 638 5116 deducitur
650 5048 781 5135 περιοχὴ
786 5100 798 5132 ,
822 5053 854 5116 id
868 5065 914 5116 eet
928 5075 1055 5130 summa,
1107 5075 1179 5117 nam
1194 5053 1262 5118 loco
1285 5056 1470 5118 fundamenti
1493 5054 1647 5118 Christum
1668 5054 1803 5117 Salvato-

397 5171 473 5218 ull.
493 5169 562 5210 terit
582 5173 655 5210 tunm.
670 5175 725 5212 Teu.
741 5173 776 5212 lll.
1556 5163 1597 5222 33
