4442 5825
729 574 926 631 munemel.
945 573 1033 628 nram
1050 572 1145 627 Plil'lil.
1180 572 1264 627 vans.
1282 575 1367 629 5.-7.
1701 585 1773 654 577

373 753 472 815 instar
486 753 578 816 vestis
589 753 669 814 uodo
682 750 845 814 adstrictae
857 751 946 813 vobis
958 773 1027 813 con·
1079 750 1202 812 Domini
1225 760 1255 813 et
1277 752 1457 814 universalia
1478 751 1600 831 judicii,
1626 755 1676 836 qui
1698 754 1776 815 solet

373 848 463 903 raam
485 840 629 915 retinete,
649 858 690 900 ne
710 840 827 920 uspiam
849 841 1027 900 excutiatur.
1079 842 1317 900 antonomastice
1343 861 1421 901 nunc
1446 849 1577 920 tempus,
1602 862 1682 902 nunc
1712 841 1777 903 dies

373 946 398 989 »e
415 936 613 1007 praecaptum
636 925 772 988 omnibus
795 946 950 987 commune
974 935 1028 1003 eat,
1080 927 1198 1001 vocari,
1220 934 1253 985 ut
1266 926 1376 987 March.
1393 928 1438 988 ἃς
1471 929 1591 988 Venisti
1606 936 1682 989 anta
1697 936 1777 989 tcm-

373 1033 471 1095 soque
486 1015 701 1089 neceesarium,
729 1024 761 1074 ut
775 1013 950 1074 humilitatis
967 1014 1026 1072 vir·
1077 1033 1139 1090 pua
1161 1020 1308 1089 torquere
1330 1015 1607 1077 aoaPMarc13.:
1638 1016 1775 1092 Nescitis,

373 1118 421 1163 rm
442 1102 611 1162 arctissime
636 1109 667 1161 et
686 1102 790 1161 intimo
815 1099 1027 1161 custodiamus.
1079 1101 1211 1178 quando
1237 1108 1359 1177 tempus
1380 1105 1440 1176 ait:
1473 1102 1573 1163 ICor.
1595 1103 1641 1161 4.:
1671 1104 1777 1163 Nolite

373 1185 758 1271 {idreropemuadendum
769 1187 935 1268 subjungit,
949 1185 1030 1268 quod
1080 1195 1155 1249 anta
1170 1188 1447 1263 tempusjudicora
1455 1212 1467 1265 ;
1485 1191 1504 1248 2
1519 1189 1597 1249 Tim.
1611 1193 1657 1250 4.:
1674 1191 1776 1269 φυαηι

372 1274 485 1357 ruitur:
1079 1275 1189 1335 reddat
1205 1276 1282 1334 miti
1298 1275 1456 1336 Domiaur
1482 1277 1518 1335 in
1537 1276 1595 1336 illo
1611 1276 1661 1336 die
1672 1280 1777 1351 iustus

372 1362 457 1443 puio
474 1362 560 1423 Deus
578 1361 721 1437 superbis
742 1363 874 1436 rotatis,
899 1360 1029 1421 humili·
1076 1362 1195 1437 juder,
1222 1368 1252 1422 et
1274 1361 1367 1421 Hebr.
1391 1364 1456 1422 10.:
1485 1364 1612 1442 Quanto
1635 1364 1777 1425 videritis

372 1456 510 1511 sumam
536 1447 594 1508 dut
614 1451 762 1524 pretione.
797 1447 955 1509 Sententia
978 1448 1028 1508 de·
1080 1452 1397 1526 appropinquantem
1415 1450 1507 1511 diem.

372 1545 451 1619 apta
467 1554 506 1596 ex
522 1533 691 1613 proverbiis
706 1534 890 1607 Salomonis,
908 1555 974 1614 cap.
991 1535 1029 1608 3.,
1123 1535 1182 1594 Per
1194 1542 1356 1611 potentem
1372 1538 1434 1597 Dei
1445 1555 1577 1597 murrum
1591 1537 1774 1616 omnipoten-

372 1630 418 1685 tia
444 1621 545 1684 LXX
573 1622 765 1702 interpretum
795 1621 1029 1682 translationem.
1079 1623 1123 1681 tia
1138 1621 1196 1682 Dei
1212 1623 1413 1701 significatur,
1433 1633 1467 1683 ut
1482 1623 1578 1684 Exod.
1596 1627 1659 1684 14:
1682 1624 1776 1685 Vada·

372 1706 421 1771 ule
450 1729 521 1770 eam
549 1710 678 1788 sumpsit
706 1706 838 1770 Jacobus
865 1707 1029 1787 Apostolus
1079 1716 1158 1769 runt
1173 1727 1306 1769 manum
1322 1728 1490 1786 mappam,
1515 1729 1610 1789 quum
1628 1728 1776 1772 excreue-

372 1796 426 1859 ist.
441 1815 518 1857 suae
535 1816 602 1875 cap.
617 1796 664 1869 4.,
689 1815 744 1876 pro
767 1815 828 1876 qua
843 1796 874 1856 in
889 1795 1029 1857 Hebraeo
1079 1805 1133 1856 rot
1148 1797 1308 1857 Dominae
1322 1806 1435 1857 contro
1451 1817 1509 1858 eos.
1547 1797 1656 1878 Itaque
1671 1817 1776 1859 sensus

372 1882 456 1963 gitur,
480 1885 698 1963 interpretante
725 1881 928 1962 Hieronymo:
959 1882 1029 1958 lpse
1080 1891 1138 1945 est:
1163 1882 1417 1964 Quandoquidem
1440 1884 1525 1945 Deus
1549 1885 1685 1965 superbia
1706 1886 1776 1946 resi·

372 1968 458 2033 trudat
488 1970 648 2045 illusores,
679 1976 708 2030 at
738 1972 912 2030 muneratio
942 1968 1031 2029 dubit
1079 1972 1145 2044 stit,
1172 1979 1202 2028 et
1217 1973 1345 2049 gratiam
1361 1970 1413 2030 dut
1428 1971 1602 2045 humilibus,
1627 1970 1777 2033 humiliter

372 2059 478 2119 mom.
516 2055 583 2116 Nec
606 2058 682 2116 euim
706 2057 736 2115 in
758 2076 848 2117 sensu
870 2056 1029 2117 diversitas
1079 2055 1215 2117 rosDeo
1232 2057 1390 2136 subjicite,
1418 2067 1448 2119 et
1470 2059 1639 2119 lrominibus
1654 2068 1777 2139 propter

372 2162 391 2221 t,
414 2153 449 2205 ut
463 2142 649 2205 ostendimus
672 2144 703 2203 in
719 2144 846 2225 exposit
869 2144 1030 2225 Epistulae
1079 2143 1194 2215 Deum,
1210 2145 1262 2223 qui
1277 2153 1384 2223 potens
1409 2154 1454 2204 est
1473 2145 1604 2225 dejicere
1620 2146 1776 2225 superbos,

372 2230 451 2293 aubi.
1080 2238 1110 2290 et
1123 2228 1271 2290 extollere
1283 2231 1417 2292 humiles.
1441 2232 1492 2293 Ita
1507 2232 1655 2306 futurum,
1675 2240 1707 2292 ut
1722 2253 1777 2294 roa

372 2316 453 2379 itam
483 2315 611 2377 illudere
640 2318 808 2397 proximum
839 2326 870 2378 et
898 2336 971 2398 praa
997 2337 1030 2377 se
1080 2315 1690 2398 exaltetmagnorqueiaciatetgloriosos
1704 2328 1775 2382 tem·

371 2410 539 2478 atemere,
565 2404 733 2484 proprietas
756 2412 801 2464 est
823 2403 1028 2484 superborum.
1079 2423 1152 2484 pore
1178 2403 1224 2462 sui
1250 2403 1396 2464 adventus
1423 2404 1462 2465 ad
1489 2405 1643 2483 judicium.
1680 2406 1777 2468 Recte

371 2490 458 2555 tludit
481 2499 583 2551 autem
606 2510 658 2551 eos
673 2490 774 2564 Deus,
802 2490 872 2552 dum
892 2490 1030 2550 humiliat
1080 2491 1304 2551 exaltationem
1320 2499 1456 2552 extremo
1471 2494 1596 2573 tempori
1608 2491 1775 2555 retributio·

371 2576 620 2658 ,wutemptibiles
636 2576 747 2652 reddit,
771 2577 919 2639 eludendo
940 2586 1031 2657 atquo
1078 2579 1127 2637 nie
1153 2578 1288 2657 assignat
1311 2579 1492 2658 Apostolus,
1519 2580 1590 2659 quia
1611 2583 1777 2659 praesentis

371 2665 507 2727 latrando
524 2684 626 2725 eorum
642 2673 768 2725 conatus
785 2673 816 2725 et
830 2664 948 2740 studia,
964 2666 1028 2744 qui·
1079 2665 1219 2744 temporie
1257 2663 1418 2740 exaltatio,
1453 2676 1663 2747 praeterquam
1694 2667 1777 2746 quod

371 2770 391 2815 Ι
414 2772 500 2813 susm
524 2760 674 2833 quaerunt
697 2751 921 2827 excellentiam:
949 2749 1030 2831 quod
1079 2753 1252 2811 meritorum
1268 2754 1452 2832 proportioni
1468 2774 1527 2813 non
1538 2751 1714 2834 respondet,
1729 2774 1776 2814 ca·

371 2837 531 2922 truperbis
546 2841 693 2900 resistere.
731 2838 903 2899 Humilibus
920 2848 1028 2910 autem,
1079 2838 1158 2898 duca
1173 2846 1234 2910 ost,
1261 2847 1293 2899 et
1309 2839 1495 2921 permodice,
1512 2851 1649 2921 respectu
1661 2840 1777 2921 gloriae

371 2927 485 3008 eipso,
513 2946 573 3007 quo
595 2928 659 3006 jam
674 2925 803 2987 humiles
826 2934 911 3000 eunt,
938 2927 1030 2987 aDei
1080 2927 1204 2987 futurae.
1227 2925 1383 2988 Manifesta
1402 2928 1644 3008 verosiguificat,
1665 2929 1775 2990 exalte·

371 3013 428 3076 aria
443 3015 627 3094 praeventis,
639 3014 767 3093 gratiam
782 3012 833 3073 dat
846 3012 1029 3093 ampliorem,
1078 3015 1188 3073 tionem
1198 3012 1280 3072 iilam
1291 3014 1384 3075 futuri
1396 3015 1508 3075 saeculi
1518 3020 1642 3091 prutina
1655 3016 1777 3077 nomine

371 3119 462 3182 gens,
495 3099 576 3181 quod
603 3099 700 3173 dedit,
732 3110 763 3162 at
788 3102 875 3160 noris
903 3099 1029 3159 subinde
1078 3098 1296 3179 comprehendi,
1313 3099 1573 3180 dequadixerat:
1593 3102 1776 3164 Humilidua

371 3189 446 3250 stiae
461 3206 537 3248 suae
549 3185 635 3248 donis
647 3188 746 3266 priora
759 3187 930 3262 cumulans:
947 3185 1027 3246 deni·
1079 3194 1185 3248 autem
1202 3187 1258 3246 dur
1272 3192 1420 3262 pretium.

371 3289 457 3338 noos
481 3272 620 3335 exaltans
640 3293 695 3354 per
717 3274 844 3354 gloriam
863 3272 1028 3333 insaecula
1124 3275 1151 3333 7.
1184 3275 1314 3335 Ouraam
1354 3275 1602 3337 sollicitudinem
1639 3284 1777 3337 ecetram

371 3376 446 3436 nro,
476 3380 556 3441 qnae
572 3368 602 3421 et
628 3361 695 3440 ipsa
718 3362 817 3439 gratie
839 3367 900 3434 est,
932 3359 1029 3419 Panlo
1076 3363 1322 3436 projiciantcrin
1330 3363 1423 3422 Euan.
1451 3364 1666 3439 Projicirntea,
1683 3362 1776 3424 Grac

371 3453 477 3510 mate:
496 3446 611 3509 Gratia
626 3449 689 3508 Dei
703 3451 771 3508 vito
786 3454 927 3521 artemo,
943 3447 1028 3507 Rom.
1078 3468 1112 3507 ce
1135 3448 1264 3507 coriatus
1288 3456 1349 3509 est:
1376 3435 1613 3528 iutp'p‘idurrec,
1641 3460 1676 3510 ut
1696 3458 1778 3511 recte

396 3532 489 3616 Quod
513 3541 546 3594 st
568 3534 677 3594 Petrus
699 3534 848 3615 significat
870 3554 959 3593 vorsu
983 3554 1027 3593 sc·
1079 3536 1123 3593 ita
1151 3543 1268 3595 vertas:
1311 3538 1399 3597 omui
1428 3536 1643 3598 collicitudirre
1672 3543 1778 3598 vostro

370 3631 453 3684 ute.
491 3620 587 3683 Porro
603 3630 724 3681 caetera
747 3620 785 3680 ad
801 3620 892 3699 hujus
910 3630 1028 3680 senten·
1075 3625 1221 3697 projecta
1250 3624 1286 3681 in
1315 3625 1418 3698 Eum,
1452 3623 1516 3695 vel,
1554 3634 1589 3682 ut
1617 3625 1778 3684 Erasmus:

370 3723 395 3770 ι
407 3707 647 3770 declarationem
669 3708 848 3787 pertinentia
863 3710 982 3788 require
998 3709 1029 3766 in
1079 3709 1175 3769 Omni
1190 3727 1268 3768 cura
1280 3718 1384 3770 *oraora
1398 3713 1539 3785 conjectu
1551 3712 1586 3770 in
1597 3712 1691 3771 Eum.
1714 3712 1774 3771 Re·

370 3795 546 3870 monario
562 3795 598 3855 B.
613 3794 733 3856 Jacobi.
1078 3793 1171 3854 fertur
1198 3794 1271 3854 haec
1296 3816 1365 3874 pare
1392 3799 1544 3876 praecepti
1570 3796 1609 3856 ad
1633 3796 1773 3858 verbum:

370 3879 404 3944 Β.
433 3882 665 3944 Humiliomiui
695 3883 793 3958 ipitur
821 3880 877 3941 aab
905 3882 1029 3957 potenti
1077 3883 1311 3955 humiliamini,
1342 3892 1373 3943 et
1398 3882 1501 3944 addita
1528 3891 1575 3942 est
1599 3883 1638 3943 ad
1665 3884 1775 3962 signifi·

370 3981 431 4032 mu
453 3971 535 4045 Dei,
562 3976 598 4029 ut
616 3986 672 4029 voe
693 3968 808 4030 exaltet
830 3970 866 4029 in
889 3975 1029 4043 tempora
1078 3969 1222 4040 candum,
1245 3969 1318 4047 quid
1335 3971 1409 4028 inter
1433 3970 1494 4029 alia
1509 3970 1641 4051 postulet
1655 3970 1707 4030 illa
1722 3991 1773 4031 no·

370 4058 535 4118 were.
561 4055 600 4115 In
613 4053 802 4116 Graeoonon
818 4052 955 4114 additur:
979 4056 1028 4113 vi·
1079 4056 1132 4114 stri
1162 4054 1329 4115 humiliatio
1358 4056 1414 4115 sub
1444 4059 1561 4137 potenti
1591 4077 1682 4116 menn
1703 4058 1778 4136 Dei3

370 4145 500 4206 Ιῑὶοηίο.
546 4143 679 4202 Tantum
716 4143 795 4202 enim
833 4140 959 4220 legitur:
997 4132 1028 4197 ir
1078 4142 1217 4202 nimirum
1233 4141 1398 4221 perfectam
1421 4145 1549 4204 omnium
1573 4164 1710 4204 curarum
1725 4166 1777 4205 no·

370 4225 438 4318 pai,
455 4232 495 4292 irc
506 4235 654 4306 tempore.
678 4229 718 4287 Et
731 4228 790 4288 huc
803 4226 921 4306 adjecta
932 4227 1030 4288 videri
1078 4237 1204 4287 atrorum
1218 4230 1248 4288 in
1264 4229 1362 4289 Deum
1376 4231 1617 4310 resignationem.
1642 4230 1679 4290 ld
1696 4233 1776 4292 enim

370 4325 429 4380 leat
444 4316 553 4378 dictio:
580 4317 772 4376 visitationis
778 4360 788 4390 ,
811 4334 850 4375 ex
873 4314 939 4374 loco
963 4333 1027 4393 rap.
1078 4323 1139 4388 est,
1164 4334 1288 4375 omnem
1311 4316 1555 4393 :sollicitudiuem
1580 4325 1723 4378 acetrum
1739 4322 1775 4380 ira

369 4395 464 4486 hujus
478 4403 594 4482 Epist:
613 4401 913 4479 GloriliecrrtDeum
929 4404 964 4461 in
977 4401 1028 4460 dia
1078 4404 1181 4462 Deum
1195 4406 1360 4478 projicere.
1395 4403 1485 4483 Quod
1501 4407 1630 4483 sumpsit
1646 4405 1775 4485 Aposto-

369 4487 529 4554 mnu.
552 4488 696 4549 Erasmus
712 4487 791 4548 hunc
805 4487 905 4547 locum
921 4489 1024 4546 vertit:
1077 4489 1125 4548 lus
1140 4507 1178 4547 ex
1193 4489 1313 4548 Psalmo
1330 4490 1390 4564 54,
1409 4492 1440 4550 in
1455 4512 1515 4571 quo
1529 4492 1660 4550 canitur:
1678 4495 1776 4554 Jncra

379 4576 599 4652 voscatollut,
613 4578 1025 4652 quumeritopporturrum,
1077 4593 1173 4650 super
1202 4577 1377 4636 Dominum
1411 4596 1521 4638 curum
1553 4586 1650 4638 tuam.
1700 4577 1777 4639 Sunt

369 4673 416 4728 ht
431 4683 529 4746 quum
546 4661 588 4722 ita
598 4660 748 4741 judicabit
762 4660 918 4740 expedire,
938 4660 1026 4720 etiam
1077 4662 1155 4722 enim
1172 4661 1277 4722 eadem
1293 4665 1323 4723 in
1339 4661 1457 4723 Graeco
1472 4664 1580 4725 rerba:
1596 4651 1776 4745 'Euip'p‘tdou

369 4763 427 4816 too
441 4748 574 4813 noculo.
598 4748 676 4808 Nam
692 4741 801 4824 καιρὸς
816 4747 936 4828 proprie
952 4757 1024 4806 tom-
1077 4738 1126 4805 ἐπὶ
1142 4742 1243 4825 κύριον
1260 4742 1315 4827 τὴν
1330 4741 1476 4828 μέριμνάν
1493 4767 1557 4809 σου.

389 4836 586 4902 commodum
603 4844 635 4895 ct
648 4842 849 4914 opportunum
863 4834 1024 4913 significat.
1120 4834 1189 4894 Non
1213 4837 1303 4915 igitur
1325 4847 1408 4896 vetat
1423 4837 1603 4917 Apostolus,
1627 4859 1666 4899 ne
1682 4837 1774 4899 ullius

369 4939 436 4988 rann
465 4922 567 4986 multo
593 4921 713 4994 meiius,
736 4922 824 4999 juxta
852 4920 1025 5000 Scripturae
1076 4921 1118 4980 rei
1141 4940 1243 4981 curam
1259 4934 1310 4982 ant
1336 4923 1565 4985 sollicitudinem
1593 4924 1774 5001 habeamua3

369 5009 591 5084 suetudinem,
606 5007 782 5088 intelligitur
796 5006 862 5068 dies
878 5005 1025 5068 adventus
1076 5006 1131 5067 scd
1144 5009 1304 5090 praecipit,
1328 5018 1361 5071 ut
1382 5031 1449 5073 eam
1471 5020 1562 5072 totam
1577 5012 1773 5091 conjiciamus

369 5109 438 5152 run.
451 5108 524 5151 rnrrr
542 5109 618 5148 cn.
632 5108 688 5147 ron.
702 5106 735 5155 ur
1528 5115 1570 5175 37
