4442 5825
800 595 964 652 tristem
979 596 1020 650 Ab
1039 593 1204 650 metatos.
1237 593 1322 649 Vbiis.
1340 594 1363 648 a
1757 603 1804 669 41

356 774 401 834 bic
422 773 513 833 loeus
537 771 679 834 similiter
704 767 827 835 videtur
852 772 1055 854 reeipiendus.
1151 772 1263 833 Posset
1277 771 1368 833 etism
1389 771 1434 831 sic
1448 769 1564 851 sccipi:
1588 769 1806 846 maeste·

357 860 429 922 llum
451 868 485 920 et
508 861 542 920 iu
566 859 663 921 officio
683 859 897 933 ecclesiatico,
918 861 971 921 ubi
993 862 1056 922 oni·
1109 861 1228 920 mecm
1248 866 1315 933 etc,
1341 857 1483 936 eoquod
1504 859 1635 921 ensem
1657 865 1687 918 te
1709 858 1806 919 Dese.

360 950 435 1029 piam
449 953 584 1008 emotae
596 946 708 1026 virgini
720 945 798 1007 idem
813 966 917 1009 nereus
932 945 1056 1028 edepte-
1110 946 1192 1008 Huic
1206 946 1309 1006 musci
1322 943 1413 1006 valde
1433 942 1519 1006 iavet
1532 945 1617 1006 loona
1632 944 1682 1004 isti
1696 944 1815 1009 similis.

360 1045 409 1107 tur,
423 1054 486 1095 nou
502 1033 597 1094 aliter
611 1033 709 1115 accipi
723 1042 834 1112 potest.
1110 1033 1134 1094 J
1135 1053 1176 1094 ee
1193 1035 1243 1093 61.
1265 1034 1405 1108 spirituo
1419 1033 1554 1093 Domini
1575 1050 1672 1108 snper
1685 1051 1746 1105 ms,
1771 1051 1807 1095 ec

398 1120 460 1181 Sed
475 1122 643 1202 quaeum,
658 1118 698 1181 de
713 1140 774 1200 qua
788 1119 901 1182 Christi
916 1123 1058 1183 unctione
1111 1119 1197 1197 quod
1222 1122 1352 1181 snserit
1381 1140 1439 1181 me.
1478 1116 1565 1197 Quae
1594 1118 1690 1181 verba
1714 1118 1809 1200 plane

361 1207 508 1288 Propheta
530 1208 683 1288 loquatur.
711 1206 852 1283 Primum,
872 1216 984 1269 eertum
1002 1216 1058 1282 est,
1110 1206 1281 1286 significent
1296 1208 1468 1275 unctionem
1485 1224 1551 1267 esse
1566 1224 1697 1278 cauum,
1713 1226 1808 1286 quaro

363 1293 547 1375 spiritunlem
576 1313 638 1355 uon
666 1295 853 1373 corporalem
883 1297 1057 1357 unctionem
1111 1314 1202 1375 snper
1224 1312 1292 1355 eum
1314 1295 1354 1354 sit
1372 1294 1493 1374 spiritus
1508 1293 1640 1355 Domini.
1664 1292 1808 1374 Denique

364 1381 497 1460 intelligi.
520 1380 595 1441 Nou
612 1381 691 1440 euim
714 1382 873 1443 visibiliter
888 1391 996 1444 unctus
1011 1392 1057 1443 eet
1110 1390 1182 1443 sunt
1211 1379 1274 1455 alii,
1303 1381 1413 1462 quibus
1441 1400 1501 1441 uon
1531 1379 1638 1461 placet,
1669 1381 1807 1443 vocuhrn

365 1467 500 1529 Christus
515 1487 536 1528 ι
550 1468 652 1542 Patre,
667 1465 724 1528 sed
738 1469 936 1531 invisibiliter.
959 1467 1054 1530 Dnbi·
1106 1475 1283 1545 propterea
1294 1467 1402 1528 deduci
1413 1486 1433 1527 s
1443 1468 1562 1548 propria
1574 1466 1806 1546 significatione:

364 1566 438 1615 tatur
459 1563 585 1629 eutem,
611 1553 732 1635 quando
755 1563 786 1614 et
806 1552 953 1636 quomodo
976 1556 1057 1619 facta
1111 1564 1259 1615 caeterum
1275 1556 1446 1616 unctionem
1468 1554 1640 1634 intelligunt
1654 1573 1714 1615 non
1729 1575 1806 1630 eum,

363 1645 397 1701 sit
414 1641 493 1702 hsec
520 1640 691 1721 spiritualis
712 1649 743 1702 et
766 1642 925 1703 invisibilis
945 1643 1056 1704 unctio.
1111 1661 1192 1722 quae
1207 1641 1288 1702 facta
1303 1642 1614 1720 estiuconjuuctioue
1629 1640 1756 1703 duarum
1775 1643 1807 1706 iu

363 1729 445 1788 ilulti
467 1737 582 1810 putant
603 1726 652 1787 hic
674 1730 726 1808 agi
745 1727 784 1788 de
807 1731 905 1809 gratia
928 1728 1057 1810 Spiritus
1111 1727 1229 1789 Christo
1251 1737 1432 1800 naturarum,
1455 1728 1508 1790 sed
1523 1748 1603 1810 quae
1616 1728 1712 1789 multo
1728 1738 1806 1810 post,

364 1816 467 1890 uncti,
495 1834 581 1896 quse
606 1815 812 1894 copiosissime
836 1816 928 1878 offusa
954 1824 1002 1878 eet
1026 1819 1058 1878 in
1110 1835 1262 1896 quamque
1284 1817 1348 1875 suis
1363 1816 1477 1875 meritis
1501 1815 1558 1876 eibi
1573 1815 1712 1877 Christus
1727 1830 1805 1876 com·

364 1901 530 1976 Christum,
558 1900 683 1981 qusndo
709 1911 816 1962 nature
837 1903 903 1981 ejus
927 1902 1058 1965 hnmana
1109 1905 1237 1983 paravit.
1253 1901 1301 1963 Ea
1312 1910 1357 1962 est
1370 1903 1471 1962 unctio
1482 1902 1522 1963 ad
1532 1901 1668 1982 glorium,
1684 1902 1807 1984 quaudo

365 1990 520 2068 conjuncta
544 1997 593 2050 est
614 2007 683 2049 cum
697 1988 809 2051 divine.
835 1989 914 2051 Num
931 1991 962 2050 iu
977 1991 1058 2052 illins
1110 1989 1226 2050 scilicet
1241 1999 1309 2070 post
1323 1989 1490 2069 passionem
1513 1989 1739 2051 immortalitste
1754 1990 1805 2051 do-

364 2077 476 2137 uniouis
489 2085 523 2136 et
534 2074 685 2137 humente
701 2077 904 2156 comptionis
918 2078 1056 2151 articulo,
1110 2086 1199 2137 uatus
1222 2085 1254 2139 et
1277 2075 1317 2136 ad
1338 2075 1494 2137 dexteram
1509 2077 1611 2137 Patris
1634 2078 1807 2152 collocatus,

365 2162 441 2223 Deus
457 2165 554 2224 Pater
568 2162 663 2222 tilium
677 2181 763 2223 snum
777 2163 912 2244 perfodit
927 2164 1003 2238 oleo,
1026 2165 1056 2226 id
1109 2165 1196 2243 regni
1224 2164 1444 2244 possessiouem
1469 2174 1497 2224 et
1523 2163 1639 2242 glotino
1668 2183 1806 2226 consum«

366 2258 417 2323 ert,
446 2250 579 2310 donavit
605 2246 790 2310 abundantia
816 2253 936 2330 gratiss
965 2270 1057 2332 supra
1111 2253 1269 2312 mationem
1285 2250 1409 2329 accepit.
1433 2249 1521 2311 Sicut
1535 2250 1614 2311 euim
1628 2250 1731 2327 David
1746 2272 1808 2313 nou

366 2356 458 2397 omnes
482 2337 553 2416 ejus
577 2343 742 2409 consotios,
763 2335 794 2395 id
815 2346 866 2410 est,
890 2336 999 2399 iratres
1020 2360 1057 2400 ec
1110 2337 1213 2410 semel,
1229 2335 1284 2397 sed
1298 2339 1386 2396 tertio
1402 2336 1514 2418 legitur
1523 2345 1630 2398 unctus
1645 2338 1676 2398 in
1689 2357 1806 2417 regem:

367 2424 434 2484 ilios
456 2424 529 2496 Dei,
553 2425 607 2503 qui
629 2421 668 2482 ad
692 2421 817 2483 esudem
841 2423 1056 2487 haereditatem
1110 2425 1153 2484 ite
1168 2434 1198 2483 et
1209 2422 1344 2484 Christis
1358 2424 1485 2502 primum
1501 2422 1622 2503 quidem
1637 2433 1744 2485 unctus
1760 2433 1808 2487 ont

371 2509 1057 2677 t.352⁵.t:;iltti⁰3tll⁰itttrtl‘¹“⁰
1108 2511 1700 2678 itihiittiiltlt‘ttztttt
1711 2506 1807 2659 22

401 2685 548 2745 Attamen
574 2683 644 2743 huic
669 2684 772 2743 sensui
793 2683 912 2745 ridetur
937 2686 1058 2747 obstare
1109 2704 1167 2747 rex
1180 2686 1385 2747 Jtsdoeorrsm
1401 2683 1506 2744 Matth.
1524 2685 1553 2744 2.
1576 2682 1688 2745 Iterum
1704 2693 1807 2757 autem

367 2771 533 2849 conjunctio
547 2776 731 2846 propterea.
752 2769 786 2831 Si
803 2772 881 2831 enim
895 2782 1058 2854 propterea
1108 2781 1216 2832 unctus
1237 2770 1465 2852 quodammodo,
1489 2769 1610 2851 quando
1633 2792 1723 2852 super
1737 2792 1806 2835 eum

367 2857 497 2919 (ibriem
512 2864 624 2918 unctus
638 2864 684 2916 eet
698 2858 795 2936 gretie
806 2857 937 2937 Spiritus
952 2861 1057 2934 sancti,
1108 2859 1295 2939 baptizatum
1321 2878 1382 2920 vox
1405 2857 1505 2920 Patris
1527 2858 1634 2921 audita
1658 2867 1717 2922 est:
1743 2861 1808 2924 Hic

367 2946 433 3023 qnia
446 2944 560 3007 dilexit
577 2944 729 3023 justitium
745 2954 776 3005 et
789 2944 858 3006 odio
881 2946 987 3008 hebuit
1003 2948 1055 3008 ini·
1109 2955 1153 3007 cst
1168 2948 1254 3024 lilius
1276 2965 1363 3009 mnes
1385 2945 1527 3022 dilectus,
1551 2946 1674 3025 quando
1694 2956 1725 3009 et
1738 2948 1804 3029 Spi-

367 3032 521 3109 quitatem:
543 3051 606 3093 non
631 3050 704 3109 ergo
726 3034 824 3093 stetim
846 3034 878 3093 in
901 3034 967 3114 ipsa
988 3054 1055 3096 cou-
1110 3035 1184 3095 ritus
1199 3041 1321 3095 sauctus
1336 3051 1426 3112 super
1446 3053 1514 3094 eum
1530 3034 1562 3093 iu
1576 3036 1678 3113 specie
1695 3034 1806 3097 colum·

367 3120 497 3199 ceptione
519 3126 628 3180 nnocns
652 3124 713 3190 eet,
738 3117 792 3182 sed
814 3128 971 3200 postquam
995 3121 1056 3181 illie
1110 3121 1168 3182 bae
1181 3119 1347 3182 descendit.
1370 3120 1598 3195 Unctnstertio,
1614 3121 1806 3203 quandoper

366 3204 473 3267 ectrhus
487 3205 568 3266 beno
588 3206 760 3265 unctionem
779 3210 899 3267 meruit.
922 3207 1010 3269 Unde
1026 3218 1057 3269 et
1109 3208 1359 3269 resurrectionem
1382 3216 1474 3286 atque
1490 3208 1521 3267 iu
1537 3208 1638 3268 coelos
1654 3210 1804 3270 escensio·

366 3291 532 3355 Nestoriani
543 3302 668 3352 rnmnut
681 3303 899 3379 argumentum,
916 3314 975 3374 quo
989 3316 1055 3374 pro·
1109 3317 1177 3356 nem
1194 3294 1345 3354 exaltatus
1357 3314 1376 3354 a
1387 3294 1487 3367 Pane,
1503 3314 1557 3356 rex
1570 3295 1647 3355 coeli
1663 3306 1695 3356 et
1710 3303 1807 3357 torres

365 3378 429 3440 bent
438 3378 597 3440 Christum
607 3387 786 3440 nosnatura
800 3380 896 3440 filium
908 3383 967 3443 liei
982 3401 1056 3456 csse,
1109 3383 1281 3443 declaratus
1297 3390 1351 3440 est

365 3465 412 3525 sed
425 3465 603 3546 sdoptionis
616 3466 854 3545 praerogativum
867 3488 988 3548 opernm
1004 3488 1055 3530 ex·
1152 3469 1253 3531 Juxta
1263 3469 1341 3528 hauc
1353 3467 1531 3529 sententiam
1543 3469 1600 3529 istc
1613 3471 1671 3529 erit
1685 3488 1805 3530 seusus:

367 3552 501 3615 obuncis
515 3554 724 3633 promeruisse.
750 3552 800 3613 Ad
819 3554 898 3615 hanc
912 3556 1055 3633 objectio·
1110 3557 1260 3636 Quoniam
1280 3555 1411 3615 dilexisti
1429 3555 1582 3633 justitiam
1596 3565 1628 3617 et
1643 3556 1733 3617 odisti
1750 3557 1804 3618 iui-

365 3658 434 3715 rem,
455 3659 477 3700 s
498 3639 681 3720 quibusdem
700 3660 795 3718 resp,
817 3642 954 3704 voculam
976 3663 1056 3721 pror
1109 3646 1273 3725 quitatem:
1290 3644 1358 3703 ideo
1371 3642 1806 3718 teDeusunxiteauuctioue,

364 3735 468 3801 maen
490 3747 553 3788 uon
573 3746 693 3806 semper
711 3726 838 3807 adjungi
858 3730 896 3800 ei,
917 3730 996 3810 quod
1020 3751 1056 3791 cx
1109 3751 1171 3811 que
1192 3732 1257 3809 jam
1283 3730 1359 3790 stols
1384 3728 1500 3809 gloriae
1522 3739 1554 3791 et
1575 3731 1807 3794 immortalitatis

363 3814 459 3895 aliquo
479 3816 574 3894 priori
596 3815 749 3893 sequitur,
771 3814 826 3875 sed
850 3815 996 3877 interdum
1020 3819 1055 3890 ei,
1109 3818 1240 3891 indutus,
1255 3838 1292 3878 ac
1307 3819 1391 3898 regio
1406 3815 1577 3879 diademate
1594 3827 1759 3892 coronatus,
1775 3821 1807 3881 iu

364 3898 440 3979 quod
454 3899 496 3960 sd
512 3900 597 3961 eliud
611 3899 738 3962 refertur
750 3900 832 3962 utad
848 3923 967 3964 caumm
984 3904 1054 3964 tina·
1108 3907 1192 3982 regni
1207 3906 1425 3985 possessionem
1438 3906 1568 3965 venires.
1595 3901 1743 3986 (iougruit
1756 3906 1807 3967 bie

363 3986 424 4046 lem.
440 3988 492 4047 Its
505 3989 580 4048 Luc.
597 3989 628 4047 l.
643 3986 718 4049 dicit
730 3986 894 4049 Dominus:
914 3992 995 4052 Aliis
1010 3994 1056 4051 oi·
1109 4011 1215 4052 seusus
1230 4000 1292 4051 tam
1307 4011 1374 4052 cum
1391 3988 1525 4068 ejusdem
1541 3992 1654 4052 Psalmi
1669 3995 1803 4074 superio-

364 4074 513 4135 citots'bus
534 4081 658 4151 oportet
679 4093 729 4135 me
747 4077 969 4151 eoanpelisorc
984 4096 1057 4153 rep·
1108 4079 1200 4150 ribus,
1215 4078 1268 4138 ubi
1282 4077 1571 4158 degloriactreguo
1584 4077 1698 4140 Christi
1710 4081 1814 4141 multe

362 4180 436 4222 omn
450 4163 525 4236 Dei,
548 4162 626 4237 quio
648 4162 719 4222 ideo
734 4166 845 4223 missus
859 4181 937 4225 sum.
960 4165 1012 4225 Sic
1027 4172 1058 4224 et
1109 4166 1276 4236 dictasunt,
1292 4185 1381 4245 quam
1395 4184 1463 4224 oum
1475 4166 1521 4236 iis,
1537 4185 1614 4245 quae
1630 4175 1804 4248 sequuntur,

363 4248 449 4327 vulgo
477 4247 645 4328 loquimur:
675 4248 761 4309 Deus
790 4249 877 4310 uobis
905 4249 1057 4323 colendus,
1109 4260 1143 4311 nt
1156 4273 1228 4312 mox
1241 4251 1409 4333 apparebit.
1436 4253 1549 4313 Annuit
1559 4253 1605 4314 hie
1617 4256 1707 4314 etiarn
1722 4254 1805 4316 loeus

364 4344 521 4414 propterea
535 4336 615 4395 euim
631 4334 743 4407 conditi
757 4355 871 4396 snmus.
894 4337 980 4398 Haec
992 4338 1054 4397 Au·
1109 4340 1188 4398 Phil.
1205 4342 1244 4412 2.,
1267 4338 1318 4398 nbi
1340 4348 1408 4418 post
1430 4338 1610 4420 descriptum
1627 4336 1736 4402 Christi
1751 4342 1804 4403 bn·

364 4424 471 4498 gumini
493 4431 527 4482 et
547 4422 582 4481 B.
606 4422 742 4482 'l'homse
764 4424 911 4503 expositio
934 4432 994 4495 eet,
1022 4434 1056 4486 ut
1108 4426 1264 4487 militatem
1294 4433 1325 4485 et
1357 4425 1562 4488 obedientiam
1599 4428 1804 4505 subjungitur:

364 4509 400 4566 rit
419 4527 545 4570 semus:
570 4506 621 4569 sd
642 4508 700 4572 hoo
722 4509 807 4569 Dens
830 4512 917 4571 unxit
936 4519 967 4571 te
989 4512 1055 4573 oleo
1108 4514 1246 4588 Propter
1269 4513 1354 4589 qnod
1375 4521 1405 4573 et
1427 4515 1513 4575 Dese
1535 4515 1691 4576 waucort
1711 4515 1806 4575 illum

365 4596 475 4672 gnere
501 4615 594 4666 ause,
623 4603 658 4656 ut
683 4592 825 4676 diligeres
850 4597 997 4676 justitiam
1025 4608 1056 4661 et
1108 4609 1167 4660 etc.
1189 4599 1340 4661 Probatur
1351 4599 1400 4661 hic
1411 4604 1640 4662 commentarius
1655 4600 1804 4663 anscnio

366 4680 427 4742 odic
437 4681 567 4744 hebetes
583 4682 781 4763 iniquitatem.
797 4683 896 4745 Juxta
909 4684 987 4746 benc
1003 4706 1054 4748 ex·
1107 4693 1166 4746 tum
1178 4688 1208 4747 in
1220 4687 1396 4767 paraphrasi
1405 4686 1517 4750 Psalmi
1529 4707 1617 4765 quern
1626 4689 1658 4747 in
1668 4696 1804 4749 annotet.

367 4769 537 4845 punitionem
544 4768 700 4831 subaudiri
709 4768 757 4830 hic
769 4774 879 4849 poterit
886 4773 1055 4851 conjunctio
1108 4774 1207 4853 Quem
1221 4781 1322 4834 nmen
1338 4775 1428 4834 etiam
1440 4774 1562 4834 consule
1578 4773 1757 4835 scribentem
1773 4777 1804 4837 in

369 4856 502 4930 nonin,
528 4857 618 4937 quasi
652 4855 748 4917 dicat:
786 4857 868 4918 Nam
897 4870 1055 4939 propterea
1107 4880 1172 4941 cep.
1189 4860 1239 4920 54.
1259 4857 1397 4920 concord.
1415 4880 1522 4939 evang.

369 4943 590 5017 uuxitteDeus,
602 4942 721 5004 scilicet
739 4952 775 5004 nt
788 4941 854 5018 hoc,
870 4944 951 5025 quod
967 4966 1054 5025 prue-
1149 4947 1243 5008 Porro
1270 4945 1432 5009 notandum
1459 4958 1514 5020 eet,
1543 4946 1646 5006 oleum
1671 4947 1802 5028 synedo-

371 5028 444 5102 cedit,
458 5030 645 5112 significetur
658 5029 750 5110 hujus
762 5050 829 5092 esse
843 5052 933 5095 cause
945 5033 1052 5095 hoelis.
1106 5034 1191 5097 chire
1201 5054 1254 5116 pro
1267 5034 1518 5116 unguentosumi
1542 5032 1611 5096 Nou
1626 5035 1708 5102 euim
1719 5033 1799 5101 nudo
