4442 5825
437 574 509 642 782
769 561 810 618 Il!
827 560 965 619 sumunt
982 561 1010 615 ll.
1030 560 1069 614 Ac
1087 561 1127 615 lll.
1144 561 1172 614 B.
1189 558 1316 617 totuuts
1332 558 1555 616 mmmm

435 741 534 818 dilipo
549 742 743 802 inveritate.
773 740 816 801 Et
837 741 868 802 in
891 739 951 800 alia
976 739 1130 820 Epistola:
1183 739 1353 815 Apostolus
1377 746 1408 798 et
1433 739 1618 815 Episcopus
1624 781 1637 812 ,
1666 735 1787 820 aliaque
1810 757 1873 799 eom

435 827 601 902 Presbyter
614 828 692 902 Ouio
707 830 880 903 consumo,
897 845 989 904 quem
1007 844 1062 903 eqo
1078 827 1131 886 di·
1184 826 1287 905 plura,
1317 826 1436 886 mmeui
1462 824 1586 887 Graeca
1615 826 1697 901 sint,
1726 825 1875 886 amend

434 916 498 991 tipo
514 917 707 976 inveritate.
740 914 895 975 Hactenus
918 914 1131 994 Hieronymus,
1185 912 1310 974 exordio
1336 913 1486 974 nasoentis
1511 911 1682 973 Ecclesiae
1703 911 1877 974 Christianae

435 1002 565 1063 reeitana
581 1002 667 1061 initia
683 1000 832 1061 secundae
849 1009 878 1061 et
893 1002 1002 1061 tertiae
1014 1001 1130 1080 Episto·
1184 998 1267 1060 faeta
1291 1007 1363 1059 sunt
1377 999 1495 1061 Latinis
1510 996 1704 1060 Christiania
1721 999 1876 1067 familiaria

434 1088 539 1162 larum,
555 1107 621 1148 eum
638 1087 842 1167 designatione
858 1088 892 1147 B.
908 1086 1035 1147 Joannis
1051 1087 1131 1166 Apo·
1185 1085 1351 1148 domestica
1366 1097 1397 1147 et
1411 1083 1589 1166 quotidiano
1607 1104 1670 1146 usu
1691 1088 1775 1159 trita,
1797 1087 1838 1145 ita
1854 1095 1878 1144 ut

436 1175 522 1251 stoli3
545 1174 637 1255 idque
656 1178 687 1235 in
710 1175 850 1255 Epistola
873 1175 952 1233 serio
972 1173 1130 1255 reprehen·
1185 1176 1250 1234 sine
1267 1173 1513 1252 interpretatione
1528 1172 1590 1233 sint
1607 1181 1734 1233 retenta
1752 1175 1826 1234 inter
1835 1172 1876 1232 la·

435 1264 522 1322 soria.
544 1260 626 1322 Idem
639 1262 739 1340 Epist.
754 1262 833 1333 103,
849 1279 929 1340 quae
943 1258 1038 1319 estad
1051 1259 1130 1318 Pan·
1186 1262 1281 1322 tinus:
1305 1262 1346 1320 ita
1367 1269 1399 1321 st
1422 1280 1531 1321 nomeu
1548 1259 1751 1336 presbyteri,
1775 1257 1878 1339 quando

435 1346 546 1409 linum:
570 1347 717 1421 Jaoobus,
733 1347 851 1420 Petrus,
868 1346 1012 1419 Joannes,
1028 1345 1051 1405 J
1055 1345 1131 1406 udas
1185 1346 1299 1426 gradus
1312 1345 1361 1407 vel
1374 1348 1504 1423 dignitas
1516 1347 1726 1426 significatur,
1743 1356 1879 1426 quantun·

435 1435 573 1516 Apostoli
585 1443 701 1511 septem
715 1435 863 1510 epistolas
874 1434 1053 1507 ediderunt,
1072 1443 1131 1492 tam
1186 1434 1234 1492 vis
1263 1432 1344 1492 istud
1368 1425 1576 1510 πρεσβύτερος
1600 1433 1643 1493 ad
1666 1433 1796 1495 verbum
1816 1431 1881 1493 iden

436 1524 596 1602 mysticas,
626 1541 715 1602 quam
743 1523 928 1594 taurinates,
962 1519 1071 1579 breves
1101 1520 1131 1578 in
1186 1530 1280 1592 sonet,
1296 1518 1378 1600 quod
1392 1522 1507 1580 senior.
1530 1517 1570 1578 Id
1592 1540 1653 1580 nos
1675 1541 1735 1581 auo
1757 1516 1881 1598 exemplo

435 1609 543 1683 vorbis,
567 1609 674 1687 longas
690 1609 720 1667 in
735 1607 908 1682 sententiis3
930 1614 963 1665 nt
984 1624 1070 1665 rarus
1085 1606 1133 1680 sit,
1187 1606 1277 1668 docet
1299 1607 1333 1665 B.
1357 1607 1564 1686 Hieronymus
1588 1606 1743 1686 Epistola
1764 1606 1816 1667 illa
1834 1606 1880 1676 st.

436 1697 562 1779 quinon
579 1698 609 1755 in
625 1714 727 1756 earum
743 1695 893 1754 caecutiat
906 1693 1044 1753 lectione.
1187 1696 1258 1756 dnm
1283 1694 1389 1754 harum
1412 1691 1538 1753 duarum
1564 1692 1784 1774 Epistularum
1806 1694 1882 1760 initia

480 1779 630 1863 Objieitur
645 1789 811 1861 praeterea,
827 1780 909 1862 quud
925 1771 1037 1860 Papias
1052 1779 1134 1860 Apu·
1187 1790 1218 1843 st
1232 1781 1330 1841 lorum
1346 1782 1469 1840 citatum
1489 1799 1528 1839 ex
1545 1780 1651 1860 priore
1665 1781 1703 1841 Β.
1722 1781 1807 1842 Petri
1823 1779 1881 1839 alle

436 1869 608 1931 stolioornm
625 1887 722 1947 paene
741 1877 907 1947 temporum
923 1869 1058 1948 scriptor,
1081 1886 1133 1927 no·
1187 1887 1271 1949 gans,
1294 1886 1354 1927 non
1376 1866 1526 1941 serioris,
1554 1867 1613 1926 sed
1637 1867 1823 1943 Presbyteri
1840 1886 1879 1927 ou

436 1957 528 2018 minat
544 1955 620 2016 duos
635 1955 779 2028 Joannes,
799 1955 927 2014 alterum
945 1952 1134 2034 Apostolum,
1188 1957 1267 2015 mine
1283 1957 1392 2030 ntitnr3
1416 1956 1494 2012 sieut
1509 1956 1612 2033 patuit
1628 1974 1668 2014 ex
1685 1955 1746 2029 tis,
1764 1975 1839 2034 quas
1850 1971 1881 2013 ex

345 2069 351 2082 ·
436 2044 563 2104 alterum
577 2041 802 2120 Presbyterum.
825 2039 926 2101 Verba
937 2040 1052 2120 Papiae
1065 2049 1136 2101 sunt
1188 2042 1240 2103 illo
1256 2043 1400 2121 proxime,
1424 2041 1508 2099 etin
1529 2043 1738 2122 responsione
1761 2041 1799 2102 ad
1819 2042 1881 2123 prin

437 2129 519 2211 apud
535 2131 762 2208 Hieronymum,
779 2126 875 2190 (latal.
899 2128 930 2188 iu
945 2127 1051 2208 Papia,
1074 2127 1135 2200 ubi,
1188 2147 1249 2190 rem
1267 2127 1468 2207 objectionem
1482 2128 1696 2190 recitavimus.
1722 2129 1825 2210 Ipsum
1838 2130 1881 2189 Se·

437 2226 597 2298 postquem
613 2216 820 2275 nominaverat
835 2215 987 2275 Joanuem
1005 2215 1134 2292 Aposto·
1188 2220 1292 2278 satoris
1306 2213 1486 2275 vocabulum
1510 2215 1541 2273 in
1558 2214 1678 2295 linguis
1697 2215 1840 2278 densatis
1853 2233 1882 2273 er

438 2305 500 2365 lum
527 2303 655 2380 Papias,
685 2301 789 2362 eudem
820 2320 958 2361 sermone
996 2301 1137 2380 adjungit
1189 2304 1308 2374 Latina,
1323 2304 1460 2363 nimirum
1476 2300 1595 2374 Italica,
1621 2302 1805 2383 Hispanica,
1825 2300 1881 2362 Gal·

437 2392 589 2455 Joannem
616 2389 773 2449 seniorem.
813 2388 998 2466 Responsio:
1025 2387 1137 2468 Papias
1189 2389 1257 2463 lisa,
1280 2410 1339 2449 non
1355 2390 1462 2449 aetatis
1485 2408 1595 2448 nornen
1613 2398 1669 2462 est,
1698 2389 1758 2450 sed
1781 2387 1882 2449 dominis

437 2478 542 2539 eodem
559 2495 695 2536 sermone
710 2476 761 2548 ait,
775 2473 798 2534 J
801 2494 928 2535 oannem
941 2476 1089 2536 seniorem
1107 2483 1138 2533 et
1190 2486 1242 2537 aut
1257 2476 1427 2536 nobilitatis.
1451 2476 1490 2534 Et
1504 2475 1651 2535 Latinum
1668 2496 1784 2537 nomen
1798 2479 1881 2538 Sent-

436 2566 620 2625 Aristionem
663 2561 757 2622 luisse
794 2560 958 2642 discipulos
997 2561 1137 2637 Domini3
1190 2571 1258 2637 teas,
1283 2564 1340 2623 etsi
1365 2582 1383 2621 a
1405 2562 1491 2621 senio
1515 2561 1701 2635 derivatum,
1728 2585 1768 2624 an
1790 2565 1881 2624 ideireo

438 2670 532 2732 qnare
548 2649 626 2710 dirae
641 2649 718 2708 istae
733 2649 898 2728 Epistolae,
915 2649 1033 2708 etiamsi
1045 2648 1136 2709 Joan·
1190 2659 1316 2711 aetatem
1333 2645 1505 2729 significat?
1520 2650 1569 2711 sio
1586 2669 1703 2709 nomen
1721 2651 1881 2726 Presdffl

437 2740 484 2799 nis
511 2737 591 2796 illius
619 2737 748 2795 senioris
775 2744 889 2807 essent,
915 2756 976 2796 nou
1003 2742 1139 2796 carerent
1190 2738 1308 2799 Latinis
1323 2745 1353 2795 et
1368 2735 1541 2796 semilatino
1563 2736 1783 2817 loquentibus,
1805 2738 1881 2796 natio
1921 2736 1923 2749 '

437 2825 625 2885 auctoritate.
655 2821 717 2882 Sed
739 2821 818 2881 illius
843 2841 918 2895 esse,
941 2840 1043 2902 neque
1065 2822 1138 2882 dieit
1190 2823 1279 2884 nibus
1302 2823 1421 2894 scilieet,
1446 2841 1521 2903 quas
1543 2821 1620 2895 dixi,
1644 2832 1698 2883 est
1721 2823 1881 2884 vocabulum

437 2910 559 2992 Papiae,
585 2927 686 2991 neque
713 2927 750 2969 ex
776 2909 879 2970 verbis
901 2908 968 2988 ejus
992 2907 1138 2989 colligere
1191 2909 1346 2991 dignitatis
1362 2909 1606 2981 Ecclesiasticus,
1622 2930 1687 2970 nun
1705 2913 1866 2972 senectutis

437 3016 607 3080 possumus.
630 2996 758 3056 Prorsus
773 2997 851 3055 enim
865 2995 941 3055 nihil
957 2995 995 3055 de
1010 2997 1055 3056 his
1068 2996 1138 3076 Epi·
1235 2998 1313 3057 Esse
1328 2996 1446 3056 Latinis
1462 2996 1655 3057 retinendum
1678 3019 1792 3059 nomen
1807 3001 1881 3059 Pru·

438 3084 526 3146 stolia
542 3084 656 3163 Papias
672 3080 752 3142 dieit.
776 3082 885 3165 Itaque
907 3091 972 3142 tota
987 3084 1034 3142 ris
1049 3083 1139 3161 hujus
1192 3084 1303 3159 deteri,
1319 3082 1439 3164 quundo
1455 3083 1567 3160 gradus
1580 3084 1825 3156 eoelmiastious,
1836 3104 1881 3145 non

439 3172 618 3252 objectionis
641 3170 670 3228 iu
688 3189 723 3229 eo
740 3179 785 3229 est
800 3171 906 3249 posita,
931 3168 1013 3249 quod
1033 3180 1140 3229 auctor
1192 3172 1298 3231 senilia
1313 3179 1406 3242 aetas
1421 3169 1620 3250 significatur,
1636 3174 1761 3233 monuit
1776 3172 1880 3252 diligen·

438 3258 546 3320 harum
560 3257 687 3318 duarum
701 3256 908 3337 Epistularum
923 3257 954 3316 in
965 3255 1140 3315 irontesese
1192 3265 1238 3317 ter
1253 3257 1435 3317 Laurentius
1449 3256 1489 3316 ad
1505 3276 1570 3337 oap.
1590 3258 1641 3317 15.
1661 3259 1733 3319 Aet
1750 3262 1879 3339 Apoatat

439 3346 576 3407 nominat
596 3342 823 3421 presbyterum.
860 3341 929 3416 Sed,
954 3362 1078 3421 quaeso,
1100 3361 1140 3402 an
1193 3343 1231 3402 ad
1258 3345 1373 3403 initium
1400 3340 1550 3404 secundae
1576 3344 1613 3403 B.
1642 3344 1797 3417 Josnots3
1817 3341 1879 3426 quoi

439 3431 472 3493 id
488 3452 548 3491 nou
563 3433 704 3491 convenit
719 3430 833 3491 Joanni
849 3429 1007 3509 Apostolo,
1024 3430 1139 3488 etiamsi
1194 3428 1273 3489 idem
1301 3430 1374 3490 facit
1393 3429 1569 3490 Desiderius
1593 3430 1633 3490 ad
1660 3452 1734 3513 esp.
1759 3434 1807 3494 20.
1830 3436 1878 3492 se

439 3516 865 3599 tunotsmporisiueritalius
881 3516 1034 3596 quispiam
1046 3533 1139 3593 pres·
1194 3525 1223 3577 et
1239 3514 1277 3576 ad
1295 3537 1359 3596 sap.
1375 3518 1405 3578 5.
1427 3518 1537 3597 prioris
1551 3517 1586 3576 Β.
1604 3516 1707 3578 Petri.
1741 3518 1878 3599 Quareie

440 3606 538 3681 dyter,
556 3616 586 3664 et
601 3602 763 3665 admodum
775 3610 939 3684 provectae
951 3606 1070 3675 aetatis,
1086 3602 1140 3682 qni
1193 3611 1309 3682 terpres
1323 3602 1459 3677 Latinus,
1480 3606 1532 3682 qui
1555 3605 1588 3663 in
1612 3623 1673 3663 sua
1697 3609 1877 3666 versionere

441 3695 531 3752 etiam
548 3695 614 3771 ipse
624 3691 762 3752 loannes
775 3688 955 3751 voraretur?
969 3689 1138 3767 Argumen·
1194 3691 1286 3750 tinuit
1300 3709 1406 3750 nomen
1419 3689 1600 3764 Presbyteri
1615 3710 1685 3772 sap.
1701 3692 1756 3753 illo
1770 3694 1815 3753 15.
1828 3691 1875 3752 ee

441 3786 543 3840 tantur
571 3776 677 3838 eadem
704 3796 812 3857 opera,
842 3777 970 3858 priorem
996 3776 1030 3835 B.
1057 3775 1141 3835 Petri
1193 3795 1273 3837 vers.
1298 3778 1336 3849 2.,
1362 3778 1472 3836 rectius
1498 3775 1639 3851 lernaei,
1669 3782 1698 3839 si
1727 3781 1875 3840 retinuisset

440 3864 611 3947 Epistulam
627 3884 688 3923 non
705 3882 772 3925 esse
788 3864 899 3944 ipsius3
916 3864 1057 3944 quoniam
1072 3880 1141 3922 sese
1194 3865 1285 3924 etiam
1309 3883 1385 3925 vers.
1401 3865 1430 3923 4.
1447 3864 1475 3922 6.
1491 3864 1543 3922 22.
1567 3865 1620 3923 23.
1636 3875 1671 3925 et
1689 3871 1742 3927 41.
1768 3863 1873 3944 ejusden

437 3951 658 4030 presbyterum
682 3952 817 4012 nominat
840 3951 924 4010 initio
948 3970 1014 4030 esp.
1030 3949 1074 4025 5.;
1098 3950 1142 4008 ait
1194 3950 1315 4030 eapitis3
1339 3952 1410 4009 item
1431 3969 1495 4028 oap.
1523 3952 1572 4010 16.
1600 3971 1683 4014 vers.
1701 3956 1749 4030 4.;
1771 3968 1872 4012 naeres

441 4040 539 4099 enim:
563 4037 774 4112 Presbyteros,
799 4038 855 4114 qui
877 4039 962 4097 irater
984 4054 1040 4098 vos
1054 4043 1139 4109 sunt,
1194 4057 1261 4118 esp.
1278 4038 1328 4097 20.
1351 4039 1495 4098 veruli.
1518 4036 1599 4096 Nam
1624 4039 1768 4116 ejusdem
1791 4037 1872 4117 oapit's

442 4125 578 4199 oisemo,
603 4127 657 4202 qui
681 4132 710 4184 et
732 4128 799 4202 ipse
821 4141 891 4184 sum
912 4123 1087 4200 presbyter,
1112 4129 1142 4183 et
1193 4142 1271 4184 vers.
1299 4127 1349 4185 28.
1377 4120 1516 4182 diemrtur
1541 4127 1706 4202 epiaewi,
1735 4128 1787 4208 qni
1813 4125 1873 4205 prist

440 4214 527 4273 testis
539 4215 726 4287 putatorum
743 4212 869 4273 Christi.
892 4208 991 4289 Quam
1006 4210 1041 4269 B.
1057 4209 1141 4269 Petri
1193 4208 1257 4270 illio
1278 4209 1453 4287 presbyteri
1472 4208 1594 4270 fuerant
1616 4215 1782 4276 nominati.
1811 4210 1872 4271 idea

440 4299 619 4360 sententiam
644 4296 675 4357 S.
691 4297 895 4376 Hieronymus
918 4296 1013 4377 Epist.
1031 4295 1082 4357 85.
1097 4297 1141 4355 its
1193 4296 1339 4376 judicium
1356 4296 1394 4357 de
1410 4296 1493 4357 initio
1508 4316 1575 4376 cap.
1589 4298 1619 4357 5.
1635 4295 1873 4379 peortaneu-¹.

440 4382 922 4460 reeitatzPresbyterosirsvobis
930 4401 1140 4460 preeoreom-
1193 4382 1282 4444 etde
1306 4383 1461 4465 prinoipiis
1482 4382 1589 4443 harum
1618 4384 1753 4448 duarum
1777 4388 1870 4466 Epistr

437 4470 603 4550 presbyter
614 4480 644 4531 et
656 4474 740 4532 testis
750 4473 940 4549 passionum
953 4471 1070 4533 Christi
1084 4477 1138 4530 ete.
1192 4470 1297 4531 larum.
1321 4468 1413 4531 Certe
1428 4469 1585 4551 Epistulae
1600 4470 1641 4531 ad
1660 4473 1772 4535 Titum
1787 4493 1842 4553 sap
1853 4474 1871 4528 1.

483 4559 538 4618 Est
567 4567 670 4619 autem
698 4556 837 4618 omnibus
864 4556 913 4616 his
939 4555 1013 4618 loeis
1040 4555 1138 4617 istud:
1193 4560 1223 4618 in
1245 4557 1348 4639 prinu,
1372 4565 1401 4618 et
1416 4557 1573 4638 Epistulae
1596 4557 1633 4618 Β.
1650 4559 1769 4623 Jacobi
1784 4556 1871 4639 sapi

437 4646 612 4724 presbyter,
627 4664 736 4705 nomen
752 4644 907 4724 dignitatis
921 4646 1030 4723 potius,
1046 4661 1138 4723 quam
1192 4644 1509 4722 vere.14.,1nterpres
1520 4642 1608 4719 vidit,
1620 4649 1814 4710 retinendum
1824 4660 1871 4706 eut

439 4733 570 4809 aetatis3
604 4730 734 4811 ideoque
761 4730 799 4791 ab
829 4730 1000 4810 Interprete
1030 4730 1139 4790 Latino
1191 4750 1301 4792 nomen
1322 4731 1590 4808 presbyterorum,
1614 4752 1675 4794 nee
1695 4738 1789 4797 vertit
1802 4736 1871 4793 inre·

438 4817 540 4896 herai
554 4817 755 4892 retinendum,
776 4820 856 4878 siout
869 4817 982 4899 ubique
996 4818 1140 4877 retinetur
1191 4820 1307 4879 riores.
1345 4818 1469 4879 Seotarii
1498 4827 1625 4879 nostrae
1652 4824 1766 4883 aetatis
1791 4820 1870 4882 utin

435 4925 548 4970 nomeu
562 4907 718 4983 Apostoli,
734 4924 791 4965 neo
807 4905 838 4964 in
849 4905 989 4965 Latinam
1005 4903 1138 4983 linguam
1191 4903 1387 4965 Laurentium
1397 4903 1629 4966 etDesiderium
1640 4906 1706 4970 hae
1721 4912 1754 4971 in
1764 4929 1794 4970 re
1804 4905 1869 4968 dete

389 4985 535 5205 ¹>ae
556 4991 742 5055 transfertur.
776 4990 857 5052 llam
878 4999 911 5051 ut
933 4991 1056 5051 nomina
1077 4991 1139 5052 ista
1191 4999 1260 5053 rent
1273 4990 1389 5068 audire,
1406 5010 1507 5072 neque
1520 4990 1675 5055 Graecum
1693 4989 1878 5074 mestrem
