4442 5825
376 572 385 593 '
433 599 508 670 ilo
964 590 1390 647 mumermususcsmx.

430 768 509 831 inire
537 765 627 829 dicit:
656 769 730 830 Nori
759 771 844 829 enim
870 770 906 829 irs
933 770 1126 847 manufacto
1179 790 1235 849 pus
1250 790 1337 832 suum
1361 769 1434 831 illuc
1452 769 1635 843 introivisse,
1657 769 1730 850 quis
1744 785 1861 849 perpes

430 863 544 918 coneto
557 859 653 919 Jecur
667 858 823 918 introivit.
1179 860 1292 919 sionem
1308 866 1339 919 et
1354 856 1536 918 oblationem
1551 855 1599 917 sui
1614 857 1751 938 corporis
1766 855 1861 935 ingr*

476 944 527 1005 Ex
550 963 609 1023 quo
635 950 734 1004 nmen
755 942 910 1005 intellectu
931 962 971 1004 ne
992 942 1126 1024 colliges,
1181 964 1244 1007 sum
1271 945 1329 1005 sibi
1352 946 1472 1025 purevit
1498 947 1529 1005 iu
1554 943 1683 1025 glorium
1710 940 1861 1015 coelestus

433 1028 587 1092 Christum
602 1028 741 1092 attulisse
755 1049 866 1111 corpus
881 1048 969 1091 suum
981 1028 1020 1091 (le
1031 1029 1127 1104 coelo,
1177 1031 1267 1110 juxte
1282 1051 1327 1105 ee,
1343 1050 1422 1113 quse
1437 1030 1517 1093 dicte
1532 1039 1604 1092 sunt
1618 1050 1687 1111 cup.
1704 1034 1733 1093 2.
1749 1028 1789 1092 de
1802 1027 1861 1090 Jsss

431 1137 509 1200 quse
531 1116 683 1198 quondum
706 1116 764 1178 init
785 1118 919 1179 haeresis
942 1116 1126 1179 Vsleutinie·
1178 1127 1314 1195 propter
1332 1122 1515 1196 porcionem
1530 1120 1643 1180 mortis
1656 1118 1767 1195 oloris
1781 1123 1810 1177 et
1821 1115 1861 1177 io

431 1224 544 1266 uorum.
568 1205 702 1266 'Pontum
714 1207 793 1266 euim
809 1212 943 1285 negetur,
958 1223 1025 1264 esse
1038 1203 1125 1285 quid·
1180 1225 1259 1268 nore
1273 1214 1436 1268 coronato.
1462 1207 1565 1287 Quare
1582 1206 1673 1267 etism
1690 1225 1730 1267 ex
1745 1203 1802 1266 hoc
1814 1200 1861 1265 loss

431 1290 499 1353 dem
525 1291 663 1353 menibus
689 1299 742 1353 eut
764 1300 830 1354 crte
852 1291 984 1352 humens
1005 1291 1127 1367 fectum,
1181 1294 1272 1354 stetui
1287 1302 1396 1374 potest,
1413 1292 1637 1354 Christumuon
1652 1291 1744 1354 nobis
1758 1298 1861 1365 uutux

430 1380 508 1441 siem
522 1379 643 1459 templs,
665 1378 779 1454 domus,
800 1380 998 1453 circumcisio,
1019 1386 1127 1441 totum·
1179 1379 1234 1442 sed
1260 1390 1289 1441 et
1316 1381 1373 1442 sibi
1399 1382 1457 1461 ipsi
1483 1381 1647 1455 meruisse3
1680 1376 1861 1461 quodnequi

430 1486 490 1547 que
505 1476 592 1527 vetus
606 1464 835 1528 tcbcmscnlum
849 1476 943 1540 srsut,
958 1474 987 1527 et
1002 1468 1034 1527 iu
1049 1467 1126 1529 Scri·
1181 1465 1337 1530 Celsinus

429 1554 526 1634 pturis
541 1551 683 1616 (licuntur
698 1553 1043 1628 menuiuctsMurc.14.,
1058 1556 1126 1615 ser.
1225 1560 1274 1618 12.
1298 1557 1406 1633 Neque
1426 1556 1696 1632 pertenentem
1720 1553 1861 1614 hircum

432 1644 489 1715 17.
506 1640 657 1715 leoni„
673 1638 738 1702 Col.
753 1646 781 1703 2.
804 1640 1031 1722 Querenecee,
1046 1660 1128 1722 ques
1180 1650 1239 1704 oet
1262 1642 1447 1704 vitulonsm.
1477 1642 1558 1704 Vere
1579 1641 1684 1702 lectio:
1708 1647 1740 1702 ri
1764 1640 1861 1703 nituit·

430 1729 496 1791 sols
509 1735 615 1790 nsturs
628 1729 755 1809 perficit,
769 1729 809 1790 ed
820 1747 940 1790 sensum
952 1728 1128 1810 Scriptores
1180 1748 1251 1792 rum
1260 1753 1273 1809 ,·
1296 1749 1377 1810 quse
1392 1749 1453 1790 uon
1470 1728 1559 1789 modo
1575 1726 1766 1789 Graecorum
1781 1734 1810 1787 et
1821 1724 1861 1805 Sp

429 1814 603 1878 menuiscte
612 1815 764 1892 dicuntum
780 1824 895 1897 quinto
905 1817 1005 1875 miuus
1017 1816 1128 1877 Christi
1179 1837 1279 1879 rorum
1291 1828 1339 1878 est
1350 1815 1493 1889 codicum,
1508 1835 1614 1877 verum
1629 1816 1726 1877 etism
1738 1817 1771 1876 in
1781 1812 1861 1875 muli

429 1921 547 1982 corpus,
562 1902 652 1981 quod,
668 1905 728 1963 etsi
740 1911 877 1964 terrenae
888 1903 979 1964 inerit
990 1902 1125 1964 substsu-
1180 1914 1226 1965 est
1240 1904 1358 1966 Latinis
1372 1903 1459 1965 MSS.
1475 1912 1567 1983 etque
1585 1905 1617 1964 in
1631 1911 1718 1964 textu
1734 1918 1861 1963 comm

429 1993 498 2063 tiss,
513 1998 616 2051 temen
630 2010 721 2070 suprs
735 1998 910 2053 consuetum
925 1998 1050 2051 netum
1064 2010 1126 2051 mo·
1179 1993 1246 2052 terii
1262 1991 1462 2052 Ambrosieu'c
1488 1988 1610 2051 Deinde
1633 2010 1701 2051 esm
1723 1988 1861 2050 lection·

430 2076 501 2138 dum
516 2075 555 2136 de
571 2076 684 2158 Spiritu
705 2086 809 2139 seucto
824 2085 1004 2159 conceptum
1019 2085 1074 2154 est,
1096 2086 1128 2137 st
1179 2098 1226 2138 res
1246 2079 1389 2158 postulet
1411 2076 1489 2137 Nem
1513 2078 1671 2157 utriusque
1693 2078 1861 2159 senguiuq

430 2184 471 2227 ex
485 2164 603 2244 virgine
618 2164 743 2227 netum?
1179 2174 1211 2226 et
1225 2166 1321 2241 vituli,
1337 2173 1369 2227 et
1382 2165 1465 2238 hirci,
1488 2162 1625 2245 pontifex
1636 2164 1788 2225 inierebst
1800 2166 1861 2225 inus

473 2251 583 2313 Verum
623 2254 771 2315 sdversus
801 2252 878 2314 benc
907 2252 1125 2333 expositionem
1178 2252 1279 2314 velum
1296 2255 1325 2313 in
1340 2251 1452 2313 Seucts
1473 2261 1663 2313 eencmmmz
1686 2261 1721 2312 nt
1736 2248 1859 2333 praecipi

429 2339 559 2420 objectio
574 2348 622 2400 est
636 2360 697 2401 nus
711 2349 743 2401 et
754 2339 858 2414 sltcre,
872 2340 1008 2401 breviter
1022 2338 1128 2399 dissol-
1180 2352 1227 2401 tur
1242 2341 1317 2401 Lev.
1335 2341 1384 2399 16.
1406 2339 1487 2400 Dicit
1500 2349 1601 2400 eutem
1613 2338 1652 2399 de
1669 2346 1799 2418 utroque
1812 2335 1859 2417 pls·

428 2425 536 2489 vsudu.
567 2427 640 2489 Vult
667 2430 746 2489 euim
771 2428 949 2508 Apostolus,
976 2424 1127 2487 Christum
1180 2428 1298 2489 reliter:
1331 2428 1492 2488 hircorum
1530 2434 1559 2487 et
1588 2428 1786 2501 vitulorum,
1816 2442 1860 2485 un

428 2533 483 2597 per
504 2512 732 2577 tubernaculum
756 2516 822 2587 hoc,
846 2514 885 2575 de
907 2534 969 2593 quo
989 2512 1127 2594 loquitur,
1180 2513 1261 2596 quod
1284 2515 1384 2595 plnres
1407 2513 1585 2575 offerrentur
1607 2513 1719 2575 eodem
1734 2521 1859 2593 tempus

430 2601 581 2662 introiisse
600 2603 632 2663 iu
652 2611 766 2675 sencte,
788 2600 1042 2681 quemadmodum
1057 2599 1128 2661 olim
1180 2600 1235 2663 sed
1250 2602 1379 2664 diversis
1395 2602 1489 2661 suuis

430 2686 568 2770 pontifex
584 2689 751 2749 Aerouicns
773 2707 827 2769 per
847 2690 972 2768 primum
988 2688 1127 2749 teberne·
1224 2689 1285 2753 διά
1299 2707 1358 2765 per
1369 2689 1542 2766 proprium
1558 2690 1751 2764 sanquinem
1763 2684 1859 2747 introi·

431 2774 935 2847 culumiutrebetinsecundum
960 2773 1130 2855 quoderat
1182 2780 1229 2837 vit
1257 2776 1350 2838 semel
1379 2778 1417 2837 isi
1443 2777 1573 2837 Sancto.
1610 2775 1692 2835 Ecce
1717 2784 1777 2835 tres
1800 2770 1859 2835 slist

431 2862 544 2925 senen
566 2870 743 2925 sauctorum.
766 2863 862 2945 Atqui
885 2863 1012 2944 primum
1030 2861 1127 2923 tuber·
1182 2862 1303 2926 Christo
1333 2882 1388 2942 por
1417 2863 1675 2942 comperstiouem
1712 2858 1858 2943 applicet!

430 2948 580 3025 neonium,
596 2959 630 3011 ut
645 2950 737 3031 psulo
752 2959 824 3012 ente
839 2948 942 3012 (locuit
954 2948 1128 3032 Apostolus,
1182 2951 1420 3012 circumstantius
1432 2950 1589 3010 ministerii
1601 2950 1754 3022 Aeronici,
1766 2948 1802 3010 cle
1811 2944 1858 3028 qui·

430 3037 536 3119 typice
557 3038 802 3119 repraesentabat
825 3045 934 3099 stetum
957 3039 1070 3100 veteris
1084 3044 1128 3096 te-
1180 3038 1237 3098 bus
1258 3056 1357 3119 supro.
1382 3037 1463 3097 Nem
1487 3036 1623 3116 pontifex
1646 3038 1811 3098 Aurouieus
1828 3032 1858 3092 ir

433 3126 584 3186 sumenti.
609 3125 680 3186 Non
702 3144 771 3206 ergo
792 3132 874 3186 recte
896 3145 976 3188 nnnc
1001 3124 1131 3186 retertur
1182 3125 1281 3186 uehat
1296 3144 1363 3185 cum
1387 3126 1538 3204 sanguine
1561 3122 1676 3184 hircino
1693 3134 1723 3184 et
1737 3123 1857 3190 vituliuot

434 3211 474 3273 ed
494 3231 601 3293 corpus
613 3211 738 3274 Christi.
761 3213 907 3273 Rursum:
931 3212 1041 3275 Christi
1060 3231 1130 3272 cero
1182 3210 1319 3273 Christus
1326 3212 1449 3271 intravit
1461 3230 1513 3290 per
1524 3211 1680 3290 proprium
1692 3212 1857 3291 sanguina

434 3299 603 3380 significate
625 3297 682 3360 init
697 3320 751 3380 per
765 3300 876 3375 velum,
899 3299 1039 3362 dividens
1054 3300 1132 3360 iuter
1180 3299 1238 3359 llle
1253 3297 1346 3360 semel
1357 3299 1388 3359 in
1400 3318 1496 3373 unno3
1512 3297 1561 3357 hic
1573 3298 1666 3359 semel
1679 3300 1805 3359 omniuo.
1818 3289 1858 3354 llt·

432 3393 594 3468 utrumque
621 3386 866 3461 teberuuculum,
892 3388 957 3468 ipso
984 3385 1130 3469 Apostolo
1181 3387 1210 3446 in
1228 3393 1331 3447 seucts
1353 3384 1543 3460 menuiectu;
1568 3384 1618 3444 hic
1639 3385 1672 3444 in
1695 3395 1857 3446 ssucusut

432 3483 512 3536 teste
526 3475 628 3557 cupite
643 3476 789 3555 sequenti,
805 3474 857 3535 nbi
871 3472 954 3549 dicit,
971 3476 1129 3537 Christum
1182 3474 1280 3534 testie.
1307 3472 1416 3533 Tscite
1438 3490 1510 3532 vero
1533 3471 1621 3532 nobis
1643 3471 1779 3532 insinuet
1799 3469 1857 3550 spo

433 3565 574 3625 initiasse
589 3561 680 3622 nobis
694 3564 776 3623 oiom
793 3580 911 3624 novom
927 3570 957 3622 et
971 3565 1131 3622 viventem
1184 3561 1277 3621 stolus
1303 3560 1413 3619 emeris
1440 3555 1570 3631 Christi,
1599 3559 1754 3639 pontificis
1779 3551 1858 3626 nosti

432 3667 494 3728 per
508 3651 664 3724 velamen,
681 3649 716 3707 id
732 3656 776 3710 est
789 3667 918 3710 comem
931 3667 1032 3710 suum.
1051 3647 1132 3707 Male
1184 3668 1258 3728 erge
1270 3667 1323 3707 nos
1336 3643 1584 3726 magnitudinem,
1596 3643 1679 3726 quod
1692 3656 1722 3707 et
1732 3645 1859 3727 propn'n

434 3737 528 3816 igitur
543 3736 592 3797 hic
605 3736 766 3817 exponitur
776 3735 949 3816 significate
963 3756 1017 3816 per
1031 3737 1131 3814 ipsum
1184 3754 1299 3817 corpus,
1323 3742 1354 3793 et
1369 3735 1521 3814 proprium
1537 3734 1718 3813 sauguinem
1734 3725 1858 3814 impote

433 3821 670 3884 tubernaculum.
699 3820 751 3883 Au
774 3831 933 3902 utrumque
957 3820 1132 3903 responderi
1182 3823 1223 3882 rit
1237 3830 1356 3882 ncstree
1378 3820 1477 3881 saluti.
1501 3821 1558 3879 Est
1580 3821 1661 3881 enim
1684 3812 1859 3902 emphsris'n

433 3916 541 3990 potest,
557 3907 633 3970 nihil
648 3917 757 3982 vetere,
775 3929 834 3990 quo
849 3912 945 3972 minus
961 3910 1066 3971 eedem
1081 3926 1131 3968 res
1182 3928 1258 3969 voce
1273 3912 1451 3984 proprium.
1476 3905 1576 3986 Quem
1593 3906 1693 3968 edhuc
1708 3899 1859 3986 ἰμφατω·

434 3999 566 4076 mystice
589 3996 638 4056 vel
653 3996 750 4076 'plura
770 4017 806 4057 sc
828 3997 949 4058 diverse
971 3995 1130 4076 significet,
1183 3987 1283 4073 τέρως
1306 3996 1454 4074 expressit
1478 3995 1624 4073 interpres
1640 3993 1747 4074 Syrus,
1770 3993 1859 4055 meu:

433 4083 485 4144 vel
496 4083 632 4166 pluribus
643 4103 679 4142 ec
690 4081 818 4144 (liversis
830 4084 919 4145 rebus
931 4084 1130 4164 significetur,
1157 4087 1161 4140 i
1183 4103 1254 4144 cum
1275 4086 1432 4159 conquires
1454 4085 1585 4142 onimoe
1609 4100 1696 4142 tuoe.
1720 4080 1859 4144 Gestem

433 4171 609 4252 praesertim
622 4170 647 4229 si
660 4169 798 4231 diverses
810 4173 940 4232 rationes
952 4179 1131 4252 spectentur.
1183 4190 1237 4251 pro
1252 4169 1340 4230 nobis
1360 4170 1435 4231 heec
1451 4169 1490 4228 eb
1505 4168 1558 4229 illo
1583 4167 1667 4229 iectu
1684 4188 1762 4241 esse,
1785 4161 1859 4229 tlstlt

433 4257 484 4319 Its
499 4256 639 4318 Christus
662 4256 692 4315 in
707 4255 812 4319 eodem
835 4278 972 4319 sermone
992 4257 1081 4320 modo
1097 4276 1131 4317 se
1183 4265 1237 4330 ret,
1254 4254 1336 4337 qnod
1351 4256 1494 4336 seqnitur.

433 4351 526 4408 vocet
548 4341 673 4414 ostium,
698 4341 788 4403 modo
811 4352 977 4423 pretorem,
1003 4347 1057 4425 qui
1078 4363 1132 4425 per
1226 4348 1366 4406 Artemo
1381 4343 1599 4420 redemptione
1614 4346 1761 4406 invento.
1775 4338 1860 4406 list

433 4432 546 4494 ostium
562 4430 664 4499 intret,
680 4425 770 4489 Josu.
788 4432 837 4490 10.
864 4431 1056 4511 Quemquam
1070 4452 1132 4492 uon
1183 4440 1352 4513 postquem,
1374 4429 1445 4491 cleto
1460 4430 1490 4490 in
1507 4430 1637 4510 pretinm
1652 4431 1804 4510 sauguine
1815 4441 1860 4492 flii

433 4516 572 4590 dicimus,
587 4513 727 4592 Apostoli
741 4525 869 4578 mentem
886 4537 962 4587 esse,
978 4516 1058 4596 qnod
1075 4519 1131 4598 pri·
1183 4518 1271 4582 uobis
1283 4520 1321 4580 ob
1334 4525 1458 4599 peccsts
1469 4517 1611 4579 servituti
1627 4518 1733 4578 mortis
1748 4507 1861 4578 obnoxi

430 4625 514 4668 mum
539 4598 767 4664 tsbsrusculum
791 4605 922 4682 gesserit
941 4612 1048 4683 typum
1069 4624 1131 4664 cor·
1184 4605 1652 4686 requisivissetredemptionem
1662 4589 1861 4676 ammonii

430 4691 515 4774 perh
530 4687 664 4762 Christl3
687 4684 742 4748 sed
756 4686 838 4768 quod
852 4708 919 4749 cum
941 4707 976 4748 eo
991 4689 1132 4751 hebuerit
1183 4700 1230 4753 est
1243 4712 1346 4753 verum
1361 4698 1390 4752 et
1405 4690 1542 4764 solidum,
1565 4710 1746 4774 semperque
1767 4701 1861 4752 mm

392 4823 395 4828 -
426 4773 554 4858 dqultl
567 4770 684 4848 sirnils;
704 4778 748 4846 ut,
769 4773 846 4834 sicut
859 4793 914 4854 per
927 4776 1026 4852 ipsum
1040 4779 1131 4837 intre·
1183 4799 1255 4852 rem,
1277 4787 1311 4840 nt
1326 4778 1422 4839 elteri
1437 4780 1579 4859 passione
1602 4778 1654 4839 vel
1678 4777 1861 4860 redemptio·

390 4831 838 5203 susem,
861 4861 904 4920 sie
918 4859 1059 4922 Christus
1080 4881 1134 4944 per
1183 4886 1243 4926 uon
1259 4868 1298 4926 sit
1312 4885 1406 4946 opns3
1426 4863 1678 4945 quemadmodum
1695 4865 1813 4946 plenius
1825 4859 1861 4922 ir

633 5010 638 5026 ,
670 4945 757 5008 rslut
770 4965 824 5028 per
837 4945 1070 5021 tiberuscnlum,
1088 4949 1132 5009 iu·
1184 4961 1233 5013 cet
1247 4953 1277 5014 iu
1297 4952 1503 5034 sequentibus
1527 4951 1586 5013 Vel
1609 4951 1687 5012 dicit
1707 4959 1861 5018 aetem

682 5115 691 5124 Ι
757 5031 877 5094 Dicitur
889 5037 989 5094 sutem
999 5053 1055 5114 per
1068 5053 1132 5096 cor
1184 5038 1266 5119 quod
1280 5047 1403 5103 estem
1424 5040 1466 5102 sit
1479 5038 1666 5116 hscmdites,
1690 5057 1784 5122 queen
1797 5031 1861 5100 ecit
