4442 5825
865 1385 931 1486 ru
966 1359 1329 1489 nrisrousn

374 1585 1823 1762 surrrrrurrrrosrorr

873 1872 949 1938 AD
995 1868 1324 1941 HEBRAEOS

608 2040 1584 2179 dillllllllllllllll.

893 2309 1305 2354 W

846 2481 887 2548 llll
910 2481 1135 2550 llllllllllllllll
1164 2483 1352 2552 stimulas.

414 2602 526 2709 Nulla
541 2646 580 2708 da
595 2646 732 2708 Psulinis
743 2647 891 2727 Epistolis
902 2649 960 2710 huc
974 2670 1073 2731 usqua
1126 2651 1351 2725 sdscribuntur,
1377 2652 1508 2711 incertus
1530 2647 1655 2729 quidam
1678 2647 1742 2720 illa,
1768 2645 1824 2708 scd

371 2752 390 2792 s
414 2735 503 2795 nobis
531 2734 678 2794 anarrstis
706 2732 788 2811 spud
811 2734 993 2796 orthodoxos
1020 2757 1072 2798 un·
1126 2759 1215 2819 quam
1246 2745 1360 2797 constat
1395 2747 1529 2815 tempora
1559 2735 1686 2793 Damasi
1717 2733 1823 2812 Papae

372 2839 464 2900 qnam
495 2819 646 2881 dubitatio
676 2818 751 2892 fuit,
787 2823 860 2900 quin
890 2831 921 2881 at
950 2821 1074 2883 divinae
1127 2826 1297 2904 scripsisse,
1317 2824 1413 2884 solam
1427 2820 1466 2880 ad
1481 2820 1638 2880 Habrsoos
1653 2819 1823 2898 Epistolam

373 2918 474 2968 essent
489 2907 696 2982 auctoritatis,
718 2907 861 2988 ctipsnm
875 2907 1005 2970 Paulum
1020 2909 1070 2969 lra-
1125 2932 1185 2976 non
1212 2913 1327 2990 attigit,
1358 2907 1439 2991 quod
1469 2910 1559 2968 otiam
1585 2908 1616 2966 in
1641 2905 1768 2985 Pelagio
1794 2914 1824 2966 at

371 2992 479 3054 barcnt
501 3001 670 3067 sucturcm,
693 2991 855 3054 atGrsacs
875 2993 981 3075 lingua
1003 3017 1071 3055 con·
1110 2998 1275 3056 Primasio
1291 2997 1361 3056 licat
1383 2996 1553 3056 observata.
1587 2992 1674 3071 Quos
1697 2993 1824 3052 enimin

372 3081 505 3160 scriptas
528 3088 637 3141 assant
673 3078 743 3140 Una
765 3078 806 3140 sd
820 3078 979 3143 Habrscos
998 3083 1070 3161 Epi·
1124 3084 1204 3144 hauc
1232 3082 1400 3161 Epistolam
1437 3080 1664 3140 commentarios
1698 3078 1823 3138 Ambro-

373 3164 561 3226 stolsdchis
572 3165 953 3229 tribnsinccutrovarsism
966 3175 1072 3228 vocata
1124 3170 1210 3230 siano
1239 3176 1269 3228 ct
1294 3169 1440 3228 Primasio
1475 3166 1643 3244 adscriptos
1669 3163 1823 3237 habemus,

373 3261 429 3312 ast
467 3251 532 3311 Nos
547 3252 638 3330 igitur
651 3251 777 3331 primum
798 3251 838 3313 (la
860 3254 928 3331 ojus
943 3255 1070 3314 suctori·
1125 3256 1333 3333 supposititios
1359 3273 1425 3314 assa
1456 3261 1518 3311 tam
1545 3271 1583 3310 ax
1610 3249 1708 3329 stylo,
1733 3268 1823 3329 qnam

371 3347 436 3398 tato
452 3336 602 3412 dicemus,
628 3335 738 3398 dcinda
752 3337 792 3398 da
806 3347 944 3412 suctora,
960 3359 997 3399 sc
1012 3347 1070 3400 tar·
1124 3340 1192 3402 aliis
1201 3340 1288 3401 cartis
1296 3341 1478 3418 argumentis
1490 3335 1592 3396 doceri
1602 3344 1706 3414 potast.
1732 3331 1824 3413 Quod

372 3425 415 3484 tio
432 3423 471 3483 dc
486 3423 590 3501 lingua
604 3424 670 3503 ojus
686 3423 833 3504 originali.
864 3425 973 3504 Naqna
989 3427 1071 3486 anim
1108 3423 1203 3487 sidem
1218 3426 1306 3487 nobis
1327 3424 1492 3485 verisimile
1513 3430 1559 3482 cst
1577 3421 1615 3481 dc
1630 3420 1751 3481 scholiis
1767 3420 1818 3480 So·

373 3509 430 3569 lssa
445 3512 639 3590 quscstionas
654 3511 841 3570 commisceri
856 3508 980 3582 dabant,
1003 3520 1038 3571 nt
1052 3533 1071 3572 a
1124 3512 1208 3572 dnlio
1225 3511 1386 3591 adscriptis
1400 3512 1432 3570 in
1454 3511 1531 3570 hanc
1545 3507 1722 3587 Epistulam.
1759 3505 1819 3566 Nc·

373 3595 651 3657 nonnullisfactum
659 3595 1070 3671 astsaddiatinctotractari.
1124 3617 1185 3677 qna
1222 3605 1339 3658 constat
1375 3614 1555 3677 quemquam
1584 3595 1760 3654 Latinorum
1789 3590 1820 3651 in

590 3722 807 3804 QUAESTIO
830 3724 855 3783 I·
1123 3683 1201 3744 hanc
1223 3683 1391 3761 Epistolam
1414 3681 1641 3781 commentarios
1664 3679 1819 3781 scripsisse

446 3829 497 3888 120
511 3830 702 3889 ocaeano
716 3829 810 3903 suso
825 3828 997 3905 arctoae·
1123 3771 1291 3915 iltis?
1292 3770 1382 3915 iiim
1391 3767 1820 3932 13:322”l?:,⁰0⁰:,;22²“.323

417 3938 510 4018 Quod
524 3938 563 3999 ad
578 3940 790 3999 auctoritatam
802 3941 925 4010 attinet,
953 3941 1070 4020 quaeri·
1123 3961 1183 4000 nno
1199 3940 1265 4000 loco
1284 3942 1409 4000 affirmat
1430 3940 1507 3998 hanc
1529 3938 1698 4019 Epistulam
1721 3957 1739 3995 a
1761 3935 1820 3995 Ls·

370 4035 423 4085 tur
449 4045 490 4085 sn
514 4027 553 4086 sit
577 4023 801 4086 annumeranda
830 4026 905 4086 haec
930 4025 1071 4105 Epistola
1123 4029 1194 4087 tinis
1210 4048 1269 4088 non
1284 4026 1377 4087 luisse
1391 4034 1549 4105 rcooptam.
1585 4025 1725 4086 Scribens
1740 4022 1820 4082 cuim

369 4113 468 4172 sscsis
479 4120 510 4169 at
520 4114 673 4172 canonicis
684 4110 774 4173 libris.
796 4113 899 4173 Prima
911 4111 1070 4172 dubitandi
1124 4115 1155 4172 in
1176 4113 1243 4174 Jas.
1262 4117 1289 4175 6.
1313 4112 1353 4173 ad
1375 4111 1467 4173 illud:
1491 4113 1658 4189 Seraphim
1680 4109 1818 4182 stabant,

369 4199 452 4258 ratio
467 4200 595 4259 occurrit
610 4217 649 4258 ax
664 4218 715 4269 ao,
740 4196 819 4278 quod
836 4198 906 4259 olim
922 4197 1070 4259 Catholici
1123 4202 1165 4259 sio
1190 4201 1247 4258 ait:
1282 4201 1370 4260 Unde
1393 4207 1423 4258 et
1446 4198 1567 4259 Paulus
1591 4197 1761 4273 Apostolus
1783 4197 1819 4254 s'rs

370 4283 673 4365 quidamscriptoras,
685 4285 858 4364 pracsertim
870 4286 979 4357 Latini,
991 4286 1070 4345 hanc
1123 4287 1270 4361 Epistola
1297 4286 1340 4345 ad
1365 4286 1525 4345 Hebraeos
1533 4330 1543 4360 ‚
1575 4303 1672 4361 quam
1699 4284 1819 4342 Latino

369 4371 540 4451 Epistulam
569 4390 624 4450 pro
661 4389 747 4430 sacra
784 4391 844 4430 non
881 4373 1068 4451 agnoverint.
1122 4373 1314 4432 consuetodo
1329 4389 1396 4432 nou
1411 4374 1524 4447 recipit
1539 4380 1604 4441 ato,
1620 4378 1651 4429 ot
1664 4371 1693 4429 in
1709 4386 1775 4444 cap.
1788 4365 1818 4425 8.

369 4456 449 4518 Nam
480 4455 668 4538 Cyprianus,
698 4458 888 4529 Lactantius,
918 4457 1069 4518 Amobiua
1123 4457 1258 4534 ejusdam
1286 4458 1473 4538 Prophatsa,
1502 4456 1541 4516 sd
1572 4455 1663 4516 illud:
1689 4454 1759 4526 Eoo
1789 4458 1819 4511 at

370 4563 522 4624 nusquam
537 4547 641 4606 citant.
665 4542 869 4603 Tertullianus
880 4542 974 4603 sarnai
986 4543 1069 4604 dum·
1120 4547 1215 4620 pueri
1236 4548 1315 4617 mei,
1339 4564 1406 4604 curn
1426 4563 1529 4604 rursus
1551 4543 1627 4602 hanc
1649 4538 1819 4616 Epistolam

370 4639 457 4691 tsxst
475 4631 625 4704 meminit,
647 4628 790 4690 vidclioat
812 4630 843 4689 in
866 4628 915 4689 lib.
931 4629 969 4689 da
984 4628 1067 4709 pudi·
1122 4632 1244 4704 citarat,
1260 4629 1390 4690 addidit:
1417 4632 1504 4690 Licet
1519 4648 1589 4688 eam
1604 4627 1726 4686 Latino
1740 4643 1818 4686 coss·

373 4717 441 4777 sitis
455 4737 521 4797 cap.
540 4718 608 4790 20„
634 4736 696 4776 non
710 4724 810 4775 tamon
826 4717 854 4775 ai
869 4715 1001 4777 tribuous
1016 4735 1067 4775 an·
1121 4716 1253 4777 suetudo
1268 4719 1354 4776 s'sstcs·
1367 4718 1539 4778 canonicos
1553 4714 1736 4788 Scripturas
1749 4728 1818 4771 ssoss

371 4804 539 4865 ctoritstcm
548 4802 693 4865 divinam.
712 4802 827 4862 Auctor
838 4820 911 4861 varo
921 4821 1068 4862 common·
1120 4804 1263 4878 recipiat.
1301 4801 1390 4879 Qusc
1419 4800 1523 4862 cadom
1555 4799 1648 4860 verba
1677 4797 1819 4877 leguntur

369 4888 724 4968 tariornminEpistolas
734 4887 830 4963 Pauli,
846 4889 898 4968 qui
910 4887 1067 4950 Anbrosio
1120 4888 1153 4949 in
1181 4888 1248 4967 ujus
1273 4887 1374 4969 Epist
1400 4887 1440 4948 sd
1455 4886 1641 4948 Dardanum.
1677 4883 1764 4945 Idam
1784 4881 1817 4941 in

419 4988 488 5031 sssr.
505 4988 579 5031 sssrr
595 4990 671 5030 osu
685 4987 740 5027 ssa
754 4986 790 5027 nu
1093 4998 1096 5005 ι
1592 4992 1610 5049 1
