4442 5825
442 594 514 663 ild
978 584 1211 643 colmmtrmms
1228 584 1260 641 m
1277 586 1344 641 w.
1361 584 1399 640 tt.

441 765 551 825 minem
566 763 753 837 mortalium,
776 772 810 823 ut
822 764 1012 844 interpretsti
1026 782 1138 837 sumus,
1193 782 1286 843 quern
1301 770 1425 836 vocent,
1448 762 1549 844 quelle
1573 762 1615 823 sit
1630 763 1667 823 in
1682 762 1785 823 multis
1796 737 1879 843 peste·

442 851 566 913 docetur
582 869 619 912 er
635 869 688 925 so,
709 849 791 930 qnod
814 850 903 910 simili
919 869 1008 911 senen
1024 849 1139 910 dictum
1193 849 1320 923 toribus,
1343 851 1397 930 qni
1412 852 1559 923 scientes,
1575 849 1683 911 Deum
1699 868 1791 929 supe
1803 850 1882 909 urie

442 937 634 1000 estePenlo
654 938 762 997 lTim.
781 938 825 996 6.;
842 940 940 1016 Quem
957 937 1139 998 nulloslto·
1194 935 1376 1015 diligendum
1408 955 1490 1010 erse,
1529 937 1724 997 deciderim
1754 934 1882 1015 quodder

440 1028 564 1085 minum
591 1025 690 1098 vidit,
725 1023 779 1082 ssd
805 1042 861 1083 oco
892 1025 1000 1083 videre
1028 1031 1138 1099 potest.
1192 1022 1305 1083 hebent
1330 1043 1366 1082 sc
1388 1022 1575 1084 velleitetcm
1598 1023 1699 1101 hujus
1724 1021 1882 1094 dilectioe'e

441 1109 528 1171 Unde
542 1128 603 1170 non
618 1111 696 1170 bene
717 1109 787 1169 hino
811 1111 953 1188 colliges,
978 1110 1073 1169 bonos
1087 1129 1139 1170 sn·
1193 1129 1247 1170 nec
1262 1129 1295 1169 re
1310 1111 1379 1189 ipse
1392 1119 1490 1170 temen
1506 1111 1612 1171 omnis
1624 1110 1698 1170 Dee
1711 1118 1883 1188 postponunt,

440 1197 525 1276 gelos
562 1207 594 1256 ot
628 1206 796 1257 cunctorum
835 1197 986 1256 homiuum
1024 1199 1141 1255 enimes
1193 1216 1250 1255 nec
1277 1216 1295 1256 u
1321 1199 1455 1275 peooutie
1485 1198 1550 1256 suis
1577 1198 1739 1256 recedunt.
1783 1197 1882 1266 Verre,

440 1285 539 1344 Deum
555 1304 612 1342 non
629 1283 739 1343 videro.
765 1283 856 1343 Recte
872 1293 972 1343 cutem
989 1284 1139 1354 statuitur,
1194 1285 1335 1360 quemvis
1361 1283 1464 1343 eedem
1493 1285 1533 1343 sit
1560 1284 1681 1343 ceritum
1708 1281 1840 1363 perfecte
1862 1289 1882 1341 et

442 1390 498 1430 nee
514 1369 643 1431 Peulom
669 1368 778 1429 in'heo
805 1371 869 1430 vite
893 1370 990 1429 Deum
1018 1369 1139 1430 vidisse.
1194 1369 1306 1443 efficer,
1322 1369 1522 1441 eenimiuum,
1538 1389 1624 1449 quse
1640 1369 1882 1430 estinroluetets

439 1457 577 1517 Temetei
609 1457 773 1531 Grjetonus
802 1458 842 1514 ite
873 1455 977 1515 scribit
1004 1456 1034 1514 in
1060 1456 1141 1515 hunc
1193 1455 1314 1515 efficere
1329 1465 1360 1516 et
1375 1455 1513 1516 obsolute
1524 1454 1682 1536 diligendi
1699 1456 1882 1534 Deemeupe

440 1543 821 1606 locum2Joanrrcsds'oit:
839 1544 941 1602 Dcom
953 1542 1140 1603 ncmovs'ds‘t
1193 1543 1309 1617 omnis,
1343 1548 1375 1603 st
1400 1542 1475 1603 nibil
1501 1541 1721 1622 anteponendi
1756 1542 1881 1604 mendet'e

439 1648 601 1707 umquam.
637 1631 696 1704 Tu,
721 1637 856 1690 sectator
878 1630 1043 1690 doctorum
1070 1647 1140 1689 ore·
1193 1629 1275 1707 ejnr,
1290 1628 1458 1709 cujusmodi
1472 1631 1586 1690 cerites
1604 1630 1703 1689 estin
1719 1631 1882 1689 omnibnrct

440 1717 582 1777 dentium
610 1716 697 1792 qood
718 1717 818 1777 Moses
842 1723 872 1776 et
898 1717 1020 1776 Paulus
1048 1716 1139 1776 vids·
1193 1715 1265 1775 solis
1280 1717 1398 1776 sincere
1414 1715 1511 1775 Deum
1528 1715 1727 1776 colentibus:
1743 1736 1803 1776 non
1818 1712 1880 1775 vilo

441 1804 657 1876 motmunt,
685 1811 773 1863 utere
794 1805 842 1862 tio
856 1802 959 1863 verbis
973 1808 1138 1879 tamquam
1192 1809 1242 1861 tur
1263 1810 1364 1863 temen
1385 1800 1443 1862 hoo
1462 1801 1647 1874 discrimen,
1675 1800 1761 1881 qnod
1781 1804 1827 1862 ‘nti
1844 1820 1880 1880 pr

440 1889 551 1965 regola
574 1893 719 1965 potiente
745 1892 967 1965 exceptionem.
1002 1889 1050 1948 Ite
1076 1888 1137 1948 ille.
1192 1897 1282 1962 nunt,
1306 1889 1461 1950 sJosunc
1477 1890 1628 1968 spectari,
1654 1891 1782 1968 quoties
1794 1891 1880 1948 cerite

440 1977 551 2057 Atqui,
567 1974 733 2054 OuJetune,
749 1976 858 2035 meliue
873 1977 1137 2053 «interceptionem
1192 1984 1254 2035 tem
1284 1985 1372 2036 vocet
1399 1975 1579 2054 perfortem,
1612 1975 1671 2035 sed
1707 1976 1808 2055 potius
1831 1992 1880 2035 cn

438 2081 498 2122 non
514 2061 631 2136 iecere,
659 2081 748 2141 qnnm
766 2062 847 2140 ipee,
871 2081 959 2141 quem
974 2068 1007 2120 tu
1024 2063 1071 2121 vis
1086 2080 1138 2121 ex·
1191 2081 1301 2122 vocere
1329 2060 1510 2140 pericctcm,
1550 2072 1710 2140 quetenus
1743 2063 1881 2142 opposite

439 2150 552 2227 cipere,
569 2147 681 2207 Peulnr
693 2167 759 2207 eum
772 2149 909 2227 regulam
925 2147 1063 2208 sbsolute
1078 2156 1137 2207 trs·
1191 2151 1310 2209 ceritati
1325 2146 1521 2226 imperfectae
1536 2149 1598 2220 illi,
1624 2169 1688 2229 qne
1702 2149 1790 2209 Deus
1803 2147 1879 2226 dil'gi·

440 2234 491 2294 ‹let
513 2241 608 2312 etque
631 2234 795 2304 confirmet,
823 2233 979 2295 addendo:
1006 2235 1059 2294 sed
1080 2253 1139 2296 nco
1191 2244 1240 2294 tur
1254 2256 1315 2296 non
1336 2247 1461 2314 propter
1483 2253 1534 2304 se,
1562 2235 1620 2295 red
1637 2237 1739 2296 nostri
1754 2231 1878 2295 coumed

441 2323 545 2382 os'dcrc
558 2328 669 2396 potest.
1012 2319 1015 2322 ⁴
1192 2342 1299 2398 ocrem
1320 2321 1470 2402 quomodo
1485 2319 1660 2400 diligebent
1675 2342 1750 2383 euru
1764 2319 1877 2381 ceneb

484 2409 518 2469 ss·
533 2407 705 2483 diligamur
721 2409 875 2482 invicem,
896 2409 981 2470 Deest
996 2411 1032 2470 tn
1047 2409 1139 2468 nobis
1190 2409 1214 2470 J
1216 2407 1311 2468 udsei.
1333 2408 1376 2468 Ut
1390 2411 1499 2469 ceritas
1513 2407 1657 2486 perfecte
1672 2411 1714 2469 sit
1729 2429 1811 2470 emor
1823 2407 1876 2467 eei
1911 2418 1912 2447 t

439 2501 556 2553 manet.
592 2494 753 2572 Quemvis,
777 2495 887 2574 inquit,
911 2496 1010 2556 Deum
1037 2494 1138 2556 uullns
1190 2497 1292 2569 nitito,
1322 2495 1431 2556 curiles
1461 2505 1563 2555 sutem
1601 2495 1786 2574 imperfecte
1812 2513 1876 2554 en

438 2581 592 2641 hominum
617 2579 734 2651 videet,
762 2581 789 2640 ei
811 2590 909 2641 temen
930 2603 986 2641 nos
1008 2583 1136 2643 invicem
1190 2583 1451 2662 concupiscentiae
1474 2582 1658 2660 preevslens
1680 2583 1779 2643 emori
1798 2579 1875 2641 seiri·

439 2667 615 2746 diligemus:
641 2667 754 2739 Deum,
782 2686 876 2747 equo
894 2669 1067 2729 mendetum
1083 2668 1135 2728 he·
1189 2670 1265 2741 tice,
1289 2668 1391 2746 qnelie
1413 2675 1459 2727 est
1481 2668 1684 2747 plurimorum
1708 2668 1873 2749 ergeDeu

438 2754 559 2825 bemus,
583 2761 617 2811 ut
636 2751 745 2813 intres
768 2752 928 2832 diligemus
951 2752 1008 2832 (uti
1026 2754 1137 2815 dicitur
1190 2764 1222 2814 et
1243 2756 1410 2834 proximos,
1434 2752 1598 2827 videlicet,
1629 2775 1752 2828 eornm,
1778 2755 1824 2835 qui
1841 2753 1873 2813 dt

438 2839 517 2899 inire
550 2859 639 2899 veron
670 2837 751 2915 ult),
782 2839 959 2902 hebebimns
989 2845 1021 2902 in
1049 2841 1136 2902 nobie
1190 2840 1334 2921 diligunt,
1359 2853 1408 2915 m,
1434 2859 1515 2920 qncc
1537 2861 1594 2900 ene
1611 2852 1704 2916 eunt,
1731 2847 1872 2923 quecrertt

438 2934 607 2988 monentem
624 2946 677 3006 per
691 2929 819 3005 gretism
835 2927 902 3006 ejus
914 2940 943 2988 et
954 2931 1135 3004 emicitiem3
1189 2948 1255 2990 cum
1271 2928 1310 2990 de
1326 2930 1448 2989 esritete
1462 2937 1582 2989 verset
1604 2930 1728 2991 sincere
1751 2932 1871 3008 ecrtptrr

438 3016 524 3094 queri
541 3015 637 3074 diost:
654 3014 774 3073 Erimus
789 3014 856 3073 Deo
872 3018 935 3076 ceri
950 3025 981 3076 et
996 3017 1091 3076 emici.
1188 3018 1243 3077 eit:
1259 3018 1334 3077 Non
1347 3017 1490 3093 quaerit,
1508 3034 1592 3092 quac
1607 3035 1671 3077 cua
1686 3025 1775 3092 eunt,
1792 3012 1869 3075 10«.

482 3103 656 3162 Etruritor
670 3103 751 3174 Eius
765 3104 800 3161 in
819 3102 911 3162 nobis
923 3105 1067 3180 perfecto
1082 3110 1135 3162 cst.
1191 3103 1239 3161 13.
1273 3103 1388 3163 tlemus
1411 3104 1507 3181 igitur
1522 3103 1668 3182 Apostoli
1691 3114 1755 3165 eet:
1780 3099 1869 3164 Itsdr

438 3187 572 3249 (ireeoet
600 3189 643 3247 Et
664 3190 781 3247 coritas
802 3190 883 3262 Ejus
900 3191 1046 3267 perfecto
1068 3186 1135 3265 (sen
1189 3208 1270 3249 mum
1294 3190 1516 3262 minimorum,
1542 3208 1600 3249 uos
1623 3192 1749 3252 sincere
1770 3189 1870 3251 esrteu

437 3271 672 3348 consummato)
699 3282 743 3334 sot
768 3279 804 3335 in
829 3276 930 3336 nobie.
970 3277 1026 3336 list
1054 3278 1135 3337 enim
1188 3277 1287 3336 Deum
1309 3275 1453 3356 diligere,
1476 3284 1507 3335 et
1524 3275 1630 3337 Deum
1652 3279 1746 3339 nobis
1766 3278 1871 3338 utcu

437 3363 644 3444 perticipium:
668 3354 907 3439 τετελειωμένη,
936 3371 965 3421 et
980 3362 1073 3423 illud:
1100 3367 1137 3424 s'n
1189 3362 1316 3436 hebere,
1338 3363 1363 3423 ei
1386 3382 1441 3422 noe
1464 3363 1593 3423 invicem
1617 3365 1743 3424 sincere
1768 3364 1871 3425 were

439 3450 543 3520 nobie,
569 3447 608 3508 ed
624 3448 681 3507 hoo
703 3450 892 3527 perticipium
915 3449 1019 3509 reterri
1035 3448 1135 3510 debet
1190 3448 1357 3526 diligemus.

438 3535 584 3615 Copolem
601 3542 631 3594 ct
646 3535 810 3595 consulitur
832 3535 953 3613 quidem
970 3546 1135 3615 exponunt,
1235 3540 1284 3597 13.
1309 3538 1351 3596 In
1365 3536 1423 3595 loc
1435 3538 1654 3611 oopnoedmee
1660 3581 1671 3610 ,
1689 3535 1870 3615 quonioeb

438 3631 468 3681 et
492 3623 647 3682 ceritatem
670 3622 729 3681 Dei
758 3620 941 3700 intelligunt,
968 3644 1029 3703 que
1050 3621 1136 3683 Dens
1190 3624 1239 3683 Eo
1263 3623 1597 3697 mummus‚ss1pse
1621 3626 1657 3683 in
1681 3624 1792 3701 nodis3
1810 3635 1869 3698 ρ·

439 3729 494 3769 nos
509 3708 622 3787 diligit,-
638 3718 672 3767 nt
686 3728 793 3768 sensus
809 3711 864 3769 sit:
886 3710 921 3769 st
936 3729 992 3769 noe
1008 3710 1135 3770 invicem
1189 3712 1278 3770 etam
1294 3710 1333 3770 dc
1349 3710 1473 3785 Spiritu
1487 3727 1546 3769 suo
1560 3709 1652 3769 dedit
1665 3711 1770 3772 notu
1803 3712 1869 3787 0*

439 3796 614 3873 diligemus,
648 3795 732 3855 Dour
765 3798 797 3855 in
828 3797 915 3856 nobis
946 3804 1050 3856 menet
1084 3815 1137 3873 per
1190 3797 1298 3870 return,
1314 3795 1448 3857 Greeco:
1471 3787 1538 3871 ὅτι,
1561 3798 1656 3876 priori
1672 3792 1868 3858 loccdotn'·

437 3884 566 3958 gretiam
582 3900 682 3952 soem,
710 3883 780 3960 quie
795 3883 926 3962 perfecte
940 3885 1065 3943 ceritete
1080 3902 1136 3942 nos
1189 3885 1325 3944 nsttrnn
1341 3891 1404 3956 eet,
1429 3884 1586 3963 posteriori
1602 3884 1742 3946 umels.
1777 3879 1868 3944 chi.

437 3968 544 4047 diligit.
567 3968 628 4029 Sed
643 3968 797 4028 sciendum
812 3977 874 4041 est,
900 3969 1066 4041 Joennsm,
1081 3971 1137 4049 qui
1189 3969 1247 4029 hoc
1264 3969 1352 4029 modo
1376 3977 1495 4030 vertes:
1519 3970 1645 4030 Indue
1666 3971 1865 4047 coenon

439 4056 907 4135 perlecteeceritetiseliquotiee
917 4057 1060 4127 meminit,
1076 4076 1136 4116 nou
1189 4074 1248 4118 seor
1269 4060 1305 4117 tn
1320 4058 1370 4117 Eo
1392 4074 1539 4131 manns,
1566 4063 1598 4115 ct
1621 4058 1712 4118 Elem
1734 4061 1771 4118 in
1791 4053 1864 4124 ulit

438 4142 519 4203 illem
542 4141 671 4202 mibnerc
688 4143 769 4210 Deo.
794 4153 949 4221 temonem
972 4154 1003 4202 et
1028 4145 1135 4222 impor-
1189 4146 1267 4219 quio
1283 4143 1643 4218 despiriteseeodedit
1656 4145 1758 4206 nodie.
1791 4139 1862 4204 Dat

436 4230 516 4291 fecte
539 4230 650 4289 ceritee
672 4230 703 4288 in
725 4249 764 4289 eo
786 4229 884 4288 locum
908 4232 1060 4304 inveniet3
1080 4227 1135 4289 sed
1189 4229 1229 4288 dc
1268 4231 1394 4306 Spiritu
1425 4248 1502 4304 suo,
1540 4250 1602 4291 non
1639 4230 1726 4310 quod
1765 4226 1863 4310 epm·

437 4316 538 4387 nobis,
576 4317 629 4396 qni
662 4325 692 4374 et
725 4316 916 4395 imperfecte,
946 4324 977 4374 et
1004 4316 1136 4396 perfecte
1189 4317 1257 4390 Dei,
1279 4314 1372 4376 idest
1386 4317 1516 4396 Spiritus
1530 4324 1666 4392 nectos
1687 4309 1861 4395 dividtpd

437 4405 535 4464 Deum
558 4401 686 4482 diligere
713 4405 871 4480 poscimus.
911 4403 1008 4462 Vocet
1033 4412 1135 4463 entem
1189 4422 1227 4462 ec
1256 4402 1395 4463 distribui
1423 4405 1456 4463 in
1485 4412 1602 4483 putee,
1628 4422 1771 4483 -qeerum
1794 4398 1859 4460 sb
1910 4399 1912 4410 '

437 4491 591 4551 reritetenu
601 4491 797 4566 perfectum,
811 4490 975 4561 sincerem,
991 4488 1136 4550 Christis·
1189 4488 1267 4549 elius
1290 4489 1434 4569 eccipiet3
1456 4489 1510 4550 sed
1531 4497 1658 4570 propter
1679 4492 1774 4570 ipeiee
1794 4484 1854 4550 h

437 4597 505 4638 nem
518 4584 549 4636 et
560 4577 619 4656 legi
634 4576 757 4636 divinee
770 4576 952 4637 conformem
964 4579 1137 4649 corimemg
1189 4596 1273 4655 ques
1287 4576 1526 4638 rumorosus
1540 4575 1725 4639 homiuibus.
1746 4571 1852 4639 Diffi
1911 4605 1912 4610 ¹

436 4666 514 4723 sient
543 4683 610 4724 esne
642 4665 838 4743 exposuimus
872 4682 962 4742 supre
992 4664 1030 4722 sd
1061 4659 1136 4721 illud
1190 4665 1339 4724 merim
1361 4666 1541 4738 pretium
1563 4671 1657 4737 seret,
1685 4663 1849 4725 ideae&
1894 4731 1903 4750 ,

438 4751 545 4828 cepitis
560 4749 700 4811 secundi:
717 4753 779 4828 Qec·
790 4758 896 4812 esrom
908 4749 1036 4809 corbem
1045 4752 1136 4823 Eius,
1190 4752 1332 4826 Spiritus
1339 4794 1349 4823 ,
1365 4750 1513 4811 motam
1525 4752 1661 4826 mie
1667 4794 1679 4824 ,
1691 4755 1784 4827 prod
1794 4737 1846 4813 d

441 4852 511 4895 ocrs
524 4838 563 4895 tre
577 4838 635 4897 too
649 4840 768 4897 soritae
784 4840 845 4898 Dei
859 4838 1001 4914 perfecto
1020 4845 1071 4897 cst.
1192 4834 1294 4896 lcor.
1313 4839 1363 4897 12.

481 4922 574 4992 Sunt,
589 4925 642 5002 qui
656 4923 812 4984 ceritatem
827 4924 990 5004 perlectum
1006 4922 1066 4983 diei
1081 4942 1136 5000 pn·
1234 4922 1367 5003 Quidem
1383 4929 1540 4998 exponunt
1549 4922 1631 4984 hunc
1640 4923 1740 4984 loce·
1752 4919 1785 4981 ὸ

439 5017 503 5067 tent
522 5009 565 5070 ed
587 5006 784 5072 differentiem
806 5012 941 5073 ceritetie
965 5008 1138 5085 insfieecis,
1190 5011 1327 5073 seritetie
1340 5008 1510 5086 treternee,
1534 5008 1573 5073 ds
1593 5028 1656 5091 qee
1676 5007 1797 5093 apd!
