4442 5825
776 621 939 681 ffldissffl
955 623 1044 680 dmi
1060 622 1175 680 renuat
1208 618 1291 680 im.
1309 625 1352 680 21.
1370 625 1413 680 22.
1751 628 1828 699 m·

377 799 525 874 Galatea,
554 800 607 861 ubt
627 798 727 873 docet,
748 801 898 863 huminem
916 802 1077 881 justificari
1128 809 1212 863 tuam
1223 816 1298 863 eece.
1322 800 1463 863 Sicenim
1474 806 1714 880 argumentatur:
1731 797 1826 860 Abre-

377 906 434 968 per
462 885 552 949 fldem
576 889 643 949 eine
673 888 816 968 operibus
845 888 929 968 legis.
966 889 1077 970 Neque
1129 889 1200 950 bern
1214 908 1252 949 ex
1274 888 1416 969 operibns
1432 886 1618 967 justificetur
1633 894 1689 959 eet,
1712 894 1744 948 et
1758 887 1825 947 eine

377 976 459 1035 eninr
467 974 580 1037 Paulne
591 995 610 1034 a
621 976 741 1054 negotio
749 976 973 1055 justificatione
985 994 1077 1056 opera
1129 975 1188 1037 illie
1200 976 1361 1054 juctifieeri
1376 996 1436 1037 uon
1451 975 1565 1057 potnit3
1588 993 1656 1035 nam
1672 974 1699 1034 ei
1713 972 1826 1034 noluie·

376 1061 536 1140 qnaelibet
560 1061 711 1138 excludit,
738 1065 824 1141 cnjue
849 1064 881 1123 in
908 1062 1012 1124 eudem
1037 1061 1076 1123 ad
1129 1071 1174 1123 eet
1200 1062 1323 1124 obedire
1348 1063 1415 1124 Deo
1442 1060 1652 1141 praecipienti,
1677 1068 1711 1119 nt
1733 1059 1826 1122 filium

375 1149 465 1209 Rom.
482 1149 620 1229 Epietoia
641 1157 704 1209 tam
720 1157 827 1228 aperta
842 1151 994 1211 cententio
1010 1158 1073 1210 eet:
1129 1149 1187 1210 eibi
1203 1149 1379 1224 immolaret,
1390 1151 1493 1228 Juetue
1509 1167 1570 1207 uon
1584 1146 1710 1224 fnieeet3
1734 1148 1826 1226 igitur

376 1236 529 1298 Fuctorer
541 1235 803 1313 leyirjaetiticori.
826 1236 896 1296 Hoc
909 1239 986 1297 enirn
1000 1235 1076 1316 quid
1129 1244 1161 1296 et
1176 1253 1229 1298 noe
1245 1244 1363 1317 oportet
1377 1255 1415 1297 ex
1431 1234 1574 1316 operibor
1584 1232 1766 1313 juctificeri3
1790 1254 1826 1294 ec

376 1322 465 1383 alind
479 1333 534 1397 eet,
551 1342 639 1403 quam
656 1322 737 1402 quod
748 1323 783 1383 B.
795 1322 933 1384 Jacobna
945 1342 1073 1402 pronun·
1128 1321 1255 1404 proinde
1278 1326 1343 1385 eine
1364 1322 1503 1404 operibur
1527 1320 1566 1382 ed
1583 1321 1733 1400 juetitiarn
1747 1319 1823 1387 fides

376 1410 444 1482 rtet,
469 1411 629 1471 hominem
653 1429 691 1472 cu
713 1410 861 1487 operibat
882 1412 1074 1488 jrutiflccri?
1128 1430 1190 1472 uon
1204 1409 1294 1483 uniet
1318 1408 1370 1470 red
1392 1416 1509 1470 monne
1532 1417 1586 1470 eet
1609 1409 1765 1470 Posterior
1779 1427 1825 1468 ee·

376 1496 441 1559 Sed
462 1505 555 1577 negat
574 1497 740 1576 Apostolus
763 1497 893 1571 Paulus,
913 1497 1073 1578 justificari
1129 1496 1220 1578 quela
1241 1516 1295 1580 per
1309 1516 1344 1558 ee
1358 1506 1404 1558 ert
1425 1494 1602 1571 meniieete3
1625 1495 1706 1576 prior
1728 1488 1824 1575 dupii-

377 1602 561 1663 quemqnam
584 1602 672 1664 prece
694 1602 732 1646 cu
755 1585 902 1661 operibor
923 1586 1016 1662 ἱερὴ,
1043 1585 1074 1647 id
1129 1584 1202 1645 citer
1225 1584 1346 1664 probari
1368 1590 1482 1664 potent:
1505 1581 1556 1643 vel
1579 1598 1706 1643 ecanae
1729 1600 1824 1642 exem·

376 1679 432 1743 ert,
449 1688 487 1731 ex
501 1672 539 1732 iia
555 1670 705 1752 operibus,
729 1690 807 1752 qnae
824 1671 913 1732 fidem
928 1672 1071 1732 mediato·
1128 1670 1216 1751 pleri,
1238 1673 1309 1754 quir
1327 1670 1501 1750 juctificatio
1517 1668 1659 1731 Abrahae
1681 1667 1739 1729 tuit
1755 1668 1826 1729 idae

376 1758 420 1819 rie
434 1757 625 1832 antecedunt,
642 1768 723 1819 etex
736 1757 889 1839 solelegie
902 1759 1074 1838 cognitione
1129 1757 1278 1838 quaedem
1303 1758 1528 1839 justificationis
1558 1766 1696 1833 noetru03
1726 1755 1776 1818 tei
1807 1775 1826 1818 a

375 1845 617 1925 proficiscuntur.
642 1844 721 1905 Nam
743 1857 848 1906 contra
870 1845 1006 1907 Judeeor
1029 1845 1074 1907 iiii
1127 1844 1208 1906 undo
1233 1845 1379 1926 exemplo,
1407 1847 1480 1925 quie
1502 1842 1539 1904 de
1562 1842 1698 1904 omnibus
1718 1842 1824 1923 juctifi-

376 1933 515 1993 iuetitrrta
538 1941 601 1993 erat
621 1932 795 2009 disputatio,
819 1933 871 2012 qui
894 1933 993 2013 legem
1014 1933 1074 1994 eibi
1128 1931 1232 1994 candir
1247 1934 1353 1994 eadem
1376 1943 1423 1994 eet
1438 1931 1523 1992 ratio.
1547 1929 1636 1992 Unde
1651 1939 1681 1989 et
1695 1930 1825 1992 aiterum
1888 2005 1891 2015 Ι

375 2017 578 2098 adjustitiam
599 2025 630 2079 et
645 2018 773 2079 caleam
797 2019 930 2080 sufficere
949 2019 1072 2081 erbitra·
1128 2019 1299 2102 exemplum
1325 2034 1398 2081 mox
1423 2014 1537 2098 profert
1560 2017 1599 2079 dc
1620 2016 1707 2079 Raab
1732 2034 1824 2078 mere-

375 2106 496 2166 bantur.
527 2103 665 2167 Jacoem
690 2118 763 2166 veto
786 2106 824 2167 do
846 2107 988 2186 operibus
1009 2108 1073 2186 ugit
1129 2107 1203 2167 trice
1218 2125 1256 2168 ex
1272 2107 1413 2186 operibne
1424 2104 1598 2185 justificata

375 2191 466 2253 fidem
484 2193 745 2273 consequentibue,
760 2202 841 2254 etex
853 2192 1072 2274 adopertum
1173 2196 1222 2254 22.
1252 2193 1353 2267 Video,
1369 2195 1525 2270 quoniam
1541 2191 1619 2268 sidet
1629 2191 1824 2267 cooperabu-

376 2279 468 2351 tibus,
492 2288 584 2360 atque
605 2280 698 2341 afide
720 2279 851 2353 directis,
878 2278 941 2341 eine
963 2278 1073 2361 quibus
1127 2287 1182 2339 tut·
1204 2280 1350 2357 operibat
1370 2279 1482 2341 inite?
1515 2278 1654 2358 colligit.
1680 2275 1824 2340 Abrahae

375 2367 482 2448 ntique
497 2367 608 2427 rteriiie
628 2375 660 2427 et
674 2367 867 2442 infructuosa,
891 2376 927 2427 ac
949 2366 1074 2447 preinde
1127 2365 1216 2428 iidem
1230 2384 1389 2447 operosum
1409 2365 1512 2440 iniere,
1535 2384 1595 2426 non
1610 2366 1745 2437 otiorum,
1768 2382 1824 2425 nec

375 2453 493 2515 inutssie
518 2464 566 2515 eat
590 2453 674 2515 fider.
709 2452 757 2515 ida
783 2453 954 2534 hujumodi
981 2455 1074 2535 igitur
1127 2463 1281 2514 mortuam.
1319 2440 1370 2515 Ex
1391 2468 1427 2515 eu
1450 2470 1594 2532 nemque,
1622 2450 1703 2532 quod
1730 2450 1823 2513 fliium

376 2540 520 2621 operibus
533 2540 623 2601 hono
635 2542 825 2620 juttidcetur,
852 2551 915 2602 tum
931 2542 1005 2623 quia
1019 2552 1074 2620 per
1127 2559 1213 2601 auum
1238 2540 1349 2602 oetettr
1363 2551 1454 2620 enper
1475 2539 1572 2601 altare
1593 2536 1688 2619 (quod
1703 2538 1823 2620 quidem

376 2644 423 2701 ea,
439 2634 594 2708 tamquam
616 2644 668 2708 per
688 2628 836 2689 actualem
848 2629 1006 2708 justitium,
1027 2632 1074 2687 eet
1126 2625 1200 2688 iecit
1221 2646 1258 2689 ea
1280 2627 1338 2690 fide
1362 2629 1513 2701 incitetur,
1537 2626 1575 2687 de
1598 2644 1659 2706 quc
1681 2627 1823 2707 scriptum

376 2720 408 2776 et
423 2714 594 2776 declaratur
616 2728 687 2776 tere
705 2717 817 2794 juetue,
841 2734 938 2796 eoque
954 2715 1074 2776 nomine
1128 2720 1175 2775 eet
1189 2714 1283 2776 Hebr.
1302 2718 1367 2776 11.:
1390 2714 1472 2777 Fide
1496 2714 1609 2775 obtulit
1631 2709 1709 2790 ete),
1732 2719 1824 2793 patet,

376 2802 446 2862 Deo
461 2810 580 2882 grrtur3
602 2811 665 2863 turn
681 2804 753 2882 quir
768 2821 824 2883 per
838 2821 874 2863 ea
887 2816 1013 2863 neceete
1027 2809 1074 2862 eet
1127 2800 1216 2864 fldem
1246 2801 1310 2878 ejue
1340 2801 1581 2882 progerminaere
1611 2800 1693 2863 boue
1724 2818 1824 2882 opera,

372 2889 531 2969 Juetitirm
553 2890 742 2965 eoneervati3
765 2888 898 2969 denique
920 2889 994 2971 quia
1020 2902 1074 2969 per
1127 2898 1219 2971 atque
1240 2889 1349 2950 iiedem
1372 2889 1459 2951 bonit
1483 2887 1623 2971 operetur
1645 2887 1742 2950 iniere
1756 2906 1822 2949 coo·

376 2993 471 3058 opera
485 2984 613 3057 tergetur
627 2983 657 3037 et
672 2977 826 3055 perficitur
836 2978 964 3056 justitie.
984 2977 1073 3037 Hane
1127 2986 1272 3059 pertitam,
1296 2967 1451 3057 dirigendo
1466 2974 1613 3037 videlicet
1628 2977 1824 3038 intentionem

375 3063 412 3125 B.
428 3063 542 3126 decedi
564 3073 629 3125 erim
652 3063 746 3123 Patrio
762 3062 913 3142 Apoetole·
933 3064 1073 3125 coucilia·
1128 3065 1297 3144 operandt,
1320 3073 1356 3123 ut
1376 3073 1475 3125 eeeent
1497 3063 1564 3125 Deo
1586 3070 1719 3145 accepta
1742 3062 1824 3126 00⁰·

376 3151 491 3212 tieeetn
506 3150 612 3211 eruitis
630 3149 705 3211 ieeia
721 3149 814 3211 tradit
829 3150 860 3212 S.
876 3152 1073 3231 Augustinus,
1126 3151 1313 3229 perunctae,
1330 3150 1461 3212 Greece:
1475 3143 1627 3229 συνήργει,
1640 3147 1821 3233 quodidrae·
1909 3205 1912 3210 .

375 3245 413 3299 ut
433 3238 465 3299 in
486 3236 567 3299 titre·
587 3237 628 3298 de
648 3237 713 3299 fide·
731 3243 763 3298 et
784 3253 832 3317 op.
857 3241 1008 3317 cap.14.;
1035 3235 1074 3298 de
1127 3257 1194 3299 mue
1210 3240 1436 3319 interpretatur:
1460 3238 1647 3313 adjumento
1660 3240 1735 3316 [uit.
1763 3237 1825 3299 eod

375 3323 529 3407 preedeet.
542 3333 634 3386 eruet.
648 3336 714 3404 cap.
728 3325 771 3400 7.;
787 3326 818 3385 iu
834 3324 962 3407 praeiet.
978 3337 1074 3385 enarr.
1128 3324 1207 3386 bene
1227 3333 1327 3386 nomer
1349 3326 1496 3405 interpres
1520 3343 1557 3385 ae
1578 3326 1698 3407 proprie
1719 3326 1823 3386 vertit:

375 3414 410 3475 itt
423 3407 536 3473 ham.
552 3413 604 3473 31.
621 3420 654 3472 et
667 3420 782 3492 queeet
800 3413 849 3473 76.
865 3413 944 3474 inter
959 3413 1008 3474 83.
1128 3412 1366 3489 cooperabatur.
1401 3410 1475 3473 Vult
1496 3414 1576 3473 enim
1591 3411 1756 3493 Apostolus
1779 3413 1822 3472 in-

421 3498 512 3577 Quod
538 3506 639 3560 cutem
667 3498 763 3578 aliqui
785 3520 839 3578 pro
866 3498 1074 3560 coneriietione
1127 3515 1222 3560 nuere
1252 3500 1429 3560 societatem
1458 3498 1610 3581 quendem
1639 3497 1824 3561 individuam

376 3585 493 3660 arene
508 3586 639 3647 Panium
655 3601 747 3666 agere
763 3588 801 3647 de
818 3588 913 3664 prime
925 3586 1072 3666 juctifica-
1128 3588 1207 3647 iuter
1228 3586 1319 3648 tidem
1335 3593 1364 3648 et
1380 3604 1480 3666 opera,
1505 3593 1546 3660 nt,
1570 3587 1649 3646 eicut
1670 3584 1742 3647 tides
1759 3586 1825 3648 eine

377 3675 468 3745 tione,
496 3680 527 3733 et
552 3673 700 3736 Jacobum
728 3672 765 3733 de
791 3672 939 3749 recunde3
971 3689 1074 3752 parum
1129 3672 1271 3753 operibus
1294 3689 1360 3735 cene
1381 3693 1442 3734 non
1464 3671 1563 3748 debet,
1589 3673 1632 3734 ite
1653 3690 1711 3735 nec
1731 3683 1825 3754 opera

376 3758 477 3822 coneo
491 3757 613 3821 videtur
630 3758 700 3820 dici.
730 3757 808 3820 Nam
833 3759 925 3822 etad
947 3761 1073 3840 primam
1129 3762 1194 3821 eine
1220 3758 1293 3837 iide3
1324 3762 1445 3821 temoni
1470 3768 1570 3841 parter
1596 3759 1668 3822 fidei
1692 3761 1824 3842 potiorea

373 3845 625 3927 juctificatittnenr
651 3863 743 3924 opera
771 3845 842 3907 edei
871 3850 1073 3929 requiruntur,
1128 3856 1213 3921 eunt,
1240 3856 1347 3928 utpote
1366 3847 1542 3929 dirigentis,
1565 3855 1597 3908 ut
1618 3847 1697 3922 dixi,
1720 3855 1749 3909 et
1770 3849 1823 3909 im·

376 3932 420 3996 de
441 3934 551 4013 quibua
576 3934 713 4011 loquitur
733 3932 889 4011 „Iacobum
914 3932 1005 3995 etad
1028 3949 1071 3993 ee·
1128 3935 1271 4015 perantia.

378 4018 510 4082 tundam
522 4020 760 4100 iustificationem
773 4021 891 4081 inutriia
902 4030 972 4082 eunt
982 4029 1074 4099 opere
1172 4022 1215 4082 Et
1231 4037 1268 4082 ee
1284 4021 1430 4098 operibns
1443 4021 1520 4099 fidet
1535 4028 1754 4082 contemmere
1769 4028 1822 4083 cet.

374 4107 464 4187 logie,
476 4106 515 4167 de
526 4105 769 4186 quiburPeuine.
785 4107 891 4169 Ninilo
900 4109 1010 4169 rectius
1020 4108 1073 4181 illi,
1128 4107 1216 4169 Sicut
1233 4105 1309 4168 tides
1328 4109 1452 4169 caritate
1475 4107 1628 4182 formetur,
1652 4110 1695 4170 ita
1719 4108 1822 4171 eubae-

376 4195 432 4275 qui
444 4211 537 4272 opere
548 4194 626 4273 logie
639 4192 720 4273 apud
732 4193 859 4256 Paulum
874 4197 1073 4274 interprotan-
1128 4194 1289 4276 quentibne
1313 4194 1453 4275 operibue
1475 4215 1535 4258 nou
1550 4195 1638 4256 niodo
1654 4194 1824 4257 declaretur

376 4290 427 4343 tur
437 4282 620 4341 ceremoniae
633 4290 663 4341 et
673 4290 861 4344 sacramenta
872 4283 1073 4363 veterieiegie‚
1129 4289 1159 4342 et
1173 4291 1377 4354 conservatur,
1392 4293 1496 4343 terum
1511 4283 1603 4343 etiam
1618 4289 1755 4363 augetur,
1778 4304 1823 4344 ro·

375 4366 968 4448 quaevimjnnifleandinonhabuerunt.
994 4367 1071 4430 Con·
1128 4370 1252 4431 boratur
1272 4377 1306 4430 e't
1326 4368 1487 4449 perficitur.
1518 4369 1588 4430 Non
1612 4370 1708 4432 colum
1731 4372 1824 4450 igitur

374 4453 1071 4534 merim,Paulumqupiet.adRom.,quem·
1127 4469 1224 4535 opera
1243 4464 1313 4518 aunt
1334 4455 1448 4516 frocus
1472 4465 1503 4518 et
1526 4458 1612 4537 aigne
1633 4457 1719 4533 fidei,
1742 4455 1824 4537 quod

375 4540 539 4603 rdmodum
553 4541 695 4602 hocloco
709 4540 868 4615 decebam,
892 4541 930 4603 nd
946 4544 1072 4603 moralia
1127 4540 1234 4602 volunt
1248 4542 1410 4620 haeretici3
1429 4545 1484 4605 sed
1497 4544 1618 4624 inauper
1629 4565 1704 4618 erm,
1718 4552 1824 4604 totam-

374 4628 455 4707 tegi·
467 4636 628 4709 praecepta
636 4629 792 4706 reapicere,
805 4628 973 4708 cujusmodi
986 4637 1072 4690 cnut:
1127 4641 1190 4709 que
1198 4630 1326 4691 hominis
1333 4631 1479 4710 justitium
1490 4639 1603 4710 augent
1613 4638 1644 4691 et
1655 4630 1823 4707 perficiunt,

374 4718 450 4779 ron
473 4719 672 4791 concupiscet
679 4737 691 4791 ;
713 4733 782 4777 non
801 4716 981 4794 secretoria
1004 4731 1072 4778 non
1125 4717 1339 4797 hominemque
1354 4718 1421 4779 Deo
1437 4720 1595 4797 gratiorem
1612 4716 1750 4779 reddunt

374 4802 596 4864 moechaberis.
1169 4805 1219 4864 23.
1235 4806 1279 4867 Er
1289 4806 1437 4881 reppletu
1450 4813 1495 4865 ert
1504 4805 1684 4881 Scriptura,
1700 4804 1823 4865 dicerer:

417 4889 527 4952 Beetat
548 4887 720 4962 videndum,
743 4888 836 4967 quale·
855 4890 895 4949 eit
913 4907 1070 4970 argumen-
1127 4891 1270 4953 Credidit
1292 4892 1454 4953 Abraham
1475 4893 1561 4965 Deo,
1586 4897 1615 4951 ct
1637 4897 1822 4969 reputatum

372 4985 437 5038 tum
452 4975 602 5059 Apostoli,
621 4993 685 5055 qno
697 4995 735 5036 ex
751 4974 830 5036 iacto
845 4975 988 5037 Abrahae
1003 4995 1069 5056 pro·
1125 4985 1169 5038 ret
1183 4978 1234 5038 illi
1248 4978 1472 5053 adjectitium.
1496 4978 1661 5056 suppletu,
1686 4976 1821 5040 Graece:

372 5059 626 5139 btttcenteudit',
649 5059 739 5125 ddern
754 5063 820 5125 eine
834 5064 977 5146 operibor
991 5081 1068 5126 uror
1123 5065 1265 5145 implete.
1296 5064 1476 5147 quaritur,
1499 5063 1649 5150 quomedo
1673 5074 1746 5130 tene
1766 5065 1821 5128 tm·
