4442 5825
392 588 440 660 03
908 576 1329 659 comusrspmsuoiru.

388 759 446 821 bus
461 777 530 820 eum
552 759 695 820 encomiis
719 775 838 833 ornans,
862 775 902 818 ex
917 756 1030 837 quibus
1044 757 1086 817 iu·
1141 776 1206 819 runs
1230 776 1323 838 supra
1346 755 1386 817 ad
1409 754 1483 818 illud
1503 776 1567 837 cap.
1584 760 1630 820 3.:
1652 758 1755 834 Ponti

390 844 500 925 colligi,
513 840 603 921 selitl,
619 848 745 927 {quanto
777 846 818 905 sit
840 847 960 907 herous
982 842 1085 922 major.
1143 845 1349 924 confessionis
1363 852 1492 906 nostros
1509 847 1632 908 Jesum.

390 933 470 993 Nam
486 932 657 1013 expressius
672 931 703 993 id
718 932 784 1012 agit
795 951 861 1011 cap.
876 932 904 991 7.
917 939 947 990 et
961 948 1086 1008 sequen·
1229 935 1235 946 '

390 1019 479 1080 tibus
501 1019 713 1099 Dicensergo:
730 1019 913 1097 Pontifices
922 1034 1086 1092 moenum,
1185 1016 1234 1078 15.
1257 1018 1330 1079 Non
1353 1020 1436 1078 ssim
1467 1016 1615 1077 babemus
1637 1013 1755 1093 Pontii

390 1107 495 1181 innuit,
510 1108 659 1167 Amonem
676 1126 735 1166 non
751 1106 844 1167 fnisse
858 1123 1000 1185 maguum
1014 1123 1087 1183 pou·
1143 1108 1199 1181 qai
1219 1123 1285 1166 non
1307 1107 1406 1181 possit
1432 1107 1573 1180 compoti
1598 1102 1755 1183 influmito

390 1191 514 1266 tificem,
530 1193 557 1252 si
573 1213 639 1253 cum
655 1190 775 1253 Christo
790 1192 969 1253 conferatur.
993 1189 1086 1250 Porro
1143 1195 1269 1252 nostris.
1303 1190 1352 1251 Ne
1365 1192 1510 1271 majestas
1526 1192 1602 1250 tanti
1615 1189 1755 1251 Pontifici

390 1279 628 1360 magnitudinem
646 1279 758 1340 Christi
781 1279 935 1340 Pontificio
959 1277 1089 1358 probent
1141 1286 1267 1354 terreat,
1308 1298 1400 1359 quem
1429 1277 1489 1338 Dei
1519 1277 1629 1338 Filium
1663 1275 1755 1358 appel

389 1368 560 1446 sequentia:
1141 1364 1286 1440 ostendit,
1313 1385 1401 1446 quam
1427 1364 1508 1424 idem
1535 1366 1601 1444 ipse
1627 1383 1700 1444 erga
1724 1382 1755 1425 ιιι

433 1454 495 1532 Qui
514 1454 698 1530 penetravit
717 1453 825 1514 coeloe.
869 1453 955 1524 Nou,
982 1451 1087 1532 inquit.
1140 1471 1307 1533 propensus
1330 1461 1361 1512 et
1384 1459 1538 1533 promptos
1560 1451 1600 1511 nd
1626 1452 1755 1511 minoren

389 1543 561 1620 penetravit
572 1543 603 1601 in
615 1540 731 1601 Sancte
743 1541 931 1612 Senatorum,
942 1546 978 1598 ut
985 1539 1086 1598 Aaron
1141 1549 1245 1621 utpote
1259 1539 1406 1600 malorum
1422 1547 1570 1619 expertus.
1594 1534 1654 1598 Sed
1667 1556 1745 1616 quas

389 1635 421 1689 et
434 1646 625 1688 successores
640 1627 715 1707 ejus,
731 1627 785 1688 sed
802 1629 832 1688 iu
848 1627 963 1687 coelum
979 1628 1086 1706 ipsum,
1139 1629 1235 1687 stolus
1250 1635 1338 1686 vocet
1352 1626 1574 1703 infirmitates,
1597 1626 1755 1705 quaeritur

389 1715 470 1794 quod
486 1735 539 1795 per
551 1715 604 1775 illa
615 1714 727 1774 Sancta
738 1713 973 1794 significabatur,
985 1711 1086 1792 idque,
1140 1713 1212 1774 bera
1234 1714 1337 1773 multis
1364 1712 1530 1784 contendit,
1557 1711 1688 1791 intelligi
1712 1710 1755 1773 do‘.

386 1807 422 1861 ut
446 1820 528 1883 spem
555 1801 641 1862 nobis
670 1800 785 1861 faceret
811 1801 883 1861 illuc
913 1802 1009 1881 ipsum
1039 1818 1085 1859 se·
1140 1801 1331 1876 afflictiones,
1372 1807 1601 1880 persecutiones.
1651 1798 1720 1860 llos

388 1887 511 1968 queudi.
547 1887 597 1949 Ad
621 1886 701 1948 hauc
729 1891 809 1949 enim
839 1907 923 1967 spem
953 1887 1087 1947 animare
1139 1908 1221 1950 more
1243 1888 1417 1969 Scriptores
1443 1885 1503 1948 dici
1526 1885 1730 1960 infirmitates,

389 1973 544 2036 contendit
558 1994 629 2035 suos
643 1974 809 2035 Hebraeos.
840 1975 936 2048 Sunt,
960 1975 1012 2053 qui
1027 1973 1086 2033 eol·
1140 1977 1257 2036 ammos
1279 1976 1408 2035 bominis
1432 1971 1602 2054 hujusmodi
1624 1971 1713 2032 malis
1739 1994 1755 2035 ι

388 2060 486 2142 ligant
508 2081 548 2122 ex
570 2062 727 2136 hocloco,
753 2061 902 2122 Christum
923 2059 1085 2121 secuudum
1139 2062 1333 2143 languescere
1350 2061 1455 2122 soleat.
1490 2061 1539 2121 Ita
1553 2060 1755 2140 Apostolusi

388 2147 548 2210 humanam
563 2156 700 2209 usturam
716 2169 776 2209 uon
794 2150 826 2208 in
843 2148 927 2209 coelo
942 2167 1016 2221 esso,
1031 2146 1086 2208 sed
1142 2154 1189 2211 11.
1206 2160 1237 2211 et
1254 2151 1303 2212 12.
1318 2168 1362 2223 es,
1378 2167 1458 2229 quse
1473 2148 1654 2208 infirmitatis
1669 2166 1744 2208 suae

389 2256 480 2318 supra
496 2234 626 2309 coelum,
648 2244 682 2298 ut
703 2238 757 2315 qui
780 2235 879 2296 coelos
895 2233 1086 2296 ascendendo
1139 2245 1308 2309 enumeret,
1335 2245 1364 2296 et
1379 2238 1410 2297 in
1425 2237 1462 2295 iis
1477 2234 1630 2315 glorietur.
1668 2234 1755 2315 Estqi

388 2324 612 2404 penetraverit,
635 2322 767 2403 ideoque
789 2323 820 2382 in
839 2323 920 2384 nullo
937 2323 1086 2384 coelorum
1138 2325 1257 2405 phrasis
1273 2322 1413 2403 frequens
1428 2321 1509 2403 apud
1526 2320 1714 2400 Prophetes,
1737 2340 1755 2403 q

389 2412 572 2471 remanserit.
596 2409 709 2471 Verum
723 2430 783 2471 uon
800 2409 830 2469 id
846 2411 941 2471 voluit
956 2409 1084 2490 Aposto-
1138 2410 1299 2472 admodum
1315 2408 1458 2489 exemplis
1475 2407 1612 2469 adductis
1628 2408 1712 2468 idem
1727 2409 1755 2468 R

389 2496 452 2571 lus,
482 2496 537 2556 sed
558 2499 636 2557 sicut
657 2496 727 2557 olim
748 2496 890 2558 Pontifex
915 2496 1086 2577 ingrediens
1139 2497 1215 2558 bene
1227 2497 1344 2577 probat.
1368 2496 1458 2558 Unde
1470 2504 1502 2556 et
1512 2494 1663 2556 Christum
1675 2495 1755 2555 Dum

388 2584 500 2647 &octe
514 2581 691 2644 Sanctorum
706 2603 805 2663 usque
820 2583 860 2642 ad
875 2585 979 2643 intima
994 2603 1085 2663 peue-
1137 2585 1159 2647 J
1161 2587 1268 2656 esaias,
1285 2604 1350 2665 cop.
1364 2585 1424 2655 53..
1439 2585 1536 2642 virum
1548 2580 1684 2642 dolorum
1698 2591 1755 2642 ets

388 2669 503 2742 trabst,
530 2670 573 2728 ite
589 2669 742 2732 Christum
757 2671 788 2729 in
803 2668 905 2730 coelos
920 2668 1085 2731 ascenden·
1138 2679 1199 2731 tem
1221 2671 1398 2733 infirmatem
1421 2667 1563 2750 appellet.
1600 2669 1717 2730 Verum
1743 2687 1755 2730 ι

387 2765 450 2818 tem
461 2754 608 2835 usquead
621 2758 725 2817 intima
737 2755 887 2817 coelorum
899 2757 1083 2836 pervenisse.
1138 2757 1223 2830 dum,
1239 2758 1418 2819 infirmitatis
1430 2777 1490 2817 uon
1505 2773 1595 2815 uuam
1609 2773 1676 2816 esse
1688 2774 1755 2816 scos

388 2842 486 2907 Simili
509 2840 660 2905 locutione
686 2840 808 2924 quidam
831 2842 970 2904 dicuntur
994 2862 1084 2923 peue-
1138 2863 1208 2905 uem
1235 2844 1266 2904 in
1291 2845 1384 2905 meris
1410 2843 1521 2917 literis,
1550 2841 1604 2903 sed
1630 2841 1755 2924 multipl

388 2942 469 2992 trare
483 2927 597 3003 domos,
610 2929 641 2991 id
653 2938 699 2991 est
709 2931 847 3009 ingerere
860 2950 929 2992 sese
939 2933 971 2991 iu
982 2929 1084 2992 domos
1138 2932 1218 2992 sicut
1231 2932 1349 2992 ostendi
1365 2930 1402 2991 sd
1418 2929 1494 2991 illud
1508 2930 1594 2990 Rom.
1611 2932 1659 2990 b:
1679 2931 1755 2992 ono

388 3017 502 3079 alienas
518 3035 615 3097 usque
638 3016 678 3079 ad
700 3018 842 3078 interiore
864 3026 895 3078 et
914 3020 1084 3079 secretiore
1138 3020 1198 3079 bue
1212 3018 1336 3096 infimi
1351 3034 1490 3079 essemus.

389 3102 548 3185 Quomodo
580 3102 699 3164 locutus
736 3112 782 3163 est
811 3112 912 3165 noster
940 3105 1084 3187 interpres
1178 3106 1290 3184 Itaque
1327 3103 1506 3177 videndum,
1545 3123 1625 3183 quae
1653 3103 1755 3184 signif

389 3191 502 3254 susm.
518 3190 557 3263 3.,
572 3189 643 3250 licet
658 3209 694 3250 eo
708 3189 777 3251 loco
791 3188 943 3251 diversum
958 3193 1084 3254 verbum
1136 3193 1290 3272 praesenti
1301 3191 1366 3252 loeo
1379 3198 1535 3272 congruat.
1554 3189 1591 3252 Id
1603 3190 1755 3272 intelligi}

389 3278 429 3339 sit
442 3278 474 3337 iu
492 3273 618 3336 Graeco.
1005 3310 1007 3314 ·
1137 3287 1227 3359 puto,
1244 3279 1269 3338 si
1285 3278 1367 3338 locus
1383 3278 1432 3338 bic
1447 3277 1619 3339 conferatur
1634 3295 1703 3336 cum
1719 3273 1755 3339 du

430 3367 562 3438 Jcsum,
579 3363 703 3425 Filium
719 3364 790 3423 Dei.
814 3362 909 3425 Addit
922 3366 1084 3446 epitheton,
1137 3364 1285 3426 similibus
1306 3365 1397 3444 bnjus
1411 3365 1584 3445 Epistolae,
1610 3383 1741 3444 qnorum

388 3448 471 3531 qnod
486 3468 544 3509 nec
558 3452 590 3509 iu
601 3449 761 3522 Aaronem,
777 3452 877 3537 necin
888 3451 983 3512 ullum
994 3453 1085 3513 alium
1139 3460 1185 3511 est
1199 3453 1298 3532 capite
1312 3453 1449 3532 proxime
1464 3450 1620 3533 sequenti,
1636 3450 1690 3510 ubi
1705 3451 1748 3512 de

388 3538 531 3615 competit
546 3537 731 3596 Pontificem.
753 3536 881 3598 Perboc
895 3546 995 3599 sutem
1010 3540 1084 3598 mire
1138 3539 1219 3598 tifice
1234 3540 1343 3599 veteris
1367 3540 1542 3600 testamenti
1561 3538 1683 3599 dicitur:
1707 3557 1755 3615 qu«

389 3625 502 3685 excitat
517 3620 666 3682 fiduciam.
690 3620 773 3699 Quid
786 3625 861 3684 enim
874 3643 934 3685 nou
948 3626 1086 3705 impetret
1138 3627 1204 3701 ipsc
1219 3626 1434 3685 circumdatos
1448 3628 1488 3686 sit
1502 3626 1699 3703 infirmitate,
1716 3632 1747 3686 et

389 3707 469 3790 apud
485 3708 583 3767 Deum
598 3706 750 3780 Pontifex,
766 3710 818 3789 qui
832 3708 911 3770 idem
926 3713 966 3772 sit
979 3711 1084 3784 Filius,
1135 3718 1248 3789 pterea
1265 3712 1391 3787 debeat,
1419 3713 1686 3789 quemadmodum
1699 3728 1755 3788 prs

389 3814 486 3875 eoque
501 3796 621 3854 nomine
636 3796 702 3855 Deo
722 3795 931 3874 grabssimns‘?
1135 3799 1234 3874 pulo,
1257 3802 1300 3859 sic
1320 3801 1415 3860 stiam
1435 3816 1499 3875 pso
1522 3806 1617 3860 sema
1638 3800 1707 3874 ipso
1723 3800 1755 3877 op

435 3884 611 3942 Possumus
635 3882 873 3961 confessionem.
911 3882 1000 3963 Quod
1023 3884 1085 3965 qni·
1134 3888 1364 3961 propeccatis.
1405 3885 1490 3946 Alter
1511 3906 1577 3967 esp.
1602 3888 1646 3958 7.,
1672 3884 1742 3959 ubi,

388 3966 472 4041 dam,
491 3968 675 4049 interpositis
691 3967 810 4029 duabus
825 3971 950 4044 voculis,
966 3969 1085 4051 legunt:
1138 3969 1280 4045 dixisset,
1307 3970 1477 4033 sacerdotes
1500 3972 1652 4033 Leviticos
1673 3990 1755 4033 necet

391 4056 569 4116 ueniamus
594 4058 660 4131 spei
691 4064 819 4117 nostros
846 4058 1084 4134 confessionem,
1139 4066 1200 4117 tem
1215 4057 1326 4119 babere
1342 4078 1395 4138 pro
1418 4061 1480 4119 suis
1504 4058 1620 4119 delictis
1635 4058 1750 4119 hostias

388 4161 448 4201 uon
462 4140 552 4220 hujus
567 4151 613 4202 est
633 4142 709 4216 loci,
731 4141 785 4202 sed
800 4146 949 4223 cap.10.,
976 4143 1027 4204 ubi
1042 4146 1086 4203 sic
1139 4143 1241 4219 rendi,
1272 4146 1448 4225 priusquam
1477 4146 1604 4206 offerant
1632 4164 1687 4224 pro
1717 4147 1755 4206 da

388 4226 531 4290 babetur:
562 4230 739 4288 Teosomue
764 4232 833 4306 spei
858 4238 985 4291 neuros
1008 4249 1085 4292 oon·
1139 4230 1261 4310 populi,
1278 4234 1423 4292 rationem
1438 4231 1517 4292 hene
1532 4232 1676 4311 subjecit:
1693 4234 1755 4308 prsis

386 4314 555 4392 {omnem
566 4315 833 4376 indeclinabilem.
856 4316 935 4377 Nam
947 4317 1005 4377 hoo
1019 4318 1084 4397 qui·
1138 4317 1279 4378 homines
1293 4322 1455 4380 coustituit
1468 4320 1645 4380 sacerdotes
1659 4318 1755 4395 inliso

388 4401 455 4462 dem
469 4400 535 4460 loco
551 4420 618 4461 eam
630 4400 815 4464 additionem
827 4421 884 4462 nec
896 4402 1014 4476 Graeci,
1030 4422 1086 4463 uec
1138 4410 1200 4463 tem
1229 4404 1384 4466 babentes.
1422 4404 1510 4466 Unde
1540 4404 1700 4467 manifeste
1731 4403 1755 4466 li

387 4486 457 4567 Syri
483 4485 601 4548 codices
629 4497 811 4567 agnoscunt,
840 4498 874 4549 ut
899 4509 955 4549 nec
981 4489 1085 4550 Latini
1138 4490 1338 4552 infirmitatem
1361 4494 1399 4552 iis
1424 4491 1496 4553 locis
1519 4512 1586 4554 eam
1601 4491 1755 4571 intelligi«

388 4575 597 4655 castigatiores
609 4594 645 4634 ac
656 4576 832 4636 uominstim
844 4575 935 4635 editio
948 4574 1084 4637 Olemen-
1137 4585 1216 4649 tere,
1238 4598 1316 4660 quae
1330 4588 1484 4657 peecatum
1502 4580 1638 4659 respicit,
1660 4577 1692 4639 id
1708 4588 1754 4640 est

387 4661 458 4721 tius.
495 4661 610 4723 Sensim
632 4669 695 4721 est:
722 4662 772 4723 Ne
793 4660 965 4723 deseremus
984 4661 1084 4737 fidem,
1137 4662 1224 4724 candi
1246 4666 1442 4745 pronitatem,
1469 4685 1531 4746 qua
1550 4666 1598 4739 fit,
1621 4674 1656 4725 ut
1681 4667 1749 4746 quis

387 4764 479 4825 quam
503 4748 630 4829 professi
656 4767 759 4809 sumus
782 4750 814 4808 in
836 4749 1001 4830 baptismo,
1029 4751 1083 4811 sed
1136 4750 1321 4828 quotidianis
1345 4752 1478 4831 lapsibus
1504 4753 1608 4812 vivere
1637 4773 1697 4814 uon
1729 4773 1755 4832 pi

388 4850 455 4893 um
470 4833 593 4896 tirmiter
614 4837 796 4898 retineamus
812 4844 906 4916 atque
921 4838 951 4896 in
967 4856 1004 4897 ea
1018 4857 1083 4918 per·
1137 4836 1205 4896 Hae
1221 4849 1292 4899 sunt
1307 4839 1399 4918 igitur
1413 4839 1619 4915 infirmitates
1634 4846 1755 4901 nostros

388 4937 565 4983 sereremus.
602 4921 682 4984 Nam
706 4923 858 4999 confessio
880 4925 1084 5003 metonymice
1138 4923 1248 5001 quibus
1270 4924 1326 4986 hoc
1347 4924 1428 4999 loco,
1452 4925 1559 5006 quibus
1584 4928 1754 5007 compatip

387 5006 507 5087 eapitur
520 5028 576 5089 pro
597 5006 660 5070 fide
683 5008 836 5087 confessa,
862 5010 940 5071 sicut
955 5007 1081 5072 ostendi·
1136 5009 1282 5073 Pontifex
1300 5021 1401 5075 noster
1418 5012 1570 5087 cbristus,
1596 5031 1657 5074 non
1678 5032 1734 5075 ess
