4442 5825
397 583 472 652 504
911 569 1148 626 comminius
1166 569 1197 626 nt
1214 571 1280 627 cdi.
1297 571 1337 627 n.

395 755 450 816 sed
471 753 596 831 pectine
626 749 796 812 tribuimus
803 773 815 828 ,·
845 757 958 813 eontra
988 756 1093 809 antem
1143 749 1322 827 scorpiaco,
1349 769 1415 830 cap.
1443 751 1508 822 12,
1540 758 1571 811 et
1597 749 1761 831 Fulgentius
1780 747 1807 810 ad

396 841 500 916 mala,
531 857 612 917 qnae
641 841 798 915 perimus,
835 845 964 899 nostroe
983 837 1095 897 solnm
1144 834 1395 907 Trasimnndum,
1417 855 1481 917 cap.
1499 837 1549 898 30.

396 928 539 988 malitiae
569 925 620 986 vel
653 928 857 1002 ipnorantiae
895 925 1094 999 deputamus.
1186 923 1280 983 Porro
1303 924 1458 1002 Syriacam
1480 942 1586 984 vocem
1608 922 1686 984 alius
1709 926 1806 997 merca,

395 1013 491 1075 Addit
505 1011 686 1093 Apostolus:
710 1015 774 1073 Per
788 1017 901 1076 ,seeum
924 1011 1093 1086 Christum,
1143 1010 1222 1070 alins
1252 1010 1464 1086 obstupescere
1491 1012 1591 1070 vertit.
1629 1009 1715 1090 Quae
1739 1011 1811 1070 nuni

397 1102 470 1180 quia
485 1121 539 1182 per
554 1098 668 1160 Christi
691 1101 828 1159 meritum
852 1118 912 1159 nou
931 1096 1026 1156 solum
1041 1096 1094 1156 he·
1143 1096 1299 1178 explicant
1327 1098 1411 1157 verbi
1438 1096 1551 1157 Graeci
1582 1098 1809 1178 significationen,

395 1187 514 1261 bemus,
529 1193 564 1246 ut
579 1186 659 1246 bona
673 1205 808 1265 agamus,
827 1205 932 1247 verum
948 1185 1045 1258 etiam,
1062 1191 1096 1242 ut
1143 1204 1232 1265 quam
1247 1203 1340 1264 supra
1355 1182 1509 1260 dedimam
1529 1203 1613 1264 qnae
1634 1194 1733 1246 umen
1744 1184 1811 1245 afim

395 1275 491 1346 bona,
507 1291 587 1354 qnae
602 1273 735 1353 agimus,
752 1271 790 1332 ad
806 1274 866 1333 Dei
880 1271 1009 1353 gloriam
1024 1267 1093 1331 diri·
1143 1272 1215 1331 satis
1238 1272 1396 1351 exponitur
1417 1291 1469 1352 per
1490 1271 1562 1344 hoc,
1586 1272 1667 1353 qnod
1684 1270 1760 1332 addit
1771 1269 1809 1329 Pe

395 1380 508 1441 gamus,
1143 1367 1220 1419 trus:
1237 1361 1329 1435 qnasi
1339 1361 1418 1420 noni
1429 1358 1554 1437 aliquid
1566 1360 1654 1421 vobit
1665 1361 1810 1434 continent

440 1449 500 1510 Gai
517 1455 561 1508 eet
571 1447 677 1522 plenia
688 1453 718 1505 et
730 1447 901 1522 imperinm
916 1449 952 1507 in
967 1444 1095 1504 saecula
1143 1464 1324 1524 quamquam
1339 1454 1370 1506 et
1385 1445 1427 1506 ibi
1442 1444 1559 1506 Graece
1575 1456 1637 1508 est:
1659 1437 1753 1522 iiius,
1771 1462 1810 1521 pe·

395 1536 594 1596 caseatorum
603 1555 615 1609 ;
630 1537 742 1595 Amen.
773 1532 810 1593 Iu
825 1531 995 1612 hujusmodi
1011 1530 1092 1590 clau·
1141 1536 1308 1608 reprinnm
1317 1576 1327 1608 ,
1342 1531 1373 1593 id
1389 1541 1434 1592 ast
1448 1552 1578 1607 novum,
1593 1533 1749 1595 insolitum.

396 1623 486 1695 sulis,
502 1640 580 1701 queo
596 1619 708 1680 multae
723 1629 793 1679 sunt
809 1619 998 1698 inlipistolis
1013 1619 1093 1698 Apo·
1185 1618 1245 1679 Pro
1273 1621 1402 1698 fervore
1432 1618 1642 1682 Tertullianus
1671 1624 1810 1693 sementa,

396 1709 523 1782 stolicis,
546 1726 696 1785 nusquam
720 1706 792 1766 alibi
816 1706 934 1766 additur
956 1705 1093 1766 verbum:
1143 1704 1316 1786 Cyprianus
1343 1714 1372 1766 et
1394 1706 1602 1787 Hieronymus
1628 1705 1809 1768 ardorenla

395 1798 473 1874 Ett5
500 1795 553 1855 sed
570 1795 749 1872 interpretes
764 1791 827 1852 iere
842 1793 1026 1853 subaudiunt
1041 1799 1094 1851 aut
1141 1802 1224 1872 gunt.
1263 1795 1405 1853 Erasmus
1430 1792 1512 1854 hauc
1538 1793 1639 1856 locum
1669 1796 1711 1854 ita
1732 1792 1809 1854 satit:

396 1883 539 1964 supplent
561 1881 700 1942 verbnm:
727 1882 775 1940 rit.
805 1879 983 1959 intelligunt
1004 1881 1093 1952 euim,
1142 1882 1188 1941 Ne
1203 1882 1382 1954 miremini,
1402 1880 1478 1940 dnm
1491 1899 1553 1957 per
1567 1886 1674 1958 ipnem
1690 1882 1809 1958 explere

396 1989 464 2032 esse
479 1969 657 2049 optationes.
694 1967 757 2026 Hic
780 1975 880 2027 antem
905 1967 1094 2046 peculiariter
1142 1970 1231 2028 mini.
1269 1967 1363 2048 Atqui
1383 1965 1500 2028 Graeca
1522 1970 1566 2030 sic
1590 1969 1717 2030 habent:
1740 1957 1810 2046 riis

396 2054 514 2117 addidit
528 2054 563 2113 B.
578 2054 687 2114 Petrus
701 2051 843 2113 verbum:
859 2061 913 2129 est,
926 2056 995 2134 quia
1009 2073 1092 2132 prae·
1142 2048 1214 2131 ὑμῖν
1230 2045 1384 2131 πυρώσει,
1400 2052 1430 2112 id
1447 2063 1494 2115 est
1509 2055 1546 2116 ob
1561 2058 1736 2130 antonem,
1751 2068 1809 2132 qast

396 2146 517 2205 miserat
533 2143 725 2222 optationem.
759 2138 837 2200 Nam
853 2140 983 2221 optando
999 2140 1094 2199 dixit:
1142 2145 1178 2203 in
1193 2142 1280 2202 vobis
1295 2149 1348 2201 eat.
1372 2141 1621 2220 Explorationem
1634 2153 1730 2202 antem
1743 2139 1809 2220 nigri

402 2232 483 2292 Utin
494 2226 874 2302 omnibueltonoriticetnr
883 2234 936 2287 etc.
961 2227 1094 2287 Proinde
1140 2229 1209 2289 ficet
1223 2249 1294 2307 pers
1310 2247 1455 2307 sequens:
1482 2232 1544 2308 Qui
1568 2229 1613 2289 ad
1631 2231 1808 2291 tentationa

395 2336 502 2380 sensns
517 2325 583 2389 est3
604 2314 662 2376 Oui
678 2314 803 2374 debetur
816 2314 927 2392 gloria3
944 2314 1009 2375 vel:
1032 2310 1093 2393 Qui
1142 2316 1228 2376 vebia
1243 2315 1287 2391 lit.
1312 2315 1473 2375 Erasmus:
1491 2318 1581 2396 Qnae
1596 2336 1647 2378 ree
1662 2317 1705 2376 ad
1716 2314 1809 2392 reperi·

396 2405 526 2476 obtinet,
550 2403 689 2479 ploriam
713 2408 742 2461 et
761 2404 930 2477 imperinm
947 2396 1093 2476 (Graecez
1140 2410 1282 2463 mentum
1297 2405 1391 2462 nestri
1402 2400 1445 2477 pit.
1468 2403 1537 2464 Non
1548 2404 1643 2483 igitur
1653 2399 1807 2482 natiosiani

394 2485 527 2569 κράτος,
554 2488 584 2549 id
612 2497 659 2548 est
684 2489 901 2569 principatum,
928 2486 1093 2568 imperandi
1142 2491 1210 2549 ficet
1226 2490 1422 2549 tentationem
1438 2491 1503 2552 sive
1519 2481 1809 2571 explorationemnl

393 2573 587 2660 potestatem)
602 2578 634 2636 in
656 2594 743 2636 omne
766 2594 882 2635 aevum.
920 2575 987 2634 Nec
1002 2574 1094 2634 refert
1140 2595 1264 2656 gravem
1286 2576 1491 2652 afflictioncm,
1519 2578 1620 2657 qualis
1643 2586 1691 2639 eat
1709 2573 1809 2637 uanos

395 2665 433 2726 ad
461 2663 618 2725 veritatem
648 2662 738 2740 hujus
768 2660 962 2741 doxologice,
993 2670 1092 2721 utrum
1142 2683 1233 2724 cerne
1248 2664 1387 2722 hominis.
1412 2661 1540 2725 Constat
1555 2666 1647 2738 euim,
1662 2666 1693 2725 in
1707 2664 1808 2740 Ssn'pn

394 2754 497 2813 Deum
506 2795 517 2826 ,
534 2770 573 2809 au
588 2753 700 2814 Jeanm
718 2748 875 2810 Oltristnm
892 2757 1007 2828 repetat
1022 2751 1090 2807 arti·
1142 2753 1182 2810 ris
1196 2753 1302 2825 ipnem
1320 2749 1474 2811 transferri
1490 2753 1603 2832 passim
1615 2750 1657 2811 ad
1671 2748 1807 2830 significae

397 2839 499 2899 culus:
520 2823 565 2921 qi,
589 2838 649 2896 eni.
688 2835 766 2894 Nam
784 2833 904 2895 Christo
920 2833 1094 2894 adscribunt
1142 2836 1211 2897 dum
1227 2839 1379 2916 graviores
1402 2839 1622 2918 cujuscumque
1637 2831 1808 2919 gonories}

395 2925 473 2986 haec
489 2925 595 2984 eadem
610 2924 706 3003 Apoc.
726 2927 768 2982 1.:
795 2924 880 2999 Ipsi,
897 2924 1008 3002 inquit,
1023 2924 1093 2998 plo·
1142 2927 1271 2999 ctioues,
1287 2934 1321 2983 ut
1337 2924 1448 2985 Psalm.
1468 2929 1534 2986 liic
1559 2928 1641 3003 Iane
1655 2945 1704 2986 nte
1718 2921 1808 2985 anni·

399 3016 451 3071 ria
469 3010 864 3087 etimperinminececnla
875 3011 1093 3087 roeenlorrtm,⁸
1140 3015 1245 3085 nacti,
1276 3018 1306 3069 et
1321 3014 1388 3075 on:
1421 3013 1646 3074 Troneivimne
1663 3014 1807 3089 perient!

396 3103 509 3160 Amen.
540 3097 653 3158 Verum
669 3096 757 3176 hujus
779 3097 836 3157 loci
859 3102 1016 3156 contextus
1042 3115 1093 3177 po·
1141 3106 1170 3158 et
1186 3115 1314 3174 aquom.

395 3184 502 3257 stulat,
526 3192 560 3244 nt
573 3180 612 3243 ad
629 3184 731 3244 Deum
754 3184 855 3262 potius
874 3182 1036 3256 reseratum
1062 3180 1093 3241 id
1186 3185 1235 3244 Ea
1249 3203 1323 3244 vero
1337 3205 1425 3265 pars:
1452 3188 1508 3263 qni
1522 3183 1586 3263 (vel
1600 3182 1696 3263 qnae)
1711 3184 1749 3246 nd
1759 3189 1806 3242 tea·

396 3273 476 3332 euim
491 3270 672 3350 praecessit,
699 3271 803 3330 Denm
820 3272 856 3330 in
873 3269 1018 3331 omnibns
1034 3288 1093 3330 ease
1142 3274 1293 3331 tationem
1320 3271 1405 3333 vobis
1425 3274 1479 3350 tlt,
1507 3272 1631 3333 additur
1654 3293 1674 3332 a
1693 3274 1725 3333 li
1743 3269 1807 3330 Pin
1837 3318 1838 3329 ,

395 3357 653 3434 planitienndnm.
1143 3357 1181 3419 ad
1197 3357 1393 3437 mitigandum
1411 3359 1541 3419 ustionis
1557 3358 1692 3422 dolorem
1707 3351 1806 3419 wate

1141 3445 1256 3505 ratione
1272 3444 1421 3506 salutiferi
1441 3444 1556 3506 fructus
1572 3444 1645 3507 inde
1658 3457 1806 3523 mutent!

439 3532 489 3594 12.
514 3531 694 3605 oenenmt,
717 3530 816 3591 nolite
834 3530 1038 3606 pereprincri
1057 3531 1093 3588 in
1141 3532 1191 3591 tis.
1222 3531 1291 3591 Nou
1307 3534 1385 3592 euim
1401 3530 1441 3592 ad
1464 3534 1618 3594 interitum
1636 3542 1684 3594 est
1698 3526 1805 3598 aaut&

393 3619 542 3696 fervore,
565 3620 621 3693 qni
642 3616 686 3675 cd
708 3618 914 3677 tentationem
938 3615 1025 3676 vebia
1046 3616 1091 3692 fit,
1141 3615 1195 3677 sed
1207 3617 1463 3697 adprobationem
1476 3629 1509 3679 et
1525 3621 1804 3699 purgationemrqv

396 3706 489 3782 qnasi
503 3707 581 3765 novi
595 3702 720 3779 aliquid
735 3702 823 3764 nobie
837 3705 1009 3779 contineat.
1033 3702 1090 3762 Re·
1141 3703 1229 3765 modo
1245 3724 1299 3783 per
1315 3707 1414 3784 iguem
1437 3725 1543 3766 aurum
1558 3706 1747 3787 probaturae
1757 3715 1803 3782 pv

396 3789 441 3852 dit
458 3789 495 3851 ad
520 3790 759 3851 exhortationem
782 3790 962 3869 patientiae,
985 3790 1090 3869 perdu·
1140 3798 1236 3870 gatar.
1267 3792 1380 3852 Sensus
1396 3793 1567 3872 igiturest:
1591 3793 1642 3854 Ne
1655 3801 1806 3854 common?

398 3880 499 3958 aitque
515 3898 581 3938 eam
596 3895 695 3955 nsque
711 3876 853 3936 adfinem
870 3876 993 3957 capitis3
1009 3875 1090 3955 quod
1140 3879 1212 3937 mini
1228 3878 1313 3938 velut
1327 3876 1366 3938 ob
1381 3900 1444 3939 rem
1459 3896 1587 3952 novam,
1604 3873 1801 3960 peregrinati

395 3965 498 4037 sciret,
513 3984 579 4024 eam
590 3965 729 4024 virtutem
745 3962 902 4037 fidelibus,
916 3964 1091 4042 praesertim
1140 3964 1307 4040 horridam,
1334 3965 1414 4044 qnod
1437 3965 1586 4026 interdum
1613 3951 1800 4027 excitetur&¹

395 4050 525 4114 Judaeis
541 4049 606 4129 (qni
630 4052 736 4131 partim
756 4052 871 4129 gantis,
898 4051 1008 4129 partim
1024 4048 1090 4109 reli·
1140 4071 1247 4111 versas
1273 4072 1328 4112 vos
1354 4051 1527 4112 incendium
1553 4050 1758 4133 persecutionis
1777 4035 1800 4102 ff

395 4138 491 4217 giouis
516 4138 634 4197 nomine
657 4136 758 4197 multis
780 4146 863 4197 erant
885 4132 997 4211 exosi),
1025 4155 1090 4196 cnm
1139 4136 1704 4220 adversariisChristianaereligionim
1717 4129 1800 4216 it&

393 4225 495 4305 primis
512 4242 578 4283 esse
593 4224 801 4284 necessariam.
836 4224 894 4282 Pro
910 4222 1016 4282 verbo:
1030 4242 1090 4300 pe·
1138 4224 1187 4298 fit,
1210 4224 1277 4283 Deo
1300 4226 1343 4285 sic
1366 4224 1537 4300 ordinante,
1561 4224 1699 4288 tentandi
1718 4231 1800 4301 aa!

392 4313 573 4387 reprinori,
598 4309 679 4389 qnod
695 4307 812 4371 Graece
830 4319 892 4370 cst:
921 4304 1088 4384 ξενίζεσθε,
1139 4308 1230 4369 bandi
1245 4314 1336 4372 vestri
1353 4332 1451 4372 causa
1484 4313 1564 4373 Nam
1580 4333 1617 4374 ea
1632 4333 1681 4374 raa
1695 4303 1797 4373 illus&

392 4417 484 4479 snpra
500 4416 588 4458 versu
606 4400 635 4458 4.
655 4397 775 4476 scripsit
797 4399 959 4475 interpres:
983 4397 1089 4455 admi·
1138 4417 1201 4457 rem
1226 4396 1324 4458 reddit
1346 4408 1477 4460 vestram
1502 4400 1694 4479 patientiam,
1716 4415 1746 4459 as

392 4491 519 4546 rnntnr.
556 4482 641 4544 Beda
667 4503 789 4563 quoque
820 4482 895 4562 legit
921 4483 977 4543 hoc
1006 4486 1088 4543 loco:
1139 4502 1192 4543 vos
1208 4485 1336 4564 amplius
1353 4486 1551 4547 commendat

390 4574 528 4646 mirari,
555 4569 672 4630 addens
699 4579 812 4641 tamen,
848 4573 878 4630 in
906 4569 1087 4648 quibusdam
1180 4570 1306 4631 Praeter
1320 4572 1401 4633 hunc
1414 4591 1535 4634 sensum
1549 4574 1638 4635 istius
1648 4573 1704 4634 loci
1716 4569 1789 4658 ssd:

391 4657 542 4719 codicibus
551 4658 906 4736 pereprinariscriptum
920 4675 995 4716 esse.
1011 4656 1086 4718 Rur·
1137 4658 1190 4717 alii
1205 4677 1225 4716 a
1240 4655 1369 4719 diversis
1385 4660 1560 4722 auctoribus
1576 4662 1636 4722 lunc
1650 4658 1736 4733 illam
1781 4729 1783 4734 ,

392 4764 444 4805 sns
459 4746 573 4805 mirari
595 4743 699 4824 legunt
715 4743 882 4824 Cyprianus
905 4742 955 4802 lib.
978 4742 1015 4802 de
1037 4763 1087 4804 ex·
1136 4764 1190 4806 sex
1212 4764 1337 4806 numero
1360 4755 1497 4808 recenset
1514 4747 1661 4822 Lamnus,
1682 4757 1787 4826 aqtt.¹

388 4829 466 4891 bort
481 4840 567 4892 mart.
591 4850 656 4911 cap.
678 4834 707 4892 9.
723 4840 754 4891 et
768 4830 863 4909 Epist.
881 4830 947 4902 56..
973 4829 1084 4891 etHie·
1136 4838 1236 4912 petat,
1259 4834 1310 4911 qni
1326 4833 1416 4894 volet.
1455 4833 1552 4895 Nobis
1570 4835 1643 4895 satis
1657 4835 1705 4908 sit,
1780 4823 1782 4831 ¹

389 4936 533 4997 ronymns
548 4918 578 4977 iu
602 4937 707 4978 comm.
731 4936 822 4996 super
839 4919 942 4977 Amos.
959 4921 988 4979 4.
1025 4917 1087 4978 Alii
1137 4919 1369 4998 acgcnninnm,
1393 4921 1483 4981 etiam
1501 4920 1607 4983 Loriui
1617 4919 1740 5002 judicit,

390 5002 509 5084 legunt:
533 5022 756 5082 expavescam
779 5016 813 5063 ut
828 5003 1038 5064 Tertullianus
1055 5006 1086 5065 in
1136 5024 1201 5066 snm
1217 5006 1371 5084 attalicum
1396 5026 1486 5088 quem
1510 5028 1571 5070 non
1594 5008 1689 5070 solnm
