4442 5825
430 601 505 672 343
935 593 1372 651 ammanuensium

428 771 550 851 genitus
565 771 641 833 iuter
655 771 784 847 eiectos,
806 771 899 854 idque
913 770 1034 834 Christo
1057 793 1125 852 pro·
1180 780 1255 833 rant
1294 772 1439 834 Sicorim
1453 773 1546 835 habet
1564 793 1630 856 cap.
1649 778 1694 836 l.r
1719 776 1756 837 di
1770 781 1876 838 massa

428 859 541 938 prium,
555 858 642 921 Rom
660 859 706 931 8.,
723 857 787 920 cot
805 864 850 933 1.,
864 860 959 939 Apoc.
978 864 1022 936 1.;
1038 858 1126 920 electi
1174 865 1297 935 jacam
1313 868 1357 920 est
1378 862 1468 938 opud
1485 863 1606 936 Derim,
1628 861 1804 923 retribuere
1817 867 1876 923 tri-

428 963 499 1005 vero
514 946 707 1025 primogeniti
722 948 879 1008 suntiuter
894 946 1037 1021 homines,
1052 966 1124 1023 oua·
1180 947 1375 1007 bulationem
1398 951 1455 1023 iis,
1482 951 1539 1025 qui
1563 967 1617 1011 eoa
1643 949 1822 1021 tribuisset,
1848 959 1876 1011 ct

429 1041 518 1093 tsnrrs
533 1031 649 1094 scilieet
671 1034 816 1111 peculiari
838 1035 955 1095 ratione
969 1054 1043 1112 prae
1057 1033 1126 1094 aliis
1179 1035 1286 1109 vobis,
1302 1038 1357 1111 qui
1373 1034 1594 1113 tribulamini,
1612 1039 1754 1113 requiam
1770 1037 1875 1098 cobia-

428 1137 467 1179 ex
490 1118 558 1179 Deo
586 1121 699 1198 geniti,
723 1122 877 1194 nimirum,
905 1131 940 1180 ut
967 1119 1045 1193 dixi,
1072 1140 1127 1201 per·
1179 1140 1250 1182 eum
1267 1128 1320 1181 etc
1343 1120 1537 1182 Porroiidem
1553 1121 1789 1204 Graeoipartem
1801 1124 1875 1186 hano

426 1203 626 1286 adoptionem,
646 1225 727 1286 quaa
742 1227 795 1269 eos
811 1207 965 1269 constituit
979 1207 1125 1268 haeredes
1180 1207 1218 1268 de
1234 1207 1354 1270 Christo
1366 1211 1528 1288 accipiunt.
1551 1210 1658 1288 Neque
1671 1212 1757 1272 cuim
1769 1213 1874 1286 Pater,

426 1292 510 1353 vitae
524 1304 675 1354 aeternae.
1179 1297 1335 1376 inquiunt,
1347 1296 1472 1371 judicet
1487 1315 1676 1374 quemquam
1684 1318 1697 1375 ;
1716 1298 1771 1358 scd
1786 1317 1875 1360 omos

469 1380 571 1459 Atque
593 1379 667 1441 haec
689 1382 734 1440 ita
756 1378 838 1455 dixi,
861 1401 922 1442 non
944 1381 1025 1458 quod
1041 1382 1123 1460 igno·
1174 1383 1334 1457 judicium
1349 1383 1437 1444 dedit
1453 1384 1557 1456 Filio,
1574 1384 1664 1445 Joau.
1680 1384 1710 1444 b.

426 1485 504 1539 rsm,
522 1465 671 1528 diversam
688 1486 756 1527 esse
770 1469 917 1530 rationem
934 1467 971 1528 de
985 1468 1125 1547 primitiis
1222 1468 1335 1531 (luntre
1361 1469 1391 1531 S.
1418 1471 1554 1531 Thomas
1585 1470 1726 1544 affirmat,
1758 1471 1875 1533 Patrem

426 1561 459 1615 at
472 1553 512 1614 de
526 1555 739 1634 primogenitis.
763 1554 842 1615 Nam
860 1556 1008 1635 primitiae
1024 1575 1077 1633 per
1092 1573 1125 1615 ss
1179 1557 1341 1635 significari
1350 1601 1358 1630 ,
1373 1577 1392 1615 a
1407 1575 1466 1635 quo
1483 1567 1529 1616 est
1543 1559 1639 1617 omnis
1649 1560 1818 1619 auctoritas
1827 1561 1873 1639 ju·

426 1661 487 1702 non
516 1650 624 1702 sonant
653 1640 866 1702 excellentiam
897 1662 972 1720 pree
996 1643 1124 1720 reliquie
1179 1641 1303 1703 diciaric
1322 1642 1488 1703 indivisis.
1513 1642 1602 1723 Quod
1625 1646 1702 1705 enim
1717 1645 1819 1707 Filius
1829 1648 1875 1727 jn·

425 1727 582 1797 fructibus,
597 1727 650 1788 sed
662 1729 868 1790 tantummodo
883 1729 1026 1810 temporis
1038 1749 1123 1807 proo-
1179 1728 1273 1802 dicet,
1288 1729 1381 1790 habet
1397 1750 1416 1788 a
1432 1731 1532 1790 Patre.
1556 1731 1596 1790 lit
1611 1730 1649 1790 ad
1664 1744 1875 1811 argumentum

426 1814 605 1876 cedentiam.
628 1814 664 1874 Id
681 1813 803 1892 quodiu
819 1816 941 1878 i'ructihr
955 1836 970 1876 s
986 1835 1122 1895 corpora·
1179 1815 1361 1877 Graecorum
1390 1816 1568 1897 respondet,
1599 1837 1665 1878 cam
1692 1817 1875 1900 Scripturam

425 1901 505 1962 libus
522 1911 569 1963 est
584 1900 792 1973 manifestum,
813 1910 845 1965 et
867 1905 898 1965 in
917 1903 1124 1983 spiritualibus
1177 1903 1313 1984 intelligi,
1329 1912 1473 1984 quantum
1488 1904 1527 1964 ad
1539 1904 1724 1985 corporalem
1738 1926 1874 1986 praesen·

426 1988 532 2049 eadem
547 1990 664 2050 rationo
680 1997 726 2050 est
738 1989 976 2070 intelligendum.
1000 1988 1122 2050 Contin-
1177 1991 1263 2067 tiam,
1290 1993 1363 2070 quia
1386 1991 1452 2051 sola
1474 2010 1601 2071 persone
1615 1991 1689 2052 Filii
1713 1995 1874 2073 apparebit

426 2077 471 2155 git
497 2084 614 2147 autem,
644 2078 748 2154 primia
777 2075 924 2139 fructibus
950 2076 1122 2156 adjunctam
1177 2077 1344 2156 injudicio.
1376 2077 1467 2157 Quae
1490 2079 1795 2158 sententieproiecto
1809 2100 1872 2161 pro·

426 2181 494 2223 esse
516 2162 725 2224 excellentiam
749 2184 822 2244 prae
845 2164 986 2244 reliquis;
1014 2164 1070 2225 etsi
1094 2165 1123 2223 in
1178 2165 1305 2225 habilior
1320 2172 1373 2224 est.
1409 2165 1487 2225 Nam
1509 2167 1549 2225 de
1566 2166 1682 2226 Christo
1705 2187 1768 2228 non
1782 2178 1817 2227 nt
1826 2168 1872 2246 jn-

425 2251 547 2310 uotione
573 2251 768 2329 primitiarum
795 2272 831 2312 ea
858 2252 1036 2313 excellentia
1064 2271 1124 2310 non
1177 2250 1243 2312 dico
1258 2249 1393 2332 loquitur
1407 2252 1675 2334 nuncApostolus,
1695 2253 1752 2314 sed
1768 2264 1872 2317 utme·

426 2339 632 2412 contineator3
659 2347 687 2398 et
713 2338 878 2401 secundnm
905 2340 962 2399 hoc
984 2337 1123 2398 dicuntur
1177 2337 1292 2399 dietore
1308 2338 1347 2398 od
1363 2338 1514 2417 judicem
1536 2339 1791 2419 quemadmodum
1807 2361 1873 2402 mox

426 2442 477 2498 sa,
499 2445 580 2504 quac
603 2423 803 2504 allegavimus
819 2447 857 2488 ax
877 2424 975 2487 lCor.
993 2429 1057 2496 lb,
1084 2444 1123 2484 ex
1178 2425 1344 2486 audiemus.
1368 2425 1561 2505 Quamquam
1577 2426 1652 2486 nihil
1668 2435 1768 2501 vetat,
1794 2426 1873 2507 quod

424 2511 533 2573 Jacob.
551 2516 578 2573 1.
594 2512 734 2590 etApoc.
752 2516 800 2574 14.
831 2514 901 2574 Non
924 2522 1022 2573 cutem
1047 2510 1122 2572 iliud
1178 2511 1224 2574 hic
1240 2513 1354 2584 dicitur,
1371 2512 1410 2572 ed
1427 2521 1519 2573 totam
1536 2514 1718 2574 Trinitatem
1735 2514 1873 2590 extendi;

424 2599 510 2660 Rom.
537 2600 584 2659 8.:
614 2601 781 2661 Primitiae
805 2604 937 2676 spiritus
963 2600 1121 2673 babentes,
1179 2598 1390 2661 sicutotillud
1406 2600 1552 2679 incapite
1573 2602 1730 2679 sequenti:
1755 2602 1872 2665 Forni-

424 2706 525 2765 neque
548 2685 630 2766 quod
653 2705 692 2747 ex
714 2686 850 2765 ejusdam
867 2689 963 2766 Epist.
988 2707 1054 2765 cap.
1073 2689 1121 2746 16.
1178 2695 1298 2748 catores
1314 2694 1344 2746 at
1359 2686 1690 2761 adulterosjudicobit
1706 2689 1803 2749 Deua.
1826 2687 1872 2749 Ad

424 2772 566 2850 produxi,
593 2782 623 2834 st
645 2792 684 2834 ex
703 2774 801 2836 lOor.
819 2777 867 2836 16.
902 2775 1017 2836 Sensus
1033 2775 1124 2852 igitur
1177 2774 1256 2834 hunc
1267 2772 1400 2852 judicem
1413 2784 1609 2846 accesserant,
1626 2776 1669 2834 ait
1680 2775 1713 2835 B.
1727 2775 1872 2849 Thomas,

425 2859 517 2940 hujus
533 2863 626 2940 pertis
646 2868 709 2921 est:
737 2863 904 2943 Aggregeti
919 2863 995 2923 estis
1018 2871 1048 2920 et
1070 2860 1122 2921 ad·
1177 2881 1231 2943 per
1245 2861 1335 2922 fidem
1349 2870 1379 2921 et
1391 2861 1565 2938 caritatem,
1580 2880 1659 2942 qnae
1671 2881 1739 2924 cnm
1752 2863 1793 2923 sit
1802 2863 1871 2924 ami·

424 2950 528 3027 scripti
554 2951 585 3010 in
610 2950 784 3010 societatem
819 2970 939 3022 eorum,
969 2950 1021 3027 qui
1048 2967 1122 3026 prae
1177 2947 1641 3028 citiaqueedemhominiscum
1657 2950 1743 3024 Deo,
1763 2950 1873 3011 iecerat

424 3036 553 3097 caeteris
574 3036 748 3097 mortalibus
770 3036 860 3099 electi
883 3045 952 3098 sunt
973 3057 992 3096 o
1012 3037 1076 3095 Deo
1092 3043 1123 3093 et
1178 3055 1230 3095 ecs
1241 3035 1338 3115 jodici
1355 3037 1421 3094 Dec
1439 3035 1606 3108 familiares,
1623 3047 1655 3094 ut
1666 3038 1730 3115 Jam
1744 3036 1805 3098 illia
1814 3056 1872 3098 non

424 3123 462 3185 ab
479 3122 547 3184 aliia
570 3126 718 3203 separati,
745 3133 896 3202 tamquam
921 3123 1121 3202 primogeniti,
1177 3131 1237 3182 tum
1253 3121 1429 3183 metuendus
1446 3130 1538 3195 esset,
1554 3142 1642 3201 quam
1657 3124 1817 3185 amandus

425 3212 502 3272 stin
518 3211 626 3283 coelis,
646 3219 799 3291 temquam
816 3210 1008 3272 beatitudinis
1024 3208 1121 3269 coele·
1219 3211 1262 3271 Et
1291 3212 1423 3286 spiritus
1451 3213 1612 3284 iustorum
1646 3214 1871 3289 perfectorum

424 3301 479 3360 stis
494 3298 654 3371 haeredes,
677 3301 847 3379 conscripti.
885 3299 973 3360 Haec
988 3316 1061 3357 vero
1077 3295 1119 3355 di·
1175 3296 1316 3356 Meminit
1341 3297 1370 3356 S.
1399 3295 1534 3357 Thomas
1565 3296 1689 3376 triplicis
1719 3298 1871 3360 lectionis:

424 3405 494 3447 oens
510 3386 666 3465 signifieat.
680 3397 712 3447 et
727 3387 809 3465 ipsos
825 3405 893 3446 esso
905 3385 1122 3465 primogenitos
1175 3388 1335 3461 spiritum,
1346 3385 1700 3460 spirituumotspiritua.
1725 3386 1870 3467 thnam·

424 3481 455 3534 et
468 3474 654 3552 conscriptos
669 3474 699 3534 in
718 3473 819 3534 coelis.
1176 3472 1221 3531 via
1248 3474 1399 3550 praeterat
1424 3473 1550 3551 primam
1578 3471 1753 3545 lectionem,
1783 3483 1872 3553 atqua

468 3561 663 3635 Etjudicem
680 3563 822 3621 omnium
841 3561 952 3621 Deum.
990 3559 1121 3637 Chryso·
1176 3565 1308 3639 exponet
1322 3557 1360 3617 de
1376 3558 1487 3638 Spiritu
1505 3569 1625 3634 sancto3
1641 3558 1775 3621 mediam
1789 3578 1870 3631 voro,

423 3654 539 3707 atomus
570 3648 699 3726 ejusque
727 3666 873 3727 sequaces
899 3645 954 3705 hoc
983 3644 1120 3707 additum
1175 3648 1227 3726 qni
1244 3654 1423 3725 sequuntur,
1446 3654 1629 3706 connectant
1650 3649 1729 3727 parti
1751 3665 1870 3728 prasos·

424 3742 531 3816 putant
544 3732 583 3794 ad
606 3743 765 3810 terrorem3
787 3752 827 3794 ne
848 3735 907 3794 sint
929 3733 1041 3804 securi,
1068 3730 1121 3792 ssd
1176 3731 1275 3792 danti:
1290 3735 1377 3792 nobis
1392 3741 1492 3793 tomen
1508 3752 1568 3793 non
1583 3741 1629 3792 est
1643 3732 1784 3810 dubium,
1799 3736 1871 3816 quin

424 3823 558 3882 timeant.
581 3821 622 3882 st
634 3841 693 3882 non
707 3830 755 3882 est
769 3819 936 3881 verisimile.
961 3819 1029 3879 Non
1043 3818 1121 3878 enim
1176 3822 1267 3879 tertia
1282 3818 1371 3879 lectio
1387 3840 1459 3879 vera
1475 3822 1516 3879 sit
1533 3840 1685 3899 germana.
1709 3821 1791 3882 Nam
1806 3823 1870 3899 api·

423 3917 518 3969 staret
533 3908 692 3969 antithesis
708 3906 854 3987 Apostclo
875 3909 1031 3988 proposita
1045 3907 1122 3965 inter
1175 3911 1274 3967 ritum
1291 3906 1373 3966 nulle
1389 3906 1477 3985 plane
1492 3906 1605 3967 hahent
1619 3908 1807 3987 exemplaria
1821 3926 1869 3968 vs·

423 4004 513 4056 ratus
528 4003 558 4057 et
573 4017 683 4057 novum
705 4004 921 4057 testamentum.
960 3994 1027 4056 Nee
1048 4010 1122 4052 sane
1175 3997 1317 4068 iustiore3
1333 3993 1692 4073 spirituumcompluria3
1708 3996 1764 4056 ssd
1779 3994 1870 4076 pinri-

424 4081 621 4157 congruehat,
644 4093 678 4144 ct
700 4084 778 4145 inter
793 4090 837 4142 tot
857 4084 938 4144 laeta
953 4102 990 4143 cc
1005 4078 1120 4142 deside·
1174 4102 1225 4141 me
1253 4083 1383 4158 spirituo
1410 4080 1523 4159 legunt.
1560 4079 1683 4160 Quibus
1710 4090 1742 4142 et
1768 4082 1871 4144 merito

423 4167 548 4241 rabilia,
582 4169 622 4231 ad
652 4190 732 4248 quae
760 4170 835 4231 dicit
863 4189 915 4230 eos
945 4169 1121 4237 accessisse,
1175 4168 1335 4228 subscribit
1349 4168 1442 4228 editio
1458 4164 1663 4241 clementina,
1691 4188 1787 4248 quum
1810 4179 1871 4230 tam

423 4257 564 4319 misceret
578 4255 695 4335 aliquid
711 4256 855 4318 terribile.
885 4256 1031 4317 Nominat
1047 4273 1120 4329 ergo
1175 4254 1303 4326 codices,
1320 4275 1411 4334 quam
1426 4263 1602 4315 tractatores
1617 4254 1728 4317 Graeci
1745 4257 1790 4317 ita
1803 4276 1871 4318 con·

418 4345 559 4422 iudicem
590 4347 731 4405 omnium
762 4346 886 4417 Deum,
920 4342 958 4404 ad
988 4346 1120 4423 ipsorum
1175 4350 1290 4410 stanter
1318 4341 1449 4402 habeant
1479 4350 1509 4400 ct
1540 4354 1710 4421 exponant,
1740 4343 1872 4424 denique

424 4430 674 4503 consolationem,
691 4438 725 4489 ut
739 4450 779 4492 ns
795 4430 942 4502 dubitent,
957 4450 991 4492 sc
1006 4430 1121 4509 ajusto
1175 4428 1270 4509 Syrus
1286 4430 1376 4489 etium
1389 4431 1537 4509 interpres
1547 4428 1756 4510 adstipuletur.
1779 4432 1871 4492 Porro

419 4521 540 4601 jndice,
563 4539 617 4599 pro
639 4520 744 4580 merito
767 4517 840 4580 tidei
861 4538 935 4580 suae
952 4537 990 4579 ac
1005 4517 1120 4597 patien-
1174 4518 1305 4593 spiritus
1316 4519 1477 4591 justorum
1487 4518 1705 4593 perfectorum
1717 4526 1800 4579 recte
1809 4518 1870 4599 pla

423 4610 502 4682 tias,
521 4608 548 4668 ai
564 4607 837 4687 perseveraverint,
861 4615 1037 4687 accepturos
1052 4622 1120 4685 pro·
1175 4605 1260 4683 rique
1275 4622 1378 4663 omues
1394 4603 1568 4682 intelligunt
1586 4605 1701 4682 piorum
1718 4604 1871 4667 hominnm

422 4696 547 4756 missam
577 4694 816 4770 retributionem
848 4714 898 4753 eoo
924 4713 1013 4766 vero,
1043 4709 1120 4771 quos
1175 4691 1305 4764 animas,
1328 4693 1391 4750 suis
1408 4690 1583 4769 corporibus
1599 4701 1722 4763 exutus,
1746 4700 1778 4754 et
1792 4689 1871 4773 apud

423 4782 541 4842 inerant
552 4782 633 4860 passi
649 4789 867 4861 persecutores,
883 4779 1040 4860 condignis
1051 4797 1120 4858 sup·
1175 4779 1274 4838 Deum
1291 4779 1437 4838 virentes.
1465 4776 1556 4838 Nulla
1578 4784 1677 4838 autem
1692 4780 1771 4840 ratio
1786 4780 1873 4859 cogit,

424 4868 519 4949 pliciis
533 4867 723 4929 addicendos.
759 4867 920 4929 Confirmat
935 4865 1014 4927 hano
1029 4867 1120 4926 ratio·
1174 4875 1207 4926 nt
1228 4866 1428 4944 restringatur·
1449 4865 1525 4925 haec
1547 4883 1616 4942 pars
1638 4862 1735 4946 (quod
1752 4866 1871 4946 quidam

424 4974 491 5017 nem
506 4954 590 5016 locus
605 4958 634 5016 i.
650 4956 745 5035 Epist.
770 4956 810 5017 ad
826 4954 1122 5025 Thessalonicenses,
1175 4950 1304 5024 iaciunt)
1328 4950 1367 5012 ad
1392 4953 1507 5012 animas
1532 4970 1651 5026 eorum,
1681 4954 1734 5033 qui
1761 4952 1871 5017 Christi

425 5043 480 5127 qui
495 5041 606 5106 similia
618 5062 686 5105 cunr
709 5043 777 5106 istis
790 5042 942 5107 Hebraeis
959 5042 1042 5126 passi
1056 5039 1121 5103 ioe-
1173 5038 1338 5102 adrcmmn
1352 5047 1604 5127 praecesserunt,
1625 5038 1732 5122 Quare
1744 5057 1869 5125 gun·
