4442 5825
401 586 489 669 ses

398 764 467 838 post
482 776 560 817 sum.
582 759 754 819 Frustratur
774 764 873 819 autem
897 756 971 838 quis,
996 764 1026 823 et
1041 776 1093 817 ex·

400 845 474 905 cidit
495 844 534 905 ab
559 864 596 903 ea
617 847 716 925 gratis
737 864 793 925 per
816 853 982 925 paccatum,
1006 863 1094 923 pras·

399 932 497 992 sertim
529 930 723 993 infidelitatis.
761 931 889 993 Sensum
919 930 1000 991 huuc
1029 930 1095 991 illu·

399 1026 497 1079 stram
508 1017 571 1077 alia
585 1019 660 1093 locs,
675 1020 786 1099 quibus
797 1019 926 1099 matiam
939 1018 999 1078 Dei
1010 1038 1094 1078 asur·

397 1114 452 1186 pst
467 1105 632 1184 Apostolus
655 1127 690 1165 eo
706 1103 802 1179 modo,
826 1124 915 1185 quem
930 1104 1003 1175 dixi,
1025 1104 1093 1165 uti

398 1191 465 1253 Cor.
491 1193 534 1252 da
564 1193 803 1267 Exhortornur,
830 1211 870 1252 ae
892 1195 928 1251 iss
954 1208 1094 1253 vacuum

397 1282 534 1355 protiosu
552 1281 614 1341 Dei
629 1282 801 1357 recipiatis,
826 1288 855 1339 ct
872 1278 935 1339 Tit.
952 1279 998 1337 2:
1025 1281 1094 1355 sp·

395 1369 509 1443 parsit
522 1371 632 1442 pretio
653 1369 713 1429 Dei
734 1366 882 1428 omuibus
904 1365 1094 1426 bominibus.

398 1452 486 1532 Quod
514 1453 584 1513 aliie
606 1454 705 1515 verbis
729 1452 838 1514 ibidem
863 1452 935 1513 dicit
958 1472 1025 1534 cup.
1046 1452 1094 1511 s:

397 1542 589 1616 Bersiprsitos
603 1550 632 1602 et
645 1543 832 1601 humanitus
850 1542 1005 1615 opposuit
1019 1539 1093 1600 sot-

397 1634 518 1689 ootors's
533 1632 636 1689 nostri
652 1630 720 1689 Dei

440 1717 487 1776 Ne
509 1735 573 1792 quo
595 1716 691 1776 rodis
717 1714 947 1775 amaritudinis
968 1731 1094 1773 sursum

396 1805 581 1878 permissuros
597 1802 760 1879 impediat.
783 1800 897 1862 Graece
913 1792 1040 1879 ἐνοχλῇ,
1063 1796 1094 1859 id

399 1897 453 1961 est,
475 1889 615 1950 obturbet
636 1897 689 1948 eut
712 1889 897 1961 interturbet,
913 1896 945 1948 ut
961 1888 1011 1947 alii
1028 1905 1092 1947 ver-

398 1983 510 2048 terunt,
533 1975 572 2036 ad
595 1986 715 2056 etymon
738 1976 943 2056 respicientes.
974 1974 1093 2033 Dicitur

398 2064 478 2124 anim
505 2062 563 2123 hoe
583 2064 708 2124 verbum
733 2083 752 2123 s
773 2062 869 2122 turba.
903 2062 1093 2140 Augustinus

397 2149 489 2229 legit:
516 2150 672 2223 molestet,
699 2169 836 2209 sermons
854 2149 901 2209 16.
928 2148 967 2208 do
991 2146 1093 2208 verbis

397 2239 503 2316 Apust.
530 2237 634 2298 Locus
656 2237 705 2297 hic
727 2236 791 2296 iere
814 2234 959 2295 verbatim
977 2234 1092 2295 desum·

396 2334 466 2402 ptus
495 2332 540 2385 est
569 2344 606 2385 ex
633 2324 726 2385 Dent.
753 2324 819 2395 ss,
850 2322 901 2382 ubi
931 2320 1093 2383 secundum

395 2410 503 2483 Lxx,
520 2434 539 2472 a
550 2412 662 2491 quibus
673 2410 815 2471 Hebraea
830 2429 922 2489 quem
937 2410 1092 2469 minimum

397 2496 545 2570 differunt,
561 2501 603 2559 its
618 2498 743 2578 legitur:
760 2498 806 2557 Ne
822 2515 886 2573 quo
900 2500 941 2557 sit
954 2499 990 2556 iss
1005 2495 1093 2557 vobis

397 2586 494 2646 rodis
522 2605 648 2646 sursum
677 2586 864 2660 perminorss
894 2586 930 2645 irs
957 2583 1033 2660 felle
1063 2589 1093 2643 et

396 2673 625 2733 amaritudine.
657 2670 726 2750 Quo
749 2670 814 2730 loco
837 2669 1009 2741 notandum,
1037 2689 1091 2749 pro

398 2759 503 2818 verbo:
525 2749 650 2838 ἐνοχλῇ,
668 2755 749 2838 quod
765 2756 813 2816 hio
829 2757 946 2836 legitur,
969 2756 1090 2816 haberi:

396 2836 428 2901 ἐν
443 2840 536 2924 χολῇ,
554 2846 583 2904 id
596 2855 642 2906 ost
657 2847 691 2905 irs
705 2843 791 2924 felle,
808 2853 841 2903 ut
856 2842 1022 2924 probabilis
1038 2842 1090 2903 ad·

397 2932 519 2992 modum
541 2934 672 3012 suspicio
697 2935 750 3005 sit,
777 2931 937 2992 metathesi
964 2930 1091 2990 duarum

396 3018 551 3081 literarum
573 3021 701 3080 alterum
728 3036 782 3098 pro
809 3018 904 3079 altero
928 3017 992 3097 jam
1020 3016 1091 3078 olim

397 3107 446 3166 hic
459 3108 603 3184 seriptum
625 3105 730 3166 fuisse.
752 3105 832 3165 Nam
853 3106 939 3183 sellis
954 3113 1091 3166 veterum

398 3196 603 3254 commentarii
632 3214 693 3253 non
722 3193 929 3252 meminerunt.
966 3191 1092 3272 Alioqui

398 3279 520 3342 verbnm
536 3271 676 3359 ἐνοχλεῖν
699 3278 774 3339 alibi
796 3297 942 3358 nusquam
967 3279 998 3338 in
1014 3277 1090 3340 Scri·

395 3369 491 3446 pturis
515 3369 651 3427 occurrit.
681 3366 769 3426 Haec
795 3365 970 3445 conjecturs
996 3363 1088 3424 Fran-

395 3454 473 3514 cisco
488 3453 619 3515 Riberae
633 3473 694 3514 non
710 3450 906 3532 improbetur.

435 3539 502 3600 Nec
527 3559 599 3600 vero
626 3540 727 3601 obstat
753 3541 788 3612 ei,
816 3536 896 3618 quod
918 3537 975 3598 hoc
1001 3545 1089 3617 pacto

394 3631 541 3687 sententis
565 3627 706 3705 Apostoli
731 3625 873 3685 videatur
900 3623 1089 3704 incompleta,

395 3722 501 3792 utpote
530 3713 624 3774 verbo
655 3732 777 3787 carens3
815 3709 1014 3792 supplendum
1045 3720 1090 3771 est

393 3801 489 3859 enim:
511 3802 558 3862 Ne
578 3819 642 3877 quo
657 3799 808 3860 aitrudis
826 3808 891 3870 etc,
917 3798 995 3858 sicut
1010 3807 1040 3856 et
1057 3799 1088 3857 in

393 3885 586 3965 praecedenti
601 3899 698 3967 parte,
715 3894 745 3946 et
757 3886 787 3945 in
799 3885 938 3965 sequenti
950 3883 1088 3963 supplere

393 3992 517 4034 neeesse
541 3983 593 4034 est.
619 3974 690 4035 dnm
712 3991 749 4033 ex
773 3971 840 4033 loco
864 3971 1088 4032 Deuteronomii

392 4058 465 4119 illud
489 4080 609 4138 qnoque
629 4060 778 4134 discimus,
800 4080 854 4140 per
876 4058 1014 4119 radicem
1031 4077 1087 4117 or·

392 4147 600 4207 moritudirsis
625 4167 684 4207 non
711 4147 817 4206 sitium
844 4156 897 4205 eut
923 4154 1087 4224 peccatum,

393 4232 448 4292 sod
470 4234 618 4294 hominem
642 4242 830 4314 peccatorem
850 4234 985 4312 intelligi.
1008 4231 1087 4292 Nam

391 4408 431 4467 Et
459 4406 497 4468 ds
523 4407 646 4468 homins
672 4405 845 4467 Chaldaeus
876 4404 1087 4485 paraphrastes

391 4494 621 4575 intorpretatur:
637 4495 684 4555 Ne
694 4495 781 4572 forte
791 4496 842 4567 sit,
859 4493 967 4572 inquit,
982 4493 1018 4550 iss
1031 4510 1087 4551 oo·

391 4580 437 4641 bis
454 4586 504 4641 uir
519 4585 663 4659 eopitons
677 4588 806 4656 peccota
822 4588 881 4640 out
895 4578 1086 4654 superbiam.

390 4669 491 4748 Atque
506 4669 549 4728 ita
564 4669 661 4729 locum
685 4667 766 4727 hunc
782 4665 892 4728 Graeci
908 4672 1085 4726 consmeutu·

390 4763 468 4814 tores
492 4765 714 4835 exposuerunt,
737 4752 870 4813 adducto
894 4752 932 4812 ad
956 4754 1021 4830 ejus
1045 4754 1086 4812 in·

391 4841 542 4902 tellectum
558 4842 621 4902 elia
645 4842 793 4901 sententia
816 4839 917 4911 simili,
941 4858 1019 4918 quae
1043 4848 1088 4900 cst

390 4926 428 4986 ed
444 4927 544 4988 Galat.
562 4929 607 4990 b:
635 4927 797 4988 Modicum
818 4927 1012 5004 ferusculam
1037 4934 1087 4986 to-

389 5020 455 5074 tom
471 5033 606 5075 mossom
628 5018 813 5092 corrumpit.
837 5012 874 5074 In
890 5033 951 5096 qus
965 5011 1004 5074 da
1018 5033 1084 5093 per·

920 576 1203 637 conuertuntur
1220 578 1285 633 Cdl’.
1303 577 1354 635 xli.

1148 758 1231 818 sonis
1254 776 1421 818 sermonem
1445 776 1529 831 csse,
1553 764 1684 819 consus
1707 755 1838 841 unios,

1148 846 1192 903 sic
1214 843 1322 904 melius
1345 844 1421 904 baec
1444 864 1514 924 pars
1536 845 1700 905 conveniet
1721 863 1780 905 cum
1794 860 1838 917 tt..

1149 932 1323 1012 questibus:
1351 933 1397 992 Ne
1413 935 1483 1008 ossis
1496 931 1682 1008 fornicator
1698 937 1753 993 oss
1764 946 1829 1007 prs·

1145 1019 1255 1097 sonus.
1285 1017 1355 1080 Hoc
1383 1019 1475 1097 igitur
1502 1028 1563 1093 est,
1592 1016 1676 1099 qnod
1703 1016 1837 1099 preasip‘t

1148 1103 1330 1184 Apostolus:
1357 1103 1541 1184 Advigilate,
1563 1106 1689 1186 nequis
1715 1104 1838 1183 situm,

1147 1211 1211 1264 sos,
1228 1193 1281 1271 qui
1297 1206 1450 1270 tamqnam
1466 1192 1554 1252 radix
1571 1192 1750 1264 amaricans,
1764 1206 1836 1272 quati

1147 1279 1271 1339 fructum
1294 1280 1510 1340 amarulentum
1525 1298 1563 1340 ac
1577 1277 1660 1339 fellis
1684 1279 1776 1341 instas
1787 1276 1839 1363 ab,

1148 1365 1340 1427 ominabilem
1356 1364 1489 1443 prolerre
1500 1374 1574 1427 nats
1585 1366 1635 1441 sit,
1651 1384 1767 1435 mrtem
1774 1382 1839 1447 gre,¹

1147 1454 1240 1515 minat
1263 1473 1299 1514 sc
1318 1452 1453 1532 pullulat,
1479 1452 1537 1513 boc
1559 1461 1614 1527 ast,
1638 1453 1756 1517 fruetus
1775 1448 1839 1531 edd,

1146 1540 1350 1601 amarulentus
1373 1541 1550 1601 vitiosorum
1567 1559 1696 1621 operum
1711 1546 1762 1599 sut
1775 1550 1852 1625 psa-,j

1148 1645 1303 1687 versorum
1312 1625 1493 1706 dogmatum,
1506 1628 1617 1708 quibus
1625 1628 1727 1687 unitas
1737 1634 1830 1703 verbs
1849 1642 1853 1701 ς

1147 1734 1236 1793 quem
1260 1714 1375 1775 habetis
1400 1716 1429 1773 iu
1452 1712 1591 1788 Christo,
1614 1714 1767 1789 turbatum
1785 1708 1852 1793 νῇ,

1147 1803 1173 1860 si
1198 1800 1356 1880 quietalis
1379 1802 1435 1874 sit,
1458 1810 1509 1862 sut
1531 1812 1656 1863 sanetur
1678 1820 1764 1881 qnam
1783 1796 1835 1881 μή

1145 1907 1235 1959 mum,
1260 1896 1314 1947 aut
1329 1891 1519 1967 exstirpetur.
1542 1887 1593 1948 Ad
1609 1887 1763 1949 doctrinae
1773 1904 1847 1971 par·

1147 1976 1318 2035 versitatern
1334 1983 1365 2034 et
1381 1974 1453 2034 fidei
1475 1975 1680 2056 corruptelam
1701 1974 1845 2055 perthsatg

1146 2062 1224 2122 hanc
1246 2060 1356 2122 radicis
1382 2063 1603 2141 metaphoram,
1630 2063 1730 2143 potius
1754 2081 1792 2143 qr
1814 2126 1816 2133 ,

1146 2147 1268 2208 adalia
1291 2151 1375 2221 vitia,
1403 2149 1559 2227 probabile
1583 2149 1619 2209 fit
1641 2168 1682 2210 ex
1705 2148 1769 2217 lucu
1804 2160 1806 2193 ¹

1146 2235 1258 2309 Dent,
1295 2236 1346 2296 uhi
1377 2235 1521 2297 adversus
1553 2237 1670 2297 cultum
1763 2267 1767 2282 ι

1146 2323 1278 2383 Deorum
1294 2322 1369 2382 haee
1383 2321 1482 2383 Moses
1498 2324 1706 2385 concionatur.
1836 2372 1843 2395 ,-.

1190 2410 1233 2470 Et
1252 2429 1313 2487 per
1333 2410 1422 2470 illem
1445 2413 1662 2487 issquissesstur
1676 2410 1774 2473 malti.
1807 2413 1816 2450 i

1146 2506 1200 2571 est,
1223 2498 1408 2570 inficiantur,
1434 2497 1521 2558 velut
1543 2498 1682 2577 contagio
1713 2526 1773 2548 ···=

1146 2582 1236 2662 Quod
1252 2593 1286 2644 ut
1307 2586 1338 2645 in
1361 2584 1429 2645 aliis
1445 2586 1538 2657 vitiis,
1562 2589 1605 2647 its
1627 2584 1757 2646 maxims
1776 2616 1793 2628 -·
1825 2619 1828 2622 ⁴

1146 2672 1233 2747 tingit
1255 2671 1285 2731 iu
1308 2674 1410 2751 pravis
1433 2670 1632 2751 dogmatibus,
1656 2670 1695 2731 de
1717 2690 1803 2751 quor
1825 2696 1841 2741 g

1145 2758 1295 2836 magistris
1312 2760 1354 2818 itu
1370 2757 1475 2819 scribit
1489 2758 1657 2840 Apostolus
1674 2758 1827 2820 Primis.

1145 2845 1282 2905 Multum
1307 2845 1483 2923 proficiunt
1503 2846 1548 2906 od
1569 2848 1778 2923 impietatem,
1819 2898 1821 2907 .

1144 2950 1245 2993 sermo
1261 2952 1369 2995 eorum
1386 2940 1422 2994 ut
1437 2952 1552 2995 conoer
1567 2935 1677 3011 serpit.

1190 3023 1238 3081 16.
1263 3021 1309 3080 Ne
1332 3023 1402 3098 quis
1422 3022 1619 3098 fornicatur,
1645 3026 1707 3086 out
1722 3015 1795 3104 pro!

1143 3125 1205 3167 rsus
1219 3108 1366 3168 rstEsosa
1396 3106 1493 3167 Addit
1514 3106 1553 3168 dc
1576 3108 1663 3172 vitiis
1685 3126 1718 3168 sa
1766 3105 1807 3174 '.

1144 3194 1213 3254 nias
1237 3193 1410 3266 contrariis,
1436 3214 1456 3254 a
1482 3193 1593 3271 quibus
1622 3203 1725 3262 tamen
1757 3192 1784 3239 -'
1828 3268 1832 3271 ῃ

1144 3279 1183 3339 ad
1209 3280 1280 3341 fidei
1305 3278 1501 3342 delectionem
1533 3279 1680 3360 proclivis
1705 3289 1750 3342 est
1805 3337 1807 3342 .

1144 3367 1381 3429 Fornicatiorss‘s
1403 3368 1522 3427 nornine
1538 3367 1714 3447 Scripturas
1728 3361 1819 3446 ntphi,

1143 3454 1247 3513 dmum
1257 3452 1512 3534 comprehendunt
1523 3474 1641 3515 omnam
1651 3453 1770 3522 concu'
1795 3485 1797 3490 ·

1144 3541 1233 3600 meris
1246 3549 1277 3601 ot
1287 3538 1437 3602 foeminae
1451 3549 1537 3602 extre
1550 3548 1649 3602 torum
1659 3540 1742 3620 legiti
1752 3570 1762 3585 υ
1776 3567 1787 3587 4ι
1805 3569 1817 3597 ,-

1143 3626 1222 3686 sicut
1244 3626 1316 3687 alibi
1339 3628 1536 3690 ostendimus.
1560 3627 1656 3688 Porro
1682 3626 1755 3698 ioy'
1792 3652 1795 3660 ¹

1144 3732 1206 3774 rem
1222 3713 1317 3775 inissa
1333 3714 1424 3788 Esau,
1439 3734 1499 3775 non
1516 3714 1656 3793 legimus,
1672 3713 1725 3776 aad
1738 3733 1781 3794 p,¹
1815 3729 1819 3743 ’

1144 3801 1299 3880 accepisse
1325 3820 1453 3877 uxores,
1484 3798 1569 3880 qnod
1591 3810 1621 3862 st
1645 3798 1742 3864 Jacob
1764 3795 1778 3858 l

1142 3884 1237 3946 irater
1250 3887 1326 3965 ejus.
1343 3887 1481 3947 'l'amotsi
1490 3885 1571 3966 apud
1580 3886 1781 3969 chrysostom

1143 3973 1174 4034 in
1188 3974 1311 4033 homilia
1322 3976 1350 4034 2.
1364 3973 1401 4034 de
1415 3974 1561 4051 patientis
1574 3972 1646 4048 Job,
1661 3977 1704 4036 ita
1714 3975 1737 4034 l>¹
1760 3971 1813 3998 ⁹

1143 4062 1218 4136 Oasis
1230 4063 1314 4121 enim
1326 4062 1416 4122 Esou
1428 4060 1511 4121 erit?
1525 4060 1748 4137 fornicatoret
1765 4092 1768 4107 ι
1803 4098 1807 4108 -

1140 4148 1249 4224 fursus.
1287 4148 1347 4209 Sed
1372 4146 1430 4207 boc
1461 4147 1501 4208 de
1528 4146 1671 4226 pluribus
1696 4165 1752 4210 uxo
1781 4176 1784 4186 ¹

1142 4234 1262 4293 videtur
1287 4235 1494 4313 interpretari,
1522 4253 1590 4296 cum
1616 4243 1724 4313 postea
1752 4231 1794 4281 ·’

1142 4321 1289 4382 Esouod
1304 4322 1624 4384 moirosmtrttonem
1641 4321 1750 4384 tuost
1805 4375 1807 4380 .

1142 4408 1233 4467 lieres
1254 4403 1333 4480 (sisa
1356 4425 1482 4482 osores,
1507 4405 1640 4470 Graece:
1667 4407 1753 4484 tuss'
1767 4440 1769 4442 ·
1784 4386 1818 4482 l

1143 4493 1335 4555 insatiabilis
1349 4495 1393 4554 od
1407 4494 1574 4556 luxuriam
1591 4498 1746 4558 residem
1776 4500 1780 4508 “
1801 4486 1821 4553 ‚i

1142 4579 1222 4641 forte
1235 4583 1350 4659 putavit
1366 4580 1611 4660 chrysostomus,
1628 4582 1687 4644 hoc
1735 4583 1743 4598 ⁸
1777 4608 1781 4619 ·

1141 4666 1235 4727 luisse
1263 4669 1320 4747 ipsi
1346 4667 1440 4740 Esau,
1466 4668 1583 4728 licitum
1610 4668 1740 4733 Jacobs.
1776 4675 1783 4715 ἓ
1814 4653 1820 4685 ³

1141 4775 1201 4835 qus
1221 4756 1347 4827 rationo,
1374 4774 1440 4815 cum
1469 4755 1558 4818 ambo
1582 4766 1685 4818 meent
1707 4755 1758 4818 tiit
1785 4764 1788 4773 '
1815 4774 1819 4779 ’

1141 4840 1291 4901 triarchas
1315 4839 1424 4902 Isaac?
1453 4840 1545 4904 Certa
1566 4842 1727 4924 Scriptura
1773 4870 1792 4887 ..

1140 4947 1263 5004 nxrsres3
1280 4948 1334 4988 nec
1347 4929 1456 4989 hesum
1468 4927 1674 5007 reprehendit,
1689 4930 1773 5010 nisiq
1816 4916 1822 4950 l

1140 5023 1261 5094 praeter
1274 5024 1437 5096 parentum
1457 5015 1651 5082 voluntatem
1665 5015 1778 5100 aqut
1793 5081 1795 5086 ,
