4442 5825
393 570 468 637 m
890 558 1333 616 sensumsensurn.

389 740 580 817 praepositis
603 740 724 811 restris,
748 746 794 799 st:
820 739 965 800 casuue
978 757 1087 799 ouraee
1138 736 1228 813 duut3
1244 759 1311 799 eam
1326 737 1478 811 videlicet,
1493 757 1588 819 quam
1601 737 1811 820 exprimitdpo

389 830 587 905 pomposus
617 834 739 886 meos.
774 827 930 905 Rectaque
957 827 1087 886 Latinus
1137 826 1232 886 stolus
1249 826 1349 886 verbis
1364 827 1576 907 sequentibus:

392 918 539 993 mres
552 914 734 989 Praepositi
758 913 935 974 vocabulum
955 913 1014 973 buc
1032 902 1112 979 adl
1183 915 1324 992 Quorum
1344 917 1503 973 intuentes
1524 916 1649 974 scitum
1667 930 1812 975 conmno·
1855 982 1856 995 χ

391 1000 475 1060 bibet
500 1002 571 1073 {etsi
597 1001 732 1060 nonnulli
755 1001 878 1060 malint:
903 986 1112 1077 praefecto-¹
1140 1003 1253 1074 tionis,
1292 1003 1466 1060 imitamini
1502 999 1608 1076 tidem.
1660 1001 1812 1076 dnm
1855 1008 1856 1061 ἶ

391 1107 492 1161 mn
514 1106 584 1147 usn
606 1090 713 1168 priscis
729 1088 886 1148 Ecclesiae
902 1088 1087 1167 temporibus
1140 1087 1256 1148 Grsecs
1280 1079 1544 1165 ἀναθεωροῦντες,
1567 1086 1599 1146 id
1623 1096 1670 1147 sd
1691 1087 1813 1150 συκῆν
1854 1070 1856 1145 l

392 1172 481 1237 iidem
502 1172 734 1253 appellabatur
749 1176 895 1255 Episcopi
911 1174 1087 1254 etPrsepo·
1140 1183 1259 1248 tentet,
1282 1175 1538 1250 contemplantes.
1562 1174 1813 1254 significatam
1855 1158 1856 1183 ¹

390 1262 449 1331 siti,
471 1272 505 1319 ut
526 1279 568 1320 ez
581 1260 772 1323 Tertulliano
794 1270 825 1322 et
839 1260 992 1342 Cyprisuo
1007 1260 1087 1321 bene
1141 1261 1409 1323 considerationem
1431 1262 1571 1321 iteratum
1586 1281 1626 1322 sc
1645 1262 1732 1341 prius
1745 1262 1813 1323 ’utu

390 1347 563 1409 observavit
584 1348 745 1410 Psmeliua
775 1348 855 1408 Vide
875 1349 1088 1408 annotsctone·
1140 1351 1269 1420 missam,
1285 1350 1372 1428 quasi
1389 1347 1518 1409 diceret:
1543 1349 1813 1425 recondderoatsn

390 1436 457 1514 ejus
482 1436 514 1493 iu
536 1434 718 1496 Tertulliani
741 1435 849 1496 librum
868 1435 907 1495 sd
930 1450 1087 1514 martyres,
1140 1436 1225 1496 velut
1241 1438 1375 1508 innuens,
1398 1434 1480 1515 quod
1495 1434 1532 1493 nli
1549 1435 1724 1513 hujusmodi
1738 1436 1812 1496 oeni

390 1532 422 1583 et
436 1522 581 1602 Cypriani
596 1524 680 1602 epist.
696 1527 726 1583 4.
742 1533 774 1581 et.
788 1523 836 1583 75.
862 1522 943 1601 Quin
959 1539 989 1582 ct
1005 1520 1087 1602 opud
1141 1523 1298 1582 deratiouo
1320 1530 1466 1582 cessatum
1489 1520 1605 1582 fuisset.
1630 1522 1679 1582 Ad
1694 1522 1749 1582 boe
1761 1541 1815 1601 erpo

389 1610 592 1689 Augusu'uum
613 1609 758 1689 Episcopi
774 1611 954 1686 stuepoeiti
975 1628 1086 1671 vocau-
1141 1629 1285 1669 mrmores
1300 1609 1419 1669 illorum
1443 1618 1547 1682 estote,
1570 1610 1680 1690 iuquit,
1699 1618 1733 1671 ut
1745 1611 1816 1670 stirs

388 1706 445 1769 tur,
460 1716 543 1757 cunc.
559 1696 587 1754 5.
603 1713 696 1777 super
710 1697 821 1757 Psalm.
840 1697 909 1755 103.
1141 1706 1234 1776 atque
1257 1698 1344 1756 etism
1367 1695 1607 1768 considerantes,
1631 1715 1719 1776 quem
1740 1696 1816 1757 orest

433 1783 586 1862 Praecipit
596 1803 678 1862 ergo,
690 1794 721 1843 ut
736 1784 953 1864 Episcoporum
966 1802 1087 1842 suorum
1141 1783 1252 1844 fuerint
1267 1785 1381 1843 exitum
1394 1803 1430 1843 ac
1443 1784 1530 1842 linem
1546 1803 1621 1842 suas
1635 1792 1755 1845 sauctm
1764 1802 1816 1842 eou-

388 1888 535 1931 rumores
546 1872 615 1943 siut,
631 1875 687 1947 qui
698 1874 741 1931 eis
752 1873 850 1931 locuti
864 1873 999 1948 fuscaret
1014 1889 1087 1930 ser·
1141 1872 1337 1943 versationis,
1363 1870 1449 1930 fidem
1473 1889 1584 1943 eorum,
1612 1869 1746 1952 fideique
1764 1888 1815 1931 oou

390 1957 464 2017 bum
481 1959 552 2031 Det,
577 1956 605 2016 id
630 1968 684 2029 est,
707 1957 877 2019 doctrinam
900 1957 970 2017 tidci
993 1957 1086 2017 tradi·
1142 1961 1282 2019 stantium
1299 1959 1465 2017 imitemini.
1488 1957 1560 2017 dam
1585 1957 1818 2037 supradixisse

390 2044 504 2107 duent.
537 2044 615 2105 Cum
642 2054 740 2105 sutem
762 2044 950 2106 Judaeorum
977 2046 1089 2107 multae
1141 2047 1302 2126 praecipue
1324 2044 1495 2124 significari,
1518 2047 1571 2124 qui
1594 2044 1818 2106 doctrinsmsss

391 2140 493 2193 essem
508 2130 670 2204 Ecclesiae,
687 2135 858 2211 praesertim
876 2134 907 2193 in
922 2131 1044 2191 Judnes
1060 2141 1089 2192 st
1141 2132 1282 2192 traditam
1312 2133 1460 2212 sanguiue
1497 2151 1550 2191 suo
1587 2132 1816 2211 obsignsssnnt3

391 2218 483 2299 Syria
497 2220 683 2289 constitutae,
700 2238 780 2299 quoe
795 2220 933 2299 singulus
949 2239 1020 2278 suos
1037 2219 1087 2279 bs·
1143 2221 1242 2298 qualis
1258 2218 1339 2299 opud
1351 2220 1372 2279 J
1376 2218 1575 2298 erosolymsm
1587 2218 1731 2292 Jacobus,
1743 2219 1817 2278 nae

390 2306 502 2367 bobsut
527 2306 715 2385 Episcopus,
745 2327 872 2386 quorum
902 2306 998 2384 aliqui
1023 2308 1088 2384 jum
1142 2306 1274 2378 Domini,
1298 2314 1366 2386 post
1389 2307 1515 2365 alterum
1532 2306 1692 2378 Jacobum,
1714 2303 1818 2367 Josur‘u

390 2394 534 2475 martyrio
548 2396 643 2455 vitam
666 2394 818 2455 fiuiereut:
843 2393 882 2454 de
903 2393 951 2453 bis
972 2395 1088 2470 potissi·
1142 2393 1280 2468 tratrem3
1307 2393 1424 2454 statiis
1447 2395 1477 2452 iu
1500 2392 1576 2453 locis
1599 2393 1660 2453 elii.
1690 2394 1744 2453 Est
1762 2386 1818 2451 illst

390 2500 470 2543 mum
485 2499 566 2541 nuuc
587 2479 730 2560 loquitur.
756 2481 822 2542 Nec
846 2501 920 2541 vero
943 2480 1087 2551 dubitem,
1142 2480 1277 2561 protecto
1300 2500 1440 2560 maguum
1463 2480 1599 2540 sinceros
1622 2479 1817 2540 dbctriuaeur·

391 2568 469 2629 inter
483 2587 536 2627 eos
549 2566 766 2628 numerandum
779 2587 846 2629 esse
857 2566 1015 2639 Jacobum,
1031 2567 1088 2626 fro-
1142 2576 1323 2646 gononum,
1339 2575 1368 2627 et
1384 2565 1587 2647 persuadendi
1599 2568 1662 2626 vim
1678 2567 1817 2627 morinen

391 2661 467 2718 trem
479 2655 608 2725 Domini,
620 2654 882 2735 <ierosolymorum
895 2655 1089 2734 Episcopum,
1142 2654 1241 2727 babet,
1257 2664 1327 2733 post
1341 2654 1578 2714 commendatam
1594 2661 1700 2714 samta
1715 2668 1817 2714 eom¹

391 2748 485 2821 etque
503 2740 542 2801 ad
559 2761 626 2803 eum
642 2741 694 2803 vol
717 2744 880 2820 praecipuo
895 2741 1025 2800 Poulum
1041 2743 1089 2800 hic
1143 2742 1257 2800 satione
1273 2740 1448 2813 doctrinam,
1464 2749 1559 2799 morte
1575 2739 1709 2822 donique
1723 2746 1753 2802 et
1765 2756 1816 2798 sm·

392 2830 553 2909 respicere.
576 2828 654 2888 Nem
675 2827 810 2890 Jacobus
825 2826 1026 2908 Jsrosolymis
1042 2848 1088 2887 oc·
1142 2829 1242 2908 guius,
1258 2836 1411 2908 tamquam
1427 2825 1534 2906 sigillo,
1557 2829 1818 2906 eom-oeusigusn

392 2917 472 2978 cinus
488 2925 533 2976 est
554 2910 602 2991 (ut
616 2915 709 2977 refert
732 2918 762 2976 iu
784 2917 922 2996 catalogo
938 2917 1088 2996 Hierony·
1187 2917 1215 2974 8.
1238 2921 1335 2980 Jecur
1351 2917 1500 2990 Christus,
1523 2915 1752 2988 berietbodic,
1770 2915 1820 2988 ipss

392 2999 472 3080 mus)
495 3005 623 3082 septimo
646 3003 776 3064 Neronis
798 3024 886 3077 enno,
910 3012 1088 3083 postquem
1144 3010 1174 3062 et
1194 3005 1230 3062 in
1252 3003 1390 3063 soeculo.
1423 3001 1551 3062 Duobus
1577 3000 1674 3063 modis
1699 2995 1818 3078 disfiustl

392 3089 509 3152 Paulus
532 3110 587 3151 sex
601 3090 664 3150 tere
686 3091 771 3151 suuis
794 3089 893 3150 sdhuc
914 3091 1089 3170 supervixit.
1142 3097 1244 3169 potest
1272 3089 1348 3148 haec
1378 3090 1535 3149 sententio.
1572 3089 1650 3149 Nom
1678 3099 1819 3170 prououu

391 3177 500 3256 ltaque
522 3176 632 3238 Jacobi
656 3177 801 3238 interfecti
824 3196 928 3237 recens
951 3187 1014 3238 erst
1029 3195 1088 3235 me·
1144 3181 1220 3253 ipse,
1243 3175 1375 3237 Graece:
1399 3168 1506 3251 αὐτὸς,
1531 3175 1616 3256 quod
1638 3174 1691 3236 elii
1707 3176 1819 3235 versut:

393 3266 498 3337 moris,
521 3263 642 3343 quaudo
657 3265 771 3343 scripta
786 3272 836 3323 est
850 3263 927 3323 bueo
940 3263 1089 3342 Epistola
1144 3264 1240 3338 idem,
1256 3262 1306 3322 vol
1322 3262 1574 3342 praecedentibus
1587 3262 1716 3343 adjungi
1732 3263 1819 3342 potet.

436 3349 551 3412 Sedsd
567 3349 796 3430 quidvultesse
811 3370 913 3412 eorum
923 3348 1090 3410 memores?
1145 3350 1194 3409 vel
1218 3350 1426 3428 sequentibus.
1458 3350 1560 3410 Lstiui
1583 3351 1648 3410 fere
1671 3369 1737 3410 cum
1756 3351 1822 3430 ptr!

392 3438 563 3518 Tamquam
576 3439 654 3498 enim
668 3439 724 3497 hoc
741 3436 932 3498 desideretur
948 3440 979 3498 iu
989 3437 1091 3500 verbis
1144 3438 1280 3515 sequenti
1294 3445 1476 3508 eoustruuut,
1501 3455 1618 3497 comma
1631 3436 1756 3516 figentes
1767 3433 1824 3516 pfl

393 3523 541 3604 Apostoli,
558 3522 683 3603 quidam
700 3527 859 3606 inquirunt,
876 3533 907 3584 et
921 3544 991 3583 suos
1007 3522 1089 3582 odic·
1145 3524 1245 3584 bodie.
1276 3523 1318 3581 At
1340 3522 1522 3583 Graecorum
1546 3524 1750 3584 commentarii
1770 3515 1821 3581 ab·

392 3620 465 3673 runt
486 3612 684 3691 conjectures.
708 3611 755 3671 Ex
779 3611 888 3691 quibus
914 3620 961 3670 est
985 3609 1037 3669 illu
1053 3609 1091 3669 de
1146 3609 1289 3680 iudicant,
1301 3609 1492 3669 astruendum
1505 3628 1573 3670 esse
1581 3606 1822 3690 praecedeuffl

392 3696 572 3778 praebendis
587 3698 763 3770 honorariis,
781 3705 821 3770 ut,
837 3696 1090 3776 quemadmodum
1145 3697 1202 3757 boc
1217 3695 1323 3756 modo:
1344 3702 1441 3761 Jesue
1456 3697 1599 3758 Christus
1620 3697 1690 3757 bert
1710 3704 1739 3757 et
1751 3689 1824 3757 bost

392 3784 536 3867 Episcopi
562 3784 686 3844 verbum
709 3785 767 3845 Dei
792 3785 1003 3845 ministrebsut
1028 3784 1089 3843 He·
1145 3787 1212 3860 ipse
1227 3781 1292 3859 (vel
1307 3779 1415 3861 idem),
1432 3783 1576 3844 subaudi:
1599 3791 1665 3863 est,-
1688 3792 1723 3843 ut
1736 3773 1824 3843 daistt

393 3869 500 3945 brasis,
524 3871 567 3930 ita
588 3872 721 3931 vicissim
744 3871 803 3951 ipsi
825 3890 972 3931 memores
992 3877 1092 3931 esseut
1146 3871 1294 3931 addatur:
1310 3877 1340 3928 et
1355 3873 1390 3930 in
1405 3872 1543 3945 saecuto,
1560 3869 1679 3931 scilieet
1693 3865 1821 3944 monte

394 3957 513 4020 illorum
529 3959 561 4018 in
575 3956 834 4019 subministrandis
858 3959 940 4019 vitae
955 3977 1090 4017 necesse·
1146 3964 1245 4017 turus.
1283 3956 1334 4017 Sic
1359 3976 1425 4037 cap.
1456 3961 1482 4017 1.
1509 3957 1600 4035 hujus
1627 3956 1775 4037 Epistolse
1794 3965 1824 4012 Ι

395 4045 456 4104 riis.
484 4044 589 4105 Refert
613 4044 692 4105 banc
718 4047 902 4105 seutentiam
926 4044 1090 4124 'Pheopby-
1145 4044 1285 4104 Psalmo:
1301 4044 1351 4103 Tu
1363 4052 1469 4104 autem
1482 4044 1565 4104 idem
1577 4048 1646 4122 ipse
1658 4062 1700 4119 es,
1713 4043 1822 4106 sarar

394 4130 491 4192 lectus
506 4133 597 4211 priori
620 4130 696 4204 loco,
718 4138 881 4212 potestque
896 4131 1021 4191 siculos
1036 4129 1090 4190 eli·
1146 4122 1162 4188 ὁ
1182 4123 1278 4198 αὐτὸς
1294 4122 1339 4189 εἴ.Ι
1357 4130 1417 4190 Ubi
1442 4131 1474 4191 iu
1489 4131 1633 4192 Hebraeo
1655 4138 1767 4192 teum
1783 4125 1822 4186 bt·

396 4219 464 4297 quis
475 4215 546 4278 addi
558 4238 596 4278 ex
608 4218 823 4298 superioribus,
839 4219 889 4279 ubi
902 4218 1016 4279 dictum
1030 4225 1091 4277 est:
1145 4218 1250 4278 betur:
1278 4224 1308 4278 et
1330 4224 1366 4277 tu
1388 4219 1472 4295 ipsc,·
1495 4227 1529 4278 ut
1551 4217 1694 4279 videatur
1719 4225 1748 4278 et
1769 4209 1836 4276 ὶὺ·

395 4304 584 4366 Mementote
607 4309 786 4366 vinctorum
810 4312 839 4365 et
860 4305 1091 4378 laborantium,
1146 4304 1212 4363 loco
1235 4305 1341 4364 similis
1363 4304 1562 4365 Hebrsismus
1584 4305 1722 4366 subesse
1753 4300 1823 4362 Oe·

395 4391 525 4464 scilicet,
556 4400 589 4453 ut
614 4412 716 4452 eorum
744 4392 891 4471 corporali
916 4392 1093 4452 necessitati
1146 4392 1180 4449 B.
1197 4391 1374 4452 Ambrosius
1399 4390 1449 4450 lib.
1474 4393 1503 4452 b.
1528 4391 1566 4451 de
1580 4393 1651 4465 fide,
1675 4411 1738 4472 cap.
1753 4385 1824 4460 Μ

395 4479 591 4542 subvenistis.
625 4478 684 4540 Sed
711 4499 778 4540 cum
801 4499 840 4539 ex
862 4480 915 4551 iis,
943 4497 1022 4559 quoe
1048 4499 1091 4538 ee
1145 4478 1175 4538 S.
1192 4476 1344 4538 Maximus
1367 4479 1398 4537 iu
1420 4476 1498 4537 hom.
1516 4478 1545 4538 3.
1569 4478 1609 4540 de
1629 4469 1821 4558 paschata&

395 4575 531 4644 quuutnr,
559 4575 683 4638 constet,
706 4565 888 4626 demortuis
910 4565 1093 4645 Apostolum
1145 4563 1303 4624 tsntbuuc
1316 4566 1347 4623 iu
1360 4563 1496 4623 modum:
1511 4568 1609 4628 Jeme
1621 4565 1760 4628 Christus
1769 4555 1824 4620 tlt·

395 4649 491 4734 loqui,
518 4653 694 4734 dequibus
721 4653 795 4713 nibil
823 4653 1009 4727 istiusmodi,
1036 4652 1093 4712 nisi
1146 4659 1175 4711 et
1198 4651 1291 4711 bodie
1313 4653 1377 4727 ipse
1402 4657 1464 4727 eet;
1489 4670 1547 4712 uec
1571 4651 1704 4733 emplius
1725 4645 1822 4714 edd*

395 4737 666 4821 ridiculepraecipi
678 4748 793 4818 potest:
806 4741 910 4802 merito
924 4739 1091 4819 Theophy·
1146 4747 1299 4817 tamquam
1317 4738 1360 4798 ibi
1375 4738 1416 4795 sit
1431 4739 1574 4799 orationis
1590 4756 1729 4800 caesura

395 4824 507 4901 lactus,
533 4826 591 4888 bec
612 4826 750 4899 dimissa,
785 4827 910 4888 atterum
937 4827 1094 4905 subjungit
1189 4823 1301 4885 Verum
1317 4822 1353 4883 ds
1368 4842 1460 4883 seusu
1476 4825 1571 4904 major
1586 4835 1632 4886 cst
1649 4827 1840 4906 iutesprstll'

396 4930 520 4993 eamque
549 4913 702 4973 meliorem
733 4912 964 4974 declarationem
990 4911 1093 4973 vorbi:
1146 4912 1283 4971 varietas.
1309 4901 1840 4990 Graecipersdvsrbiumbertffl¹

397 5006 592 5075 ommno,
615 5020 705 5081 quam
722 5007 754 5061 et
768 5000 822 5060 alii
838 5001 1016 5079 interpretes
1032 5007 1091 5058 tro
1145 4997 1227 5058 ficsri
1254 5005 1362 5077 putant
1388 5016 1475 5058 omue
1497 5001 1697 5080 praeteritum
1718 5003 1827 5076 tem
