4442 5825
727 596 891 653 molta
906 596 1025 653 1.dess
1041 596 1137 651 Pffll
1154 595 1346 664 indi-8·
1684 603 1757 673 555

371 794 415 851 re,
433 774 579 859 nequent
599 783 647 838 eet
667 775 801 849 Paulus,
822 782 856 837 ut
871 776 955 837 Rom
972 778 1010 849 6.,
1063 776 1172 835 aeetari
1200 773 1314 850 rolentr
1336 772 1392 835 aed
1417 772 1589 854 implendae
1610 773 1759 836 voluntati

370 864 427 923 Α.
442 871 475 925 at
489 868 518 927 3.
541 872 573 925 et
593 862 675 924 eluti.
711 862 813 923 Utitur
831 861 941 923 Petrae
964 881 1009 921 ar·
1062 860 1593 942 Dotanopraooeprirdorlmtur.
1616 859 1759 923 Notanda

371 949 417 1011 rdi
431 950 598 1025 voeabula,
624 951 697 1031 quia
711 949 781 1010 talia
796 950 940 1029 cogitatio
955 968 1010 1009 noa
1062 947 1221 1010 antitheeie
1237 950 1316 1010 inter
1338 947 1497 1009 derideria
1517 948 1682 1009 hominum
1691 990 1702 1022 ,
1729 956 1759 1009 et

371 1043 412 1097 rat
425 1056 464 1097 ae
477 1039 574 1099 munit
587 1045 689 1099 eontra
703 1043 868 1116 peceatum.
1063 1035 1260 1098 volantatem
1282 1036 1352 1096 Dei.
1389 1036 1467 1098 Nam
1487 1035 1575 1096 homo
1602 1035 1669 1096 eine
1691 1035 1758 1096 Deo

371 1124 462 1200 tnta,
490 1127 856 1203 qotpaummoarne,
884 1122 1010 1182 deriitu
1063 1130 1145 1183 totae
1160 1121 1289 1183 earnalia
1304 1130 1412 1195 eat,ot
1428 1141 1486 1181 non
1502 1121 1646 1195 Dei,aed
1661 1122 1760 1182 rarnie

371 1212 460 1271 entia.
484 1208 617 1273 Graeoe:
632 1229 654 1271 o
664 1217 805 1287 perroto.
826 1209 877 1272 Sia
891 1216 924 1268 et
937 1208 1009 1269 Hie·
1063 1208 1249 1271 voluntatem
1265 1209 1448 1288 exsequitur,
1472 1207 1510 1269 de
1532 1226 1593 1289 qua
1607 1208 1694 1270 Joan.
1713 1211 1758 1267 1.:

371 1314 480 1378 pruna:
507 1301 629 1375 putavit
656 1316 677 1358 u
703 1303 853 1375 proruto,·
892 1295 1012 1355 tametsi
1063 1299 1169 1373 Neque
1185 1295 1403 1358 revelantate
1417 1298 1524 1358 rame
1539 1303 1593 1356 rto.

371 1402 409 1445 ue
432 1384 657 1465 peraplrraatioe
676 1382 823 1445 reddidit:
849 1383 889 1443 ab
904 1383 1011 1442 omni·
1108 1387 1137 1447 3.
1159 1382 1287 1461 Sufficit
1309 1385 1393 1444 euim
1405 1385 1616 1459 praeteritum
1635 1389 1758 1459 temper

377 1473 532 1548 peeeottr.
565 1461 805 1545 (trutmonia,
833 1473 928 1547 puio,
951 1489 1011 1530 non
1064 1470 1108 1531 od
1138 1471 1333 1531 voluntatem
1363 1473 1504 1545 pontium
1532 1487 1757 1531 eorreummun·

371 1575 438 1617 ram
452 1556 503 1619 hio
516 1556 649 1635 denotat,
667 1556 721 1619 red
737 1558 908 1637 expositive
923 1555 1010 1617 eumi-
1064 1555 1149 1617 dam.
1186 1556 1305 1619 Graeca
1319 1558 1364 1617 eie
1378 1555 1505 1617 habent:
1531 1556 1657 1634 suffieit
1672 1559 1756 1617 enim

404 1642 545 1724 Exponit
565 1646 644 1707 eninr
659 1644 768 1707 Petrus
790 1645 1012 1720 repertionem
1064 1643 1165 1719 nodie,
1178 1646 1389 1721 praeteritum
1404 1650 1527 1720 tempor
1542 1646 1626 1705 vitoe
1641 1643 1758 1705 volun·

371 1750 413 1804 n,
442 1750 507 1811 qua
519 1733 665 1813 praecipit
687 1751 742 1792 noa
760 1733 893 1791 umori
930 1729 1009 1810 Quo·
1064 1737 1160 1792 tatem
1182 1734 1326 1807 pontium
1346 1738 1493 1807 operator
1513 1733 1577 1792 aive
1601 1738 1758 1792 eaaeoutoe

371 1836 391 1877 a
407 1815 491 1877 male
512 1819 602 1879 vertit
615 1820 774 1880 linimur:
797 1821 853 1895 poi
864 1817 1012 1894 potieba·
1062 1820 1169 1897 fatere.
1202 1818 1315 1880 Senaue
1331 1827 1391 1891 oet,
1418 1836 1506 1896 quem
1528 1815 1626 1878 reddit
1640 1818 1758 1877 Eraami

371 1948 385 1982 ,
402 1902 446 1965 ad
462 1901 614 1965 Chriatum
628 1906 686 1967 boe
700 1904 850 1981 relerena3
873 1906 1013 1984 quamvis
1066 1906 1180 1966 versio:
1205 1906 1263 1967 Sat
1277 1906 1362 1965 enim
1377 1911 1420 1965 eet
1434 1905 1524 1965 nobie
1531 1948 1542 1978 ,
1564 1904 1650 1981 quod
1664 1912 1757 1965 ante·

371 1988 425 2051 alii
447 1990 570 2072 quidam
591 1992 631 2054 de
653 1992 771 2053 Christo
793 1999 908 2072 partem
934 1991 1013 2052 hano
1065 1999 1136 2052 octo
1151 1994 1236 2053 vitoe
1251 1999 1391 2068 tempore
1404 1993 1599 2053 uoluntatem
1615 1993 1757 2067 peritiam

371 2079 509 2159 rpretati
524 2079 599 2152 rint,
622 2077 677 2139 eod
691 2098 813 2160 proreue
827 2085 1013 2158 repugnante
1062 2081 1309 2156 patraverimrtr.
1333 2077 1524 2158 Quamquam
1539 2079 1634 2158 magis
1650 2078 1757 2157 placet,

371 2162 459 2245 quod
475 2165 624 2244 requitur:
638 2174 675 2226 eat
689 2170 835 2242 aoniam
850 2164 1014 2227 deriderir'a
1065 2164 1146 2245 quod
1162 2168 1191 2225 in
1208 2165 1275 2228 aliie
1288 2163 1451 2238 oodieibua,
1466 2166 1636 2227 nominatim
1649 2165 1759 2244 Regio,

371 2254 483 2314 reorum
504 2259 559 2312 etr.
595 2251 715 2314 Deinde
740 2251 862 2315 necilli
883 2259 1011 2313 mentem
1063 2252 1190 2331 legitur:
1206 2244 1296 2329 ὑμῖν,
1311 2251 1408 2313 nebu.
1438 2252 1517 2312 Nam
1533 2260 1565 2313 ut
1576 2252 1686 2313 Petrae
1701 2252 1758 2311 rub

371 2337 456 2401 ratoli
472 2348 545 2399 aunt
566 2341 711 2412 amnti,
734 2341 789 2418 qui
812 2340 1010 2418 interpretan·
1065 2339 1161 2419 prima
1184 2357 1328 2417 perrona,
1354 2337 1438 2400 volut
1457 2358 1497 2399 ex
1519 2339 1697 2410 humilitate,
1724 2357 1759 2399 ae

387 2423 662 2506 (quemadmodum
688 2423 784 2501 Beda)
815 2425 853 2486 de
879 2435 1012 2504 martyre
1064 2426 1227 2505 conjungat
1256 2425 1306 2498 iia,
1336 2426 1388 2506 qni
1417 2423 1593 2505 aliquando,
1623 2425 1758 2504 gentium

371 2530 403 2573 ro
420 2531 478 2591 pro
493 2508 622 2573 Christo.
646 2513 724 2574 Nam
739 2532 845 2574 aenauo
861 2520 919 2572 eat:
935 2512 1011 2586 Hae,
1063 2511 1248 2573 voluntatem
1263 2513 1367 2586 eoouti,
1382 2511 1611 2573 ambulaverunt
1626 2514 1657 2572 in
1672 2511 1757 2571 luxu·

371 2618 458 2671 nam,
489 2600 674 2679 eogitatione
701 2618 756 2660 voa
787 2608 917 2672 armate,
954 2598 1012 2659 hoe
1064 2601 1116 2660 riio
1132 2607 1164 2659 et
1178 2600 1320 2672 neoterio,
1336 2597 1568 2680 quaedeinoepo
1584 2617 1756 2660 enumeran-

371 2682 466 2747 dvoe
481 2694 631 2764 reputato,
653 2685 749 2766 quod,
771 2687 823 2767 qni
847 2686 1009 2747 conforma·
1063 2695 1129 2760 tur,
1159 2687 1235 2746 ratio
1265 2706 1324 2746 non
1354 2686 1507 2767 permittit
1544 2683 1649 2757 Adde,
1677 2682 1758 2766 quod

371 2770 566 2835 similitudini
577 2775 729 2851 parrionia
741 2771 1010 2847 etmortiaOhristi,
1064 2772 1143 2835 inira
1157 2772 1306 2834 eeoundae
1320 2792 1468 2853 perronae
1482 2793 1646 2853 pronomen
1661 2771 1757 2852 expri-

371 2880 402 2920 m
428 2859 463 2920 in
493 2878 585 2921 earne
612 2861 769 2934 anatinuit,
799 2861 865 2942 ipae
890 2879 1012 2941 quoque
1063 2860 1642 2924 mitzaoaoonoumntibutvobirete.
1661 2858 1757 2920 Porro

371 2966 406 3008 re
420 2946 622 3008 mortificatur
637 2950 766 3028 estjam
781 2946 898 3009 destitit
910 2968 930 3009 a
943 2966 1010 3029 peu
1061 2951 1204 3025 pontium
1226 2949 1425 3010 voluntatem
1446 2957 1548 3023 vooot,
1577 2967 1657 3029 quae
1675 2947 1759 3027 priua

370 3053 403 3108 a,
443 3032 532 3094 velut
559 3036 730 3096 aetionibua
764 3034 845 3095 vitae
874 3034 1010 3097 earnalia.
1062 3037 1220 3097 derideriu
1233 3054 1287 3096 eeu
1306 3036 1494 3114 eupiditate
1516 3037 1701 3110 hominum,
1726 3032 1757 3094 id

371 3139 392 3181 a
416 3122 499 3181 enim
520 3121 651 3183 aetionae
672 3124 755 3184 vitae
778 3120 911 3183 excludit
935 3123 1011 3200 ejue,
1063 3131 1115 3198 eat,
1138 3141 1213 3204 quae
1229 3131 1382 3184 reetantnr
1404 3131 1435 3184 et
1456 3127 1560 3185 amant
1581 3121 1717 3183 homines
1739 3140 1759 3181 a

372 3208 447 3287 quie
460 3215 596 3269 mortnua
607 3216 659 3269 eat
682 3210 731 3270 Ita
741 3208 856 3270 Paulue
867 3209 952 3271 Rom.
966 3212 1010 3271 (ir
1062 3211 1130 3271 Deo
1145 3208 1251 3282 alieni,
1269 3208 1435 3289 eanemodi
1451 3216 1539 3270 erant
1553 3210 1692 3290 gentiles.

371 3299 538 3355 'mortum
553 3302 614 3372 eet,
633 3297 825 3374 jaatitiontur
844 3304 888 3358 ert
901 3315 923 3357 u
934 3314 1011 3372 pee-
1105 3296 1178 3358 Jam
1193 3296 1225 3356 in
1240 3314 1290 3369 eo,
1313 3295 1395 3375 quod
1411 3295 1500 3357 dioit:
1526 3296 1645 3374 mstleit
1659 3299 1756 3370 euim,

371 3399 389 3442 r.
413 3380 517 3443 Sentit
531 3390 630 3443 autem
645 3392 771 3464 uterque
783 3383 957 3463 Apoetolua,
973 3402 1012 3443 ex
1063 3384 1225 3445 arteiomna
1239 3381 1360 3464 quidam
1376 3391 1431 3455 eat,
1447 3403 1502 3444 aen
1517 3382 1646 3463 liptoten
1659 3381 1758 3456 malie,

392 3468 510 3528 mortui
531 3487 635 3529 eumue
657 3489 761 3542 earne,
784 3469 860 3532 nihil
882 3468 1012 3550 ampliue
1062 3489 1125 3551 qna
1153 3471 1271 3550 mitigat
1308 3469 1570 3549 exprobrationem
1600 3478 1759 3531 antenotae

370 3576 378 3615 r
405 3573 447 3614 ea
470 3553 557 3616 nobie
583 3575 652 3617 eoae
674 3557 797 3637 negotii.
828 3556 1010 3629 Notandum,
1062 3559 1161 3634 vitae,
1176 3576 1269 3637 quum
1280 3559 1398 3618 omnino
1410 3556 1525 3618 nullum
1537 3564 1656 3637 tempus
1667 3554 1760 3617 inerit

371 3660 442 3704 aem
456 3640 589 3704 hieron
604 3641 709 3704 eodem
727 3641 817 3706 modo
832 3645 924 3717 anmi,
950 3663 1012 3724 quo
1063 3642 1194 3705 dandum
1224 3643 1477 3706 aeneummandae
1506 3644 1656 3704 voluntati
1684 3662 1756 3724 gen·

371 3736 452 3790 »arte
467 3728 680 3807 praecedenti,
701 3750 770 3791 nam
790 3731 853 3793 illio
873 3732 1009 3793 oubotan·
1062 3733 1152 3806 tium,
1168 3738 1200 3792 et
1214 3730 1359 3812 quidquid
1374 3734 1403 3793 ei
1418 3730 1515 3806 datur,
1529 3749 1591 3792 non
1605 3732 1689 3806 aetia,
1704 3729 1758 3792 aed

371 3816 689 3895 reamiaeignitieari,
714 3817 763 3878 hie
778 3818 926 3880 earnalem
942 3837 1008 3879 oon·
1061 3819 1184 3879 nimium
1207 3820 1254 3879 eit
1288 3819 1339 3879 Ita
1352 3819 1500 3880 Dominna
1522 3816 1655 3899 loquitur
1676 3818 1758 3899 apud

371 3903 541 3964 taeentiam.
564 3902 675 3964 Verum
692 3906 722 3965 in
737 3925 774 3965 eo
787 3906 925 3967 eoneietit
939 3924 1008 3966 oon·
1061 3903 1267 3981 Ezechielem,
1296 3926 1361 3986 eap.
1377 3909 1442 3968 44.:
1472 3906 1647 3983 Sufficiant
1671 3904 1757 3966 vebia

371 3990 463 4060 ratio,
494 3986 650 4071 adquam
676 3989 811 4053 hortetur
836 3992 1009 4071 Apostolue,
1062 3996 1173 4053 omnio
1202 3992 1319 4054 reelera
1348 4000 1470 4067 outre,
1504 3992 1617 4053 domur
1645 3993 1757 4054 Israel

371 4077 454 4138 aient
469 4075 501 4135 in
516 4072 639 4137 Christo
657 4079 793 4158 patiente
808 4099 876 4139 earo
892 4088 1009 4139 mortua
1060 4078 1155 4139 Porro
1171 4098 1209 4139 ex
1224 4098 1273 4152 eo,
1294 4077 1376 4159 quod
1392 4079 1480 4139 dioit:
1500 4080 1544 4140 od
1557 4078 1756 4142 volantatem

387 4161 575 4224 itainnobio
586 4164 661 4224 vitia
672 4166 771 4225 earnia
783 4166 1007 4226 mortificentur.
1060 4167 1201 4241 pontium
1231 4166 1534 4242 omnommuodom,
1570 4166 1757 4244 intelligitur,

371 4293 378 4310 .
408 4249 453 4312 vt
469 4249 553 4324 jum*
563 4269 631 4313 non
652 4251 815 4314 derideriia
829 4255 1006 4326 hominum,
1061 4252 1183 4313 Petrum
1198 4251 1274 4314 haee
1288 4252 1329 4314 ad
1339 4252 1479 4315 Judaeoa
1492 4252 1630 4326 seribere,
1645 4254 1757 4335 quibua

381 4335 550 4398 volume&
571 4340 650 4412 Det,
673 4339 759 4416 quod
780 4341 939 4417 reliquum·
964 4346 1009 4401 ert
1060 4337 1238 4419 exprobrat,
1264 4340 1345 4419 quod
1369 4341 1525 4419 gentilium
1548 4340 1697 4402 voluntati
1720 4359 1758 4403 ae

371 4441 466 4485 tertre
489 4425 578 4485 mooe
598 4427 758 4503 temporie.
803 4425 929 4487 Modum
955 4446 1004 4488 ex·
1059 4425 1190 4487 moribus
1204 4443 1269 4486 reae
1288 4426 1579 4501 accommodassent,
1606 4429 1705 4508 iiaqne
1719 4428 1756 4488 ai·

371 4519 401 4572 at
428 4508 596 4572 deeiatendi
621 4531 640 4571 e
664 4513 810 4593 petentia,
840 4522 873 4574 ut
894 4514 1007 4576 eoilioet
1059 4513 1207 4574 miletae
1232 4511 1389 4590 furiarent,
1415 4534 1434 4574 a
1459 4514 1569 4596 quibua
1595 4534 1646 4575 eoa
1672 4514 1757 4575 Deua

371 4615 396 4660 re
412 4605 550 4674 tempua,
577 4597 660 4678 quod
681 4599 768 4659 nobie
791 4601 821 4660 in
845 4619 934 4661 earne
948 4600 1006 4663 hae
1058 4607 1278 4681 segregarent
1301 4599 1397 4661 Aliter
1408 4620 1480 4662 vero
1493 4601 1613 4674 Paulae,
1630 4600 1669 4662 ad
1685 4620 1755 4678 gen·

371 4682 427 4746 tali
441 4681 591 4764 reliquum
606 4694 652 4746 eat
664 4684 744 4762 (nam
760 4706 830 4747 uero
842 4707 944 4749 rureua
958 4688 1005 4748 hio
1057 4688 1129 4748 tileo
1144 4686 1295 4748 aeribene:
1318 4688 1427 4761 Scitin,
1451 4689 1565 4767 inquit,
1588 4690 1756 4765 quoniam,

374 4768 551 4832 mbounua
571 4774 670 4833 earnie
691 4773 853 4853 arripitur,
876 4792 937 4835 non
951 4795 1005 4854 pro
1058 4794 1128 4837 oum
1142 4780 1250 4849 prater
1272 4777 1375 4835 arretio
1381 4818 1392 4848 ,
1415 4774 1459 4834 ad
1478 4775 1651 4838 dmuloeru
1665 4783 1756 4835 muto

371 4854 407 4934 r),
435 4857 591 4932 vivamus,
613 4860 826 4937 tranaigamua,
850 4860 1004 4940 impenda-
1057 4860 1319 4936 eta,10or.lll.

375 4961 465 5020 ,non
479 4943 641 5025 implendis
655 4953 707 5006 aut
724 4947 874 5007 notandis
889 4947 1003 5026 eupidi-
1099 4950 1178 5024 Hit,
1204 4951 1261 5026 qui
1281 4947 1531 5011 embolae-oront
1552 4950 1588 5009 iro
1606 4949 1754 5024 lomariis,

371 5051 421 5096 rua
449 5029 620 5108 homiuum,
643 5032 674 5093 id
697 5043 752 5111 eat,
778 5053 856 5120 quaa
871 5033 1003 5102 homino·
1056 5035 1239 5123 deridente,
1258 5035 1449 5118 vinolentiis,
1466 5034 1753 5118 comessationibus,
