4442 5825
346 525 351 533 ι
391 572 468 641 tet
907 568 1139 623 comissimus
1156 567 1188 622 m
1205 566 1272 620 cer.
1289 567 1320 621 x.
1383 577 1386 583 ·
1418 584 1420 589 ·

387 745 460 821 piot
478 740 637 816 judiciam
652 760 672 801 o
687 741 782 803 domo
798 745 868 804 Dei.
892 741 969 804 Sunt
983 751 1084 805 antem
1138 743 1286 805 Davidem
1311 762 1371 803 non
1394 739 1532 802 absolute
1547 737 1656 811 disere,
1679 756 1720 819 qu

388 829 441 890 elii
455 848 516 888 non
530 829 625 906 pauoi,
647 829 701 908 qui
718 828 868 906 judicium
891 828 1084 890 discussionis
1137 832 1197 891 lius
1214 831 1261 903 sit,
1276 829 1409 891 inuidere
1424 829 1457 888 in
1470 845 1579 887 manus
1591 825 1660 894 Dei,
1677 842 1720 904 qu

389 916 438 976 hio
467 914 652 994 intelligant,
682 935 743 993 quo
769 917 909 977 nimirum
935 919 1085 978 examinet
1138 919 1266 993 minum3
1290 915 1344 976 sed
1367 915 1397 975 id
1420 912 1587 994 poenitenti
1609 919 1642 973 ot
1656 909 1721 972 del

389 1002 475 1063 Deus
496 1001 575 1061 laeta
596 1000 702 1083 populi
723 1002 778 1073 sui,
801 1012 842 1077 nt,
864 1022 991 1083 quorum
1007 1002 1085 1063 male
1138 1003 1297 1065 sericordia
1325 1001 1459 1081 speranti
1485 998 1593 1060 meiius
1621 1017 1709 1072 esse,

390 1089 548 1163 invenerit,
563 1090 687 1168 puniat3
703 1089 930 1171 quorumbona,
945 1091 1085 1170 praemiis
1139 1090 1310 1170 optabilius.
1340 1087 1430 1149 Unde
1452 1086 1661 1166 Hieronymus
1684 1087 1715 1146 iu

392 1176 509 1238 afficiat.
1137 1179 1245 1238 vertit:
1272 1177 1387 1238 Melias
1401 1182 1446 1235 ast
1460 1175 1548 1249 mibi,
1571 1178 1609 1235 ast
1624 1171 1721 1233 tacta

433 1262 494 1324 Sed
519 1261 652 1343 prolecto
677 1264 779 1324 verior
805 1271 836 1324 et
858 1264 1086 1325 convenientior
1138 1264 1216 1324 Nam
1239 1261 1503 1343 impoenitentibus
1524 1259 1556 1320 id
1577 1259 1684 1339 utique
1707 1278 1721 1332 r

388 1368 494 1411 sensus
517 1357 567 1424 sat,
589 1349 687 1411 Deum
710 1349 859 1411 isetnrum
869 1350 1016 1430 Jndioium
1031 1369 1084 1430 pro
1139 1351 1253 1411 melios.
1278 1348 1379 1410 David
1395 1367 1466 1428 ergo
1482 1347 1582 1407 Deam
1598 1345 1721 1425 respioit

388 1436 503 1517 populo
524 1456 578 1498 suo
594 1436 632 1497 de
650 1435 840 1509 adversariis,
864 1437 965 1510 idest,
984 1438 1085 1516 justas
1139 1447 1221 1511 trem,
1242 1438 1295 1516 qui
1310 1437 1410 1508 tilium,
1433 1432 1472 1493 ab
1496 1452 1598 1494 errore
1614 1451 1721 1493 conver

389 1542 500 1604 poenes
527 1522 565 1585 de
584 1522 620 1582 iis
643 1532 847 1604 sumpturum,
873 1534 1024 1605 tamquam
1047 1522 1085 1585 de
1138 1526 1258 1585 veniam
1271 1532 1434 1604 petentem,
1447 1540 1516 1581 eum
1527 1516 1721 1581 misericordi

390 1609 593 1672 desertoribus
623 1618 655 1670 et
683 1611 943 1690 impugnatoribus
979 1610 1085 1691 populi
1139 1611 1306 1690 Apostolus
1326 1617 1426 1670 autem
1448 1607 1545 1668 solum
1565 1614 1597 1667 ut
1616 1604 1721 1684 judice

389 1698 446 1758 sui
470 1696 531 1778 Qui
542 1714 656 1769 sensus,
671 1704 703 1756 ut
718 1716 878 1777 germanus
893 1706 939 1759 eet
951 1696 1084 1777 Scriptu·
1139 1697 1258 1770 siderat,
1273 1698 1360 1777 enjus
1376 1703 1429 1770 est,
1444 1692 1655 1773 psooatoribus
1672 1711 1721 1753 eor

389 1803 442 1845 rae
455 1783 682 1845 Deuteronomii
704 1793 735 1844 et
749 1782 872 1856 Psalmi,
896 1787 939 1845 its
961 1791 993 1844 et
1014 1783 1087 1844 hoio
1140 1805 1252 1866 poenas
1275 1783 1417 1863 irrogare.
1448 1781 1601 1864 Loquitur
1624 1780 1708 1839 enim

390 1872 456 1931 loro
478 1870 590 1950 optime
611 1868 748 1949 quadrat
779 1870 818 1929 lit
838 1869 896 1932 hoo
917 1869 1006 1931 modo
1028 1869 1085 1932 fre·
1140 1873 1191 1951 qui
1214 1891 1315 1932 voram
1338 1889 1422 1950 spem
1442 1864 1664 1929 miserioordiae
1684 1865 1721 1924 D·

391 1956 850 2040 quenteraoaipiturhujuamodi
863 1958 986 2039 phrasis,
999 1976 1084 2038 prae·
1139 1978 1206 2019 oum
1221 1957 1288 2030 fide,
1311 1958 1495 2036 abjecerunt.
1517 1954 1589 2016 Jam
1612 1972 1721 2027 vero‚·

391 2046 492 2106 sertim
507 2045 541 2106 in
553 2043 689 2117 Psalmis,
705 2045 824 2124 quoties
837 2043 938 2104 David
953 2047 1038 2125 petit,
1053 2064 1086 2104 se
1139 2046 1259 2125 periore
1282 2043 1321 2105 de
1345 2042 1451 2124 poenis
1468 2040 1564 2101 futuri
1586 2039 1705 2114 saeculi

391 2131 442 2192 vel
457 2150 577 2192 oausam
595 2149 680 2191 snam
696 2130 835 2210 judieari,
858 2140 893 2191 ut
908 2131 1016 2193 Pealm.
1033 2133 1084 2192 ab.
1138 2132 1223 2192 ratiis
1242 2141 1335 2212 atque
1356 2129 1537 2212 purgatoriis
1560 2134 1721 2208 exponunt

392 2222 442 2280 42.
459 2217 509 2278 53.
528 2219 576 2280 ts.
592 2225 686 2298 atque
701 2216 784 2278 alibi.
806 2217 886 2279 'Pale
902 2227 993 2278 estet
1008 2216 1085 2277 illud
1139 2220 1230 2279 etiarn
1252 2218 1331 2279 hauo
1350 2216 1489 2295 Apostoli
1505 2215 1691 2277 seutentiam
1707 2234 1721 2273 r

390 2303 548 2378 maliolis,
578 2302 688 2366 Genea.
714 2305 780 2367 30.:
809 2304 980 2367 Judiooos't
1007 2305 1086 2365 mihi
1138 2305 1176 2365 ad
1203 2304 1321 2366 illarum
1358 2321 1522 2384 poenarum
1555 2310 1721 2380 exaggeret

392 2392 488 2466 Deus,
509 2391 614 2465 idest,
636 2411 690 2471 pro
706 2411 755 2453 me
770 2387 916 2452 adversus
935 2390 1084 2452 aemulam
1138 2412 1214 2474 quae
1234 2393 1373 2473 quamvis
1398 2385 1602 2451 misericordia
1624 2395 1721 2467 tempe

391 2497 495 2539 meam.
516 2475 554 2539 Id
574 2478 676 2538 Luoea
698 2497 764 2556 cap.
790 2480 839 2538 18.
866 2480 909 2539 ita
933 2479 1087 2557 expressit
1138 2489 1254 2551 temen,
1284 2481 1309 2540 si
1341 2479 1375 2537 B.
1406 2476 1577 2556 Augustino
1607 2473 1721 2535 creditu

392 2562 841 2644 subpersonaviduaejudieem
850 2564 1085 2645 interpellantis:
1136 2564 1219 2627 beuti
1249 2566 1280 2626 in
1309 2564 1421 2626 Psaim.
1453 2565 1517 2637 3⁷..
1551 2561 1642 2642 longe
1680 2580 1721 2640 gri

398 2650 535 2713 Vindice
550 2670 599 2713 ms
614 2650 653 2710 de
668 2651 855 2712 adversario
870 2671 948 2712 meo.
1138 2662 1216 2718 sunt,
1233 2672 1322 2734 quam
1340 2649 1487 2733 quidquid
1503 2656 1605 2733 potest
1623 2648 1715 2709 homo

435 2743 485 2801 31.
508 2738 714 2800 Hosraadum
738 2745 784 2798 ast
804 2739 945 2800 insidere
963 2740 1000 2800 ia
1014 2756 1085 2798 mu·
1137 2739 1196 2799 heo
1210 2740 1282 2800 vita.

391 2842 455 2886 asts
474 2827 536 2886 Dei
558 2827 700 2886 visentis.
722 2824 790 2885 Hos
815 2825 900 2886 velut
924 2824 1086 2907 epiphone·
1180 2827 1231 2886 32.
1254 2825 1525 2887 Rememoramini
1547 2830 1658 2883 autam
1681 2839 1721 2898 pr

392 2910 784 2986 mateolauditsermonem,
797 2913 1086 2994 quodevoiuotarie
1138 2914 1212 2975 dias.
1244 2913 1318 2974 Post
1344 2914 1485 2993 injeotum
1508 2921 1651 2972 terrorem
1675 2930 1721 2991 su}

392 3001 582 3079 pausantium
604 3000 669 3060 sive
690 3009 892 3079 apostatarum
915 2999 1031 3061 seelera
1050 3019 1086 3060 aa
1138 3021 1213 3071 rum,
1236 3020 1313 3082 quae
1329 3007 1453 3061 maneat
1468 2998 1537 3062 fidei
1553 2997 1721 3059 desertores

391 3086 546 3167 punitione
561 3085 714 3147 disseruit
729 3087 800 3147 Duo
813 3096 912 3148 autem
927 3087 1087 3167 signifieat,
1139 3086 1177 3148 ad
1200 3089 1367 3149 institutam
1391 3085 1471 3147 redit
1493 3085 1721 3147 exhortationes

392 3172 534 3255 supplioii
555 3176 734 3254 gravitatem
756 3181 880 3255 peceato
902 3173 1086 3254 responden·
1138 3175 1179 3236 ad
1199 3176 1397 3236 constantiam
1420 3174 1602 3245 exstimulat,
1625 3191 1721 3234 oomm

392 3267 466 3333 tour,
490 3266 521 3321 et
542 3261 609 3341 ejus
632 3258 782 3321 evadendi
806 3261 1086 3340 impossibilitatem.
1139 3264 1220 3323 tione
1233 3260 1303 3323 fidei
1320 3280 1356 3322 ao
1371 3262 1545 3341 patientiae,
1560 3280 1653 3339 quam
1670 3260 1721 3339 prh

392 3346 471 3407 Nam
494 3345 582 3408 homo
598 3346 695 3426 judex
717 3346 799 3408 flesti
814 3355 921 3428 potest,
945 3356 999 3409 aut
1012 3348 1087 3420 falli,
1139 3351 1270 3410 nissuae
1282 3349 1488 3410 conversionis
1500 3346 1713 3410 exhibuerant

393 3441 445 3494 eut
457 3435 491 3495 vi
506 3435 649 3514 quapiam
672 3433 825 3512 impediri,
847 3455 885 3496 ne
900 3444 1016 3497 sontem
1033 3455 1086 3516 pu·
1139 3445 1186 3497 est
1209 3438 1301 3510 enim,
1328 3438 1353 3495 si
1378 3434 1542 3516 praealaris
1567 3435 1663 3496 initiis
1689 3458 1720 3497 aru

393 3521 467 3593 niat,
484 3530 537 3583 aut
551 3529 632 3581 eerte
647 3541 708 3581 non
723 3530 868 3598 quantum
884 3531 1022 3583 meretur.
1046 3524 1089 3583 At
1140 3531 1274 3584 extrema
1288 3544 1348 3584 non
1360 3522 1571 3602 respondeant
1594 3522 1645 3585 ad
1656 3544 1721 3585 man

392 3607 496 3668 horum
512 3608 586 3669 nihil
600 3608 632 3669 in
646 3610 713 3671 Deo
728 3608 826 3668 loonm
840 3609 940 3670 habet.
967 3607 1088 3672 Deinde
1140 3610 1244 3691 inquit,
1260 3619 1401 3671 revocate
1413 3612 1579 3687 pristinos,
1596 3609 1718 3672 Gnaeos

392 3693 527 3755 mortalis
542 3695 631 3755 homo
655 3696 838 3774 punitionem
862 3694 943 3757 ultra
963 3705 1087 3758 mortem
1139 3717 1189 3759 res
1203 3697 1279 3772 dias,
1296 3688 1353 3766 τὰς
1367 3688 1514 3775 πρότερον
1534 3688 1667 3777 ἡμέρας,
1685 3697 1717 3761 id

394 3780 557 3842 extendere
578 3791 642 3843 'non
664 3790 780 3859 potest3
807 3782 890 3844 Deus
912 3791 1029 3858 antem,
1055 3794 1089 3845 ut
1140 3786 1257 3866 periore
1271 3793 1413 3866 tempora.

393 3887 512 3948 semper
537 3869 660 3941 vivens,
687 3879 825 3932 aeternas
849 3890 962 3949 poenas
989 3880 1089 3932 servat
1184 3874 1226 3934 Ia
1240 3873 1353 3949 quibua
1367 3872 1545 3934 illuminati
1562 3891 1721 3950 mopassm

392 3956 599 4034 peecatoribus
626 3964 693 4035 post
716 3964 851 4017 mortem.
887 3958 978 4019 Unde
1003 3958 1086 4018 Chri·
1142 3978 1215 4020 maa
1225 3962 1417 4021 sustinuistis
1426 3962 1623 4035 passionom.
1640 3960 1714 4041 Qua

392 4050 471 4102 stus:
490 4044 609 4103 Timete
621 4062 703 4118 eam,
715 4045 820 4123 inquit,
836 4047 902 4121 qui,
918 4052 1087 4122 postquam
1140 4053 1230 4106 voret
1251 4048 1460 4120 illuminatos,
1485 4046 1672 4127 explicatum
1688 4066 1721 4110 aa

392 4128 558 4204 oeoidsm't,
585 4129 677 4190 hahet
696 4138 883 4205 potestatam
905 4134 1029 4193 mittere
1050 4135 1087 4191 ia
1139 4131 1193 4192 lud
1208 4152 1273 4213 cap.
1291 4135 1336 4193 6.:
1361 4133 1558 4210 Impossibile
1573 4142 1619 4194 ast
1633 4154 1697 4210 eos,

391 4216 580 4292 psbsaaom,
602 4216 676 4277 Luo.
696 4221 744 4277 12.
1139 4219 1201 4279 mal
1224 4229 1298 4283 sant
1316 4221 1502 4281 illuminati.
1530 4222 1693 4283 Breviter:
1715 4242 1721 4281 ι

436 4300 498 4363 esd
511 4311 637 4380 quaeret
648 4302 766 4383 aliquis,
778 4304 929 4384 quomodo
940 4324 1000 4365 non
1012 4325 1086 4386 pug
1140 4308 1221 4381 noti,
1239 4307 1269 4368 id
1286 4317 1334 4369 est
1348 4306 1502 4388 baptisati.
1525 4308 1604 4370 Nam
1621 4311 1721 4392 baptis

391 4397 444 4450 net
458 4388 536 4450 haee
549 4388 688 4469 Apostoli
711 4393 859 4452 sententia
874 4410 942 4450 oum
957 4390 1009 4450 illa
1024 4392 1086 4451 Da·
1141 4393 1253 4455 teribus
1276 4394 1430 4455 dioehatur
1447 4406 1668 4458 saoramentnm
1692 4395 1721 4458 ill

391 4473 469 4536 vidis
493 4477 512 4536 2
533 4475 608 4555 neg.
630 4475 681 4536 nlt.
706 4485 735 4537 et
759 4478 947 4538 1Par.21.:
973 4479 1088 4539 Melius
1140 4481 1238 4553 tionis,
1252 4480 1302 4541 vel
1313 4481 1352 4542 ob
1365 4480 1453 4541 tidem
1467 4480 1642 4562 professam,
1653 4485 1721 4563 vall

392 4570 445 4637 ast,
457 4569 495 4625 stt
505 4563 646 4624 taotdom
659 4566 695 4625 ia
706 4583 824 4626 manas
834 4565 976 4638 Domini,
990 4583 1086 4641 quom
1141 4566 1316 4628 admirabile
1331 4567 1433 4628 lumen
1450 4570 1569 4648 gratiae
1584 4569 1655 4643 Dei,
1678 4570 1711 4633 iu

390 4652 427 4711 ia
441 4668 557 4711 monas
570 4652 744 4712 hominum.
768 4651 851 4711 Huic
866 4652 1035 4729 quaestioni
1048 4652 1085 4711 D.
1139 4652 1273 4714 tenebris
1296 4675 1351 4733 per
1374 4654 1560 4733 baptismum
1582 4655 1721 4720 hominu

391 4735 527 4797 Thomas
550 4744 609 4798 tres
630 4736 755 4798 adhibet
769 4738 989 4817 responsiones,
1011 4758 1084 4817 qua·
1138 4740 1479 4813 ferebantur‚1Pet.2.
1499 4741 1550 4803 De
1564 4741 1717 4823 baptismo

391 4842 456 4882 rum
470 4822 576 4883 melior
591 4825 727 4898 austeris,
742 4843 831 4905 quam
846 4822 949 4884 David
964 4824 1086 4899 indicat,
1139 4847 1203 4886 rum
1223 4846 1263 4889 ex
1278 4827 1429 4890 Hebraeis
1452 4827 1584 4890 fidelium
1607 4829 1719 4894 haben

392 4906 461 4969 dum
477 4907 561 4970 addit
576 4930 630 4990 pro
641 4911 772 4971 ratione:
787 4911 909 4971 Multae
924 4914 1009 4973 esaim
1023 4914 1086 4970 mi·
1140 4915 1169 4972 ὓ.
1193 4921 1223 4973 et
1245 4917 1274 4974 4.
1316 4915 1446 4977 Sensus:
1474 4913 1691 4980 Recordemini
1719 4940 1720 4947 ¹

390 4995 580 5058 ustoosds'ae
595 4998 657 5059 Det
673 5004 757 5060 raas
781 4996 1016 5080 Itaqueusolntio
1032 5007 1085 5074 est,
1138 5001 1286 5081 temporis,
1306 5001 1426 5084 quando
1441 5003 1570 5086 primum
1584 5001 1659 5068 teeti
1674 5001 1721 5069 Oli
