4442 5825
433 596 503 707 ⁷4,
952 580 1405 666 oommrmrusmcrr.u.'

431 803 493 865 que
516 785 585 863 qui,
604 791 758 865 tamquam
781 786 904 848 intimus
925 785 985 846 Dei
1006 789 1127 861 amiour,
1179 787 1242 848 Hie
1257 807 1377 870 quoque
1392 788 1431 850 de
1452 789 1600 851 materiali
1624 787 1713 850 domo
1735 789 1873 871 loquitur,
1907 823 1912 838 ·

432 890 482 932 ore
497 870 537 932 ad
552 888 586 932 oe
601 891 667 932 oum
682 890 719 933 ao
734 871 834 935 fuerat
845 873 971 945 looutur,
987 880 1022 932 ut
1035 873 1126 934 faoile
1179 875 1261 955 quod
1276 884 1376 936 tamen
1398 875 1436 936 de
1458 876 1619 956 analogica
1633 875 1722 937 domo
1737 876 1876 936 :imiliter

429 959 461 1020 in
477 976 544 1019 eam
559 957 739 1020 ducerentur
759 961 938 1041 opinionem,
960 978 1023 1038 qoa
1038 969 1125 1040 puta·
1178 961 1244 1022 vuit
1259 962 1394 1041 intelligi,
1417 962 1449 1022 id
1464 972 1510 1024 eat
1524 962 1563 1025 de
1578 963 1700 1043 populo,
1724 964 1775 1024 oui
1790 981 1872 1044 prae

430 1054 498 1106 rent
516 1045 601 1107 illum
623 1047 740 1124 angoti:
761 1057 922 1127 praertare,
950 1064 1026 1125 quoa
1048 1046 1125 1109 Sori-
1178 1046 1275 1109 fertur
1290 1049 1468 1110 fuitlioeea

318 1134 323 1155 '
430 1139 520 1213 ptura
535 1152 595 1194 nou
617 1134 728 1196 amiooa
743 1132 811 1207 Dei,
833 1133 888 1197 aad
906 1133 1057 1194 ministros
1073 1155 1126 1213 ap·
1222 1139 1284 1217 Qut·
1298 1143 1404 1196 autem
1429 1139 1539 1198 omnio
1557 1138 1688 1211 erravit
1713 1138 1802 1199 Deua
1824 1144 1873 1196 ert

429 1219 532 1299 pellat.
555 1217 641 1298 Opus
657 1221 746 1301 igitur
761 1219 828 1294 fuit,
844 1230 877 1281 ut
892 1221 1022 1301 propriis
1037 1240 1124 1300 argu·
1178 1222 1356 1303 Elegantius
1370 1223 1400 1283 iu
1413 1222 1539 1298 Graeeo,
1554 1232 1670 1284 retenta
1680 1222 1872 1304 metaphora:

428 1306 536 1367 mentia
559 1305 679 1367 dooeret
701 1307 881 1387 Apostolur,
905 1315 1016 1388 quanto
1039 1306 1123 1369 Chri·
1178 1312 1240 1388 Qur'
1254 1318 1360 1372 eutem
1383 1313 1492 1370 omniu
1509 1311 1696 1389 fabricauit,
1720 1330 1777 1372 reu
1799 1327 1877 1371 eoa·

428 1400 492 1454 atue
512 1393 553 1453 eit
566 1393 653 1453 Meae
675 1395 780 1474 major.
803 1394 891 1456 Faoit
914 1403 1015 1456 autom
1031 1394 1063 1454 id
1078 1416 1123 1455 ar·
1177 1401 1302 1472 atruxit,
1322 1399 1408 1458 Deua
1423 1406 1474 1457 eat.
1498 1398 1575 1458 Item
1592 1397 1703 1476 Syrus:
1719 1396 1875 1474 ordiatu-

427 1480 576 1560 gumeutie
588 1479 714 1554 duobua,
730 1496 857 1561 quorum
869 1502 961 1544 uuum
977 1490 1028 1555 eat,
1044 1480 1124 1563 quod
1178 1487 1232 1544 or't.
1248 1482 1453 1545 Introduoitur
1468 1485 1547 1543 euim
1564 1486 1594 1543 in
1611 1484 1775 1564 doripturie
1790 1484 1874 1545 Deua

427 1568 564 1647 proxime
580 1570 725 1646 requitur.
1177 1578 1211 1630 ut
1232 1570 1320 1631 faber
1345 1577 1376 1630 et
1401 1571 1528 1643 artifex,
1554 1569 1607 1650 qui
1632 1569 1874 1631 :fundamentir

472 1659 500 1718 3.
523 1653 701 1731 Ampliori‘r
721 1657 805 1716 euim
826 1654 949 1731 plorioe
969 1658 1027 1716 iate
1044 1672 1125 1731 prae
1176 1657 1254 1718 huno
1269 1655 1374 1717 muudi
1397 1658 1565 1718 machinam
1588 1657 1651 1716 aula
1666 1657 1808 1718 manibua
1824 1674 1873 1719 ex·

427 1741 829 1817 Moredtpnoaeorloouoa
842 1740 1020 1803 Geuitivum
1028 1740 1122 1803 Grae·
1177 1746 1325 1818 struxerit,
1342 1742 1451 1803 Paalm.
1469 1747 1497 1804 8.
1513 1751 1543 1805 et
1560 1744 1619 1817 10,
1635 1753 1665 1802 et
1683 1744 1759 1805 alibi
1773 1745 1872 1825 aaep'e.

427 1847 494 1889 oum
502 1828 865 1909 retinuitiuterpree,oum
875 1827 1120 1890 Latinaeoneue·
1175 1829 1297 1891 Nullam
1328 1828 1446 1909 quidem
1472 1830 1523 1891 hio
1548 1829 1731 1909 Scripturam
1759 1829 1873 1910 proici

426 1914 500 1976 tudo
508 1916 606 1996 potiar
615 1917 779 1977 ablativum
788 1915 1122 1995 portuletzdmplt'ore,
1176 1918 1353 1996 Apostolus,
1378 1935 1438 1997 qua
1458 1917 1579 1996 probet,
1606 1915 1762 1979 (ibriatum
1782 1916 1873 1978 tuna

426 2021 481 2064 reu
495 2005 618 2078 majore
628 2004 733 2079 qlort'o
744 2002 869 2079 dipem.
885 2002 1077 2082 Quamquam
1094 2011 1124 2062 et
1175 2005 1243 2083 ejue
1264 2002 1370 2064 domur
1391 2003 1538 2082 opificem,
1561 2004 1591 2063 in
1613 2021 1674 2083 qua
1688 2004 1794 2066 liores
1807 2020 1871 2063 ver·

426 2088 553 2151 Latinus
569 2089 674 2162 Pollia,
698 2088 847 2151 Graecam
869 2088 1001 2169 phrasim
1024 2089 1121 2148 imita·
1176 2091 1316 2166 rebatur:
1338 2090 1391 2150 aed
1414 2110 1453 2151 ex
1473 2090 1525 2163 iia,
1548 2108 1630 2170 quae
1652 2091 1748 2169 primo
1771 2090 1872 2170 eapite
1898 2086 1901 2091 '

427 2183 499 2249 tua,
519 2175 613 2238 dixit:
639 2178 834 2253 Mopuorum
856 2177 945 2236 laud
969 2175 1123 2250 indique:
1175 2176 1266 2249 dixit,
1288 2176 1520 2256 intelligendum
1542 2177 1695 2256 relinquit,
1718 2175 1873 2238 cutim

425 2280 572 2325 auorum.
596 2262 803 2344 supplendum
819 2272 863 2324 eet
878 2270 996 2324 autem:
1016 2262 1121 2325 Tanto
1176 2283 1243 2325 aare
1258 2264 1368 2335 Deum,
1383 2283 1479 2324 rerum
1496 2265 1626 2324 omnium
1641 2269 1805 2324 erratorem
1825 2260 1872 2324 lbi

426 2350 584 2428 ampliore
603 2351 708 2427 ploriu
731 2358 797 2424 eto,
823 2359 858 2410 ut
882 2350 1063 2429 respoudeat
1084 2351 1121 2421 ei,
1175 2370 1306 2431 namque
1320 2352 1358 2412 de
1374 2369 1410 2410 eo
1426 2350 1537 2410 dietum
1555 2357 1616 2411 eet:
1637 2368 1698 2426 per
1713 2368 1808 2427 quam
1823 2349 1873 2427 fa·

426 2436 507 2518 quod
529 2439 681 2519 requitur:
705 2440 833 2516 Quanto
856 2438 1045 2512 ampliorem
1063 2438 1122 2496 do·
1175 2439 1218 2498 eit
1247 2446 1277 2499 et
1305 2437 1440 2498 anemio.
1476 2437 1568 2496 Item:
1595 2444 1733 2513 portuno
1764 2438 1872 2499 omnio

425 2543 536 2586 norem
545 2523 1121 2601 dobndomur,quifebrioaor'tillum.
1176 2524 1270 2585 verbo
1296 2526 1421 2586 virtuti:
1443 2543 1528 2584 auae.
1552 2523 1594 2583 Et
1612 2523 1688 2583 illud
1705 2522 1871 2604 deniquae

424 2610 557 2672 Burrum
579 2612 726 2691 interpres
747 2611 911 2690 genitivum
926 2610 1048 2670 retinuit
1063 2610 1121 2672 do·
1176 2610 1313 2672 Psalmo:
1332 2614 1382 2674 Tu
1396 2614 1432 2671 in
1444 2612 1621 2687 principio,
1638 2612 1791 2686 Domine,
1807 2617 1871 2672 :or-

425 2716 512 2772 mur,
536 2697 654 2758 Graeoa
675 2698 729 2757 τοῦ
752 2689 856 2756 οἴκου.
892 2694 1014 2775 Quare
1035 2696 1121 2757 multi
1175 2716 1247 2757 rom
1268 2699 1427 2776 fundator,
1452 2704 1482 2757 et
1503 2714 1603 2774 opere
1624 2714 1785 2758 munuum
1799 2705 1872 2759 tuo·

424 2785 601 2846 Latinorum
616 2786 823 2865 expositorum
839 2782 968 2863 decepti,
983 2784 1058 2844 mire
1073 2803 1121 2844 su·
1175 2804 1248 2845 rum
1270 2793 1345 2846 aunt
1370 2784 1457 2844 coeli.
1488 2784 1551 2863 Qui
1576 2790 1679 2845 autem
1701 2782 1822 2846 eoelum
1843 2788 1872 2844 et

425 2869 535 2932 darunt
561 2874 591 2931 iu
618 2870 749 2933 eruendo
779 2889 869 2932 aenou
896 2869 989 2949 huju:
1017 2873 1120 2951 partia.
1174 2879 1282 2934 terram
1296 2871 1376 2946 feeit,
1398 2872 1497 2933 omnia
1510 2871 1591 2932 feeit.

424 2959 572 3021 Eraamue
586 2957 762 3041 plauiaaime
777 2966 869 3018 totam
884 2957 1039 3038 periodum
1055 2979 1120 3020 ver·
1217 2959 1338 3021 Interim
1383 2957 1527 3019 adrareua
1563 2957 1694 3019 Arianos
1721 2957 1871 3036 ,ebrona

424 3047 462 3106 tit
477 3045 514 3106 ad
529 3044 758 3108 huuomodum:
777 3047 1036 3122 Teutonumque
1050 3064 1122 3106 mo·
1175 3064 1264 3125 quam
1294 3047 1345 3107 hio
1378 3053 1481 3125 aperta
1517 3043 1666 3125 significet
1696 3043 1872 3125 Apoatolua,

419 3135 493 3208 jore
506 3135 621 3211 olorda,
642 3149 738 3211 quum
754 3134 866 3207 Morta,
882 3133 932 3193 leit
947 3133 1064 3209 diqnur
1078 3140 1122 3193 erl
1175 3130 1328 3194 Christum
1343 3151 1410 3195 eoae
1425 3134 1532 3204 Duum,
1556 3132 1608 3210 qui
1631 3132 1734 3193 omnia
1749 3131 1873 3193 oreavil.

424 3220 560 3297 habitur,
585 3229 707 3300 quanto
729 3224 884 3296 mojorem
906 3219 998 3280 deba
1018 3220 1121 3281 dono·
1173 3217 1244 3280 Nisi
1271 3222 1351 3280 enim
1377 3220 1436 3280 hoo
1458 3216 1495 3279 de
1518 3217 1636 3280 Ghriato
1658 3219 1871 3302 interpreteris

423 3323 492 3369 rem
513 3311 551 3384 r'a,
578 3310 634 3387 qui
655 3310 834 3370 mummuli
855 3307 995 3382 domum,
1022 3325 1121 3384 quum
1173 3305 1259 3366 nulla
1279 3308 1394 3367 ratione
1416 3313 1555 3367 oonrtme
1575 3307 1684 3387 poterit
1707 3304 1801 3387 hujua
1816 3305 1873 3367 lou

425 3396 623 3473 iptodomur.
637 3392 776 3457 Oetendit
785 3394 949 3475 Apostolus
958 3394 1015 3455 hae
1027 3401 1120 3473 parte,
1174 3393 1319 3473 probatio.
1347 3392 1443 3455 Simul
1465 3391 1596 3464 attende,
1620 3412 1681 3474 quo
1702 3391 1872 3456 considera·

425 3482 499 3564 quid
528 3482 719 3545 eoneiderare
748 3481 824 3545 velit
847 3499 919 3543 auoa
944 3480 1120 3556 Hebraeos:
1174 3481 1284 3541 tionem
1299 3480 1507 3541 Hebraeorum
1529 3478 1676 3557 perduoat
1697 3480 1738 3541 de
1753 3475 1873 3542 Ghrixto

425 3569 552 3646 roilioat,
564 3571 714 3630 Christum
726 3572 757 3629 in
769 3570 862 3630 :aeria
873 3568 969 3629 literia
982 3567 1122 3645 ampliori
1173 3567 1320 3649 Apoatolo
1336 3577 1367 3628 et
1381 3566 1534 3627 Pontidoe.
1561 3566 1639 3628 Nam
1661 3578 1779 3629 remota
1801 3569 1871 3650 pau·

424 3657 523 3738 gloria
537 3666 567 3718 et
581 3658 696 3718 honore
714 3655 836 3735 dignum
852 3654 997 3728 habitum,
1019 3654 1051 3715 id
1066 3662 1120 3727 eat,
1174 3656 1269 3735 liaper
1291 3651 1495 3733 disputatione
1519 3652 1557 3714 de
1579 3653 1744 3729 Pontifloe,
1771 3654 1821 3716 tui
1842 3655 1872 3716 iu

424 3743 553 3823 amplior
568 3743 663 3803 multo
678 3743 826 3815 honorari,
845 3761 935 3819 quam
949 3740 1064 3816 idoaen,
1087 3751 1121 3802 ut
1174 3740 1475 3822 aequantibualooum
1485 3753 1595 3814 servat,
1607 3740 1705 3816 dotat,
1718 3740 1873 3804 Ohriatum

424 3833 477 3912 qui
499 3829 685 3892 deroribatur
712 3827 813 3910 opifex
839 3827 920 3889 illiue
941 3827 1063 3902 domur,
1089 3829 1120 3888 in
1173 3830 1205 3891 in
1227 3849 1263 3891 eo
1285 3827 1420 3908 quidem,
1443 3827 1526 3905 quod
1545 3826 1711 3906 Apostolus
1733 3827 1794 3890 fuit
1816 3827 1870 3891 Ju·

423 3939 485 4001 qua
499 3918 601 3979 Moror
615 3916 716 3979 fidelia
731 3916 824 3977 iriam
840 3923 1035 3992 memoratur;
1051 3933 1119 3977 oum
1173 3915 1280 3977 daioae
1300 3915 1413 3990 gentio,
1440 3913 1558 3993 aliquid
1579 3913 1691 3975 habere
1713 3931 1870 3978 oummuut

422 4005 575 4068 ediverso
587 4006 689 4066 Moror
704 4012 820 4065 tautum
835 4002 927 4063 doerit
942 4022 1012 4082 para
1029 4021 1118 4084 quae
1173 4023 1239 4063 eum
1257 4001 1351 4073 More,
1375 4001 1474 4080 quiin
1488 4019 1524 4060 eo
1547 4001 1660 4081 populo
1683 4002 1785 4063 rimile
1804 4020 1869 4083 gar

423 4092 492 4155 dam
508 4091 642 4167 eiuadem
666 4091 781 4163 domur,
801 4098 905 4169 utpote
920 4108 997 4150 unua
1012 4110 1051 4151 ex
1066 4110 1119 4168 po·
1172 4092 1213 4151 ait
1235 4088 1370 4159 officium,
1394 4085 1537 4147 videlieet
1558 4086 1684 4149 diriuae
1706 4087 1871 4150 voluntati:

422 4179 496 4261 pulo
518 4180 595 4253 Dei,
622 4179 671 4239 eui
694 4176 865 4257 praeieotua
883 4184 964 4256 erat.
993 4176 1121 4256 Abrque
1173 4175 1211 4236 ad
1226 4173 1370 4256 populum
1393 4175 1556 4254 iuterprea;
1579 4182 1735 4236 caetorum
1757 4177 1791 4237 iu
1806 4177 1871 4256 ipro

423 4266 515 4329 dubio
540 4274 640 4326 autem
667 4264 773 4345 opifex
799 4272 830 4326 et
855 4263 1039 4324 architecta:
1062 4281 1119 4324 aua
1172 4261 1258 4323 aliud
1287 4261 1377 4321 etiam
1406 4279 1442 4320 ao
1471 4262 1631 4341 praecipue
1661 4261 1871 4340 apeetaudum,

423 4353 512 4415 domo
534 4353 631 4432 major
653 4359 706 4424 eet,
728 4360 764 4411 ut
785 4351 915 4412 effioieue
937 4349 1004 4429 ejue
1019 4367 1118 4411 eausa
1172 4369 1233 4430 quo
1254 4347 1345 4429 longe
1367 4364 1460 4426 eupra
1481 4346 1598 4408 Moram
1621 4349 1765 4423 emineat,
1792 4345 1872 4431 qued

422 4439 614 4503 Materialem
629 4439 760 4500 domum
774 4438 825 4499 hio
840 4436 961 4518 quidem
976 4435 1121 4515 iutelligit
1172 4436 1310 4498 nimirum
1320 4434 1406 4495 Daue
1421 4434 1469 4506 eit,
1485 4436 1616 4495 omnium
1627 4453 1728 4495 rerum
1740 4436 1871 4510 edeam.

422 4525 597 4609 apostolor,
618 4523 673 4587 :ed
687 4525 725 4588 ab
741 4544 777 4588 ea
792 4525 1051 4586 ratiocinationem
1066 4541 1118 4585 no·
1172 4531 1203 4583 et
1217 4520 1342 4602 proinde
1364 4520 1454 4581 etiem
1469 4519 1550 4582 illiue
1573 4518 1681 4581 domur
1698 4518 1872 4595 labrieator,

423 4622 515 4677 atram
543 4612 676 4676 traduoit
704 4611 743 4673 ad
773 4610 894 4673 domurn
923 4610 1120 4690 analogicum,
1173 4611 1204 4670 iu
1220 4607 1402 4689 quaMoaee,
1417 4616 1453 4667 ut
1468 4627 1539 4688 para
1550 4613 1581 4669 et
1592 4608 1759 4670 membrum
1776 4607 1869 4691 quotl-

423 4701 589 4782 eujusmodi
610 4700 668 4762 fuit
681 4698 869 4761 Iaradlitieue
890 4696 1032 4779 populna,
1054 4698 1119 4778 opl-
1172 4696 1251 4769 dam,
1274 4695 1331 4755 etei
1348 4694 1414 4754 aliia
1434 4696 1654 4774 praepoaitum,
1678 4695 1870 4777 eomprehen-

423 4788 510 4851 fioem
524 4789 640 4849 habena
655 4787 764 4847 Deum.
1171 4782 1267 4844 datur.
1290 4781 1460 4861 Tamquam
1474 4799 1534 4841 uuo
1549 4780 1644 4843 verbo
1665 4779 1763 4843 dieat:
1786 4781 1871 4845 chri·

465 4877 494 4936 4.
520 4877 631 4937 Omnia
645 4891 785 4951 nomque
808 4872 922 4933 domur
933 4869 1120 4948 fobrlooiur
1172 4878 1237 4930 rtur
1252 4868 1365 4929 Morem
1381 4866 1470 4942 feeit:
1495 4868 1588 4946 igitur
1602 4886 1638 4929 ao
1654 4869 1754 4947 major
1769 4877 1826 4944 aar,
1841 4875 1871 4931 at

423 4961 606 5041 abaliquo.
645 4959 742 5040 Quaai
767 4958 864 5020 dieat:
893 4957 987 5019 Nulla
1012 4955 1118 5018 domur
1171 4961 1256 5017 tante
1271 4952 1400 5034 quidam,
1416 4963 1529 5034 quanto
1541 4955 1636 5034 major
1650 4952 1755 5034 opifex
1771 4957 1871 5039 opere.
1908 4998 1916 5016 .

421 5047 550 5113 labrioat
564 5067 598 5112 re
611 5049 717 5131 iprum,
740 5044 849 5110 :adab
867 5044 1117 5108 aliofabrioatur.
1214 5042 1244 5105 o.
1266 5040 1311 5104 Ei
1330 5041 1432 5102 More:
1452 5040 1580 5120 quidam
1605 5037 1721 5120 tidelia·
1735 5049 1809 5107 erut
1832 5043 1870 5107 itt
