4442 5825
758 580 920 638 crutam
937 581 955 636 l.
972 580 1061 636 ΒΕΔΤΙ
1076 579 1211 635 tollitis,
1246 580 1329 636 11118.
1351 582 1390 636 lb.
1728 591 1749 660 Ἰ
1755 591 1801 660 71

355 780 433 822 mus.
457 759 516 820 Per
537 759 615 821 hanc
637 767 736 823 autem
758 758 919 838 specialem
935 756 1055 820 conclu·
1108 757 1289 839 quibusdam
1319 777 1388 821 esse
1416 757 1585 832 soloecon,
1621 756 1705 838 quod
1734 767 1804 839 post

357 849 473 909 sionem
495 845 645 908 delabitur
659 846 823 925 Apostolus
846 841 943 926 (qnod
958 843 1052 906 Occu·
1107 845 1200 907 illud:
1216 850 1254 921 ei,
1271 855 1417 926 sequatur
1427 846 1497 906 hoc:
1512 845 1736 924 peccantibus,
1752 844 1806 906 scd

357 935 476 995 menius
492 930 627 1011 annotat)
644 933 684 996 ad
699 944 812 995 certum
828 931 980 1013 quoddam
995 932 1054 992 fra·
1109 932 1182 994 hacc
1201 935 1304 1008 oratio,
1327 941 1361 993 ut
1383 932 1464 994 aliae
1486 934 1601 994 similes
1624 932 1705 1012 apud
1728 933 1805 1014 opti·

357 1029 464 1082 ternae
479 1022 613 1081 caritatis
640 1020 745 1100 (quam
769 1021 882 1100 passim
899 1027 962 1080 tots
981 1019 1055 1099 Epi·
1110 1040 1176 1080 moe
1192 1038 1329 1102 quosque
1344 1030 1489 1115 auctores,
1513 1019 1603 1081 facile
1626 1017 1807 1093 delenditur,

358 1107 441 1170 stola
456 1116 614 1188 tantopere
638 1103 813 1183 inculcavit)
836 1105 962 1167 officium
985 1105 1055 1167 tide·
1111 1105 1191 1188 quod
1221 1126 1312 1168 sensa
1352 1109 1571 1187 congruitatem
1601 1116 1713 1169 cavet
1757 1106 1808 1179 Ad

359 1194 440 1256 libus
467 1192 751 1269 commendandum
785 1192 867 1273 quod
897 1203 941 1254 est
970 1212 1057 1253 orare
1110 1195 1210 1274 ipsum
1237 1194 1317 1255 euim
1343 1213 1440 1273 genus
1466 1194 1571 1255 talium
1598 1194 1633 1254 fit
1658 1194 1806 1255 sermonis

359 1301 416 1363 pro
432 1279 612 1354 Christiano,
628 1288 771 1362 peccante
786 1278 916 1360 quidem,
932 1278 1057 1340 sednon
1112 1281 1271 1355 transitus,
1299 1281 1370 1341 licet
1395 1281 1434 1341 de
1459 1301 1518 1343 uno
1544 1282 1686 1362 quopiam
1712 1278 1807 1341 fratre

359 1367 401 1428 ad
423 1377 565 1444 mortem,
589 1368 676 1448 quasi
699 1366 798 1428 dicat:
822 1366 923 1445 Quum
946 1365 1056 1428 habca·
1110 1386 1208 1428 sermo
1235 1369 1448 1447 praecesserit3
1480 1371 1569 1448 quasi
1595 1367 1692 1428 dicat:
1722 1367 1806 1427 Dans

360 1473 429 1516 mus
452 1454 560 1515 bonam
583 1454 732 1527 ilduciam,
756 1455 813 1514 imo
837 1473 903 1514 cam
919 1454 1057 1527 sciamus,
1112 1452 1196 1516 dabit
1219 1456 1247 1515 ei
1270 1456 1381 1531 vitam,
1404 1454 1489 1517 dico:
1515 1455 1576 1528 his,
1603 1456 1656 1535 qui
1682 1461 1811 1534 peccaut

361 1561 418 1603 uos
435 1541 572 1602 auditum
588 1543 625 1602 iri
640 1562 658 1602 a
673 1541 751 1615 Deo,
774 1540 875 1622 siquid
894 1539 1057 1600 secundum
1112 1562 1175 1602 nan
1190 1539 1230 1600 ad
1245 1550 1380 1602 mortem.

361 1629 548 1690 voluntatem
579 1630 644 1709 ejus
682 1629 890 1709 petiverimus3
929 1645 1057 1707 cumque
1155 1628 1269 1688 Nostra
1288 1628 1377 1690 lectio
1400 1629 1476 1689 vitat
1497 1628 1568 1702 hoc,
1592 1624 1741 1709 quidquid
1765 1634 1812 1689 sn

361 1717 503 1788 sciamus,
525 1735 580 1776 uos
592 1718 657 1794 jam
674 1713 794 1789 habere,
817 1733 895 1795 quae
916 1714 1058 1775 antehoc
1112 1714 1309 1791 incommodi3
1332 1724 1361 1775 et
1384 1725 1416 1776 nt
1440 1716 1535 1776 nostri
1557 1723 1658 1775 textus
1681 1732 1810 1776 commu·

362 1810 482 1882 tempus
503 1802 540 1862 ab
563 1823 597 1863 eo
621 1803 798 1883 petivimus3
822 1821 888 1861 cum
910 1796 1057 1881 (inquam)
1114 1805 1192 1861 niter
1207 1800 1328 1874 habent,
1355 1804 1399 1863 ita
1413 1801 1489 1883 legit
1510 1802 1602 1864 ctiam
1620 1799 1810 1864 Venerabilis

362 1889 440 1950 hacc
468 1891 614 1950 sciamus:
653 1890 746 1969 siquis
775 1889 907 1961 noverit,
936 1887 1058 1949 fratrom
1115 1886 1206 1948 Beda.
1221 1887 1615 1970 Quamquam,quiveteres
1623 1890 1725 1949 Latini
1738 1887 1808 1949 libri

363 1978 538 2057 quempiam
561 1996 663 2049 mom,
685 1975 835 2036 hominem
859 1975 1059 2036 Christianum
1114 1974 1162 2035 hic
1199 1978 1389 2038 consentiunt
1419 1975 1547 2038 Graecis
1584 1971 1810 2052 (Louanieuses

364 2061 444 2136 dico,
470 2073 629 2143 peccatum
656 2061 779 2143 aliquod
804 2060 979 2136 admisisse,
1006 2081 1060 2123 seu
1115 2070 1275 2136 testantur,
1298 2082 1351 2124 sex
1371 2063 1448 2124 tales
1471 2064 1530 2125 sibi
1557 2059 1766 2144 conspectos),
1789 2062 1812 2121 ii

363 2159 492 2231 peccato
522 2151 625 2232 aliquo
655 2151 749 2211 teucri
780 2143 824 2224 (iu
851 2148 969 2212 Graeco
996 2156 1059 2210 est:
1115 2170 1175 2210 nou
1195 2149 1308 2211 debent
1330 2153 1438 2231 corrigi
1460 2161 1585 2232 propter
1605 2151 1685 2213 hanc
1707 2152 1809 2211 incon-

362 2246 557 2316 pcccantcm,
582 2237 634 2299 ubi
654 2257 708 2298 noa
724 2235 883 2297 habemus:
904 2231 1060 2315 peccare),
1116 2239 1255 2315 grnitatis
1281 2239 1426 2314 speciem,
1452 2240 1511 2298 nisi
1534 2240 1603 2318 quis
1626 2253 1655 2299 et
1676 2237 1811 2299 Graecos

365 2324 450 2406 quod
464 2346 525 2387 non
541 2327 581 2387 sit
596 2324 635 2386 ad
651 2333 786 2393 mortem,
803 2331 918 2403 potata
937 2323 1014 2397 Deo,
1029 2331 1063 2382 ut
1116 2324 1237 2385 ecdicos
1249 2324 1325 2385 velit
1336 2334 1460 2386 mutare.
1483 2325 1594 2386 Similis
1606 2345 1703 2406 paeuc
1715 2323 1813 2385 forma

365 2411 454 2472 illum
467 2412 506 2473 ab
521 2432 557 2474 ec
569 2420 694 2494 peccato
706 2410 821 2484 liberet,
838 2418 869 2470 et
880 2410 964 2470 Deus
977 2409 1062 2471 dabit
1116 2412 1275 2472 locutionis
1298 2420 1344 2471 sat
1362 2413 1393 2473 in
1409 2411 1534 2474 Graecis
1550 2423 1581 2473 et
1595 2414 1704 2473 nostris
1718 2412 1812 2483 libris,

366 2499 413 2560 illi
429 2501 529 2572 vitam,
554 2500 690 2581 peccanti
712 2496 760 2576 (ct
774 2493 926 2577 praedixi)
948 2518 1008 2559 non
1023 2495 1062 2556 ad
1116 2499 1206 2561 Jcan.
1230 2501 1278 2572 17,
1302 2503 1339 2571 2.,
1361 2509 1393 2560 et
1408 2501 1439 2560 iu
1463 2504 1490 2562 2.
1515 2500 1549 2560 B.
1567 2500 1699 2561 Joauuia
1713 2500 1812 2579 Epist.

365 2594 504 2648 mortam.
538 2586 574 2647 Id
600 2585 683 2667 quod
705 2583 796 2659 addc,
821 2585 894 2664 qnia
914 2582 1062 2664 quasdam
1118 2607 1147 2646 v.
1164 2587 1192 2645 7.
1210 2587 1358 2646 contrario
1381 2586 1469 2647 modo
1487 2586 1672 2648 antecedens
1687 2596 1734 2646 est
1748 2585 1813 2667 plo·

368 2684 496 2754 peccata
510 2674 633 2735 suntad
649 2683 786 2745 mortem,
803 2692 859 2752 pro
875 2672 987 2751 quibus
1003 2691 1064 2731 non
1118 2675 1190 2747 rale,
1212 2673 1370 2734 relativum
1391 2674 1553 2755 singulare.
1579 2673 1656 2735 Sunt
1680 2672 1814 2734 nasutnli

364 2760 470 2841 jubeo,
493 2782 553 2822 non
575 2780 698 2834 moneo,
725 2780 785 2820 non
806 2758 916 2832 hortor,
942 2767 976 2818 nt
998 2759 1063 2838 ipss
1119 2770 1150 2822 et
1160 2759 1314 2821 delicatuli
1327 2760 1456 2840 qnidam,
1473 2761 1580 2841 quibus
1592 2760 1682 2822 facilc
1695 2757 1814 2840 aliquid

366 2858 464 2929 roget.
488 2849 549 2908 Hic
564 2856 611 2909 est
625 2866 730 2908 sensus
752 2844 908 2905 verborum
924 2845 1064 2928 Apostoli
1119 2846 1263 2928 displicet
1288 2849 1320 2907 in
1343 2866 1479 2910 sermone
1504 2867 1608 2909 sacrae
1633 2848 1814 2929 Scripturas,

367 2944 434 2996 tcto
449 2936 507 2996 lroc
521 2955 612 2997 versu
629 2937 687 3009 16,
710 2942 740 2996 et
761 2952 863 2994 eorum
886 2952 953 2995 cum
979 2952 1063 3013 prae·
1119 2955 1210 3015 saepe
1222 2937 1286 2996 sine
1298 2937 1420 3009 ratione,
1437 2944 1470 2997 nt
1481 2936 1537 2997 boc
1549 2944 1631 2996 certe
1642 2936 1719 2997 loco.
1750 2936 1813 2996 lie·

368 3022 546 3085 cedentibus
562 3024 718 3083 connexio.
1118 3024 1241 3083 miniosa
1264 3023 1308 3082 illi
1329 3020 1476 3084 debebant
1498 3023 1604 3084 horam
1620 3034 1650 3084 ot
1664 3023 1814 3094 similium,

416 3111 466 3171 Ex
481 3110 538 3170 bac
554 3108 756 3171 declaratione
771 3106 959 3187 intelligitur,
975 3106 1066 3188 quod,
1121 3108 1204 3189 apud
1227 3106 1396 3171 comicum:
1426 3113 1557 3186 Aperite
1580 3110 1697 3187 aliquis
1722 3117 1815 3171 actu·

312 3263 314 3270 ,
370 3199 510 3278 quamvis
532 3198 562 3257 iu
577 3196 718 3276 originali
739 3214 793 3275 pro
818 3193 887 3254 illo:
906 3202 1006 3272 petat,
1028 3194 1066 3254 sit
1120 3204 1188 3257 tum
1204 3199 1338 3273 catium;
1354 3196 1436 3277 apud
1451 3197 1618 3258 Nasonem:
1638 3199 1707 3257 Hoc
1720 3213 1816 3273 pecus

369 3282 505 3345 inturnm
521 3283 694 3345 indicativi:
708 3287 804 3359 pctct,
821 3271 950 3359 αἰτήσει,
967 3291 1065 3342 umen
1121 3302 1214 3343 omne
1241 3302 1365 3358 mcum,
1394 3285 1515 3345 multae
1544 3284 1750 3346 stabulantur
1779 3285 1816 3343 in

369 3368 449 3431 illud
476 3390 531 3451 pro
553 3372 723 3451 imperativi
746 3387 798 3429 acu
820 3368 961 3428 hortativi
985 3366 1065 3429 modi
1120 3373 1224 3430 antris
1231 3394 1243 3448 ,·
1278 3371 1361 3450 apud
1390 3370 1529 3432 Bottium
1557 3370 1678 3432 (tonsol.
1706 3369 1757 3431 lib.
1784 3371 1813 3429 2.

312 3522 315 3537 ‚
368 3456 465 3519 verbo
480 3459 522 3518 sit
537 3456 751 3538 accipiendam,
773 3463 808 3514 ut
822 3455 855 3515 iit
872 3457 902 3515 in
918 3456 1066 3516 similibus
1119 3477 1210 3538 prosa
1225 3457 1270 3517 a:
1298 3458 1382 3536 Quid
1397 3476 1485 3532 vcro,
1508 3461 1535 3519 n‘
1550 3476 1666 3535 corpur
1685 3464 1813 3535 specta,

311 3595 314 3628 ἶ
371 3543 550 3626 quotidiano
566 3564 714 3605 sermono.
738 3542 787 3601 lta
809 3541 994 3603 intellexisse
1010 3540 1065 3602 Oe·
1120 3544 1306 3604 imbecillius
1317 3547 1445 3607 bomine
1454 3549 1596 3622 rcpcrirc
1606 3546 1815 3623 aurasicum

311 3693 313 3700 ,
368 3633 549 3706 cumeaium,
572 3638 618 3691 est
639 3638 773 3711 apertum
797 3647 834 3689 ex
857 3630 950 3710 ipsias
966 3629 1065 3710 expla-
1120 3650 1214 3707 sacpc
1229 3632 1445 3693 muscularum
1469 3651 1593 3710 quoquc
1608 3650 1741 3707 morsus,
1764 3630 1815 3692 ccl

311 3767 317 3806 ί
368 3720 512 3792 natione,
542 3737 620 3798 quae
645 3718 727 3778 hunc
752 3723 870 3776 textum
900 3716 1067 3779 immediate
1120 3720 1157 3779 in
1183 3725 1301 3779 secreta
1330 3738 1473 3797 quaeque
1498 3723 1698 3796 reptantium
1723 3724 1815 3781 necat

311 3866 317 3900 ἱ,
368 3803 582 3887 praecedit30t
591 3807 635 3865 sic
644 3823 710 3864 esse
720 3801 957 3883 intelligendum,
970 3802 1068 3882 liquet
1121 3807 1280 3866 introitur.
1304 3805 1338 3866 Si
1362 3806 1447 3885 plura
1469 3807 1543 3867 talia
1566 3805 1745 3878 desiderant,
1769 3805 1813 3865 vi·

311 3951 318 3978 a
368 3910 410 3953 cx
424 3890 525 3952 verbis
536 3890 676 3972 Apostoli
688 3889 886 3969 sequentibus
901 3889 979 3951 illis:
994 3892 1067 3952 Non
1122 3891 1214 3952 deaut
1230 3912 1268 3952 ex
1285 3893 1397 3967 Tullio,
1419 3894 1554 3966 Marone,
1577 3893 1674 3967 Livia,
1692 3892 1815 3954 comico

311 3977 319 4073 't
368 3996 436 4057 pro
453 3979 510 4038 ilio
525 3979 607 4052 dico,
626 3986 663 4039 ut
676 3983 774 4053 rcpct.
798 3977 909 4057 Quare,
932 3976 1004 4038 licet
1018 3995 1066 4039 ve·
1122 3977 1203 4060 apud
1219 3980 1386 4041 Ninivitam
1409 3982 1440 4041 in
1463 4000 1573 4060 magno
1596 3999 1686 4060 opere
1706 3980 1816 4060 Synta·

311 4125 320 4160 ‚
370 4074 454 4128 teres
473 4064 595 4145 qnidam
611 4064 732 4126 codices
746 4064 846 4124 Latini
861 4062 910 4124 hic
924 4062 1068 4125 babeant:
1122 4084 1207 4137 xeos,
1228 4085 1266 4126 ue
1287 4086 1342 4126 nos
1365 4065 1403 4127 ad
1426 4066 1693 4128 Grammaticorum
1708 4084 1818 4127 arcana

311 4209 320 4250 ς
368 4159 468 4231 petet,
492 4170 553 4213 non
575 4150 685 4213 idcirco
702 4158 803 4212 textus
827 4158 930 4210 noster
945 4160 991 4211 est
1004 4169 1068 4211 mn·
1125 4154 1197 4233 ipsis
1212 4151 1376 4232 aperienda
1391 4172 1550 4215 excurrere
1565 4173 1716 4234 cogamur.

371 4238 496 4301 undas.
1167 4239 1203 4299 ln
1218 4239 1278 4299 fins
1297 4239 1386 4319 hujus
1409 4259 1513 4301 vemas
1535 4260 1602 4302 cum
1625 4240 1749 4302 dicitur:
1777 4238 1818 4301 Ut

311 4389 321 4426 Ι
416 4325 468 4387 Illi
483 4320 575 4387 iidem
586 4324 692 4386 Latini
706 4322 827 4384 codices
838 4322 931 4384 verba
943 4342 1070 4403 sequen·
1125 4333 1214 4402 roget
1229 4328 1309 4403 quir,
1333 4326 1407 4387 illud
1431 4330 1576 4405 quianon
1591 4329 1684 4389 estin
1700 4326 1817 4389 Gracco

322 4473 326 4494 ,
373 4413 427 4486 tia,
443 4411 638 4473 conformiter
653 4410 801 4491 originali,
825 4410 868 4469 ita
881 4408 999 4490 legunt:
1026 4412 1071 4473 Et
1124 4411 1242 4485 codice,
1280 4412 1334 4473 sed
1364 4416 1553 4493 suppositum
1582 4414 1682 4476 verbi:
1717 4420 1816 4491 roget,

311 4522 324 4574 ,·
368 4499 462 4562 dabit
491 4502 519 4559 et
546 4503 666 4572 attam,
695 4496 899 4574 peccantibus
927 4515 996 4559 non
1025 4498 1069 4557 ad
1124 4498 1300 4559 subanditur
1313 4519 1351 4562 ex
1363 4499 1621 4580 praecedentibus.
1636 4502 1732 4562 Recte
1743 4500 1817 4563 iecit

368 4592 517 4650 murteta.
541 4585 649 4659 Dabit,
674 4585 742 4644 sins
765 4582 856 4644 dubio
876 4584 1068 4645 subanditur:
1123 4585 1398 4668 nosterlnterpres,
1421 4587 1500 4667 qood
1515 4588 1564 4649 hic
1585 4587 1662 4648 illud
1680 4591 1751 4666 quic
1764 4606 1816 4649 ex·

324 4671 332 4744 ζ
370 4675 474 4747 Deae,
488 4668 911 4754 expraccedcutibus3quare
924 4672 1070 4732 innostra
1126 4673 1250 4753 pressit3
1275 4694 1344 4735 uam
1360 4676 1390 4735 in
1405 4675 1503 4737 fronte
1518 4676 1607 4736 totius
1630 4694 1743 4748 versus,
1762 4674 1817 4735 ubi

310 4747 334 4857 ;
369 4760 506 4823 lectiam
525 4779 616 4841 quum
640 4757 763 4819 dicitur:
791 4756 932 4818 Dabitur
947 4760 975 4817 ci
990 4760 1068 4834 vita,
1125 4760 1279 4841 originalis
1296 4761 1392 4822 codex
1407 4761 1516 4822 habet:
1536 4763 1571 4824 ss·
1586 4765 1667 4838 quis,
1688 4764 1756 4840 ipss
1770 4780 1817 4822 sc·

310 4905 332 4930 ,
370 4846 515 4911 rimiliter
544 4860 591 4908 est
615 4843 918 4923 subintelligendum:
945 4862 967 4903 a
993 4847 1069 4905 Dec.
1124 4846 1184 4906 lum
1208 4850 1309 4927 posuit
1331 4847 1429 4909 istud:
1452 4850 1522 4927 Qui.
1549 4847 1651 4928 Atque
1672 4849 1819 4909 hacteuus

310 4991 323 5016 ,
366 4931 457 4998 lllud
473 4942 582 5007 autem,
598 4930 680 5013 quod
695 4932 833 5009 sequitur
846 4952 853 4989 ι
866 4932 1071 5006 peccantibus
1126 4932 1247 5013 quidem
1276 4934 1396 4997 facilem
1433 4934 1545 4995 babent
1579 4935 1819 5015 explicationem,

310 5075 313 5082 .
364 5038 441 5099 nan
458 5020 504 5081 ad
518 5027 662 5098 mortem,
682 5018 780 5101 prima
798 5015 896 5079 stante
917 5018 1072 5083 ridebitur
1129 5040 1209 5100 quac
1223 5031 1295 5083 sont
1308 5023 1366 5084 isto
1379 5040 1480 5084 verca.
1504 5021 1566 5083 Sed
1579 5021 1656 5083 illud
1671 5020 1820 5110 difficilius

1540 5119 1611 5187 49*
