4442 5825
888 607 1164 663 umeromaao
1184 607 1349 662 munos
1764 615 1808 682 13

362 788 488 866 agnovit
500 793 532 847 et
542 791 704 846 veneratus
718 792 771 859 est,
786 793 821 845 ut
832 805 869 846 ex
884 786 950 864 ejus
959 785 1061 865 Epist
1115 792 1147 845 et
1155 784 1355 844 Timotheum.
1372 782 1519 862 Adjuugit
1531 791 1629 844 autem
1642 803 1718 856 eam,
1730 802 1811 862 qnae

363 874 434 934 235.
457 874 571 952 liquet,
598 871 639 931 de
664 879 788 932 auctore
814 873 878 951 ejus
904 871 1062 952 Epistulae
1114 873 1227 948 scripta
1242 880 1286 930 est
1301 869 1338 928 ad
1351 869 1517 943 Hebraeos,
1531 891 1593 931 non
1608 869 1689 951 quod
1705 869 1810 930 eadem

363 978 510 1039 suspenso
526 958 643 1019 calamo
659 959 836 1037 scripsisset
859 958 972 1019 Verum
988 958 1060 1018 seis·
1114 974 1234 1037 prorsus
1251 966 1331 1017 esset
1346 959 1432 1031 ratio,
1455 958 1509 1017 ssd
1524 959 1665 1036 quoniam
1680 963 1709 1015 et
1723 956 1811 1031 hanc,

365 1045 419 1104 bat
432 1045 633 1124 Augustinus,
650 1062 710 1104 non
724 1046 832 1118 omnis,
848 1063 925 1123 qnae
940 1063 1061 1124 quoquo
1115 1045 1191 1103 sicut
1214 1042 1291 1115 illas,
1314 1043 1449 1103 Marcion
1473 1051 1564 1122 atque
1579 1041 1732 1103 Basilides
1750 1062 1812 1102 non

364 1130 450 1191 modo
463 1130 605 1192 dicuntur
617 1132 649 1189 in
657 1128 810 1202 Consiliis,
822 1129 977 1190 definitive
990 1130 1061 1190 dici.
1116 1129 1214 1188 solum
1230 1129 1376 1188 Paulinae
1394 1147 1461 1188 esse
1477 1129 1636 1208 negabant,
1652 1127 1716 1202 ssd,
1731 1126 1812 1209 quod

365 1218 461 1278 Multa
485 1219 565 1277 enim
589 1215 726 1276 dicuntur
741 1236 781 1277 ex
796 1217 958 1290 omasioue,
982 1235 1062 1296 quae
1115 1215 1277 1296 praecipue
1286 1215 1489 1294 Hieronymus
1497 1222 1592 1293 urget,
1603 1214 1812 1297 repudiabant,

365 1326 421 1365 non
436 1323 542 1385 parem
557 1322 626 1363 cnm
641 1303 686 1377 iis,
702 1322 781 1383 qnae
796 1300 989 1374 definiuntur,
1009 1322 1060 1361 an·
1115 1310 1148 1362 ut
1172 1301 1315 1380 profanas
1338 1308 1369 1361 et
1383 1300 1509 1360 Paulino
1532 1302 1639 1380 spiritu
1663 1301 1812 1381 indignas,

366 1393 530 1451 ctoritatem
555 1389 674 1461 habent,
699 1387 948 1468 quomadmodum
964 1407 1061 1449 exem·
1116 1396 1150 1446 ut
1173 1386 1264 1447 habet
1279 1386 1476 1465 Epiphanius.
1500 1387 1568 1446 Non
1591 1390 1669 1448 enim
1685 1386 1743 1447 hoc
1757 1408 1809 1448 vo·

365 1480 420 1558 plis
442 1477 535 1536 facile
557 1474 618 1534 fnit
639 1475 809 1536 ostendere.
836 1474 898 1535 Sed
922 1494 960 1535 ns
976 1482 1063 1535 extra
1115 1475 1209 1534 luisse
1224 1472 1453 1552 Hieronymum,
1476 1473 1557 1553 quod
1581 1474 1710 1553 objectio
1725 1493 1809 1552 prae

365 1566 536 1624 institutum
553 1580 724 1641 evagemur,
741 1581 831 1621 tinum
845 1559 1061 1621 sufficiatOon·
1115 1557 1226 1633 tendit,
1252 1560 1282 1632 in
1308 1579 1467 1638 progressu
1490 1561 1694 1621 commentarii
1719 1560 1810 1619 mani·

365 1651 465 1710 cilium
482 1647 634 1722 Trident,
657 1646 738 1727 quod
758 1649 789 1708 in
812 1647 941 1707 indicem
964 1667 1060 1707 sacro·
1115 1647 1226 1707 festum
1250 1644 1329 1705 fecit.
1353 1646 1430 1705 Nam
1446 1647 1476 1705 in
1492 1649 1681 1726 expositione
1703 1646 1810 1724 capitis

365 1758 423 1797 rum
447 1735 597 1795 librorum
621 1734 714 1794 refert
735 1733 915 1794 Psalterium
934 1733 1061 1795 Davidi·
1115 1731 1241 1794 secundi
1270 1733 1314 1792 sic
1344 1733 1403 1792 ait:
1438 1734 1550 1809 Rclspc
1577 1734 1620 1793 ud
1649 1732 1811 1793 Hebraeos

366 1843 427 1884 cum
458 1830 581 1881 cantum
608 1822 830 1900 quinquaginta
855 1819 1061 1896 Psalmorum3
1115 1818 1295 1895 Epistolam
1319 1819 1418 1879 Pauli
1439 1821 1595 1896 Apostoli,
1617 1822 1683 1880 siue
1704 1811 1818 1894 cuiae'

366 1930 417 1970 nec
438 1918 545 1969 tamen
567 1909 672 1967 statuit
694 1926 795 1967 omnes
818 1927 870 1967 sos
885 1925 951 1966 esse
966 1907 1060 1966 Dari·
1115 1923 1239 1982 cunque
1266 1906 1398 1965 ulterius
1422 1923 1490 1965 sam
1514 1926 1575 1967 aare
1593 1913 1708 1982 patus:
1733 1907 1811 1983 puio

368 1996 452 2070 dicos,
478 2014 573 2076 quum
588 1993 678 2053 valde
693 1992 850 2072 probabile
866 1995 913 2068 sit,
932 2013 968 2053 ac
982 2012 1063 2072 pene
1111 1996 1181 2067 jum
1194 1995 1278 2050 iuter
1289 1992 1524 2054 Ecclesiasticus
1535 2000 1579 2054 cst
1589 1999 1723 2069 receptu.
1739 1991 1811 2052 Non

366 2091 487 2155 certum,
499 2078 649 2160 quosdam
660 2078 698 2139 ab
710 2080 780 2140 aliie
793 2099 860 2140 esse
871 2081 1062 2158 compositos.
1115 2080 1206 2157 igitur
1220 2077 1389 2138 haereticus
1405 2088 1469 2138 erat
1483 2082 1682 2158 Hieronymo,
1701 2080 1727 2139 si
1742 2081 1811 2158 quis

365 2168 442 2248 Quid
470 2177 577 2228 autem
600 2165 661 2226 illic
681 2166 710 2225 in
732 2168 903 2227 universum
925 2166 1064 2226 intendat
1116 2184 1183 2225 eam
1198 2163 1322 2224 alterius
1334 2165 1512 2244 cujuspiam,
1528 2186 1620 2246 quam
1630 2165 1728 2239 Pauli,
1743 2178 1811 2225 essa

366 2263 505 2329 statuere,
522 2255 621 2334 ipsum
637 2251 807 2313 Concilium
822 2255 948 2332 exponit
962 2252 1063 2313 verbis
1117 2259 1243 2332 putaret.
1267 2250 1364 2310 Multo
1384 2253 1483 2313 minus
1498 2261 1632 2331 tempore
1647 2252 1811 2311 Marcionis

365 2351 433 2400 ante
448 2350 481 2400 et
501 2347 573 2420 post
596 2339 726 2399 indicem
747 2340 862 2420 positis,
884 2340 999 2399 scilicet
1013 2356 1063 2398 eos
1117 2347 1148 2397 et
1162 2336 1305 2397 Basilidis
1320 2344 1438 2418 poterat
1453 2340 1521 2417 quis
1534 2339 1571 2398 ob
1584 2357 1650 2398 eam
1665 2356 1728 2396 rem
1741 2337 1809 2396 hae-

366 2446 466 2486 omnes
483 2427 587 2498 libros,
603 2445 678 2506 quoe
694 2434 837 2498 recenset,
853 2445 909 2506 pro
924 2427 1018 2486 sacris
1033 2440 1063 2484 et
1116 2423 1226 2484 reticus
1249 2425 1381 2484 censeri:
1404 2423 1524 2502 quando
1539 2443 1577 2483 ne
1593 2421 1667 2483 illud
1689 2420 1811 2503 quidem
1843 2441 1846 2447 ·

367 2515 518 2574 canonicis
532 2531 600 2573 esse
611 2511 827 2593 suscipiendos.
851 2513 899 2571 Ex
910 2510 957 2570 his
973 2513 1063 2570 etiam
1117 2510 1216 2571 adhuc
1230 2509 1446 2570 Ecclesiastica
1462 2509 1632 2571 definitione
1647 2508 1811 2581 constabat,

368 2600 498 2678 intelligi
512 2606 624 2678 potest,
636 2597 786 2677 quomodo
795 2599 834 2658 eit
846 2598 1063 2677 accipiendum,
1118 2595 1286 2678 Epistolam
1301 2615 1368 2657 esee
1382 2599 1567 2658 canonicam.

368 2685 447 2764 quod
471 2685 503 2746 S.
521 2684 663 2756 Thomas,
686 2684 827 2764 Lyranus
847 2691 876 2744 et
891 2683 1062 2744 carthusia·
1159 2682 1202 2742 At
1224 2680 1316 2754 dices,
1339 2681 1534 2743 Philastrium
1555 2700 1712 2744 recensere
1734 2683 1811 2742 inter

365 2791 418 2831 nus
440 2771 587 2843 scribunt,
610 2770 778 2831 Nicaenum
797 2770 965 2831 Concilium
987 2769 1065 2828 hanc
1116 2769 1263 2843 haereses,
1285 2768 1454 2848 Epistolam
1476 2769 1515 2829 ad
1539 2770 1697 2830 Hebraeos
1719 2766 1810 2828 Pauli

365 2857 537 2937 Epistolam
553 2859 703 2938 recepisse
717 2866 861 2937 tanquam
877 2856 968 2918 Pauli
983 2856 1064 2936 Apo·
1117 2873 1235 2935 negare.
1251 2854 1385 2915 Primum
1399 2856 1573 2935 respondeo,
1589 2854 1732 2936 frequens
1744 2842 1811 2916 csse

368 2945 443 3005 stoli.
476 2944 548 3004 Non
571 2942 660 3005 aliter
683 2946 762 3003 enim
785 2945 938 3023 recepisse
960 2941 1063 3003 existi·
1116 2941 1285 3014 Philastrio,
1309 2950 1344 3002 nt
1363 2943 1439 3002 inter
1454 2943 1592 3004 haereses
1614 2951 1750 3001 numeret
1765 2961 1809 3001 er·

365 3030 507 3091 mendum
521 3037 577 3103 est,
590 3047 679 3111 quam
691 3029 840 3110 quomodo
853 3048 919 3090 eam
932 3038 964 3087 ut
975 3025 1063 3089 Pauli
1116 3047 1198 3088 rores
1209 3027 1441 3108 qualescunque,
1454 3038 1546 3109 atque
1554 3027 1701 3089 interdum
1709 3030 1811 3101 ctiam,

365 3117 527 3196 sequentia
549 3114 687 3177 concilia
709 3122 896 3197 receperunt
922 3115 993 3176 Jam
1009 3134 1065 3175 neo
1116 3132 1190 3194 pace
1212 3116 1290 3174 tanti
1311 3109 1368 3174 riri
1392 3113 1502 3174 dictum
1524 3116 1579 3188 sit,
1604 3133 1664 3175 non
1687 3131 1809 3187 errores,

365 3204 457 3263 totius
473 3203 632 3262 Ecclesiae
654 3219 816 3262 consensus
831 3200 948 3283 probat,
967 3210 1019 3261 aut
1032 3200 1064 3261 id
1116 3200 1169 3260 sed
1211 3202 1366 3260 raritates:
1409 3199 1491 3280 quod
1531 3200 1682 3261 studiosus
1714 3200 1811 3260 lector

365 3288 403 3349 ds
418 3308 479 3370 quo
494 3308 578 3348 nunc
592 3289 700 3368 agitur,
723 3297 776 3349 aut
791 3290 954 3368 quicquam
970 3286 1063 3359 aliud,
1116 3283 1203 3346 facile
1224 3286 1395 3365 perspiciet.
1419 3286 1508 3346 Unde
1529 3307 1586 3347 nec
1611 3286 1809 3365 Augustinus,

365 3394 433 3436 sese
451 3374 541 3450 fidsi;
563 3376 623 3434 nisi
644 3373 714 3434 talis
737 3376 776 3435 sit
799 3391 975 3446 consensus,
1002 3391 1064 3454 quo
1116 3375 1169 3453 qui
1192 3371 1300 3431 librum
1326 3391 1412 3433 suum
1435 3370 1472 3431 de
1500 3371 1675 3433 haeresibus
1701 3390 1810 3450 magna

365 3460 440 3539 quid
468 3469 551 3520 certa
577 3459 636 3519 lide
658 3460 827 3540 recipiatur.
861 3459 899 3520 Id
925 3458 1008 3539 quod
1034 3460 1064 3519 in
1116 3467 1200 3539 parte
1216 3478 1255 3517 ex
1269 3458 1439 3538 Epiphanio
1456 3459 1662 3519 etPhilastrio
1678 3457 1810 3535 collegit,

366 3549 522 3627 proposito
544 3566 606 3606 non
627 3555 769 3626 apparet:
792 3564 862 3606 nam
878 3553 909 3605 et
922 3545 1011 3605 aliter
1024 3545 1064 3606 de
1116 3546 1202 3605 istius
1230 3544 1361 3603 haeresis
1387 3546 1530 3605 meminit.
1568 3541 1704 3616 Deinde,
1730 3539 1811 3624 quod

365 3633 455 3693 rebus
471 3652 527 3712 per
538 3651 659 3692 sensum
675 3640 727 3692 aut
740 3632 894 3693 historiam
908 3632 995 3702 notis,
1011 3639 1065 3691 aut
1118 3628 1248 3710 amplius
1270 3637 1324 3703 eet,
1345 3631 1429 3691 locus
1446 3630 1597 3691 Philastrii
1619 3631 1742 3711 propius
1766 3628 1809 3689 in-

364 3719 405 3779 de
420 3716 601 3799 quibusdam
616 3717 707 3778 valde
727 3717 941 3798 probabilibus,
965 3725 1065 3797 potest
1117 3723 1238 3796 spectus
1264 3736 1318 3796 pro
1344 3716 1430 3776 nobis
1455 3716 1535 3778 facit
1572 3716 1651 3776 Nam
1677 3715 1811 3776 haeresis

365 3824 434 3865 esse
449 3807 542 3865 totins
559 3805 714 3865 Ecclesiae
729 3822 903 3865 consensus.
1117 3801 1238 3882 quidem
1261 3801 1323 3862 illic
1343 3802 1427 3863 nulla
1448 3802 1483 3863 fit
1497 3804 1617 3875 mentio,
1640 3801 1694 3861 sed
1711 3820 1809 3862 econ·

410 3890 460 3951 Ad
475 3900 656 3970 postremam
672 3890 871 3969 objectionem
884 3887 1062 3969 respondeo,
1116 3890 1206 3948 trario
1222 3890 1307 3969 ponit
1328 3888 1405 3950 hanc
1418 3888 1589 3969 Epistolam
1605 3895 1691 3948 extra
1707 3906 1810 3948 nume-

364 3998 424 4037 non
442 3980 550 4048 omnia,
567 3996 646 4056 quae
660 3976 740 4037 male
752 3975 791 4038 ab
807 3977 967 4037 haereticis
984 3975 1064 4037 dicta
1115 3993 1183 4034 rum
1203 3974 1347 4036 tredecim
1369 3976 1563 4055 epistolarum
1585 3974 1681 4046 Pauli,
1703 3992 1810 4053 agnoe-

364 4073 450 4135 sunt,
479 4083 548 4124 esee
574 4062 741 4140 haeretica3
765 4061 1012 4144 qnandoquidem
1035 4069 1064 4121 et
1117 4080 1187 4121 cens
1213 4080 1278 4120 eam
1303 4081 1364 4122 non
1385 4062 1523 4143 perinde,
1550 4070 1583 4122 nt
1606 4069 1754 4134 caeteras,
1780 4062 1811 4120 in

363 4170 437 4212 vera
453 4148 604 4231 quaedam
618 4148 656 4209 ab
671 4150 708 4209 iis
723 4148 781 4209 dici
796 4167 893 4228 posse,
908 4168 995 4209 nemo
1011 4149 1063 4208 dn·
1116 4146 1256 4207 Ecclesia
1278 4147 1348 4227 legi.
1372 4148 1415 4210 Ut
1437 4149 1528 4228 igitur
1552 4146 1727 4209 concludam
1743 4155 1813 4226 post

363 4237 448 4298 bitat.
479 4234 618 4295 Haberet
643 4244 743 4296 autem
773 4234 840 4316 plus
867 4236 1064 4316 apparentiae
1116 4241 1160 4293 tot
1183 4234 1370 4295 saeculorum
1391 4254 1576 4308 consensum,
1598 4254 1677 4315 quae
1699 4255 1718 4293 a
1738 4239 1810 4293 tem'-

363 4324 420 4383 hoc
443 4329 670 4397 argumentum,
697 4323 723 4381 si
750 4321 806 4382 soli
831 4320 974 4382 haeretici
997 4340 1063 4381 sam
1115 4319 1239 4399 poribus
1248 4321 1415 4402 Augustini
1423 4322 1641 4402 etHieronymi
1653 4320 1811 4394 fluxerunt,

363 4410 532 4490 Epistolam
544 4408 644 4468 Panlo
657 4406 878 4469 subduxissent.
902 4407 975 4467 Cum
990 4426 1063 4467 vero
1117 4426 1227 4467 censeo
1242 4406 1363 4490 quidem
1385 4426 1450 4467 cum
1466 4407 1654 4486 Theologica
1669 4406 1811 4467 facultate

363 4505 490 4569 constet,
503 4494 645 4567 Eusebio,
658 4495 844 4573 Hieronymo
856 4500 886 4553 et
895 4495 1063 4572 Augustino
1115 4494 1294 4567 Parisiensi,
1318 4513 1445 4573 cumque
1466 4494 1632 4553 Melchiore
1654 4494 1744 4564 Cano,
1767 4497 1810 4550 te·

362 4585 499 4657 testibus,
527 4582 619 4642 etiam
637 4579 810 4642 catholicoe
825 4578 981 4659 quosdam,
1004 4600 1062 4640 non
1116 4580 1276 4639 mererium
1292 4600 1365 4655 esse,
1385 4582 1411 4641 si
1427 4582 1495 4661 quis
1510 4579 1679 4660 Epistolam
1694 4576 1733 4636 ad
1747 4576 1810 4636 Hs·

362 4669 603 4740 modoLatinos,
619 4668 821 4728 verumetiam
835 4664 1063 4740 Graecos,olim
1115 4665 1225 4725 braeos
1248 4674 1373 4745 negaret
1392 4684 1455 4726 esee
1477 4664 1567 4727 Pauli
1587 4663 1734 4744 Apostoli,
1756 4661 1811 4723 sed

363 4756 443 4817 idem
459 4756 586 4827 fecisse,
609 4753 699 4833 plane
723 4751 853 4814 concidit
872 4753 958 4812 istius
975 4773 1061 4831 argn-
1116 4750 1297 4812 haereticum
1313 4751 1350 4811 ob
1374 4751 1405 4810 id
1430 4751 1526 4812 solnm
1541 4750 1735 4831 pronuntiare
1750 4770 1810 4812 non

362 4844 454 4904 menti
468 4842 568 4903 robur.
585 4840 628 4899 Et
643 4849 743 4901 tamen
754 4836 909 4900 sciendum
922 4846 975 4911 est,
988 4840 1061 4898 Hie·
1116 4840 1218 4898 ausim.
1235 4837 1316 4898 Vide
1328 4858 1484 4898 censuram
1497 4836 1647 4898 facultatis
1660 4835 1809 4897 Parisien-

363 4949 523 5010 ronymum
538 4928 570 4987 in
586 4926 711 5006 prologo
726 4924 886 5007 Epistolae
902 4926 942 4987 ad
957 4926 1062 4986 Titum
1115 4925 1156 4984 sis
1179 4943 1268 5002 super
1289 4923 1469 5005 quibusdam
1491 4925 1611 4985 Erasmi
1633 4925 1809 5005 propositio·

365 5014 449 5098 loqui
470 5014 664 5098 potissimum
687 5012 726 5073 de
739 5010 888 5093 Epistolie
902 5010 941 5073 ad
958 5012 1062 5072 Titum
1113 5011 1217 5072 nibus:
1241 5010 1355 5073 Canum
1379 5030 1452 5073 vero
1474 5008 1513 5071 de
1534 5009 1609 5071 locis
1633 5009 1742 5072 Theol.
1758 5008 1811 5070 lib.
