4442 5825
431 602 506 671 800
1033 590 1265 649 menstruus
1352 634 1355 641 .

432 789 525 832 eausa
552 768 651 852 aliquo
686 789 783 848 usque
817 771 971 846 cominu,
1004 769 1058 831 sed
1083 777 1130 830 est
1181 769 1388 830 annuntiaturi
1423 768 1566 850 gentihus
1596 768 1811 850 Euangeliou
1837 789 1879 832 ιιι

430 865 601 940 praeterea,
633 856 861 919 subministrare
891 867 1028 937 sumptus
1059 876 1126 938 pro·
1179 855 1269 916 tidem
1290 856 1414 929 Chdsti,
1444 863 1609 935 essentque
1630 856 1700 934 jam
1726 855 1880 936 complures

430 943 554 1003 fectioni
575 944 770 1004 necessarios.
808 942 859 1004 Sic
886 944 1013 1024 exponit
1038 942 1129 1023 etiarn¹
1180 943 1337 1022 gentilium
1360 961 1463 1003 eorum
1483 941 1725 1023 nundinatione
1746 947 1880 1019 eohrera',

430 1032 575 1102 Liranus,
599 1038 629 1091 et
650 1039 744 1107 recte;
771 1050 839 1091 earu
861 1031 906 1091 sic
927 1049 993 1091 esse
1017 1028 1126 1090 intelli·
1180 1029 1255 1089 nihil
1278 1039 1377 1089 temen
1402 1029 1441 1089 ah
1465 1028 1501 1089 iis
1521 1029 1653 1106 exigere
1676 1028 1731 1089 rel
1758 1034 1879 1110 accipere

431 1120 577 1198 gendum,
600 1117 695 1176 innuit
713 1117 800 1179 nobie
816 1115 861 1190 id,
885 1116 966 1199 quod
982 1117 1028 1177 hio
1044 1116 1126 1176 addi·
1170 1114 1332 1197 ¹voluerint
1345 1117 1537 1176 necessariae
1552 1118 1812 1189 sustentationis3
1834 1117 1880 1178 has

431 1212 494 1264 tur:
522 1204 616 1278 dique
643 1205 726 1278 Deo,
753 1202 783 1263 id
810 1212 857 1265 est
882 1204 959 1262 sicut
985 1203 1071 1264 decet
1098 1211 1130 1263 et
1181 1203 1295 1263 scilicet
1310 1202 1350 1263 de
1365 1221 1471 1275 ιιιιι,
1498 1221 1539 1262 ιι
1562 1201 1651 1281 qnod
1676 1203 1878 1265 offendiculuu

435 1288 556 1369 dignum
580 1298 625 1348 eat
647 1287 798 1351 deducere
819 1290 897 1350 filios
921 1288 997 1364 Dei,
1023 1288 1129 1350 fideles
1182 1288 1290 1350 durent
1304 1289 1475 1367 Evangelio
1490 1287 1619 1349 Christi.
1657 1290 1749 1351 Sicut
1771 1303 1800 1351 et
1815 1291 1878 1350 Pru·

434 1373 556 1437 Christi.
578 1375 659 1436 Sicut
674 1375 789 1436 Paulus
804 1376 970 1455 Apostolus
989 1375 1027 1436 ad
1043 1376 1129 1436 Rom.
1180 1374 1230 1436 lus
1245 1378 1275 1437 in
1290 1378 1366 1437 Asia
1384 1385 1414 1436 et
1430 1376 1549 1454 Achajs
1573 1377 1645 1435 sine
1661 1380 1879 1448 sustentatione

434 1464 500 1533 16.,
523 1461 593 1522 dum
610 1465 651 1522 eis
668 1461 856 1524 commendat
871 1462 1028 1534 Phoeben,
1055 1463 1129 1522 Dia·
1182 1481 1291 1542 quaea
1313 1461 1475 1542 gentilibus
1500 1463 1665 1522 conversis
1694 1464 1879 1544 praeberetur,

433 1551 579 1609 eonissum
595 1548 751 1610 Ecclesiae
763 1548 992 1624 Cenchreeusis,
1007 1557 1044 1611 ut
1059 1567 1129 1608 enm
1183 1548 1334 1610 Christum
1358 1549 1564 1621 annuntiavit,
1594 1550 1675 1627 quia
1701 1551 1812 1611 ethuici
1832 1571 1879 1611 non

434 1639 594 1713 excipiant
630 1639 665 1697 in
702 1639 860 1712 Domino,
899 1637 1000 1697 addit:
1035 1637 1130 1710 diune
1182 1645 1397 1710 assueverant,
1428 1644 1507 1697 suet
1534 1636 1708 1713 magistros
1734 1637 1826 1706 alere,
1855 1648 1879 1696 et

433 1727 568 1797 sanetis,
587 1720 677 1782 idest
692 1725 772 1784 sicut
787 1725 876 1784 decet
892 1726 991 1800 excipi
1010 1732 1130 1783 sanctos
1183 1723 1254 1803 quis
1268 1721 1495 1803 pseudapostoli
1511 1723 1579 1783 sine
1597 1742 1729 1796 eorum,
1753 1744 1826 1803 quos
1838 1723 1876 1783 do

432 1809 540 1870 tidsles
563 1806 674 1869 Christi
698 1818 729 1869 et
750 1812 780 1870 iu
804 1810 869 1888 ejus
886 1810 1021 1870 Ecclesia
1043 1811 1128 1870 mini·
1182 1808 1307 1880 cebant,
1334 1811 1509 1888 gravamine
1532 1827 1608 1869 suas
1625 1808 1787 1871 doctrinas
1802 1813 1876 1870 disse

435 1904 520 1956 stros.
545 1894 634 1975 Quod
650 1896 728 1956 hanc
747 1896 968 1956 deductionem
983 1898 1026 1957 sic
1041 1896 1128 1956 iutel-
1183 1895 1346 1956 minabant.
1381 1896 1451 1974 Qua
1474 1895 1512 1956 de
1535 1914 1569 1955 re
1593 1898 1699 1957 multa
1724 1911 1796 1957 sunt
1815 1895 1874 1977 apud

433 1982 508 2062 ligat
534 1981 698 2061 Apostolus
728 1982 882 2056 ioannes,
913 1985 1008 2062 magis
1038 1984 1130 2043 etiam
1182 1981 1359 2061 Apostolum
1387 1983 1488 2043 lCor.
1513 1985 1560 2055 9.,
1593 1982 1715 2045 ἳῦοι.
1742 1989 1792 2057 11,
1816 1987 1873 2043 let

433 2068 624 2129 manifestum
640 2066 673 2127 n
689 2087 727 2128 ex
746 2070 874 2143 ratione,
890 2089 981 2148 quam
997 2069 1108 2131 subdit.
1183 2089 1285 2147 seqq,
1301 2089 1367 2148 esp.
1385 2071 1433 2140 1t,
1451 2070 1499 2130 13.
1516 2078 1547 2128 et
1563 2088 1660 2150 seqq.

479 2158 506 2214 7.
530 2157 597 2216 Pro
622 2157 752 2216 nomine
778 2161 861 2216 enim
885 2158 967 2230 Ejus
995 2157 1132 2234 profecti
1228 2157 1274 2216 De
1289 2156 1428 2235 gentibus
1451 2164 1555 2217 autem
1579 2156 1728 2222 noudum
1745 2156 1874 2217 conversis

433 2250 526 2317 runt,
549 2241 631 2302 nihil
646 2244 833 2319 accipientes
848 2244 1032 2319 apsntibus.
1066 2245 1131 2305 Pro
1183 2244 1209 2303 si
1223 2261 1322 2302 sermo
1338 2244 1391 2316 sit,
1412 2252 1484 2302 tunc
1507 2243 1725 2322 significatur,
1750 2241 1826 2323 quod
1839 2243 1875 2300 isti

434 2331 676 2404 nomineEJus,
706 2331 765 2390 Dei
787 2329 916 2400 scilicet,
944 2329 982 2391 de
1004 2350 1063 2410 que
1087 2331 1129 2391 di·
1185 2331 1350 2409 peregrini,
1378 2331 1515 2408 quamvis
1543 2339 1678 2406 egerent
1707 2347 1874 2410 quacumque

435 2426 514 2478 ctum
541 2426 620 2476 erat:
647 2416 742 2491 dipne
765 2419 841 2478 Deo.
876 2416 1008 2476 Videtur
1031 2428 1131 2477 autern
1182 2415 1303 2477 undem
1326 2435 1492 2485 excausa,
1519 2415 1599 2476 nihil
1623 2424 1734 2478 tamen
1757 2419 1795 2477 sb
1815 2416 1872 2492 ejer-

435 2523 501 2564 esss
516 2523 624 2563 nomen
642 2503 799 2581 personale
814 2504 870 2563 hoe
886 2503 966 2576 loco,
987 2513 1016 2563 et
1030 2503 1129 2564 rerifi·
1184 2504 1264 2564 modi
1280 2503 1442 2581 gentilibus
1465 2503 1625 2580 accipere,
1652 2502 1772 2564 nedum
1793 2518 1873 2583 petere

435 2592 496 2651 cari
513 2588 550 2648 de
566 2589 686 2650 Christo
703 2589 761 2650 Dei
782 2589 871 2651 Filio.
910 2588 1001 2668 Apud
1018 2589 1131 2652 Bedam
1183 2590 1347 2660 voluerint,
1370 2609 1408 2650 ne
1424 2590 1444 2648 ii
1468 2586 1762 2650 scandalizarentur
1781 2599 1810 2650 at
1828 2588 1871 2648 lou·

436 2675 572 2756 quidem,
595 2684 623 2735 et
645 2678 676 2737 in
691 2677 845 2756 plerisque
865 2676 988 2738 Graecis
1010 2685 1131 2738 nonest
1183 2678 1251 2756 gius
1274 2696 1293 2734 a
1307 2675 1481 2737 Christiane
1503 2674 1660 2754 religione
1677 2686 1872 2738 averterentur.

435 2761 531 2823 istud:
555 2766 637 2838 ejus,
662 2763 714 2822 sed
732 2763 809 2823 idem
827 2763 910 2824 Beda
926 2775 1041 2835 monet,
1065 2783 1131 2825 esse
1183 2764 1341 2824 Dixissent
1363 2765 1459 2823 enim:
1486 2765 1568 2825 Eece
1597 2763 1690 2824 nulla
1718 2772 1767 2823 est
1788 2764 1871 2823 carita

436 2848 672 2910 subaudiendum
683 2849 754 2909 hoc:
771 2853 905 2911 Domini
917 2856 997 2915 Jeru
1006 2852 1130 2914 Christi.
1184 2854 1262 2910 inter
1283 2849 1482 2923 Christianos,
1506 2859 1667 2928 coguntur
1692 2851 1873 2931 peregrinis

434 2936 503 2999 Huc
519 2938 596 2997 eninr
613 2938 823 2999 subauditione
841 2938 937 2999 solere
954 2940 998 2998 uti
1014 2949 1132 3000 veteres
1185 2939 1238 2998 alii
1266 2956 1413 3017 pauperes
1439 2957 1537 2997 eorum
1566 2938 1610 2998 ad
1640 2957 1699 2998 nos
1725 2938 1873 3017 coniugem

436 3022 633 3086 Christianos.
672 3025 708 3087 Id
732 3025 811 3107 quod
827 3034 924 3105 potest
939 3025 1131 3107 probabilits·
1185 3036 1321 3102 egestats
1338 3025 1450 3100 alioqui
1466 3023 1659 3086 conficiendi.
1690 3024 1872 3103 ltaquouals

435 3119 496 3172 tem
522 3113 658 3191 accipere
688 3133 725 3173 ex
755 3114 845 3173 simili
875 3115 1018 3193 quodam,
1049 3113 1132 3193 quod
1185 3109 1318 3171 audisset
1334 3111 1499 3173 Christiana
1525 3110 1656 3191 religio,
1683 3114 1714 3171 ιί
1739 3113 1790 3172 isti
1810 3130 1871 3189 perr

429 3197 547 3277 'legitur
561 3200 656 3259 Lavit.
674 3202 724 3273 24,
743 3204 807 3261 11.:
825 3202 901 3263 Crem
919 3200 1132 3277 blasphemar-
1185 3200 1262 3278 griui
1278 3199 1431 3279 quippiam
1447 3199 1642 3260 necessariae
1657 3199 1873 3260 sustentationis

436 3293 481 3347 set
494 3304 628 3360 nomen,
653 3293 722 3362 ete,
748 3287 814 3358 ubi,
835 3288 910 3347 sieut
925 3289 955 3347 in
972 3286 1130 3348 Clementi·
1184 3285 1223 3346 sb
1239 3284 1408 3346 infidelibus
1423 3285 1589 3366 gentilibus
1606 3287 1811 3365 accepissent
1829 3285 1873 3345 llis

436 3373 481 3433 nis
497 3382 527 3432 et
542 3372 712 3433 stelionibus
729 3373 812 3434 libris
835 3375 944 3435 nostris
958 3373 1033 3435 nihil
1048 3374 1132 3435 addi·
1184 3370 1355 3433 intellectus
1370 3379 1470 3453 potest
1485 3372 1659 3434 confirmari
1677 3395 1737 3455 per
1751 3376 1799 3444 id.
1813 3369 1875 3452 qnod

467 3480 498 3531 r,
525 3479 624 3533 neque
650 3460 801 3521 Hebraico
827 3468 879 3520 ιιι
908 3460 1035 3522 Graece.
1071 3462 1130 3523 Sed
1184 3459 1298 3519 Paulus
1312 3459 1476 3539 Apostolus
1498 3461 1625 3537 scripsit
1646 3466 1676 3521 1.
1694 3462 1806 3522 'I'hsaa
1828 3478 1875 3538 sap

435 3548 469 3607 B.
488 3547 670 3625 Augustinus
686 3550 716 3608 in
731 3548 852 3607 Locut:
868 3547 1059 3609 Manifestum
1077 3561 1131 3622 est,
1185 3549 1232 3607 4.:
1253 3548 1415 3623 Ropnmrn
1440 3564 1508 3619 uos,
1535 3549 1683 3626 fratres,
1710 3561 1786 3624 ιιι,
1807 3556 1833 3609 et
1848 3553 1875 3606 st

435 3636 492 3705 ait,
519 3652 635 3695 nornen
653 3636 714 3695 Dei
729 3655 798 3695 esse
814 3635 1055 3717 intelligendum,
1083 3640 1130 3698 cui
1184 3634 1311 3695 honeste
1324 3635 1492 3695 umhrsletis
1502 3635 1547 3694 ud
1559 3653 1625 3710 eos,
1639 3639 1701 3712 qui
1715 3638 1873 3716 ferierunt,

434 3719 597 3782 maledixit.
1184 3729 1213 3781 et
1228 3722 1351 3783 nullius
1373 3721 1498 3797 aliquid
1520 3719 1733 3800 desideretis,
1750 3723 1781 3784 id
1796 3728 1873 3791 estet

419 3785 436 3832 '³
478 3806 568 3886 erod
595 3810 635 3868 ait
662 3808 840 3885 Apostolus,
870 3811 942 3870 istos
970 3812 1131 3889 profectos
1184 3807 1599 3888 utahiis,quiiorissunt,
1621 3810 1871 3871 nihilsdsustru

431 3898 638 3972 pronomine
666 3896 797 3956 Domini
819 3900 899 3959 Jesu
923 3897 1054 3972 Christi,
1078 3920 1128 3978 pe·
1182 3896 1326 3955 tutionem
1351 3898 1504 3973 partinens
1527 3900 1654 3975 petatis,
1683 3897 1872 3959 videlieetus

436 3989 494 4041 test
511 3983 661 4059 bifarium
679 3984 799 4060 exponi,
816 3984 859 4042 ait
873 3982 972 4044 Beda:
989 3984 1130 4046 videlicet
1182 3981 1226 4042 illi
1242 3982 1496 4054 scandalizentur,
1523 3982 1609 4062 quod
1633 4003 1693 4044 voa
1710 4006 1773 4046 uon
1790 3999 1869 4064 opat

435 4076 486 4127 aut
509 4080 554 4136 ut,
578 4068 778 4149 praedicaturi
806 4089 911 4130 nomen
935 4078 966 4130 et
988 4072 1129 4151 Evange·
1182 4069 1253 4129 mini
1269 4068 1420 4141 manibus,
1437 4078 1466 4130 et
1481 4071 1526 4129 sic
1541 4071 1628 4129 ritae
1643 4073 1869 4149 necarerirpr
1915 4075 1916 4092 ¹

434 4152 506 4214 lium
530 4153 621 4233 Ejus,
645 4166 751 4235 sponte
773 4158 834 4216 sint
856 4157 983 4235 proiecti
1001 4159 1041 4218 sd
1056 4180 1128 4236 gen·
1182 4157 1269 4232 rstis3
1292 4167 1360 4228 aul,
1384 4157 1408 4216 si
1424 4156 1454 4216 id
1478 4156 1656 4235 nequeatis,
1680 4157 1868 4220 scandalion

435 4241 753 4319 illcsconrertendos3
780 4251 881 4302 autut
904 4244 1128 4323 propterfidem
1181 4253 1242 4314 tur,
1273 4239 1353 4322 quod
1379 4242 1432 4304 alii
1462 4241 1625 4304 Christiani
1657 4264 1727 4307 uon
1758 4245 1868 4305 tribuan

434 4338 464 4389 et
479 4329 695 4391 contessionem
711 4331 839 4390 nominis
856 4328 968 4390 Christi
989 4351 1044 4411 per
1059 4352 1130 4393 suos
1181 4326 1266 4389 robis
1281 4330 1459 4391 necessaria.
1482 4327 1623 4405 Utraque
1641 4334 1800 4412 expositio
1813 4331 1868 4390 hu

435 4416 615 4476 contribules
639 4415 736 4494 patria
756 4414 868 4477 fuerint
883 4417 1009 4497 expulsi.
1041 4417 1128 4480 simi·
1181 4414 1345 4497 probabilis
1360 4425 1419 4490 est,
1447 4436 1503 4478 nec
1525 4416 1602 4478 satis
1626 4417 1747 4499 liquet,
1773 4412 1866 4479 utrafl

434 4499 517 4573 liter,
533 4503 613 4583 quod
629 4503 777 4583 sequitur:
801 4504 889 4564 Nihil
904 4507 1093 4583 accipientes
1108 4525 1129 4565 n
1182 4500 1388 4584 praeferenda.

433 4588 593 4665 pentibus,
610 4589 783 4668 ambiguum
800 4599 856 4661 est,
880 4611 918 4650 an
934 4587 971 4650 ds
987 4593 1129 4671 gentibus
1226 4589 1253 4647 8.
1278 4589 1342 4650 Nos
1367 4608 1441 4666 erqo
1467 4588 1616 4649 debemur
1639 4597 1804 4671 suscipere
1826 4590 1867 4648 tr·

434 4674 471 4734 ad
486 4674 576 4735 fidem
592 4675 702 4736 Christi
716 4677 780 4756 jam
802 4677 955 4738 conversis
982 4680 1127 4760 accipien-
1177 4675 1335 4752 jusmodi,
1362 4685 1399 4737 ut
1412 4682 1636 4753 cooperatores
1650 4681 1758 4742 rienes
1774 4679 1868 4741 uerit

434 4759 504 4821 dum
532 4763 585 4834 sit,
613 4782 651 4821 an
680 4762 718 4822 de
744 4762 873 4823 noudum
901 4766 1070 4842 conversis3
1096 4773 1131 4826 et
1181 4763 1229 4823 tis.
1268 4762 1426 4824 Conclusio
1456 4770 1502 4823 est
1530 4762 1625 4839 hujus
1657 4761 1868 4829 nuntiatoris

434 4856 561 4927 uterque
577 4848 745 4910 intellectus
767 4869 820 4909 sua
842 4851 947 4912 nititur
967 4852 1127 4931 probabili·
1182 4870 1249 4910 oum
1264 4850 1385 4929 adjecta
1398 4868 1479 4913 nora
1494 4851 1622 4911 ratione.
1647 4853 1762 4932 Erpo,
1779 4853 1831 4920 ait.
1842 4862 1869 4907 ιι

434 4942 505 4994 tate.
543 4934 602 4995 Illo
633 4934 721 4995 modo
752 4955 857 4996 sensus
887 4945 948 5011 est,
979 4938 1060 5018 quod
1086 4939 1128 5011 bi,
1182 4938 1248 5009 isti,
1273 4938 1374 5017 iuopia
1389 4937 1484 4997 coacti
1506 4936 1868 5015 compellanturueosst

434 5021 571 5102 quamvis
587 5024 811 5084 annuntiassent
833 5031 862 5084 et
877 5024 1016 5108 deinceps
1032 5024 1130 5089 iorsut
1180 5023 1225 5084 ria
1244 5032 1349 5106 petere
1371 5044 1390 5087 ι
1415 5020 1599 5107 gentilibus,
1616 5029 1702 5109 ⁶sire
1725 5018 1870 5093 eourts'*
