4442 5825
763 600 927 658 Ereithis
944 602 985 657 Ab
1002 602 1167 660 EMEOS.
1202 605 1286 660 VERS·
1304 607 1346 660 te.
1363 607 1407 661 27.
1704 614 1778 685 229

357 780 425 857 iori3
439 778 508 839 vult
522 780 617 854 euim,
639 778 720 860 quod
735 779 786 840 hic
801 778 925 854 dicitur,
947 779 1028 842 idem
1079 801 1187 845 sensus
1203 783 1360 863 Apostoli:
1380 781 1516 844 Christus
1532 804 1593 847 non
1604 792 1651 846 eat
1665 786 1778 866 ingres·

357 886 403 928 sse
416 885 485 927 cum
500 884 554 939 eo,
568 867 651 947 qnod
666 866 796 929 habetur
809 866 876 929 Gal.
893 870 940 929 t:
970 868 1029 929 Ubi
1080 870 1177 931 suein
1200 870 1333 942 eoelum,
1355 877 1388 930 ut
1410 872 1531 950 saepius
1554 873 1660 935 oderat
1681 892 1715 933 se
1733 873 1778 953 ip

357 956 418 1015 aas
428 953 599 1031 plenitude
613 956 782 1032 temporie,
806 963 838 1014 et
853 952 963 1033 Ephes.
983 959 1026 1016 1.:
1079 974 1162 1035 snm,
1178 957 1253 1017 nihil
1268 958 1347 1017 enim
1362 974 1437 1036 opus
1453 965 1533 1031 erat,
1557 968 1591 1021 ιιι
1606 961 1660 1040 qui
1675 959 1778 1033 semel

357 1040 636 1117 ladispenmtione
660 1040 874 1118 plenitudinis
903 1047 1025 1118 tempe·
1078 1041 1172 1124 idque
1195 1052 1330 1124 ternpore
1356 1047 1619 1106 consummationis
1642 1045 1777 1107 saeculo·

357 1146 413 1202 nm,
428 1126 459 1187 id
474 1134 521 1189 est
535 1134 697 1208 postquam
713 1126 866 1209 impletum
882 1126 940 1188 ibit
953 1136 1025 1189 tem·
1079 1148 1152 1202 rum,
1167 1133 1307 1210 apparuit
1327 1150 1363 1190 ac
1383 1129 1594 1194 manifestatus
1609 1141 1656 1194 est
1667 1132 1777 1195 mundo

357 1234 390 1275 us
400 1212 644 1295 praeordinatum
659 1235 678 1276 a
691 1215 769 1276 Deo.
1078 1235 1134 1297 per
1147 1216 1274 1278 hostiam
1290 1236 1383 1278 mam.
1407 1217 1497 1278 Tunc
1510 1220 1640 1291 scilicet,
1656 1219 1776 1299 quando

375 1303 414 1362 Δι
427 1320 516 1371 vero,
533 1300 642 1381 siquis
657 1300 734 1362 bene
745 1300 922 1376 consideret,
937 1301 1025 1382 phra·
1078 1302 1179 1383 palam
1196 1304 1304 1365 obtulit
1319 1313 1414 1365 semet
1436 1305 1533 1383 ipsum
1548 1307 1580 1367 in
1595 1324 1699 1380 cruce,
1720 1307 1774 1380 sie,

357 1407 383 1450 es
395 1396 465 1448 sunt
479 1386 622 1448 diversae
637 1389 668 1449 in
682 1388 777 1449 saeris
794 1388 902 1449 literis:
916 1390 1026 1464 pleni·
1078 1391 1215 1469 inquam,
1242 1392 1398 1473 apparuit,
1418 1398 1452 1451 ut
1465 1390 1519 1451 illa
1544 1411 1601 1452 sua
1623 1391 1777 1453 oblatione

357 1474 407 1535 ede
432 1476 586 1550 temperie
610 1492 665 1534 seu
688 1480 877 1551 temporum,
905 1483 934 1534 et
948 1494 1025 1536 con·
1079 1485 1235 1556 peccatum
1250 1476 1347 1539 semel
1362 1497 1399 1538 ac
1413 1497 1533 1557 prorsus
1548 1477 1717 1540 aboleverit
1731 1486 1774 1539 at·

357 1565 498 1623 nameus
513 1561 632 1622 mendi
647 1579 699 1621 sen
712 1562 920 1623 enceniorum.
943 1561 1025 1621 Illud
1079 1582 1139 1642 qne
1157 1566 1339 1626 contriverit

357 1650 407 1709 rim
422 1648 587 1727 siguificat,
614 1656 730 1727 tempus
753 1646 903 1729 quoddam
924 1648 1024 1728 impie·
1115 1649 1239 1730 ,Quaeri
1253 1650 1303 1712 hie
1317 1658 1434 1731 posset,
1460 1669 1512 1711 cnr
1526 1649 1647 1712 demum
1658 1651 1689 1711 in
1705 1671 1774 1711 eou-

357 1755 394 1796 nu
407 1754 492 1806 esee,
507 1735 622 1795 etiamsi
637 1732 718 1793 aliud
734 1743 850 1813 tempus
865 1744 1025 1815 sequatur,
1078 1738 1277 1799 summatione
1298 1737 1485 1798 saeculorum
1508 1756 1617 1817 passus
1636 1738 1674 1798 sit
1688 1735 1774 1801 chri-

357 1841 486 1894 ocrero,
509 1831 627 1901 tempus
649 1820 766 1881 finitum
789 1840 855 1881 esse
878 1828 931 1880 ant
945 1821 1025 1882 finiri
1077 1834 1156 1898 stus,
1183 1844 1219 1884 ac
1232 1844 1293 1885 nen
1316 1825 1415 1904 potius
1437 1823 1536 1885 statim
1558 1832 1627 1904 post
1644 1824 1775 1887 hominis

357 1908 389 1981 ir,
412 1917 447 1967 nt
468 1907 553 1968 aliud
575 1916 682 1989 postea
703 1927 763 1968 uon
785 1910 825 1968 sit
847 1916 1024 1987 exspectan·
1077 1910 1212 1988 lapsum,
1236 1921 1270 1971 ut
1284 1910 1388 1973 morbo
1410 1909 1565 1973 confestim
1582 1909 1775 1972 adhiberetur

357 1996 409 2055 lem
431 1994 525 2076 Quod
540 2002 624 2075 patet
638 1993 758 2055 exaliis
773 1994 864 2067 locis,
887 1994 938 2054 ubi
955 2014 1023 2055 eon·
1077 1996 1250 2058 remedium.
1288 1996 1350 2060 Sed
1364 1997 1435 2059 huic
1451 1999 1621 2077 quaestioni
1634 1998 1774 2078 proprius

357 2084 486 2142 eumatio
513 2079 627 2142 saeculi
652 2082 833 2155 nominatur,
862 2088 896 2140 nt
917 2081 1024 2141 Matth.
1078 2093 1123 2144 est
1149 2083 1233 2144 locus
1259 2082 1342 2163 apud
1367 2084 1546 2164 Magistrum
1571 2084 1623 2145 lib.
1645 2085 1674 2145 3.
1698 2090 1773 2146 seut.

357 2168 487 2232 ¹isemel
503 2176 534 2227 et
549 2170 666 2241 iterum,
685 2175 717 2227 et
732 2168 812 2246 apud
829 2167 956 2229 eundem
973 2171 1023 2228 24.
1077 2169 1143 2229 dist.
1173 2175 1218 2239 1..
1253 2170 1303 2231 ubi
1329 2191 1384 2231 nos
1411 2190 1478 2231 earn
1502 2173 1713 2247 tractavimue3
1742 2178 1775 2232 et

357 2256 424 2317 tte.
445 2254 537 2316 Unde
553 2263 586 2315 et
600 2255 696 2334 syros
715 2255 864 2335 interpres
883 2253 941 2314 hoc
957 2253 1023 2314 loco
1077 2255 1160 2337 apud
1174 2258 1324 2319 Thomam
1341 2279 1370 2337 p.
1386 2257 1414 2316 3.
1432 2277 1460 2336 q.
1475 2261 1503 2318 1.
1519 2266 1574 2317 art.
1590 2259 1619 2320 b.
1642 2256 1704 2318 Hic
1719 2276 1772 2318 au·

357 2342 496 2403 reattulit:
526 2344 570 2403 In
598 2342 769 2403 ιιουιιιίιιιο
798 2341 921 2401 mandi.
958 2343 1024 2402 Nec
1076 2351 1135 2402 tem
1164 2343 1297 2405 breviter
1322 2342 1505 2423 respondeo,
1540 2344 1678 2423 quamvis
1704 2350 1774 2422 post

357 2426 475 2489 deride
489 2446 629 2502 numero,
645 2430 712 2488 sive
726 2428 885 2489 secedam
901 2430 1023 2502 dicatur,
1077 2438 1137 2489 tam
1162 2431 1258 2492 multa
1281 2429 1400 2491 saecule
1426 2448 1533 2509 pessus
1560 2431 1600 2490 sit
1623 2427 1772 2502 Christus,

357 2516 395 2575 ira
416 2516 562 2593 saecula5
588 2535 658 2576 nam
687 2516 717 2575 in
743 2515 817 2574 loeis
836 2515 900 2592 jam
924 2517 1023 2576 citatis
1076 2516 1236 2578 remedium
1266 2526 1367 2577 tamen
1401 2516 1506 2578 salutis
1541 2517 1656 2576 homiui
1684 2516 1772 2595 lapso

357 2607 488 2681 mumque
511 2601 624 2673 habes,
650 2601 809 2662 saeculum
833 2608 864 2660 et
885 2604 1021 2676 sareda,
1076 2622 1238 2683 numquam
1260 2603 1408 2675 defuisse,
1435 2622 1472 2663 ex
1495 2622 1556 2684 quo
1577 2602 1660 2664 iacta
1681 2610 1728 2664 est
1742 2603 1771 2663 ei

357 2696 664 2764 omnitempore.
1076 2692 1234 2768 promissio
1251 2693 1289 2752 de
1305 2689 1423 2751 Christo
1445 2700 1583 2751 venturo.
1617 2690 1694 2750 Nam
1710 2689 1770 2749 vir·

376 2774 521 2855 Quocirca
536 2776 567 2836 S.
583 2774 722 2836 Thomas
737 2775 886 2835 sententia
898 2775 1022 2835 caeteris
1075 2786 1124 2838 tus
1139 2779 1289 2856 passionis
1305 2777 1379 2851 eius,
1394 2776 1478 2856 quod
1493 2776 1533 2838 ad
1550 2776 1688 2838 meritum
1704 2775 1770 2836 atti·

357 2860 538 2943 ntepuuenda
559 2860 646 2923 nobie
668 2861 803 2936 ridetur,
828 2869 932 2942 utpote
955 2860 1022 2921 eliis
1075 2873 1143 2938 net,
1169 2863 1342 2927 extenditur
1363 2862 1403 2924 ad
1426 2866 1526 2925 omnia
1547 2862 1685 2937 saecula,
1710 2869 1772 2923 tam

357 2951 487 3030 luipturis
517 2949 676 3012 admodum
706 2957 923 3021 consentanea,
962 2968 1022 3009 non
1074 2954 1252 3032 praeterita,
1282 2971 1371 3031 qnam
1386 2951 1497 3011 futura
1534 2950 1711 3014 (iurantem
1726 2951 1770 3010 in·

357 3033 467 3097 hante
483 3056 536 3111 eo,
563 3036 645 3117 qued
667 3036 743 3098 haec
766 3035 870 3095 ultime
892 3043 976 3095 aetas
991 3037 1022 3094 iu
1075 3042 1277 3100 carnationem
1307 3039 1371 3118 ejus
1398 3049 1430 3099 et
1458 3038 1627 3118 passionem
1657 3033 1770 3097 tamdiu

357 3141 444 3204 napus
458 3123 549 3184 valde
562 3124 684 3202 longum
700 3122 910 3202 protendatur,
932 3141 1022 3203 quam
1076 3125 1187 3186 differri
1204 3126 1383 3207 oportuerit,
1406 3124 1484 3185 duae
1498 3126 1685 3205 potissimum
1699 3130 1772 3183 suut

357 3207 527 3290 injectionem
543 3213 619 3272 satis
635 3211 702 3290 ipae
718 3208 843 3283 refellit,
862 3208 1023 3271 abacistis
1074 3215 1215 3275 rationes.
1249 3212 1334 3285 Una,
1356 3218 1390 3270 ut
1404 3213 1531 3291 primum
1546 3210 1770 3290 intelligeretur,

357 3317 476 3360 samanae
498 3295 701 3360 similitudine.
739 3295 829 3375 Quod
856 3315 929 3375 ergo
950 3293 1024 3356 dicit
1074 3298 1147 3380 quid
1173 3307 1296 3371 natura,
1327 3298 1454 3373 deiude,
1485 3297 1559 3377 quid
1586 3298 1638 3357 lex
1660 3302 1770 3377 posset,

357 3383 507 3464 lpostolus:
530 3389 565 3447 in
589 3387 861 3446 consummatione
880 3383 1022 3444 saeculo·
1075 3395 1167 3465 etque
1186 3386 1291 3447 harum
1316 3384 1519 3446 imbecillitate
1541 3382 1580 3444 sd
1603 3381 1769 3443 eruendum

357 3485 420 3548 tm,
434 3472 496 3533 tale
511 3482 572 3546 est,
596 3492 632 3532 ac
646 3473 672 3532 ei
687 3470 813 3532 diceret:
836 3471 905 3530 Hoc
921 3478 1021 3530 nostro
1074 3474 1225 3533 hominem
1244 3481 1413 3551 comperte,
1437 3471 1557 3533 tandem
1579 3470 1696 3531 veniret
1709 3468 1770 3541 ille,

357 3573 470 3640 tmpore,
485 3558 607 3638 quando
614 3561 679 3638 jam
691 3560 790 3637 agitur
800 3558 907 3618 ultima
918 3556 1021 3616 mundi
1074 3560 1127 3640 qui
1154 3561 1235 3621 solus
1261 3579 1316 3639 per
1340 3579 1426 3620 suam
1452 3560 1621 3638 passionem
1650 3561 1770 3636 poterat

357 3651 421 3720 uss,
436 3655 503 3728 poet
519 3666 609 3726 quam
625 3665 686 3706 non
700 3653 894 3725 exspectatur
909 3644 978 3704 alia.
1073 3648 1186 3707 homini
1203 3646 1322 3726 perdito
1343 3646 1468 3707 salutem
1491 3643 1616 3705 adferre.
1634 3681 1640 3690 ι
1655 3642 1770 3712 Altera,

380 3729 440 3794 lam
455 3742 488 3792 ut
503 3753 622 3795 mosum
642 3734 807 3812 praesentis
830 3732 888 3792 loci
904 3731 1021 3812 plenius
1075 3743 1110 3794 ut
1138 3734 1254 3795 idoneis
1292 3732 1564 3802 testificationibus,
1601 3728 1768 3809 cujusmodi

357 3833 537 3900 nequamus,
559 3818 723 3881 notandum
738 3830 792 3892 est,
814 3818 893 3880 hanc
909 3819 1022 3898 pericu·
1074 3820 1196 3883 inerunt
1217 3822 1339 3881 oracula
1354 3820 1585 3898 Prophetarum,
1612 3826 1642 3877 et
1665 3833 1768 3876 omues

357 3919 407 3978 pen:
426 3926 513 3969 aune
527 3916 634 3968 erstem
650 3906 742 3966 cernel
757 3914 825 3978 ete,
841 3904 1021 3986 respon-lere
1074 3910 1188 3987 figurae
1202 3907 1276 3985 legis
1299 3909 1455 3984 antiques,
1482 3904 1576 3965 multo
1593 3913 1663 3964 ante
1683 3920 1768 3982 prae·

357 3987 464 4071 iiparti
479 3995 638 4078 superiqri:
664 3993 773 4070 Neque
785 3999 823 4053 ut
837 4012 929 4069 saepe
945 3993 1022 4070 effe·
1074 3996 1229 4056 nuntiatus
1244 3993 1392 4054 adventus
1411 4000 1441 4052 et
1463 3991 1563 4071 passio
1579 3989 1691 4051 Christi
1707 4006 1768 4050 cre·

357 4083 487 4141 memet
502 4087 628 4158 ipsnm3
643 4081 774 4141 continet
786 4081 865 4140 enim
877 4081 1021 4139 rationem
1075 4081 1196 4142 dibilior
1217 4079 1386 4141 hominibus
1406 4077 1594 4151 redderetur,
1620 4097 1657 4139 ae
1682 4094 1768 4156 para·

357 4157 415 4227 llius
440 4167 635 4240 ostensivam,
662 4185 724 4245 qna
749 4164 853 4237 docet,
884 4185 936 4227 cur
963 4187 1021 4226 nou
1074 4169 1199 4230 tioribus
1216 4168 1322 4228 animis
1337 4167 1543 4246 susciperetur.

357 4265 410 4328 ipss
422 4253 508 4316 luerit
523 4253 651 4327 Christo,
675 4255 840 4333 utssepins
851 4272 885 4313 se
896 4253 1021 4326 offerret,
1119 4257 1169 4316 27.
1193 4256 1235 4316 Et
1256 4252 1523 4332 quemadmodum
1548 4257 1703 4314 statutum
1726 4255 1770 4310 eat

357 4338 454 4402 mrem
469 4340 609 4403 videlicet
630 4342 790 4413 rationem,
815 4360 905 4419 quam
922 4340 1023 4400 ntulit
1074 4339 1770 4419 heminibnssamelmerl.Aliudargumentum,

357 4439 400 4502 ep.
414 4431 453 4500 i.,
469 4428 588 4489 diceus:
609 4431 680 4491 Hoc
694 4429 778 4489 enim
793 4427 869 4505 [ecit
883 4429 977 4489 semel
991 4445 1022 4487 re
1075 4451 1136 4511 quo
1152 4429 1256 4502 docet,
1283 4427 1434 4489 Christum
1449 4447 1510 4488 non
1525 4426 1633 4488 debere
1647 4425 1768 4503 saepius

357 4511 489 4590 {nendo
497 4560 508 4589 ,
524 4522 556 4576 et
570 4535 674 4577 rursus
687 4514 744 4575 hoc
759 4515 874 4592 capite:
899 4516 1022 4575 Introi·
1075 4515 1237 4588 immolari,
1264 4523 1414 4594 sumptum
1436 4534 1455 4575 a
1470 4514 1618 4575 communi
1633 4510 1700 4589 lege
1714 4527 1769 4570 seu

357 4598 492 4662 dteemei
514 4605 552 4661 in
573 4604 709 4676 Sancte,
741 4607 873 4660 ederae
899 4602 1022 4663 redem-
1075 4602 1244 4664 conditione
1265 4602 1432 4673 hominnm,
1459 4601 1569 4683 quibus
1590 4596 1685 4658 semel
1706 4614 1768 4655 mo·

357 4687 439 4748 done
452 4691 596 4750 invento.
630 4689 787 4750 Caeterum
802 4685 910 4748 rocula
924 4706 1021 4763 nune,
1074 4687 1211 4751 riendum
1237 4697 1296 4760 est,
1326 4699 1356 4748 et
1381 4709 1442 4749 non
1467 4688 1597 4767 saepius.
1635 4682 1713 4742 Nam
1739 4690 1770 4741 et

357 4773 412 4835 tid
425 4774 524 4835 obiter
544 4773 698 4855 adjiciam,
721 4773 771 4834 vel
792 4782 909 4854 tempus
931 4773 1021 4834 deno·
1074 4774 1164 4836 simili
1190 4785 1368 4855 argumento
1395 4794 1487 4854 supra
1512 4792 1579 4852 cap.
1602 4772 1631 4831 2.
1658 4767 1768 4842 decuit,

357 4869 392 4935 tt,
405 4869 437 4922 nt
450 4859 595 4922 referatur
608 4860 646 4921 sd
661 4859 754 4922 illud:
770 4864 806 4920 in
821 4879 1022 4922 eonsumma-
1074 4861 1225 4924 Christum
1259 4864 1332 4923 mori
1370 4861 1523 4932 debuisse,
1560 4856 1620 4918 illis
1649 4855 1768 4917 verbis:

357 4947 416 5010 bne
434 4949 648 5026 meratenam
674 4947 725 5009 rel
747 4948 847 5029 potius
870 4950 1021 5029 expletive
1074 4951 1158 5027 Quin
1172 4951 1267 5026 pueri
1288 4949 1603 5010 communicaverunt
1625 4945 1770 5006 conciet

357 5041 390 5115 tt,
416 5035 583 5100 sieutalibi
598 5033 758 5098 interdum.
796 5034 852 5097 hist
865 5035 958 5117 igitur
972 5034 1021 5097 hic
1073 5038 1244 5117 remini,-
1273 5043 1302 5098 et
1326 5038 1392 5114 ipae
1411 5034 1623 5114 participavit
1644 5029 1767 5095 eisdem
