4442 5825
671 620 891 677 nuruum
910 618 1074 675 mosmos.
1107 617 1192 674 rurs.
1213 620 1252 672 rr.
1607 620 1677 694 ltt

371 798 545 860 secundum
569 798 713 859 ordinem
730 803 853 874 Aaron,
877 799 932 874 qui
986 795 1055 872 dos3
1082 794 1135 855 sed
1156 794 1343 875 copulatiores
1366 796 1410 856 Et
1431 799 1498 875 ipse
1523 795 1677 857 sacerdos.

371 893 442 946 erut
458 885 666 962 auferendus,
681 885 931 946 illucescentibus
986 881 1111 941 Addunt
1132 881 1193 955 elii,
1216 882 1316 942 LXX.
1342 883 1520 963 interpretes
1543 884 1679 963 apposito

371 990 444 1050 pune
466 973 532 1032 illis
551 972 672 1033 umbris
690 973 929 1048 praenotatae·
985 988 1057 1028 essu
1073 970 1267 1047 expressisse,
1283 969 1331 1029 cni
1347 970 1511 1048 protulerit.
1535 969 1586 1029 Sic
1601 972 1680 1030 euim
1771 988 1778 1000 ·

371 1077 409 1120 oc
421 1068 452 1118 et
463 1058 523 1117 elia
534 1058 664 1136 plurime
678 1059 709 1118 in
726 1057 851 1118 eandem
864 1077 929 1119 sen·
985 1054 1110 1115 hebent:
1137 1055 1268 1115 Protulit
1294 1058 1351 1135 ipsi
1378 1052 1502 1132 (scilicet
1524 1052 1680 1132 Abrahae)

379 1145 420 1205 de
440 1143 608 1205 ucerdotio
630 1143 741 1205 Christi
767 1145 931 1205 secondum
985 1160 1080 1221 panes
1108 1151 1138 1202 et
1159 1143 1279 1218 vinum3
1301 1141 1443 1204 videlicet
1464 1151 1497 1205 ut
1518 1161 1586 1203 eum
1613 1161 1680 1203 cum

381 1229 603 1291 Melchisedech
627 1233 736 1311 passim
759 1231 841 1310 epod
857 1231 931 1291 enti·
986 1228 1116 1288 exercitu
1131 1246 1283 1289 reversum
1297 1247 1335 1288 ex
1352 1231 1466 1309 proelio
1481 1227 1680 1305 refocillaret3

371 1316 487 1378 elesino
500 1318 608 1377 Petros
625 1327 751 1389 exstare,
773 1338 833 1377 non
847 1319 930 1396 igno
986 1313 1136 1393 quomodo
1158 1313 1314 1395 Josephns
1336 1314 1412 1376 libro
1437 1323 1464 1378 1.
1487 1316 1591 1396 Antiq.
1614 1336 1679 1397 cap.

371 1406 520 1464 seriorum
541 1405 683 1482 magistri,
707 1423 773 1464 cum
797 1404 869 1463 tolie
889 1404 928 1462 le·
988 1405 1036 1462 11.
1052 1409 1083 1461 et
1097 1400 1304 1463 Demascenus
1323 1402 1375 1462 lib.
1392 1404 1421 1462 t.
1438 1403 1477 1465 de
1490 1401 1549 1464 fide
1563 1402 1680 1464 orthod.

371 1492 456 1551 stiam
480 1492 510 1550 in
528 1492 744 1551 commentariis
767 1508 869 1550 eorum
885 1508 931 1549 su·
986 1507 1049 1567 csp.
1068 1489 1116 1547 14.
1131 1486 1160 1547 id
1177 1488 1400 1550 intellexeruut.

371 1596 390 1636 c
410 1577 598 1655 Epistolem3
621 1577 673 1637 sed
695 1596 768 1657 prae
790 1575 932 1656 superbie
1028 1573 1096 1635 Hae
1110 1573 1304 1653 objectiones,
1324 1578 1465 1654 quoniam
1482 1585 1635 1635 versemur
1650 1574 1682 1633 in

371 1667 391 1723 ’1
407 1663 608 1723 obstinatione
623 1671 825 1723 contemnunt.
842 1660 931 1723 Unde
987 1660 1188 1740 explicatione
1208 1661 1292 1722 illius
1307 1663 1416 1743 partis:
1438 1661 1610 1724 secuudum
1626 1678 1681 1721 os·-

383 1768 505 1810 eornm:
534 1748 645 1809 Mirum
668 1759 729 1822 eet,
753 1751 865 1830 inquit,
889 1755 933 1809 tot
986 1747 1092 1806 dinem
1114 1748 1353 1823 Melchisedech,
1381 1750 1467 1810 uobis
1491 1746 1679 1810 refellendae

371 1835 530 1896 nestorios
552 1834 689 1895 doctores
712 1836 769 1895 hec
790 1837 932 1915 opinione
986 1842 1065 1907 sunt,
1077 1853 1113 1893 ec
1121 1853 1195 1895 vera
1206 1836 1380 1914 Scriptores
1392 1835 1591 1914 intelligentie
1602 1853 1679 1895 com·

371 1943 403 1983 os
418 1924 518 1993 inisse,
539 1930 572 1980 ut
587 1923 617 1981 in
633 1922 785 1983 oblatione
800 1924 886 2002 panis
902 1929 933 1981 et
985 1918 1185 1993 monstrando,
1208 1922 1257 1981 vel
1281 1941 1326 1994 eo,
1349 1922 1427 2001 quod
1451 1925 1541 1983 etiam
1564 1940 1603 1982 ex
1625 1920 1680 1980 (le-

371 2009 503 2069 istereut.
544 2007 582 2067 Et
607 2011 730 2068 iterum:
760 2009 851 2069 Unde
877 2008 932 2066 hoc
986 2004 1105 2066 tholicis
1132 2008 1284 2081 nonnulli,
1311 2011 1447 2088 quemvis
1473 2006 1511 2068 de
1533 2007 1680 2068 sacrificio

371 2113 418 2156 sm
440 2097 524 2154 venit
546 2095 757 2155 ecclesiasticis
782 2095 930 2175 scriptori·
986 2112 1095 2153 coense
1106 2096 1239 2156 sentiant
1251 2094 1405 2169 catholice,
1417 2104 1517 2157 tamen
1529 2094 1682 2155 historiam

371 2191 424 2242 ute
437 2190 471 2241 nt
482 2199 563 2240 error
576 2200 703 2241 errorem
716 2180 835 2242 trehere
848 2181 931 2253 solet,
985 2179 1207 2241 Melchisedech
1230 2181 1395 2243 sucerdotis
1419 2183 1462 2243 ite
1484 2189 1624 2254 tractent,
1647 2189 1682 2241 ut

371 2271 411 2329 sei
438 2267 617 2329 sucrificium
643 2268 674 2327 in
698 2268 806 2328 Christi
830 2287 932 2339 coene,
985 2267 1016 2326 in
1041 2287 1077 2328 ea
1103 2264 1204 2327 nullus
1233 2268 1372 2328 sacrificii
1401 2266 1563 2329 Christiani
1590 2275 1681 2348 typus

371 2372 407 2414 us
429 2353 586 2427 mandato,
608 2356 772 2427 finxissent,
796 2355 933 2435 adeoque
985 2361 1139 2434 appareat.
1164 2351 1254 2432 Quod
1267 2353 1386 2433 quidem
1400 2354 1439 2414 eb
1455 2353 1515 2415 illie
1528 2355 1563 2414 fit
1576 2372 1680 2434 parum

387 2440 612 2502 adulterassent
646 2439 749 2501 addito
775 2441 930 2513 sacuficio,
985 2439 1140 2500 catholice
1163 2439 1237 2500 Cum
1253 2441 1332 2500 enim
1349 2461 1388 2502 ex
1400 2440 1562 2521 Scriptnris
1578 2441 1680 2501 certis·

371 2537 472 2607 postes
487 2526 556 2587 hine
579 2527 648 2588 inde
663 2546 818 2588 accersere
832 2529 932 2588 coneti
985 2527 1058 2586 sime
1072 2534 1198 2598 constet,
1218 2529 1307 2588 etiam
1323 2526 1542 2589 haereticorum
1558 2546 1679 2588 consen·
1777 2552 1779 2556 ·

371 2614 440 2675 ibus
456 2633 586 2674 errorem
603 2632 689 2673 suum
703 2612 848 2674 ducerent
876 2615 931 2674 Ar·
985 2630 1031 2687 su,
1054 2610 1206 2673 Christum
1230 2631 1296 2673 esse
1318 2612 1500 2675 sacerdotem
1516 2614 1681 2675 secuudum

371 2720 399 2762 sc
422 2702 509 2781 penis
524 2708 553 2759 et
569 2701 631 2761 vini
654 2699 775 2773 oblatio,
797 2708 827 2759 et
848 2699 931 2760 nullo
985 2698 1120 2759 ordinem
1143 2699 1374 2774 Melchisedech,
1399 2703 1503 2783 utique
1525 2699 1681 2762 latendum

371 2788 497 2848 trotiuns
508 2796 628 2866 arrepte
639 2794 694 2846 eet
703 2786 823 2848 Deinde
832 2786 931 2847 eddit:
985 2793 1040 2859 est,
1061 2787 1160 2865 ipsum
1175 2785 1410 2860 Melchisedech,
1434 2798 1468 2849 ut
1483 2786 1680 2862 sacerdotem,

371 2874 565 2945 instituimus,
590 2881 709 2934 veteres
732 2873 790 2935 sibi
811 2872 934 2935 finxisse
985 2871 1099 2953 aliquid
1123 2872 1190 2934 Deo
1213 2872 1365 2935 obtulisse.
1401 2874 1475 2937 Non
1494 2875 1573 2936 enim
1596 2874 1682 2936 aliter

371 2979 421 3033 rm,
444 2959 483 3021 de
505 2978 567 3040 qno
589 2979 751 3039 numquam
765 2960 869 3021 Moses
884 2978 932 3020 co·
985 2959 1059 3039 fingi
1081 2967 1183 3040 potest
1204 2958 1342 3021 Christus
1364 2960 1503 3022 sacerdos
1518 2961 1680 3024 secundum

371 3055 395 3106 t.
425 3046 512 3105 Heec
533 3045 587 3107 ille
607 3044 829 3107 haeresiarches
855 3048 930 3107 ioto-
985 3045 1118 3107 ordinem
1142 3044 1373 3120 Melchisedech,
1399 3047 1430 3107 id
1454 3056 1511 3120 est,
1532 3050 1622 3108 ritum
1646 3067 1681 3107 ac
1783 3115 1786 3122 ¹

371 3140 543 3212 contemptu
557 3134 754 3212 antiquitatis.
986 3130 1211 3192 similitudinem
1233 3132 1462 3208 Melchisedech,
1482 3135 1541 3195 nisi
1555 3133 1679 3196 Melchi-

371 3240 394 3280 u
408 3238 441 3278 re
456 3228 557 3279 temen
579 3220 676 3299 ipsam
694 3218 857 3279 doctrinam
874 3216 931 3279 Oe·
984 3217 1097 3278 sedech
1112 3217 1230 3297 aliquid
1244 3218 1395 3294 obtulerit,
1419 3222 1525 3301 inquo
1541 3218 1681 3282 Christus

371 3328 384 3377 r,
406 3324 498 3384 quam
514 3306 685 3378 insectatur,
700 3324 762 3365 non
775 3304 930 3365 mediocri·
986 3305 1111 3365 offerens
1126 3306 1166 3363 eit
1181 3306 1209 3364 ei
1226 3305 1341 3366 similis.

371 3398 431 3462 rat,
446 3390 526 3465 dum,
541 3392 586 3452 rei
597 3393 753 3451 convictus
769 3389 930 3462 evidentia,
1028 3390 1059 3450 Si
1075 3390 1168 3465 dices,
1179 3389 1400 3452 Melchisedech
1411 3392 1469 3453 dici
1481 3391 1679 3465 sacerdotem,

376 3485 422 3538 tot
443 3484 560 3538 veteres
576 3477 731 3539 Ecclesiae
745 3477 892 3550 doctores,
914 3496 933 3537 e
985 3476 1067 3557 quod
1088 3474 1215 3537 eliorum
1231 3477 1419 3539 secerdotum
1441 3497 1523 3538 more
1537 3478 1633 3539 boves
1649 3487 1680 3539 et

371 3561 482 3624 nullum
504 3565 635 3644 excipit,
656 3567 818 3644 agnovisse
840 3564 930 3624 sacri·
985 3562 1118 3643 pecudes
1139 3571 1271 3623 mectsrc
1293 3562 1399 3625 solitus
1421 3566 1475 3625 sits
1497 3566 1624 3646 primum
1647 3565 1679 3625 id

371 3669 489 3712 recena
506 3650 674 3723 Dominica,
691 3658 783 3731 atque
797 3648 930 3727 ejusdem
985 3658 1069 3710 extre
1083 3650 1267 3731 Scriptorum
1288 3649 1411 3730 dieitu13
1433 3649 1541 3712 deinde
1562 3651 1621 3711 hac
1634 3670 1679 3711 ra·

371 3785 373 3793 ,
400 3735 524 3817 igneam
554 3738 585 3797 in
611 3735 763 3797 oblatione
788 3737 875 3817 panis
902 3743 932 3794 et
984 3738 1067 3797 tione
1088 3754 1149 3797 non
1171 3735 1316 3810 christos,
1338 3739 1393 3817 qui
1417 3738 1491 3798 nihil
1515 3737 1576 3797 tele
1598 3736 1679 3812 iecit,

371 3841 414 3883 sm
425 3820 738 3884 lecitMelchisedech.
761 3822 823 3883 Sed
838 3822 930 3883 finxe-
983 3821 1035 3883 sed
1052 3824 1153 3883 Aaron
1177 3825 1277 3903 potius
1293 3831 1356 3885 erat
1378 3822 1521 3885 dicendus
1537 3823 1678 3885 sacerdos

371 3910 436 3990 psit,
461 3907 499 3969 de
513 3928 574 3989 quo
588 3909 689 3970 Moses
702 3928 867 3989 numquam
883 3927 931 3967 co·
984 3907 1149 3969 secundum
1179 3910 1311 3970 ordinem
1341 3910 1584 3985 Melchisedech3
1618 3912 1678 3971 imo

371 3996 527 4076 tlieque
548 3996 627 4056 enim
643 3995 754 4069 scribit,
776 3994 931 4056 Melchise·
984 4013 1057 4056 vero
1082 4004 1218 4075 uterque,
1243 4004 1305 4057 tam
1331 3995 1563 4072 Melchisedech,
1588 4016 1678 4077 quem

371 4101 438 4143 netu
455 4090 487 4142 et
502 4083 603 4142 vinum
619 4082 767 4143 obtulisse
777 4081 863 4158 Deo;
878 4078 932 4140 sed
983 4082 1094 4156 Aeron,
1109 4080 1250 4143 sacerdos
1264 4083 1425 4144 secundum
1441 4084 1576 4145 ordinem
1593 4083 1678 4156 Abel,

371 4167 501 4230 ihtshae
523 4176 555 4228 et
580 4168 739 4228 comitibus
762 4169 828 4246 ejus
852 4175 929 4229 ettu·
985 4169 1037 4249 qui
1059 4168 1172 4248 primus
1193 4167 1305 4248 legitur
1327 4178 1481 4231 cruentum
1504 4189 1544 4232 ex
1563 4169 1680 4250 pecude

371 4256 463 4336 egium
475 4255 555 4316 enim
567 4263 639 4328 eret,
654 4254 749 4315 lassos
764 4274 802 4315 ex
816 4253 930 4335 proelio
985 4254 1163 4315 sucrificium
1189 4256 1340 4317 obtulisse.
1375 4259 1421 4317 Ac
1447 4277 1519 4318 asne
1544 4255 1679 4318 Christus

371 4360 398 4402 re
417 4342 559 4416 reficere3
586 4350 735 4402 caeterum
761 4341 931 4402 benedictio
984 4341 1014 4400 in
1031 4360 1118 4402 cruce
1141 4341 1262 4421 quidem
1279 4352 1374 4406 semet
1395 4346 1492 4425 ipsum
1508 4342 1618 4405 obtulit
1633 4362 1678 4403 ss·

371 4426 775 4509 ssseerdotalepertinsbet.
798 4428 931 4489 Probare
984 4427 1127 4489 orificium
1154 4437 1307 4489 cruentum
1333 4432 1415 4507 Do03
1450 4430 1502 4491 sed
1529 4427 1615 4491 nulla
1638 4427 1678 4489 ihi

371 4516 461 4577 sititur
481 4534 521 4576 ex
542 4521 635 4587 textu,
659 4515 809 4596 quianon
824 4512 932 4575 dicitur
983 4515 1057 4574 ritus
1072 4514 1236 4576 similitudo
1252 4534 1320 4576 cum
1330 4513 1679 4597 mectationepecudnm,

371 4600 461 4663 sdeelt
483 4600 629 4663 obtulisse
649 4620 755 4681 panem
773 4608 804 4661 et
818 4602 931 4673 sinum,
984 4607 1017 4661 ut
1037 4600 1076 4660 ob
1095 4600 1126 4661 id
1149 4600 1209 4661 dici
1235 4603 1328 4683 possit
1351 4603 1492 4664 secerdos
1514 4600 1677 4663 secundum

371 4685 474 4762 ulisse,
497 4688 574 4748 sicut
595 4689 686 4748 etiem
702 4686 792 4747 hehet
805 4686 932 4766 vulgete
984 4686 1118 4749 ordinem
1134 4687 1262 4767 aliquue
1280 4691 1448 4751 sacerdotis
1462 4686 1678 4769 praecedentis,

371 4783 436 4837 son
450 4776 524 4854 quia
534 4776 566 4835 in
577 4775 719 4836 Hebraeo
735 4795 795 4835 non
807 4774 930 4854 legitur:
984 4774 1034 4853 qui
1059 4772 1193 4855 pecudes
1219 4774 1408 4837 immolasset.
1443 4777 1551 4836 Restat
1576 4776 1677 4855 igitur,

371 4863 417 4922 ira
439 4861 587 4922 sacerdos
602 4863 664 4921 Dei
678 4860 835 4936 altissimi,
860 4879 930 4940 quo·
984 4869 1018 4921 ut
1048 4860 1229 4922 oblationem
1257 4861 1495 4935 Melchisedech,
1530 4881 1678 4941 quaenam

371 4947 481 5029 rigatus
495 4948 652 5021 transtulit,
676 4949 764 5026 qussi
780 4948 855 5007 retio
871 4948 930 5026 sig·
982 4946 1079 5019 luerit,
1104 4949 1286 5028 accipiemus
1302 4968 1339 5008 ex
1355 4949 1519 5029 Scriptura,
1538 4957 1570 5009 et
1583 4949 1677 5012 istea-

383 5033 482 5099 oblati
497 5034 642 5109 sacrificii,
666 5035 739 5115 quia
753 5042 819 5094 erat
832 5052 929 5095 sacer·
983 5037 1065 5108 mhr,
1091 5034 1173 5114 quod
1194 5034 1261 5113 ipsa
1283 5036 1434 5115 suggerit,
1456 5035 1678 5099 Melchisedech
