4442 5825
781 585 1185 642 mmonmmnrsnmos.
1220 587 1393 644 sensas.
1758 595 1805 665 55

368 782 395 823 sc
411 765 551 837 cseteris,
576 782 658 842 quse
678 764 710 825 iu
732 772 811 825 terra
832 773 911 826 sont.
936 766 984 825 Dc
1001 764 1053 825 lno-
1105 765 1315 827 desertoribus.
1342 764 1391 824 De
1413 783 1474 843 qua
1500 784 1534 824 rs
1550 761 1633 824 alibi.
1660 746 1833 827 Convenit·

366 850 480 909 minibus
496 851 624 930 quidem
639 851 672 909 in
685 852 778 911 vitem
789 859 941 913 aeternam
957 851 1051 911 sddu-
1105 854 1177 911 item
1199 852 1250 911 hic
1273 870 1380 910 sensns
1402 869 1469 909 cum
1487 870 1532 922 eo,
1557 849 1637 931 quod
1660 853 1807 932 superiori

365 935 468 1012 eosdm,
491 936 533 997 de
548 937 681 997 matema
696 956 778 1010 vero,
795 947 944 1019 quatenus
959 938 1053 998 homi·
1106 940 1205 1018 capite
1229 937 1422 1015 dictumest:
1453 937 1589 997 Etcum
1612 940 1728 998 aarum
1752 942 1806 999 iss·

364 1042 418 1084 nun
428 1023 524 1083 ssluti
539 1023 748 1084 subserviunt.
765 1024 834 1085 Huc
845 1025 924 1085 enim
935 1032 1054 1104 spectat
1105 1025 1246 1085 troducit
1258 1025 1508 1100 primopenitum
1522 1026 1558 1084 in
1571 1025 1676 1085 orbem
1688 1032 1802 1086 ursos

364 1129 474 1187 regnum
490 1118 523 1171 et
538 1109 705 1170 dominium
720 1109 839 1184 Christi,
860 1110 941 1190 quod
957 1113 984 1170 ei
1000 1110 1051 1170 da·
1104 1110 1201 1191 quue
1223 1109 1384 1170 secundum
1409 1110 1637 1190 expositionem,
1662 1131 1752 1191 quam
1772 1119 1807 1172 ut

363 1206 411 1254 tom
424 1206 474 1257 est
490 1218 511 1256 s
526 1195 624 1256 Patre
638 1215 730 1277 super
745 1195 846 1259 orbem
861 1206 968 1258 terrse.
998 1199 1051 1257 At·
1106 1196 1335 1277 probabilmrem
1352 1217 1386 1256 eo
1401 1196 1468 1255 loco
1485 1196 1646 1256 attulimus.
1670 1196 1760 1258 Unde
1775 1204 1806 1259 st

363 1302 406 1363 qne
419 1282 503 1343 bunc
525 1283 681 1360 ficturum
703 1281 763 1344 dici
784 1292 877 1364 putot,
897 1285 967 1366 quia
981 1285 1053 1345 novi
1105 1285 1183 1344 hanc
1198 1292 1327 1363 partem:
1351 1283 1389 1343 de
1404 1301 1466 1360 quo
1482 1283 1656 1360 loquimur,
1680 1283 1804 1365 quidam

363 1370 484 1430 numa·
507 1369 609 1430 futuri
630 1375 717 1429 erant
738 1370 768 1429 in
790 1370 915 1442 mundo,
941 1389 1052 1429 novum
1105 1370 1178 1431 illuc
1195 1369 1345 1445 referunt,
1369 1370 1454 1449 quasi
1476 1388 1578 1429 sensus
1593 1371 1646 1429 sit:
1681 1368 1805 1450 dequo

362 1455 514 1528 eentum,
532 1475 616 1516 nova
630 1455 818 1536 respublica,
834 1457 978 1519 videlicet
992 1457 1051 1517 Iic-
1105 1476 1196 1537 supro
1218 1456 1311 1517 locuti
1332 1475 1444 1516 sumus.
1466 1456 1604 1536 Denique
1615 1455 1709 1533 juxte
1724 1455 1804 1519 bunc

312 1570 317 1611 ς
362 1542 438 1601 clasis
454 1562 476 1603 a
491 1542 616 1603 Clsristo
638 1551 761 1603 suctors
783 1542 927 1623 proiecta,
951 1550 982 1604 et
1003 1562 1050 1603 us·
1106 1542 1289 1604 intellectum
1305 1544 1415 1621 optime
1428 1562 1497 1622 pars
1514 1545 1572 1603 ista
1584 1542 1723 1603 cohaeret
1737 1562 1804 1603 curn

361 1647 407 1707 qne
419 1627 463 1689 sd
477 1629 577 1688 tinem
597 1629 712 1689 saeculi
728 1629 898 1691 decursuros.
1106 1633 1153 1704 iis,
1177 1649 1255 1710 quae
1270 1648 1340 1688 mox
1364 1639 1540 1708 sequuntur,
1564 1638 1599 1689 ut
1614 1630 1644 1689 in
1659 1648 1804 1710 progessu

311 1768 316 1795 Ε
392 1715 450 1775 Alii
474 1734 553 1775 vero
580 1714 687 1775 (orbem
708 1723 812 1777 terroe
835 1718 986 1794 {imorum
1008 1715 1051 1774 in·
1105 1717 1231 1797 patebit.
1253 1715 1318 1775 Nec
1334 1724 1481 1796 repugnat
1492 1714 1669 1776 vocabulum
1685 1724 1802 1791 meroe,

360 1801 488 1881 telligere
508 1801 647 1870 malunt,
669 1802 721 1862 vel
743 1802 931 1877 Ecclesium,
954 1801 1051 1883 qualis
1106 1807 1138 1865 in
1149 1804 1256 1863 Latino
1270 1821 1437 1882 expressae,
1450 1804 1481 1863 in
1492 1801 1609 1863 Graeco
1621 1801 1802 1863 intellectas.

358 1888 444 1948 lutnrs
466 1895 516 1949 est
540 1896 611 1969 post
637 1888 694 1949 lnoc
718 1890 870 1951 naculum
896 1891 929 1950 in
954 1888 1051 1968 gloria
1104 1890 1183 1951 Nam
1203 1889 1240 1950 de
1263 1896 1342 1948 terre
1357 1898 1386 1948 et
1403 1887 1473 1950 orbs
1496 1898 1592 1949 terrae
1606 1889 1804 1968 spiritualiter

360 1975 480 2047 coelesti,
504 1976 562 2036 vel
576 1977 608 2036 in
630 1995 739 2056 genere
760 1985 872 2037 statum
886 1975 990 2037 mundi
1006 1974 1050 2035 iu·
1104 1998 1141 2037 ac
1155 1976 1282 2056 mystice
1296 1975 1480 2054 Scripturam
1503 1974 1597 2055 loqui,
1620 1996 1681 2037 non
1697 1982 1744 2037 est
1758 1978 1802 2036 in·

359 2072 444 2121 mrum
458 2070 537 2143 post
551 2064 808 2139 resurrectionem,
824 2063 855 2124 id
871 2072 918 2124 est
932 2061 1050 2122 coelum
1104 2063 1235 2124 solitum.
1251 2061 1312 2124 Ubi
1325 2071 1424 2122 umen
1437 2063 1526 2122 etism
1536 2064 1705 2123 meminisse
1717 2081 1802 2143 opos·

357 2169 466 2221 nerum,
490 2158 524 2209 st
541 2158 654 2209 terram
672 2169 790 2223 novam,
813 2159 844 2210 st
858 2147 1005 2231 quidquid
1020 2149 1051 2208 in
1103 2159 1147 2210 tet
1161 2167 1265 2210 novoe
1280 2155 1395 2222 terroe,
1410 2149 1442 2208 in
1457 2168 1528 2228 qua,
1544 2156 1620 2208 teste
1636 2149 1735 2222 Petro,
1753 2148 1801 2226 ju·

358 2236 470 2296 riserit.
496 2235 565 2316 Qui
577 2234 703 2315 quidem
717 2254 824 2297 sensus
840 2235 1050 2298 consuetudini
1103 2239 1186 2296 stitia
1208 2234 1334 2308 habitat,
1358 2236 1377 2294 2
1395 2236 1492 2314 Epist.
1508 2235 1537 2295 3.
1560 2235 1699 2295 Tradunt
1722 2235 1804 2296 huno

360 2341 450 2383 surse
473 2322 657 2402 Scripturas
678 2320 770 2383 vslde
791 2331 947 2396 consonat,
969 2339 1049 2404 quae
1104 2323 1348 2383 commentarium
1369 2321 1447 2380 inter
1461 2330 1578 2383 veteres
1593 2319 1802 2381 Theodorstus

361 2427 426 2490 spen
441 2416 590 2470 nostram
604 2410 636 2468 in
650 2407 730 2469 bons
740 2407 849 2483 futura,
865 2408 896 2469 id
911 2418 966 2482 est,
982 2415 1052 2490 post
1103 2418 1134 2470 et
1149 2407 1365 2482 oecumenius,
1388 2407 1465 2467 inter
1479 2407 1657 2487 posteriores
1671 2407 1803 2468 Lis-anus

364 2494 419 2556 lsss
437 2497 545 2556 ritsm
564 2493 770 2575 exspectanda
792 2493 973 2576 protendere
997 2514 1052 2555 nos
1104 2494 1316 2574 stCejetnnus.
1333 2490 1479 2572 Ejusdem
1494 2494 1690 2554 meminerunt
1702 2493 1802 2553 Tirso-

364 2579 438 2642 docss.
462 2584 547 2645 Noss
562 2584 649 2643 onim
661 2584 765 2658 prius,
781 2584 867 2661 qood
880 2582 1051 2659 spirituale
1104 2582 1263 2663 phylactus
1285 2588 1315 2639 et
1336 2579 1372 2639 Β.
1388 2578 1532 2651 Thomas,
1555 2587 1585 2639 st
1606 2580 1649 2640 its
1673 2578 1803 2661 quidem,

312 2720 315 2745 ,
362 2675 405 2744 cs,
428 2669 489 2731 sed
516 2668 608 2747 qssod
633 2669 794 2746 animale,-
825 2668 940 2730 ddndc
966 2667 1052 2746 qood
1103 2679 1138 2730 ut
1163 2667 1290 2748 probare
1311 2664 1479 2727 videantur.
1509 2668 1558 2727 Ex
1581 2666 1692 2744 quibus
1714 2664 1803 2726 iscils

312 2758 315 2831 ξ
361 2757 529 2831 ιριιίιιιοὶι,
557 2752 662 2816 IUor.
681 2753 729 2814 15.
759 2754 846 2817 Unde
869 2764 900 2816 et
914 2754 1051 2816 Christus
1103 2754 1290 2834 intelligitur,
1301 2754 1427 2813 verbum
1439 2752 1802 2833 praeteritnmzassbjecit,

312 2834 314 2875 ²
360 2841 449 2903 eodm
472 2842 548 2903 loco
570 2842 728 2903 sccundus
746 2842 840 2903 bomo
862 2850 892 2902 st
914 2844 1050 2902 novissi-
1103 2842 1182 2902 bunc
1196 2838 1309 2901 habere
1323 2858 1457 2900 sensum:
1481 2838 1701 2920 subjiciendum
1717 2859 1802 2922 prse-

360 2948 414 2990 ssss
433 2930 549 2992 Adam
570 2938 706 2990 vocstur.
730 2929 799 3010 Qus
819 2931 936 2991 mtione
958 2931 1051 2990 etism
1104 2930 1181 2990 dixit
1202 2935 1256 2987 aut
1278 2928 1428 3007 promisit,
1453 2929 1541 3008 quasi
1568 2928 1664 2989 dicat:
1687 2927 1802 2987 Princi-

359 3025 438 3091 potes·
459 3018 575 3095 [usuri
597 3016 715 3077 meruli
736 3014 834 3079 dictus
858 3025 913 3089 est,
940 3015 1004 3078 Jes.
1021 3016 1050 3076 9.
1104 3024 1193 3096 patus
1216 3013 1298 3075 orbis
1320 3021 1416 3075 terrae
1437 3014 1532 3074 iutnri
1551 3034 1612 3074 non
1627 3023 1672 3076 est
1687 3010 1803 3094 angelis

360 3101 399 3163 die
413 3103 596 3184 Apostolus,
618 3104 650 3164 in
672 3101 728 3163 hsc
751 3105 818 3184 ipss
840 3101 989 3182 Epistola,
1011 3100 1051 3162 ds
1104 3102 1241 3163 decretus
1256 3107 1309 3160 sut
1324 3102 1489 3181 promissus
1505 3121 1524 3160 s
1537 3100 1614 3163 Dso.

358 3185 453 3250 bissis
475 3190 626 3269 loquitur,
649 3197 682 3249 ut
696 3191 843 3270 csp.13.:
865 3192 940 3252 Non
954 3188 1050 3249 leobe-
1148 3191 1177 3250 6.
1207 3189 1355 3249 Testatus·
1382 3196 1490 3249 uatem
1513 3190 1549 3247 in
1573 3190 1711 3265 quodum
1734 3190 1803 3250 ioco

358 3294 413 3337 mss
426 3277 481 3337 bic
495 3283 683 3338 monentem
699 3278 869 3351 civitatem,
888 3277 942 3338 sed
956 3276 1051 3353 festas·
1104 3278 1174 3353 quis
1195 3275 1310 3335 dicens.
1332 3274 1501 3355 Postquam
1516 3272 1600 3348 dixit,
1615 3297 1677 3337 non
1687 3275 1803 3356 angelis

358 3379 415 3423 ross
430 3365 642 3440 s'ssqssirimsss
672 3362 743 3442 Qua
764 3364 871 3443 utique
893 3363 1050 3436 sententia,
1102 3364 1202 3425 Deum
1224 3360 1391 3440 subjecisse
1415 3361 1516 3423 orbem
1538 3370 1633 3422 terras
1659 3361 1802 3435 futurum,

357 3450 432 3510 solut
445 3450 556 3529 digito,
571 3456 720 3510 monstrat
730 3449 816 3511 nobis
829 3449 934 3511 orbem
946 3456 1051 3510 terrm
1104 3448 1294 3529 sequebatur,
1319 3454 1352 3506 ut
1367 3446 1489 3521 diceret,
1513 3444 1634 3509 Christo
1651 3469 1719 3509 sum
1734 3447 1803 3509 sub·

357 3536 508 3612 Ιιιιυιιιιιι.
533 3535 620 3597 Idem
633 3533 709 3598 iscit
722 3556 788 3618 cap.
807 3542 867 3609 11.,
889 3556 982 3616 quum
998 3534 1049 3597 do·
1100 3537 1219 3615 jecisse.
1235 3534 1325 3595 Hanc
1337 3535 1569 3615 assumptionem
1580 3555 1640 3594 non
1653 3534 1801 3614 exprimit,

358 3633 410 3698 cst,
433 3633 568 3685 unctos.
583 3623 771 3702 patriarches
794 3642 856 3701 per
877 3623 971 3701 tidem
995 3640 1050 3683 cs-
1104 3620 1157 3683 ssd
1171 3642 1208 3681 ex
1221 3621 1397 3701 probatione
1408 3622 1551 3701 relinquit
1567 3619 1801 3703 intelligendam,

359 3718 504 3787 spectasse
519 3711 683 3772 civitatem
695 3710 915 3788 fundamento
929 3710 1051 3771 boben-
1105 3709 1194 3790 quasi
1211 3706 1305 3768 dicat:
1323 3710 1418 3788 Atqui
1429 3708 1547 3769 Christo
1563 3706 1649 3770 illum
1664 3707 1801 3787 subjecit,

359 3802 429 3873 less,
457 3801 553 3872 arsisse
578 3797 699 3873 ortissu
725 3802 755 3858 ct
780 3797 929 3859 conditor
954 3798 1049 3871 Dens,
1105 3794 1347 3875 idquodalicubi
1360 3793 1623 3874 testaturquidam.
1639 3795 1801 3856 Auctorem

359 3901 484 3962 mssqsss
505 3890 546 3945 ιιι
563 3884 709 3961 potriom
731 3901 823 3945 srsom
844 3885 1050 3961 inquisivisse.
1105 3893 1137 3944 et
1158 3883 1257 3943 locum
1279 3881 1453 3962 Scripturas
1474 3902 1533 3942 nou
1555 3883 1697 3955 nominet,
1720 3877 1801 3962 qnod

360 3968 438 4032 llsee
460 3972 555 4049 igitur
576 3973 688 4032 civitos
703 3978 749 4030 est
763 3970 848 4031 orbis
869 3978 974 4032 terroe
994 3970 1051 4047 fes-
1104 3969 1142 4029 ad
1159 3968 1317 4029 Hebraeos
1331 3970 1472 4030 scriberet
1484 3988 1635 4029 sacrarum
1650 3969 1801 4030 literarum

362 4063 451 4117 ίιιιιιι.
474 4056 565 4118 Unde
580 4055 671 4129 addit,
693 4056 808 4135 dequo
824 4058 997 4136 loquimur,
1021 4055 1052 4116 id
1105 4077 1165 4117 uon
1181 4056 1311 4134 ignaros.
1335 4054 1433 4136 Quem
1447 4076 1558 4116 morem
1574 4063 1676 4118 servat
1691 4074 1745 4135 per
1757 4062 1800 4114 to·

365 4153 407 4212 est,
421 4141 462 4203 de
477 4162 541 4223 quo
554 4143 642 4205 nobis
656 4145 816 4223 praecipue
838 4162 934 4205 sermo
949 4152 993 4204 est
1007 4144 1051 4204 in·
1105 4150 1166 4203 tsm
1182 4141 1243 4203 fers
1258 4141 1439 4222 Epistulam.
1455 4142 1548 4202 Porro
1564 4140 1716 4202 Davidem
1732 4158 1802 4202 esse

365 4232 494 4306 stitutus;
510 4231 585 4309 quia
595 4230 732 4290 nimirum
739 4231 772 4291 ln
783 4229 839 4290 bac
850 4228 989 4311 Epistola
1000 4249 1051 4308 po·
1105 4227 1222 4291 Psalmi
1238 4230 1346 4301 octavi,
1370 4249 1407 4289 ex
1429 4249 1487 4310 quo
1503 4230 1705 4289 testimonium
1720 4228 1802 4301 odat,

366 4316 505 4376 t'ssimum
533 4316 635 4395 agitur
663 4314 702 4375 de
730 4317 905 4397 pontificatu
932 4317 1051 4377 Christi.
1106 4324 1272 4387 auctorem,
1298 4318 1474 4399 interpretes
1500 4335 1561 4376 non
1586 4315 1738 4392 dubitant,
1765 4334 1803 4374 ns

367 4401 413 4462 Est
425 4411 526 4463 sutem
538 4403 682 4466 Obristrss
693 4404 882 4481 futurorum
896 4403 1052 4465 bonorum
1105 4403 1238 4464 Hebraei
1254 4401 1385 4481 quidem,
1407 4405 1460 4479 qui
1474 4400 1604 4477 tradunt,
1620 4423 1687 4463 enm
1703 4423 1722 4463 a
1740 4402 1801 4462 Da-

366 4490 512 4565 poutit‘sx,
529 4490 575 4550 uti
587 4489 698 4551 dicitur
712 4509 779 4570 osp.
796 4495 824 4553 9.
1105 4490 1177 4551 vide
1209 4491 1309 4549 ovium
1342 4497 1459 4570 pastore
1485 4489 1675 4552 decantatum
1701 4487 1803 4561 fuisse

401 4575 487 4656 Quod
503 4596 576 4637 vero
587 4575 628 4636 sd
639 4577 741 4638 orbem
754 4585 852 4638 terres
867 4585 896 4638 et
911 4575 1052 4636 muudum
1106 4576 1226 4646 ouando
1243 4586 1329 4637 nocte
1341 4575 1507 4638 custodiam
1520 4598 1614 4657 agens
1629 4576 1728 4655 gregis
1745 4573 1802 4642 sui,

368 4673 538 4739 prscssntesn
569 4664 694 4734 attinet,
720 4682 871 4745 unusquam
898 4662 1054 4741 Scriptura
1105 4664 1183 4724 sicut
1205 4662 1249 4723 illi
1270 4671 1406 4744 pastores
1422 4664 1608 4743 Evangelici,
1633 4659 1801 4741 dequibus

371 4759 462 4829 nego,
490 4770 559 4811 cum
586 4749 718 4830 angelis,
748 4759 783 4811 nt
807 4749 1052 4826 moderatoribus,
1105 4752 1177 4811 Luc
1204 4752 1249 4822 2.,
1279 4749 1535 4831 contemplabatur
1560 4747 1691 4820 coelum,
1718 4756 1748 4808 st
1772 4741 1803 4809 iu

372 4853 424 4895 esse
449 4837 634 4916 subjectum,
661 4836 713 4897 ssd
736 4838 832 4916 magis
854 4836 993 4908 affirmet,
1019 4844 1054 4897 ut
1106 4837 1189 4898 coslo
1204 4836 1304 4897 lunam
1321 4846 1351 4897 et
1366 4836 1484 4913 stellas,
1508 4844 1599 4916 etque
1614 4836 1644 4895 in
1659 4835 1707 4909 iis,
1727 4842 1800 4895 tam·

373 4921 439 4999 spud
454 4923 609 4985 Danielem
632 4929 663 4983 et
677 4923 758 4985 abbi.
781 4922 846 4984 Imo
869 4944 939 4983 vero
964 4925 1051 4984 inter·
1107 4943 1198 5004 qnsm
1221 4924 1280 4984 Dei
1305 4923 1450 5005 operibus,
1473 4920 1649 4984 admirabile
1670 4922 1729 4983 Dei
1749 4942 1800 4982 no·

374 5003 430 5069 dnm
449 5009 505 5073 boc
525 5012 620 5073 etism
642 5010 775 5072 tribuere
797 5009 917 5073 ridetur
938 5009 1053 5093 angelis
1105 5031 1174 5073 meu
1189 5012 1393 5093 etpotsntism
1407 5007 1600 5092 suspiciebat
1626 5007 1717 5072 Unde
1731 5007 1803 5070 solis
