4442 5825
887 596 1346 654 nursromurnersnaros.
1790 608 1811 674 ὁ

372 770 461 844 lippo,
477 790 518 833 ex
533 772 625 832 Dsut
638 773 689 831 21.
713 771 789 832 Item
804 772 881 853 Eph.
895 777 923 833 4.
945 777 1064 835 Ascen-
1118 775 1208 835 etiam
1225 772 1279 845 illi,
1295 776 1348 854 qui
1360 775 1528 854 Epistulam
1539 778 1634 855 ipsam
1646 785 1812 855 agnoscunt

370 856 439 916 drus
461 861 500 916 tn
517 857 639 932 ultum,
663 861 823 934 captivom
847 859 939 920 duait
960 863 1063 936 cupti-
1116 882 1170 940 pro
1186 879 1277 920 sacra,

370 946 513 1017 uitatem,
553 944 642 1005 dedit
677 944 764 1004 dono
798 945 994 1021 bominibus,
1026 965 1063 1008 ex
1158 947 1253 1006 Porro
1268 955 1402 1017 veteres,
1418 950 1550 1025 quieam
1562 948 1651 1009 Pauli
1666 970 1726 1010 non
1743 969 1810 1011 esse

367 1028 474 1087 Psalm.
492 1031 543 1089 67.
568 1029 644 1090 Item
661 1029 767 1090 eodem
781 1050 845 1110 cap.
879 1033 1063 1091 Iruactmini
1114 1041 1271 1111 putarunt,
1294 1032 1360 1090 aliie
1375 1032 1554 1111 quibusdam
1578 1035 1750 1095 auctoribus
1766 1044 1809 1096 at·

367 1122 393 1173 ut
406 1114 510 1174 notite
521 1133 672 1191 peccare,
689 1134 729 1176 ex
743 1114 853 1176 Pralnr.
870 1119 899 1176 4.
921 1119 1061 1178 Poteram
1113 1118 1298 1189 tribuerunt3
1332 1117 1384 1176 alii
1413 1119 1585 1193 Barnabae,
1613 1121 1667 1180 alii
1695 1121 1809 1193 Lucae,

363 1212 388 1259 et
402 1201 463 1260 alia
477 1201 625 1261 nonnulla
640 1199 813 1280 adjungere,
829 1201 882 1263 sed
896 1204 972 1264 haec
987 1205 1060 1264 satis
1113 1204 1165 1264 alii
1191 1195 1336 1264 Clementi
1365 1203 1510 1265 Romano.
1543 1204 1611 1264 Nec
1640 1205 1810 1282 defuerunt,

364 1289 434 1359 sint,
456 1296 492 1345 ut
508 1285 669 1348 doceamus
692 1307 753 1348 non
766 1290 869 1347 statim
883 1288 1059 1349 labefactari
1112 1291 1165 1368 qui
1190 1288 1381 1349 Tertulliano
1409 1289 1624 1363 adscriberent,
1650 1293 1808 1354 siLirauo

361 1374 513 1452 scriptoris
529 1374 753 1445 auctoritatem,
776 1377 802 1433 ai
818 1393 908 1452 quam
925 1375 1058 1454 Scripta·
1112 1385 1143 1435 et
1157 1377 1242 1436 Sixto
1258 1377 1385 1436 Senensi
1407 1376 1563 1436 credimus.
1601 1377 1662 1437 Sed
1683 1377 1740 1438 hoc
1755 1399 1807 1458 po·

361 1478 437 1531 ram,
461 1458 529 1518 sive
544 1457 672 1521 docendi
687 1461 744 1518 sivi
760 1459 936 1521 exhortandi
950 1464 1058 1541 gratia,
1111 1470 1251 1522 strenuum
1265 1461 1406 1524 facillime
1421 1461 1577 1535 refellitur,
1593 1470 1657 1521 tum
1672 1482 1710 1523 ex
1724 1464 1807 1543 stylo

360 1545 489 1623 prolerat
512 1552 603 1606 extra
628 1565 697 1605 eum
722 1564 859 1618 sensum,
886 1567 975 1627 quem
996 1549 1056 1626 pri·
1111 1547 1331 1621 diversissimo,
1354 1556 1416 1607 tum
1438 1550 1509 1626 quia
1528 1548 1734 1609 Tertullianus
1748 1550 1806 1611 La·

361 1651 440 1692 mum
454 1649 531 1709 prae
546 1631 641 1691 oculis
656 1630 759 1691 babuit
774 1633 816 1705 is,
831 1634 884 1711 qui
899 1634 1027 1712 scripsit.
1109 1636 1170 1692 tine
1194 1635 1330 1713 scripsit,
1357 1653 1417 1693 uon
1432 1633 1564 1708 Graece3
1591 1654 1645 1693 uec
1669 1636 1697 1694 ei
1719 1634 1805 1712 quid·

566 1757 783 1840 <rumano
806 1759 849 1820 ¹1·
1108 1719 1805 1885 tlttlmlltllngzttultlt:

460 1864 512 1924 Β(
526 1870 659 1924 ‘mm‘
674 1864 767 1938 ΨΜ
781 1865 953 1940 Epl‘tl’lm·
1109 1911 1146 1951 ex
1162 1912 1213 1963 eo,
1230 1890 1311 1971 quod
1327 1889 1386 1950 duo
1403 1889 1590 1963 clementer,
1605 1893 1759 1953 Romanum
1774 1901 1806 1953 ut

397 1975 531 2035 Diversa
546 1994 565 2034 a
583 1977 740 2054 superiore
760 1978 898 2054 quaestio
921 1984 980 2047 est,
1006 1994 1054 2035 ea·
1107 1977 1344 2048 Alexandrinus,
1379 1977 1465 2037 ambo
1503 1976 1692 2038 Tertulliano
1728 1979 1804 2039 anti·

361 2059 481 2141 lemque
497 2060 645 2121 difficilior
660 2081 696 2121 ac
710 2063 806 2140 magis
819 2061 900 2142 apud
912 2065 1066 2141 antiquos
1107 2065 1242 2142 quiores,
1281 2062 1373 2140 hujus
1411 2062 1568 2143 Epistulae
1604 2065 1801 2138 meminerint,

362 2155 566 2220 controversa,
590 2149 728 2227 quisnam
747 2148 904 2227 Epistulae
931 2147 970 2208 cd
991 2148 1052 2209 He·
1106 2149 1249 2229 quodque
1272 2147 1478 2231 Tertullianus
1501 2149 1566 2227 ipse
1588 2149 1637 2209 lib.
1661 2149 1701 2210 de
1714 2148 1800 2230 pudi-

361 2231 461 2292 braeos
477 2235 606 2312 scriptor
619 2232 718 2292 luerit
741 2232 820 2292 Nam
836 2253 854 2293 a
870 2233 967 2294 Paulo
983 2234 1053 2294 scri·
1106 2237 1177 2295 citio
1200 2254 1265 2313 cap.
1282 2235 1332 2295 20.
1355 2235 1433 2294 hano
1455 2234 1620 2313 Epistulam
1644 2235 1804 2296 Barnabae

361 2326 435 2395 ptam
450 2339 512 2378 non
536 2337 605 2379 esse
619 2317 739 2399 quidam
762 2320 986 2392 existimarunt,
1005 2319 1053 2379 bis
1105 2320 1264 2392 adscribit,
1287 2327 1322 2378 ut
1344 2329 1374 2379 et
1388 2321 1593 2398 Hieronymus
1608 2318 1645 2379 de
1660 2340 1697 2381 eo
1712 2329 1802 2381 testa-

361 2407 542 2480 potioeimum
566 2406 752 2483 argumentis
774 2403 905 2465 adducti.
943 2406 1052 2481 Primo,
1105 2407 1199 2465 turin
1213 2406 1367 2484 catalogo,
1384 2404 1421 2464 de
1435 2406 1530 2465 Paulo
1546 2425 1647 2483 agens.

361 2492 423 2568 quia
437 2510 507 2550 cum
527 2501 664 2552 caeterae
687 2509 787 2550 omnes
802 2491 959 2570 Epistulae
973 2493 1053 2552 Pau·
1149 2492 1365 2553 Verumtamen
1386 2511 1442 2550 nec
1463 2489 1631 2550 Barnabam
1654 2491 1718 2569 ejus
1736 2510 1801 2553 esse

362 2575 433 2636 luae
453 2597 566 2637 nomen
588 2579 655 2657 ejus
677 2597 744 2637 cum
766 2576 945 2638 salutatione
966 2596 1049 2657 prae·
1104 2585 1256 2638 auctorem
1274 2597 1313 2637 ex
1335 2597 1371 2636 eo
1395 2577 1551 2656 probatur,
1576 2579 1728 2657 quianon
1742 2579 1802 2639 nisi

361 2661 444 2722 irum
459 2662 610 2736 habeant,
632 2663 706 2724 haec
720 2663 785 2723 sula
801 2665 866 2724 siue
883 2667 1003 2724 nomine
1020 2670 1052 2722 et
1102 2683 1193 2723 unam
1217 2664 1255 2723 ab
1277 2682 1313 2723 eo
1336 2666 1478 2743 scriptam
1497 2663 1665 2742 Epietolam
1685 2672 1800 2724 veteres

362 2749 533 2809 salutatione
550 2751 652 2809 statim
673 2768 733 2810 rem
757 2750 853 2828 ipsam
869 2749 1050 2830 aggreditur.
1103 2758 1304 2828 agnoverunt,
1331 2769 1397 2808 eam
1420 2759 1520 2809 autem
1543 2749 1639 2810 fuisse
1657 2748 1747 2828 plane
1761 2749 1800 2810 ab

362 2834 506 2907 Secundo,
521 2838 664 2916 quoniam
681 2844 711 2896 et
725 2836 822 2915 etylus
837 2836 1000 2917 Epistulae,
1021 2844 1051 2893 et
1103 2837 1161 2895 ista
1188 2834 1354 2906 diversam,
1380 2835 1536 2895 manifeste
1562 2844 1645 2915 patet
1668 2855 1706 2895 ex
1730 2833 1799 2895 clu-

361 2923 420 2999 ipsa
434 2922 562 2983 docendi
582 2925 660 2983 ratio
675 2922 798 2982 multum
813 2922 904 2983 distat
919 2944 938 2983 a
952 2931 1047 2982 caete·
1102 2931 1201 2982 mente
1224 2921 1447 2995 Alexandrino,
1471 2924 1523 3002 qui
1544 2922 1726 2982 stromatum
1748 2922 1799 2983 lib.

362 3010 398 3066 ris
416 3008 504 3068 Pauli
527 3009 688 3088 Epistolis,
715 3017 821 3089 estque
843 3011 963 3069 omnino
982 3010 1049 3087 ejus
1104 3013 1132 3069 2.
1148 3018 1177 3068 et
1192 3009 1221 3067 5.
1245 3007 1409 3086 complures
1432 3028 1471 3067 ex
1486 3009 1624 3086 Epistula
1638 3009 1798 3068 Barnabae

361 3096 448 3154 oratio
462 3095 555 3173 longe
570 3096 706 3174 gravior,
732 3096 895 3174 copiosior,
911 3097 1051 3168 ornatior,
1103 3096 1269 3155 sententias
1284 3096 1404 3167 recitat,
1423 3114 1548 3174 quarum
1563 3094 1647 3154 nulla
1662 3095 1712 3154 hic
1726 3095 1800 3174 legi·

362 3198 444 3259 quam
462 3190 659 3242 caeterarum.
693 3182 816 3253 Tertio,
837 3184 909 3261 quia
924 3183 1052 3261 scriptor
1101 3190 1157 3241 tur.
1194 3182 1298 3258 Agens
1327 3189 1425 3240 autem
1453 3182 1484 3239 in
1511 3180 1617 3241 eodem
1644 3199 1736 3259 opere
1762 3179 1800 3241 de

361 3266 509 3345 Epistulae
531 3287 597 3345 cap.
617 3272 643 3327 1.
667 3267 764 3326 locum
786 3266 897 3327 Psalm.
917 3270 945 3326 2.
979 3270 1049 3343 Epo
1102 3266 1242 3345 Epistola
1257 3264 1296 3324 ad
1308 3265 1466 3326 Hebraeos
1478 3286 1538 3326 non
1549 3286 1616 3326 cam
1629 3265 1797 3340 Barnabae,

361 3353 445 3411 bodie
470 3357 627 3429 percutite,
652 3352 746 3412 multo
769 3352 855 3413 aliter
877 3356 1049 3434 interpreta—
1101 3353 1156 3413 aed
1184 3351 1280 3412 Paulo
1307 3360 1410 3411 censet
1436 3350 1671 3411 adscribendam.
1711 3351 1799 3413 Idem

360 3447 401 3498 tur
416 3459 505 3517 quam
521 3441 587 3518 ipse
602 3440 718 3500 Paulus
736 3439 804 3499 Act.
822 3444 870 3501 13.
894 3440 955 3499 Hic
970 3442 1049 3499 enim
1101 3447 1186 3519 patet
1211 3457 1252 3498 ex
1278 3438 1524 3516 interpretatione
1555 3440 1706 3496 nominum
1736 3438 1798 3497 He-

360 3535 455 3585 auctor
470 3545 506 3585 ca
522 3525 614 3585 verba
636 3525 729 3586 refert
751 3524 790 3584 ad
810 3535 962 3585 aeternam
978 3527 1050 3585 Filii
1100 3526 1269 3583 braicorum
1293 3521 1374 3603 apud
1395 3524 1626 3603 Hieronymum,
1649 3522 1702 3582 ubi
1724 3524 1795 3602 Epi·

359 3611 409 3670 Dei
425 3613 668 3689 generationem:
691 3611 808 3671 Paulus
829 3632 901 3672 vcro
918 3611 957 3671 ad
974 3621 1046 3671 tem·
1102 3611 1179 3670 stola
1194 3610 1351 3670 Barnabae
1366 3608 1404 3668 ab
1421 3630 1469 3680 ea,
1493 3628 1571 3688 quae
1586 3608 1624 3668 ad
1640 3608 1798 3669 Hebraeos

358 3697 488 3774 poralem
515 3698 581 3775 ejus
606 3718 624 3757 a
649 3707 744 3758 morte
777 3701 1047 3758 resuscitationem.
1101 3699 1213 3775 scripta
1229 3704 1288 3766 eet,
1311 3695 1519 3774 distinguitur,
1543 3715 1578 3754 ac
1593 3694 1712 3755 diversa
1727 3714 1795 3755 cou-

358 3782 482 3861 Quarto,
505 3786 576 3863 quia
596 3784 644 3842 hic
667 3793 769 3844 auctor
786 3783 898 3845 diserte
912 3793 1050 3844 numerat
1101 3783 1176 3842 tinet
1201 3781 1353 3841 Hebraico
1378 3784 1507 3841 nomina.
1553 3781 1717 3841 Praeterea
1742 3800 1798 3841 nso

357 3872 483 3948 seipsum
510 3872 587 3930 inter
613 3889 676 3942 eos,
711 3871 742 3931 in
768 3889 843 3949 quos
873 3869 1049 3949 evangelica
1101 3876 1225 3948 apparet
1246 3876 1359 3927 tantam
1390 3867 1481 3927 luisse
1505 3868 1702 3945 eloquentiam
1724 3866 1797 3926 Bar·

356 3956 432 4014 salus
447 3956 622 4016 confirmata
635 3955 692 4015 fuit
706 3955 859 4036 perillus,
882 3959 932 4036 qui
947 3955 1047 4015 audie·
1101 3956 1213 4024 nabae,
1237 3962 1378 4032 quantam
1400 3952 1493 4013 luisse
1516 3958 1561 4011 sui
1576 3954 1708 4012 auctoris
1723 3952 1797 4012 baec

356 4053 419 4101 ruut
442 4062 461 4101 a
476 4043 607 4102 Domino
626 4042 714 4102 Jesu.
752 4043 789 4103 Id
812 4050 912 4102 autem
934 4042 1050 4101 fortiter
1101 4039 1236 4119 Epistola
1252 4039 1391 4117 loquitur.
1414 4038 1494 4099 Nam
1509 4041 1576 4100 Act.
1595 4042 1643 4099 14.
1668 4037 1796 4099 Paulum

356 4127 390 4186 de
405 4147 436 4187 se
451 4128 566 4188 Paulus
580 4134 686 4206 negat,
700 4131 745 4188 ita
760 4128 798 4188 de
809 4148 863 4189 suo
879 4129 1047 4206 Evangelio
1101 4125 1223 4204 quidem
1253 4125 1452 4196 Mercurium,
1493 4126 1660 4185 Barnabam
1696 4133 1797 4184 autem

357 4214 480 4292 loquens
494 4212 561 4274 Gal.
580 4219 606 4275 1.
641 4216 747 4291 Neque
763 4221 848 4274 cutm
865 4233 920 4289 epo
935 4213 975 4274 ub
990 4215 1048 4273 bo·
1101 4212 1211 4272 Jovcm
1226 4210 1378 4271 vocabant
1392 4211 1589 4289 Lystrenses,
1607 4232 1643 4271 ea
1657 4212 1796 4271 nimirum

356 4304 437 4359 minc
467 4303 575 4376 accepi
599 4301 700 4373 illud,
726 4319 827 4377 neque
853 4301 969 4373 didici,
995 4300 1048 4358 aed
1101 4301 1233 4367 ratione,
1259 4295 1338 4376 quod
1361 4296 1475 4357 Paulus
1498 4304 1639 4375 tanquam
1656 4297 1795 4376 eloquen-

354 4405 409 4462 ρει·
422 4388 649 4447 revelationem
665 4391 747 4449 Jcsu
762 4387 885 4447 Christi.
915 4385 1002 4445 Unde
1018 4393 1050 4444 et
1101 4386 1159 4444 tior
1172 4382 1234 4442 dux
1251 4391 1330 4443 esset
1345 4385 1497 4444 sermonis.
1522 4383 1565 4443 Ut
1578 4403 1617 4444 ne
1631 4382 1663 4444 id
1678 4382 1797 4453 addam,

357 4470 554 4552 deprimariia
566 4473 775 4553 Apostolisita
791 4472 894 4532 scribit
909 4470 1045 4550 ejusdem
1102 4472 1245 4549 quoniam
1267 4470 1474 4548 apocryphum
1504 4477 1566 4542 est,
1588 4468 1669 4549 quod
1691 4466 1742 4526 lib.
1768 4470 1795 4528 1.

356 4558 448 4637 Epist
464 4578 531 4638 cap.
547 4561 576 4618 2.
610 4560 691 4619 Matr·
705 4561 808 4633 anim,
823 4562 878 4634 qui
893 4558 1048 4618 videbun·
1101 4557 1246 4635 recognit.
1285 4554 1450 4616 Clementis
1464 4556 1619 4615 Barnabas
1634 4551 1795 4614 introduci·

358 4653 480 4705 turenae
495 4646 639 4721 aliquid,
659 4646 741 4706 nibil
755 4646 967 4705 contulerunt.
990 4645 1046 4704 Ur·
1100 4652 1149 4702 tur
1177 4660 1286 4719 expers
1312 4643 1384 4701 artis
1410 4640 1528 4701 dicendi
1558 4650 1590 4702 et
1618 4638 1795 4715 dissuendi,

357 4739 404 4809 get
417 4731 473 4791 boc
487 4739 699 4811 argumentum
715 4732 793 4790 inter
808 4731 869 4790 alia
884 4731 1048 4812 praecipue
1101 4728 1278 4808 simpliciter
1292 4737 1323 4787 et
1333 4727 1446 4806 absque
1457 4727 1519 4786 ullo
1531 4726 1677 4785 sermonis
1690 4735 1797 4787 ornatu

357 4817 528 4896 cajetanus,
568 4826 601 4877 ut
631 4818 742 4877 doceat
773 4815 851 4877 banc
880 4818 1046 4896 Epistulam
1100 4814 1251 4875 Christum
1266 4814 1411 4873 Romanis
1427 4813 1636 4883 annuntiasse,
1659 4821 1690 4874 et
1711 4813 1748 4873 ob
1765 4810 1796 4871 id

357 4902 439 4964 Pauli
453 4922 604 4965 noneste
627 4902 764 4964 sentiunt
774 4921 841 4963 cum
855 4922 891 4962 eo
903 4903 1048 4963 Erasmus
1100 4919 1119 4958 a
1147 4898 1349 4978 Philosophia,
1386 4898 1514 4977 aliisque
1550 4897 1647 4959 doctis
1681 4900 1797 4960 irrisum

356 4989 531 5073 utpluriqne
541 5007 648 5052 omnes
657 4989 753 5052 nostri
761 4990 905 5070 temporis
917 4989 1048 5064 securii,
1100 4983 1203 5046 inisse.
