4442 5825
705 598 869 655 utstom
885 599 926 653 tl)
943 597 1106 654 Bessos.
1140 598 1225 653 tuus
1246 599 1286 652 ll.
1624 602 1698 672 209

371 779 415 837 lut
435 776 591 839 videbunt
604 779 798 853 Jeruraterr,
824 778 951 838 habita·
1005 775 1127 838 dicens:
1150 775 1204 836 sed
1226 794 1287 853 per
1305 777 1478 852 proprium
1499 777 1699 852 sanquinem.

383 864 585 940 opulentam,
601 865 853 940 tabemoculum,
866 864 952 942 quod
1003 861 1094 924 Unde
1120 865 1150 922 in
1175 863 1233 923 hac
1256 873 1342 941 parte
1361 863 1448 923 nobis
1472 861 1700 942 intelligendum

371 968 460 1028 nram
487 953 661 1029 transferri
685 956 811 1029 poterit.
847 953 952 1013 Potest
1003 951 1150 1029 relinquit
1175 967 1285 1030 corpus
1311 950 1437 1023 Christi,
1465 958 1498 1009 et
1520 951 1609 1029 quasi
1631 969 1700 1029 sup·

371 1036 469 1099 lucu
495 1041 594 1100 minue
620 1049 755 1118 spartum
783 1041 822 1100 de
847 1038 951 1099 eadem
1003 1036 1156 1118 piendum,
1167 1036 1226 1097 hoc
1237 1036 1342 1097 modo:
1357 1038 1421 1098 Per
1432 1037 1573 1112 amplius
1584 1044 1613 1097 et
1622 1054 1701 1113 per·

371 1125 424 1185 lem
448 1124 562 1187 adferri
585 1116 624 1187 ex
647 1128 832 1206 Apoc.21.:
859 1127 950 1200 Ecce,
1001 1125 1376 1203 sectiustabernaeulum,
1390 1124 1700 1201 nonmonufactum,

371 1214 497 1272 reulum
520 1215 582 1275 Dei
604 1231 675 1273 cnm
697 1213 895 1288 hominibus,
922 1221 952 1273 et
1003 1213 1037 1272 et
1060 1219 1121 1286 ert,
1149 1230 1217 1273 non
1239 1212 1334 1286 hujus
1354 1213 1542 1285 creationis,
1565 1212 1620 1271 sed
1639 1229 1700 1287 per

371 1301 406 1358 rit
429 1318 501 1361 eum
525 1303 576 1362 eis.
599 1299 675 1359 Item
689 1299 746 1360 hae
760 1301 950 1380 Scripturas:
1001 1302 1173 1376 proprium
1189 1317 1312 1375 corpur.
1334 1299 1411 1359 Nam
1426 1317 1535 1376 corpus
1550 1297 1607 1358 hoc
1622 1317 1698 1358 mor-

371 1404 403 1462 e,
428 1390 500 1464 quis
521 1387 674 1448 habitabit
691 1389 729 1448 in
744 1387 951 1447 tabernaculo
1005 1386 1067 1447 tale
1091 1385 1242 1446 interdum
1268 1387 1370 1445 vocari
1394 1385 1634 1458 tabernaculum,
1662 1404 1700 1444 ex

371 1473 470 1534 'sulm
496 1477 561 1535 14.:
594 1476 643 1548 Ut,
670 1493 740 1535 cum
763 1475 950 1553 defeceritis,
1005 1474 1108 1534 codun
1129 1473 1277 1553 Apostolo
1299 1471 1403 1552 Hquet,
1425 1472 1474 1532 Ita
1496 1473 1576 1533 euim
1598 1471 1702 1532 scribit

372 1566 413 1622 nt
435 1578 492 1621 uos
514 1563 550 1622 in
573 1569 705 1622 aeterna
730 1561 949 1635 tabernacula,
1005 1558 1109 1620 tCor.
1126 1560 1170 1619 5.:
1187 1561 1270 1621 Num
1288 1567 1317 1620 et
1332 1563 1388 1636 qui
1402 1577 1511 1619 summ
1525 1561 1561 1620 in
1576 1559 1633 1619 boc
1647 1566 1700 1617 ta·

371 1650 391 1708 i.
413 1647 516 1727 Magis
531 1657 638 1724 sutem,
653 1648 733 1729 quod
749 1651 849 1728 capite
864 1668 948 1728 prae·
1005 1647 1188 1722 bernaculo,
1210 1649 1442 1722 inyemiseimus
1455 1651 1595 1722 pracati,
1618 1643 1701 1725 quod

393 1733 580 1807 dictumest,
603 1742 634 1795 et
655 1735 694 1796 de
717 1736 808 1796 coelis
831 1738 950 1816 exposi-
1005 1734 1097 1815 paulo
1119 1741 1188 1814 post
1208 1736 1334 1814 exponit
1355 1733 1394 1794 <ie
1417 1753 1555 1813 corpore,
1579 1733 1700 1793 dicens:

371 1823 550 1883 iunctorum
575 1825 718 1883 minister
741 1831 771 1882 et
798 1823 952 1883 taberna·
1006 1823 1092 1882 Dum
1107 1839 1215 1882 nemus
1236 1824 1434 1897 incorpore,
1453 1824 1701 1898 perecrinomur

371 1912 411 1968 ri.
438 1909 500 1970 Sed
515 1910 589 1971 haec
604 1929 663 1970 uon
679 1911 869 1971 convincunt.
889 1911 951 1970 Ne·
1005 1928 1026 1969 a
1040 1911 1191 1970 Domino.
1218 1907 1358 1969 Similiter
1374 1909 1481 1969 Petrus
1506 1913 1521 1968 1
1540 1909 1636 1989 Epist.
1654 1910 1700 1968 h:

371 1997 420 2056 rim
447 2016 572 2057 ueceme
597 2005 658 2071 est,
685 1996 812 2057 eandem
838 1997 953 2078 ubique
1006 1996 1168 2076 Qnamfflu
1189 2013 1258 2055 tum
1279 1998 1315 2055 in
1337 1995 1394 2054 hoc
1416 1996 1631 2056 tabernaculo.
1660 1993 1702 2054 lit

371 2085 509 2164 rysticam
525 2094 578 2145 aut
591 2084 751 2163 figuratam
767 2083 952 2145 tubernaculi
1006 2084 1130 2145 iterum:
1160 2083 1257 2145 Velox
1271 2090 1315 2142 est
1330 2083 1485 2159 depotitio
1499 2081 1701 2144 tabernaculi

371 2172 513 2245 ationem,
536 2190 575 2232 ne
594 2171 722 2231 Moesici
745 2169 881 2251 quidem,
904 2170 954 2231 vel
1006 2173 1078 2231 mei.
1101 2168 1186 2248 Quin
1201 2179 1230 2230 et
1245 2169 1282 2229 dc
1297 2188 1352 2229 suo
1367 2171 1461 2250 ipsius
1477 2189 1603 2249 corpore
1614 2165 1700 2229 Chri·

371 2257 440 2338 quoti
456 2277 494 2318 eo
508 2261 629 2319 nominc
650 2277 730 2317 nuuc
744 2259 840 2337 prima
855 2259 953 2319 tabor·
1007 2266 1072 2318 stus
1086 2259 1130 2318 its
1144 2256 1285 2334 loquitur,
1308 2256 1399 2318 Joan.
1415 2258 1461 2316 2:
1487 2259 1605 2318 Solvite
1620 2263 1701 2315 tem·

381 2365 454 2427 pars
480 2345 678 2425 significetur,
707 2364 787 2404 nunc
813 2345 953 2417 secunda,
1004 2345 1096 2422 plum
1111 2345 1178 2418 hoc,
1203 2352 1233 2405 ct
1252 2347 1288 2404 ln
1310 2342 1410 2404 tribus
1432 2344 1540 2404 diebus
1560 2342 1701 2404 excitabo

371 2452 445 2493 vcro
483 2439 578 2492 totum
608 2431 794 2493 tabernaculi
827 2452 954 2514 corpus,
1006 2432 1098 2492 illud.
1127 2431 1195 2491 Hoc
1220 2430 1346 2501 dicebat,
1369 2432 1413 2491 sit
1433 2431 1640 2510 Evangelista,
1662 2428 1702 2489 tle

371 2520 478 2599 iugula
499 2538 586 2579 suum
609 2539 645 2580 sc
666 2521 819 2599 proprium
842 2520 955 2582 habent
1008 2517 1125 2596 templo
1140 2521 1284 2595 corporis
1300 2520 1358 2577 rui.
1381 2519 1438 2578 Est
1449 2526 1549 2579 autem
1561 2516 1703 2598 parratio

371 2607 443 2667 ium.
467 2606 588 2667 Deinde
602 2606 749 2667 refellitur
760 2627 795 2666 es
807 2609 955 2668 sententia
1007 2606 1117 2683 templi
1133 2613 1163 2666 et
1179 2605 1390 2667 tabernaculi.
1414 2604 1493 2667 Nam
1509 2614 1539 2666 et
1554 2613 1644 2666 setus
1658 2613 1701 2663 ta-

371 2701 418 2754 ste
429 2713 469 2754 ex
480 2692 581 2754 verbis
594 2691 740 2775 Apostoli,
752 2695 861 2773 quibus
873 2694 954 2769 dicit,
1007 2693 1202 2754 bemaculum
1233 2693 1345 2753 domus
1370 2695 1434 2754 Dei
1458 2692 1639 2765 vocabatur,
1669 2697 1704 2750 ut

371 2800 418 2842 um
433 2799 493 2857 per
507 2782 565 2841 hoc
579 2781 823 2843 tabernaculum
837 2784 954 2843 introi·
1007 2781 1032 2842 J
1035 2779 1111 2840 udic.
1137 2783 1185 2842 18.
1211 2781 1259 2841 19.
1284 2782 1334 2840 20.
1358 2788 1388 2840 et
1409 2778 1491 2841 alibi.
1513 2779 1599 2841 Istud
1621 2797 1703 2851 vero,

371 2908 375 2926 .
396 2876 520 2944 concta,
543 2867 635 2930 idest
658 2871 690 2930 iu
704 2868 831 2930 coelum.
852 2867 956 2948 Quare
1008 2866 1175 2949 quoddixi,
1191 2865 1391 2948 supplendum
1403 2866 1527 2948 reliquit
1537 2865 1703 2948 Apostolus

371 2956 483 3017 sculum
509 2958 606 3036 ipsum
633 2977 695 3018 non
717 2965 815 3037 potest
837 2958 955 3018 coelum
1008 2975 1048 3016 ex
1063 2956 1109 3027 iis,
1125 2975 1206 3035 quse
1220 2955 1373 3017 cratinira
1388 2954 1532 3016 dicturus.
1548 2956 1624 3016 Nam
1637 2973 1702 3034 esp.
1731 2950 1736 2961 '

371 3044 398 3122 gi,
417 3045 476 3105 uisi
495 3039 590 3123 (quod
604 3045 735 3105 absurde
751 3041 849 3120 sonet)
864 3044 955 3104 lates·
1009 3062 1093 3124 sequ.
1121 3061 1161 3103 ex
1185 3042 1321 3123 proiesto
1343 3042 1446 3116 docet,
1473 3041 1627 3103 Christum
1649 3059 1704 3102 nos

371 3132 491 3191 eristum
514 3150 567 3210 per
590 3131 708 3193 coelum
731 3132 901 3192 introivisse
924 3133 956 3191 iu
1009 3129 1223 3202 sanctificasse,
1239 3137 1272 3191 et
1285 3130 1318 3189 iu
1333 3129 1449 3191 coelum
1465 3131 1623 3202 introiisse,
1643 3145 1704 3205 per

371 3241 385 3277 ι.
1009 3217 1201 3277 oblationem
1217 3219 1266 3277 rui
1280 3219 1443 3294 camuris,-
1457 3235 1613 3296 opponens
1629 3213 1705 3275 illud

1008 3303 1114 3364 hostiis
1136 3305 1248 3365 veteris
1265 3306 1444 3376 testamenti,
1468 3313 1498 3363 et
1512 3302 1594 3364 huuc
1607 3302 1705 3361 citans

1009 3390 1189 3451 versiculum
1204 3389 1334 3451 Psalmi:
1357 3393 1505 3451 Hostiam
1525 3397 1554 3450 et
1569 3390 1705 3449 oblatio·

371 3542 424 3584 tue
454 3522 591 3596 dubium,
622 3523 694 3603 quin
719 3530 781 3582 tem
807 3522 956 3596 Ecclesia,
1010 3496 1088 3624 m
1111 3477 1264 3594 '‘dm’‘
1301 3496 1416 3555 ⁶⁰''lm'
1449 3484 1555 3539 “mm
1586 3475 1706 3553 (ΨΜ

371 3609 511 3689 Deipsra
531 3610 619 3690 virgo
639 3609 698 3671 siut
722 3608 957 3683 tabernaculum,

371 3718 396 3759 :o
407 3696 499 3777 longe
509 3695 607 3775 majus
623 3717 658 3756 ec
668 3696 850 3777 perfectiue3
866 3697 956 3758 idem·

371 3804 397 3844 ru
419 3782 629 3857 morcinctum,
652 3804 710 3845 nec
725 3783 814 3863 hujus
830 3787 956 3845 crestio·

371 3871 407 3932 ed
433 3869 490 3930 hae
515 3869 699 3931 tabernaculi
726 3871 958 3950 significationes

371 3976 411 4019 stu
427 3978 446 4018 a
461 3957 558 4019 Paulo
574 3960 770 4038 attinguntur.

371 3368 398 3409 ro
414 3347 580 3427 Csjctanue
596 3347 761 3428 significari
777 3348 843 3409 vult
854 3349 955 3410 Eccle-

385 3433 566 3496 Catharinus
596 3435 752 3515 Virginem
782 3435 955 3515 Deiparam.

1052 3652 1122 3712 Hoc
1143 3671 1214 3731 ergo
1237 3651 1490 3727 tabernaculum,
1513 3651 1614 3720 idest,
1639 3668 1702 3709 cor·

1011 3757 1069 3820 pus
1084 3738 1201 3812 Christi,
1222 3743 1327 3813 maius
1342 3747 1386 3801 est
1402 3740 1584 3815 etamplius
1607 3736 1704 3799 taber·

1011 3825 1120 3885 naculo
1142 3828 1256 3901 veteri3
1282 3846 1343 3887 non
1364 3828 1443 3888 mole
1468 3843 1626 3905 corporea,
1653 3822 1706 3884 ssd

1012 3912 1161 3993 dignitate
1176 3914 1228 3984 rei,
1243 3914 1316 3994 quia
1330 3915 1433 3975 vivum
1445 3921 1490 3974 est
1505 3912 1707 3972 habitaculum

1013 4000 1141 4079 Spiritus
1157 4002 1270 4073 sancti3
1293 4019 1350 4060 nec
1366 4001 1396 4060 id
1413 4000 1639 4081 qualecumque,
1655 3996 1708 4059 sed

371 4105 406 4147 ur
428 4086 480 4146 elii
507 4089 642 4169 plerique
669 4088 855 4157 existimant,
880 4089 960 4167 Apo·
1013 4087 1204 4167 hypostatice
1226 4088 1414 4166 conjunctum
1438 4086 1538 4147 Verbo
1561 4088 1629 4148 Del.
1651 4086 1710 4146 Est

371 4173 475 4254 tloqui
486 4174 524 4234 de
535 4195 657 4255 corpore
669 4195 722 4235 seu
734 4194 825 4233 carno
838 4172 960 4246 Christi,
1014 4193 1134 4253 quoquc
1154 4176 1342 4251 perfectius,
1367 4186 1431 4235 turn
1453 4176 1524 4255 quia
1547 4172 1643 4234 divini
1666 4182 1710 4233 est

371 4259 422 4320 sod
435 4261 539 4322 eodem
551 4262 665 4335 recidit,
681 4263 720 4321 de
733 4272 840 4322 natura
850 4259 960 4321 Christi
1014 4263 1121 4339 operis,
1146 4280 1236 4340 supra
1259 4271 1384 4337 naturqe
1406 4261 1581 4321 facultatem
1604 4279 1708 4321 concc-

371 4366 405 4407 ιι
428 4348 478 4408 Sic
495 4348 603 4409 Graeci
627 4367 738 4421 omncs,
760 4357 789 4406 et
811 4350 887 4407 inter
902 4350 959 4407 La·
1014 4356 1098 4427 ptum
1115 4356 1146 4408 et
1159 4347 1320 4409 formatum
1336 4352 1367 4409 in
1381 4357 1465 4408 utero
1478 4349 1628 4428 Virginis,
1645 4358 1709 4408 tum

374 4431 546 4508 Primasius,
570 4445 599 4494 et
621 4437 749 4507 Haimo,
773 4445 804 4495 et
826 4435 960 4494 Thomas
1015 4436 1088 4514 quia
1109 4436 1228 4514 perficit
1242 4443 1272 4496 et
1290 4437 1457 4496 sanctificat
1479 4435 1656 4498 accedentes
1670 4434 1711 4496 ad

371 4518 433 4581 iore
446 4522 526 4599 loco,
543 4521 673 4601 denique
690 4524 879 4600 Augustinus
893 4541 959 4582 ver·
1015 4522 1121 4601 ipsum.
1145 4522 1223 4581 Item
1245 4542 1314 4583 non
1336 4524 1578 4601 manufactum,
1603 4523 1633 4583 id
1655 4531 1710 4594 est,

375 4604 463 4683 glossa
484 4611 592 4670 citatis.
617 4610 704 4688 Quae
723 4610 871 4669 sententia
885 4610 963 4669 sicut
1014 4629 1075 4668 uon
1087 4608 1199 4668 lactum
1209 4628 1299 4669 mauu
1310 4610 1439 4682 artificis,
1456 4609 1606 4687 quomodo
1622 4618 1711 4670 vetus

371 4696 623 4767 trecentioribus,
646 4698 689 4755 ita
711 4705 741 4755 et
763 4696 849 4755 nobis
871 4714 960 4775 quam
1015 4694 1091 4756 illud
1112 4695 1224 4756 tectum
1247 4697 1357 4776 iegitur
1370 4698 1401 4755 in
1416 4695 1532 4756 Exodo.
1556 4694 1645 4757 Unde
1660 4716 1711 4758 ex·

371 4791 406 4836 nt
427 4783 583 4862 probatum
615 4782 709 4842 habet
733 4785 812 4842 enirn
840 4784 870 4842 in
895 4784 961 4861 ipso
1016 4783 1154 4862 ponendo
1184 4786 1334 4862 sequitur:
1364 4784 1399 4842 ta
1429 4790 1489 4856 est,
1520 4801 1588 4844 non
1617 4785 1713 4859 hujus

371 4860 418 4924 tolo
441 4869 678 4930 fundamentum.
723 4870 858 4930 Primum
889 4870 963 4947 quis
1015 4872 1185 4931 creationis
1206 4871 1271 4930 sive
1286 4877 1482 4946 structurae,-
1504 4870 1562 4930 boc
1577 4880 1631 4945 est,
1652 4893 1714 4933 non

372 4958 494 5028 terrim
507 4956 546 5016 tle
570 4956 715 5034 sauguine
730 4956 848 5029 Christi,
871 4975 961 5034 quem
1017 4956 1146 5017 hurum
1174 4957 1293 5035 opiticio
1330 4966 1384 5016 sut
1412 4964 1478 5015 arte
1515 4956 1712 5033 elaboratum,

371 5031 401 5090 lli
414 5044 552 5126 nngalai
571 5040 719 5103 hircorum
742 5053 772 5104 et
792 5042 962 5119 vitulorum,
1017 5042 1268 5124 quemadmodum
1294 5052 1325 5104 st
1346 5042 1384 5103 de
1410 5042 1494 5103 coelo
1520 5045 1714 5110 conformiter

371 5142 394 5183 '¹-
407 5150 564 5202 hstis-1.
577 5157 635 5197 rsus
648 5157 683 5198 us
1467 5152 1507 5209 14
