4442 5825
391 586 466 657 400
893 577 1127 637 committitis
1143 578 1176 636 111
1192 576 1259 635 css.
1276 578 1305 635 1.

389 760 483 823 verit.-
510 757 554 819 Ut
568 758 648 820 euim
670 754 803 838 optabile
818 764 873 833 est,
892 777 958 820 onrn
975 759 1085 820 sanetis
1183 763 1233 819 11.
1256 758 1336 820 Ecce
1358 758 1575 836 beatificamus
1589 776 1652 835 eos,
1673 761 1720 837 μ’

390 847 665 925 ιοιιιιιιιοιιιίικὶιι
685 847 791 907 durum
817 865 884 907 esee
904 866 964 907 non
988 845 1085 918 debet,
1139 853 1289 908 nascent.
1324 844 1442 907 Graece
1463 838 1540 915 τοὺς
1557 838 1720 924 inopinos

391 935 502 995 similia
516 952 591 1003 cum
612 932 673 992 illis
694 935 766 1013 pati.
792 932 896 994 Utitur
915 932 1086 1009 hujusmodi
1139 942 1193 1005 est,
1210 934 1266 1010 qai
1280 937 1446 994 sustinent.
1470 933 1646 1006 Confirmat,
1662 952 1719 1013 qus

390 1020 599 1084 exhortatione
625 1021 714 1079 etiam
740 1018 897 1094 Christus,
923 1019 1029 1079 hiattb.
1055 1020 1084 1080 b.
1139 1022 1328 1082 scammuni
1355 1040 1494 1080 somnne
1518 1019 1662 1080 fidelium.
1698 1018 1719 1081 8

391 1107 510 1168 dicens:
536 1106 677 1168 Gaudete
692 1113 723 1167 ct
745 1108 907 1181 seruitute,
932 1108 1085 1183 quoniam
1140 1107 1215 1168 enim
1231 1107 1334 1168 beatos
1350 1107 1525 1187 praedicare
1537 1127 1599 1181 eos,
1615 1108 1670 1188 qni
1684 1126 1719 1187 pr

391 1212 506 1255 merces
527 1201 636 1253 cestra
658 1196 785 1269 copiosa
801 1202 846 1256 cst
860 1198 896 1257 in
912 1194 1012 1254 coelis.
1035 1194 1087 1255 Sic
1139 1193 1183 1252 tia
1207 1195 1356 1255 sustinent
1377 1194 1572 1272 afflictionem
1596 1192 1689 1275 idque
1710 1192 1720 1252 i

391 1286 477 1344 enim
486 1281 643 1357 persecuti
653 1287 729 1342 sarit
739 1282 928 1358 Prophetas,
942 1282 999 1357 pai
1011 1280 1087 1358 fne-
1140 1277 1236 1340 edocti
1247 1300 1267 1339 a
1278 1278 1400 1340 Christo
1417 1280 1552 1341 dicente:
1569 1283 1676 1357 Beati,
1692 1300 1720 1358 pr

389 1376 468 1430 rens
483 1376 559 1429 ante
573 1385 636 1428 vos.
660 1367 722 1427 Hic
735 1367 868 1429 notando
882 1369 1014 1449 varietas
1027 1367 1086 1425 Le·
1139 1370 1328 1428 secutionem
1338 1371 1514 1444 potiantur
1522 1377 1660 1444 propter
1669 1372 1720 1443 ‚ins

390 1458 521 1516 tinorum
541 1454 688 1516 codicum.
710 1454 785 1515 Nam
800 1456 831 1515 in
846 1454 947 1514 uiuitis
965 1452 1086 1533 qnidam
1140 1454 1181 1514 Iit
1195 1473 1289 1534 quare
1304 1453 1412 1516 beati?
1434 1457 1607 1535 Quoniam,
1632 1456 1720 1537 iuquit

390 1542 532 1623 leguntur
545 1541 622 1602 brec
636 1544 710 1602 trias
733 1542 850 1603 ausos
864 1542 953 1614 maii,
969 1540 1088 1601 loboris
1140 1559 1214 1600 rtem
1229 1549 1273 1601 est
1286 1559 1421 1617 sepnam
1436 1543 1610 1616 coetorum,
1625 1542 1720 1603 hiatth

390 1637 420 1690 et
444 1631 629 1706 patientias.
665 1628 705 1688 iit
730 1628 811 1707 apud
832 1629 957 1701 Bedam,
983 1625 1086 1687 addito
1183 1629 1408 1706 sufferentium
1424 1629 1720 1705 saboranense

390 1727 513 1799 quarto:
540 1717 655 1777 Exitus
669 1715 758 1788 moli,
775 1724 805 1776 et
819 1716 1085 1791 lonponimitatis,
1140 1716 1230 1788 bom,
1246 1714 1377 1775 Graece:
1394 1709 1556 1795 ὑπομονὴν,
1573 1716 1665 1777 idest
1678 1734 1720 1777 sen

391 1804 565 1879 etichonis,
589 1809 619 1863 et
637 1804 825 1880 patientiae.
847 1802 908 1862 Ubi
930 1802 1027 1875 etiem,
1049 1820 1087 1861 ne
1140 1804 1229 1877 tiam,
1243 1804 1448 1879 potientium.
1471 1803 1506 1863 In
1522 1802 1720 1884 exempinms

390 1899 508 1953 textum
535 1891 600 1969 ejus
625 1889 703 1951 torte
724 1890 799 1969 qnid
822 1888 953 1969 amplius
974 1887 1087 1950 hahere
1140 1888 1316 1969 Prophetas,
1339 1891 1391 1968 qni
1412 1891 1524 1969 populo
1543 1890 1644 1952 lsrael
1665 1890 1720 1950 loct

391 1980 553 2059 suspiceris
574 1976 613 2037 nb
633 1997 677 2049 oo,
698 1975 779 2057 quod
795 1978 863 2056 ipse
877 1977 959 2056 legit,
981 1974 1086 2035 eadem
1139 1985 1219 2053 rant3
1231 1976 1720 2056 nuncexemplnmadierthomiui

392 2068 492 2126 omnia
512 2064 618 2124 ordina
638 2066 770 2145 exponit.
790 2065 833 2123 At
848 2082 920 2124 vero
936 2061 1023 2123 multi
1038 2080 1084 2121 co·
1140 2064 1284 2143 populum
1306 2062 1391 2123 illum
1412 2065 1506 2143 geniti
1527 2064 1651 2145 quidem
1671 2072 1720 2124 ets

392 2152 474 2213 dices
495 2150 554 2212 dno
578 2159 692 2212 tantum
714 2150 836 2231 legunt,
862 2150 999 2211 nonnulii
1020 2149 1086 2228 qui·
1140 2152 1209 2224 sati,
1225 2150 1277 2210 sed
1294 2149 1373 2229 apud
1386 2170 1439 2210 eos
1455 2151 1622 2229 patientiae
1637 2150 1720 2212 nomi

391 2238 475 2300 dem:
511 2242 613 2300 scitus
642 2239 721 2298 mali
750 2244 780 2297 et
809 2238 1086 2314 lonpanimitatis,·
1139 2238 1246 2298 rimnm
1269 2237 1430 2311 celebrati,
1458 2238 1547 2316 cujus
1569 2240 1662 2298 etiarn
1682 2237 1720 2298 hit

391 2326 561 2406 complures
575 2334 691 2386 nutem:
715 2324 834 2386 laboris
848 2333 878 2385 et
892 2327 1066 2401 patientiae
1074 2344 1086 2401 ,·
1140 2325 1171 2384 in
1185 2343 1300 2384 esnone
1316 2343 1436 2385 suarum
1448 2325 1672 2404 scripturarum
1683 2325 1720 2385 hs

391 2413 472 2496 qnod
487 2415 518 2473 in
530 2412 630 2474 bibliis
642 2422 690 2474 est
701 2412 907 2491 essdgationis
918 2412 1085 2473 Lorsnion·
1140 2410 1219 2470 Nem
1235 2410 1317 2489 qnod
1333 2412 1466 2490 quidem,
1489 2415 1602 2484 nescio,
1619 2410 1720 2493 quide

391 2504 442 2576 sis,
457 2509 487 2561 et
503 2503 534 2559 in
548 2502 644 2580 prime
660 2500 848 2561 correctione
863 2499 991 2572 Sixtine,
1015 2501 1086 2557 item
1139 2517 1196 2576 pro
1211 2497 1277 2561 Joo
1299 2497 1457 2558 substituit
1472 2501 1588 2575 Jacob,
1613 2501 1707 2560 nimia

392 2589 422 2649 in
437 2585 551 2647 missali
573 2585 744 2660 Leodiensi,
766 2586 844 2646 ieris
858 2589 887 2647 4.
904 2585 1041 2646 hebdom.
1060 2590 1086 2644 1.
1139 2593 1186 2645 tas
1203 2593 1259 2644 eet
1290 2585 1419 2645 Sensus:
1443 2585 1572 2647 Habetis
1587 2589 1619 2647 in
1635 2587 1720 2647 sessis

392 2675 557 2736 Adventus.
580 2673 647 2734 Nec
662 2672 730 2753 pius
745 2683 792 2733 est
806 2673 838 2733 in
853 2672 969 2733 Graeco
985 2681 1016 2732 et
1030 2672 1087 2752 Sy·
1140 2672 1263 2751 insigne
1286 2672 1457 2752 exemplum
1472 2675 1640 2753 patientiae
1656 2692 1720 2734 sant

394 2765 484 2823 risco.
506 2760 585 2819 Nam
608 2758 726 2822 Graece
748 2760 792 2819 sic
813 2759 941 2820 habent:
966 2761 1087 2822 Enem·
1141 2757 1180 2820 sd
1196 2757 1277 2836 qnod
1293 2778 1408 2827 moneo,
1430 2769 1465 2819 nt
1478 2762 1661 2840 respicietis.

390 2850 482 2927 plum
506 2848 638 2923 accipite
659 2846 792 2921 laboris,
818 2847 939 2924 [ratres
960 2849 1031 2922 mei,
1059 2852 1088 2905 et
1184 2845 1263 2905 Hine
1280 2844 1340 2903 dno
1356 2843 1505 2919 discimus,
1527 2847 1676 2908 adversus
1697 2866 1720 2909 ss

393 2936 657 3012 lonpanimitatis,
673 2935 850 3011 Prophetas
864 2943 919 2994 etc.
1141 2932 1289 3012 quosdam
1305 2932 1446 2993 notanda.
1473 2934 1616 3006 Primum,
1642 2956 1688 3008 aa,
1709 2955 1720 3015 s

435 3023 547 3102 Itaque
562 3019 721 3082 verisimile
737 3030 791 3095 est,
806 3041 872 3081 cnm
888 3019 1022 3082 Graecas
1036 3039 1088 3079 vo·
1141 3027 1244 3080 sancto
1260 3018 1321 3080 Job
1338 3020 1515 3094 scribuntur,
1539 3020 1696 3083 historiam
1716 3045 1720 3075 ι

394 3129 460 3171 ces:
476 3108 536 3187 τῆς
551 3101 765 3175 κακοπαθείας
781 3099 833 3166 καὶ
856 3108 916 3186 τῆς
930 3104 1088 3186 paepooo·
1141 3115 1253 3186 gestae,
1269 3126 1328 3165 non
1341 3115 1549 3185 argumentum
1562 3110 1720 3170 confictum

393 3190 487 3274 μίας,
514 3194 568 3254 alii
592 3194 682 3256 aliter
703 3196 734 3253 in
755 3195 896 3255 Latinum
918 3196 1090 3265 vertissent,
1142 3194 1265 3253 tationis
1280 3200 1332 3253 ant
1352 3191 1506 3254 doctrines
1529 3215 1631 3269 muse,
1653 3196 1720 3256 vein

392 3284 606 3362 intempestive
614 3280 778 3342 scribarum
793 3280 951 3360 diligentis
966 3281 1088 3353 iactum,
1142 3278 1302 3340 comoediis
1317 3300 1352 3339 ac
1368 3280 1550 3360 tragoediis3
1573 3291 1608 3343 nt
1625 3282 1720 3343 Anabs

394 3377 428 3430 ut
441 3368 577 3429 diverses
593 3369 855 3447 interpretationes
870 3371 901 3428 in
917 3367 1025 3428 iisdem
1039 3387 1087 3427 co·
1141 3366 1249 3428 volunt
1271 3376 1300 3426 et
1318 3374 1437 3428 veteres
1459 3366 1581 3447 qnidam
1597 3370 1720 3430 Hebras

394 3454 510 3516 dicibus
520 3454 698 3515 haberemus
706 3455 1089 3534 conjunctas3qusmqnam
1142 3454 1211 3514 ficta
1226 3453 1365 3533 exempla
1387 3455 1465 3514 serio
1488 3473 1548 3515 non
1563 3466 1696 3517 monent.
1716 3456 1720 3516 ἶ

395 3534 656 3602 numnuhsianon
668 3544 787 3603 coitum
797 3542 919 3601 malum
932 3540 1090 3621 significat,
1142 3541 1213 3601 ficta
1228 3542 1359 3600 namatio
1375 3549 1461 3611 most,
1485 3542 1683 3622 conjungeret
1703 3542 1720 3603 h

395 3628 448 3690 sod
462 3628 622 3689 malonem
636 3630 883 3704 perpessionem,
899 3627 930 3687 id
942 3637 990 3687 est
1000 3629 1090 3706 affli-
1143 3647 1206 3687 rum
1222 3627 1380 3701 Dominus,
1395 3627 1503 3688 Erech.
1521 3631 1580 3702 14,
1604 3649 1671 3689 cunr
1687 3627 1720 3689 rh

396 3717 542 3790 ctionem,
568 3716 717 3775 lahorem.
754 3715 871 3794 Estque
896 3713 944 3774 bic
970 3733 1091 3776 sensus:
1143 3714 1217 3785 hus,
1245 3733 1368 3792 quornm
1392 3714 1541 3791 justitiam
1568 3715 1626 3775 sibi
1653 3715 1720 3776 vebs

397 3801 564 3863 sineretis
578 3823 632 3882 pro
652 3802 789 3880 exemplo
805 3802 899 3861 suncti
914 3801 1093 3881 Prophetae,
1144 3809 1298 3879 acceptam
1322 3800 1415 3861 inisse
1437 3800 1575 3861 declarat
1598 3801 1720 3863 biareni

396 3890 450 3967 qui
465 3907 572 3967 graves
588 3890 761 3949 afflictiones
776 3889 925 3967 patienter
937 3905 1037 3966 usqne
1053 3885 1092 3946 ad
1141 3888 1267 3964 fuerint
1283 3889 1420 3947 tresviri
1435 3889 1486 3947 isti
1497 3891 1533 3947 in
1545 3888 1653 3950 medio
1669 3893 1720 3965 eja

395 3976 484 4035 tinem
498 3975 691 4055 pertulerunt
716 3974 811 4036 Addit
825 3984 941 4035 antem:
966 3976 1028 4054 Qui
1043 3974 1091 4034 lo·
1143 3975 1264 4035 Daniel
1278 3981 1308 4033 et
1320 3974 1398 4049 Job,
1422 3977 1485 4050 ipsi
1494 3977 1624 4050 fintitio
1646 3993 1704 4037 sesa

396 4063 461 4122 coti
474 4069 549 4122 sunt
562 4065 600 4123 in
615 4064 745 4123 nomine
760 4063 905 4136 Domini,
921 4060 1020 4135 idest,
1038 4061 1091 4140 qni
1143 4061 1223 4121 hunt
1238 4063 1365 4120 animm
1379 4079 1460 4121 saus.

393 4148 485 4228 jussu
511 4156 542 4207 ot
563 4148 703 4209 mandato
725 4149 784 4209 Dei
806 4148 900 4208 verba
921 4147 1091 4208 habueruut
1186 4147 1330 4216 Alterum,
1345 4167 1404 4207 non
1421 4147 1719 4212 esseaudiendnmb

397 4233 436 4296 sd
457 4233 615 4315 populum,
638 4254 691 4295 sen
711 4234 815 4296 futura
838 4236 1090 4315 praenuntiantes,
1142 4254 1221 4294 mom
1253 4231 1429 4306 Calvinum,
1458 4234 1692 4297 calumniantem
1718 4236 1720 4246 '

397 4340 452 4383 sea
473 4332 650 4382 revomntes
673 4324 906 4403 eosapeccetis
928 4320 967 4381 ad
990 4323 1090 4382 Deum
1143 4320 1221 4391 Joh,
1252 4340 1341 4400 quum
1373 4322 1462 4394 dicit,
1493 4341 1577 4396 enm,
1608 4341 1699 4384 caeso

397 4430 433 4470 nc
446 4429 550 4472 verum
566 4408 633 4487 ojus
650 4409 769 4469 cultum.
791 4409 868 4482 Hoc,
884 4410 1016 4488 inquam,
1039 4407 1091 4467 ad·
1143 4407 1307 4487 abreptum,
1330 4408 1426 4467 mults
1448 4409 1658 4489 impatientiae
1679 4411 1720 4492 sig

396 4496 442 4558 dit
463 4497 499 4556 B.
521 4494 672 4569 Jacobus,
699 4504 733 4554 nt
755 4514 876 4555 canem
899 4495 1025 4567 indicet,
1052 4493 1090 4553 ob
1143 4493 1232 4554 disse.
1262 4494 1340 4554 Nam
1355 4496 1380 4554 si
1397 4496 1441 4555 ita
1462 4505 1515 4566 est,
1537 4495 1720 4576 quomodoi

395 4603 484 4664 quam
500 4584 582 4664 pessi
598 4582 710 4643 inerint
724 4583 957 4662 persecutiones,
976 4581 1092 4643 scilicet
1142 4580 1306 4660 Apostolus
1328 4582 1451 4641 remittit
1477 4581 1581 4643 fideles
1608 4584 1649 4644 ad
1671 4597 1720 4648 snt

396 4679 516 4751 propter
533 4670 700 4749 justitiam
722 4670 872 4748 quomodo
894 4687 1002 4748 passos
1017 4668 1090 4746 legi·
1142 4669 1309 4748 patientiae
1326 4670 1400 4746 ejus,
1423 4675 1578 4749 tsmqnnm
1602 4663 1720 4734 ittnstrs'

395 4776 461 4818 mne
477 4758 583 4829 Elium,
597 4759 698 4828 Amos,
713 4755 855 4825 densium,
870 4755 1046 4823 daramium,
1062 4757 1092 4813 ei
1143 4753 1273 4833 gulare?
1295 4755 1364 4816 Non
1380 4754 1499 4836 quidem
1525 4775 1682 4836 negamus,
1704 4773 1720 4820 Ι

395 4843 480 4904 slioe
518 4847 616 4923 (taem
643 4846 728 4904 enim
758 4843 993 4919 Prophetarum
1023 4857 1091 4903 non
1144 4842 1257 4915 virum,
1282 4843 1314 4902 in
1341 4850 1425 4903 tante
1451 4843 1615 4905 afflictione
1640 4843 1720 4927 podt

395 4938 471 4992 sant
482 4932 639 5007 persecuti
650 4938 760 5008 potres
774 4929 894 4991 vestri?
917 4930 961 4989 sit
974 4927 1009 4989 B.
1025 4928 1090 4990 Sto·
1142 4930 1300 4988 amicornm
1324 4927 1526 5009 disputatione
1554 4933 1720 5013 exagitat!

395 5016 515 5099 pisanas
529 5015 569 5078 ad
583 5015 721 5079 Judaem
734 5018 802 5077 Act.
820 5019 847 5077 7.
1144 5032 1211 5075 snm
1240 5015 1333 5078 inisse
1361 5015 1477 5098 aliquid
1505 5017 1720 5093 humanum
