4442 5825
803 586 835 641 lli
851 586 1124 643 aasumensi
1139 586 1242 641 stult.
1277 586 1361 642 vtes
1377 587 1403 642 t.
1714 593 1787 665 653

357 772 425 831 tete
459 785 597 847 quoram
631 767 737 831 oculos
770 769 866 829 Jecur
896 764 1039 827 Obriatar
1091 765 1264 826 luceriam.
1281 762 1411 826 Graece:
1425 755 1600 841 ἀσέλγειαν,
1613 765 1785 828 lacrimam.

357 858 558 932 coemptos
573 862 624 916 ert.
1092 853 1133 913 Et
1152 870 1260 912 sensus
1284 861 1343 912 est:
1368 851 1430 932 Qui
1452 853 1656 933 Evangelium
1671 856 1787 934 gratiae

384 942 538 1003 Dicuntur
553 963 624 1023 ergo
640 942 843 1019 praescripti,
867 937 1039 1018 dequibus
1092 939 1153 998 Dei
1178 938 1270 998 nostri
1296 959 1350 1019 por
1375 939 1542 1013 Christum,
1569 962 1629 1020 quo
1652 942 1790 1001 nimirum

357 1030 405 1112 git
415 1027 525 1103 dudae,
538 1027 619 1110 quod
631 1027 669 1089 de
679 1030 716 1089 iis
728 1023 845 1107 aliquid
855 1024 1039 1106 praedictum
1093 1027 1270 1086 annuntiata
1284 1026 1371 1086 uobis
1388 1037 1436 1087 est
1453 1025 1577 1087 libertas
1590 1048 1610 1087 a
1624 1028 1701 1107 lege,
1720 1048 1789 1107 pec·

358 1117 425 1178 itin
438 1114 847 1197 Scripturis,utiqueveteris
860 1112 1039 1173 testamenti.
1094 1113 1178 1187 catis,
1202 1121 1232 1172 et
1251 1111 1379 1188 diabolo,
1401 1122 1522 1174 vertunt
1546 1116 1577 1175 iu
1599 1117 1791 1175 occasionem

357 1204 421 1265 lam
449 1202 532 1285 quod
559 1204 683 1284 quidam
709 1201 897 1270 existimant,
925 1197 1040 1260 Judam
1094 1200 1191 1259 omnis
1207 1199 1569 1261 lasciviaeetcarnalium
1584 1202 1789 1282 voluptatum,

357 1288 519 1371 ignificare,
543 1289 625 1372 quod
642 1290 751 1350 Petrus
767 1297 798 1348 et
813 1286 927 1346 Paulus
949 1284 988 1347 de
1004 1287 1041 1346 iia
1094 1294 1247 1365 tamquam
1271 1285 1394 1347 libertas
1410 1287 1589 1368 evangelica
1605 1291 1645 1349 sit
1659 1288 1791 1361 licentia,

357 1378 529 1457 eripuerint,
552 1377 651 1437 minua
668 1374 824 1456 probabile
848 1381 895 1433 est
917 1384 1041 1453 propter

356 1461 482 1525 raditum
511 1463 705 1525 adverbium:
729 1462 816 1536 olim,
844 1451 956 1536 πάλαι,
981 1480 1040 1541 quo

356 1550 508 1633 igniticari
530 1549 609 1611 solet
631 1550 662 1611 in
677 1549 837 1629 Scripturis
853 1555 972 1627 tempus
988 1567 1038 1606 an-

356 1637 478 1719 ianum,
502 1638 680 1717 praesertim
705 1655 795 1716 quum
820 1643 851 1695 et
866 1633 975 1694 Petrus
991 1654 1039 1693 ea·

356 1721 413 1787 lem
444 1744 519 1785 voce
544 1732 646 1786 utatur
673 1722 740 1783 loco
766 1729 928 1781 memorato
956 1731 987 1781 et
1011 1722 1040 1780 in

356 1811 494 1874 tentantia
505 1812 610 1872 simili:
627 1810 755 1891 Quibus,
770 1808 1040 1889 inquit,judiciam

356 1900 412 1963 iam
427 1899 506 1961 olim
520 1917 587 1961 uon
603 1904 707 1959 cessat.
731 1898 777 1957 Ex
801 1915 860 1974 quo
884 1893 1041 1975 colligitur,

356 1986 405 2049 luci
414 1987 582 2068 praesentis
594 1985 673 2046 hunc
684 2004 751 2045 esse
764 2001 900 2043 sensum:
917 1982 965 2042 De
978 1984 1041 2062 qui·

356 2072 403 2135 tu·
418 2072 488 2133 olim
513 2075 544 2133 in
559 2072 722 2151 Scripturis
746 2071 836 2131 sacris
852 2071 1040 2151 praenuntia-

356 2167 411 2223 un
436 2168 492 2235 est,
518 2158 600 2240 quod
624 2158 779 2218 deventuri
805 2165 903 2217 essent
929 2159 965 2216 ia
985 2157 1042 2215 boc

356 2246 519 2322 iudicium,
546 2247 646 2307 idest
670 2245 896 2316 damnationem,
920 2242 958 2303 de
982 2262 1042 2322 qua

355 2335 447 2397 mon
472 2332 628 2395 locuturus
655 2354 728 2393 oum.
766 2331 843 2392 Nam
871 2330 1042 2410 punitiones

355 2419 522 2502 inpiorum,
554 2439 633 2501 quae
660 2419 801 2500 leguntur
829 2420 859 2476 in
885 2417 1043 2496 Scriptura

355 2510 461 2569 veteris
473 2507 667 2581 Testamenti,
683 2525 810 2587 quarum
822 2504 960 2583 exempla
973 2524 1042 2563 mox

355 2604 575 2669 eommemorat,
605 2593 721 2674 figurae
754 2592 875 2653 fuerunt
904 2600 1044 2651 aeternae

1095 1372 1244 1453 quidquid
1274 1373 1391 1434 libitum
1422 1383 1482 1449 est,
1512 1375 1631 1456 agendi.
1677 1376 1790 1455 Quales

1095 1471 1181 1520 erant
1196 1460 1409 1540 Apostolorum
1430 1464 1614 1542 temporibus
1630 1465 1727 1524 exorti
1743 1462 1789 1524 si·

1094 1548 1226 1606 moniani
1241 1557 1270 1606 et
1285 1547 1463 1624 Nicolaitae,
1483 1558 1513 1608 et
1527 1550 1618 1630 paulo
1634 1559 1704 1630 post
1720 1570 1788 1611 exo·

1094 1635 1180 1693 rituri
1204 1632 1349 1695 Gnostici.
1375 1637 1423 1696 De
1446 1656 1571 1716 quornm
1593 1639 1724 1699 omnium
1746 1638 1790 1697 in·

1096 1720 1172 1782 ireni
1200 1720 1326 1781 lascivia
1351 1724 1444 1783 multa
1468 1724 1549 1804 apud
1574 1725 1789 1805 Epiphaniam.

1095 1808 1190 1868 Tales
1206 1817 1277 1868 sunt
1292 1817 1322 1869 et
1337 1808 1436 1883 bodie,
1453 1812 1513 1890 qui,
1528 1821 1688 1890 praetextu
1703 1812 1790 1872 liber·

1095 1896 1169 1955 tatis
1185 1895 1381 1969 Christianae,
1406 1897 1523 1977 legibus
1546 1900 1702 1960 Ecclesiae
1716 1917 1791 1971 sese,

1097 1984 1294 2062 quantumin
1318 1985 1392 2063 ipsis
1415 1992 1478 2058 est,
1504 1988 1652 2060 eximunt,
1679 2004 1792 2067 easque

1097 2078 1298 2143 contemnunt,
1322 2091 1380 2151 quo
1396 2071 1534 2132 licentius
1549 2075 1633 2134 carni
1650 2075 1792 2135 serviant

1096 2155 1253 2218 Adversus
1269 2177 1360 2237 quam
1376 2168 1489 2238 pestem
1506 2160 1615 2221 Petrus
1631 2172 1662 2222 et
1678 2159 1792 2222 Paulus

1097 2242 1228 2303 sollicite
1240 2245 1304 2303 suis
1313 2247 1598 2326 praeceptistideles
1606 2251 1793 2323 munieruut3

1098 2331 1204 2390 Petrus
1228 2336 1244 2391 1
1263 2331 1357 2410 Epist.
1375 2338 1419 2394 2.:
1441 2336 1538 2412 Quasi
1558 2335 1658 2410 liberi,
1680 2343 1710 2396 et
1725 2353 1793 2397 nort

1097 2421 1189 2494 quasi
1206 2419 1348 2479 uelamen
1362 2421 1510 2482 babentes
1531 2423 1675 2482 malitiae
1696 2423 1793 2484 liber·

1098 2513 1212 2583 tatem,·
1237 2506 1349 2566 Paulus
1366 2506 1431 2568 Gal.
1448 2508 1493 2568 b:
1522 2511 1582 2571 Vct
1604 2512 1639 2572 ia
1663 2510 1793 2571 liberta·

1098 2600 1158 2652 tem
1177 2594 1280 2653 uocati
1299 2596 1379 2666 eatis,
1404 2601 1530 2658 tantum
1554 2615 1595 2658 oe
1616 2598 1793 2659 libertatem

355 2678 561 2754 damnationis,
583 2700 665 2761 quae
685 2687 863 2761 praeparata
878 2687 924 2738 est
940 2679 1042 2738 haere·
1097 2683 1133 2739 in
1149 2682 1345 2740 occasionem
1369 2682 1448 2744 detis
1470 2687 1585 2744 carnia
1609 2684 1679 2765 Quo
1701 2687 1791 2765 perti·

355 2763 1042 2846 daretomnibussvmgsliicontemptoribus.
1099 2775 1149 2827 net
1172 2777 1204 2827 et
1225 2767 1301 2828 illud
1318 2771 1336 2829 2
1352 2769 1418 2829 Pet
1437 2773 1480 2831 2:
1510 2773 1703 2833 Libertatem
1729 2773 1793 2833 illis

393 2854 500 2918 Potest
512 2856 611 2929 etiam,
623 2855 696 2937 quia
707 2852 793 2914 dicit:
810 2854 867 2913 ltoc
874 2852 1043 2927 judiciam,
1096 2857 1327 2931 promittentes,
1352 2874 1422 2917 cum
1450 2861 1512 2935 ipsi
1533 2862 1596 2921 sint
1618 2862 1701 2923 serui
1722 2878 1794 2922 cor·

355 2947 503 3026 tamquam
525 2962 680 3024 praesens,
704 2941 834 3021 intelligi
853 2941 937 3017 justa
960 2938 1043 3000 dere·
1082 2943 1267 3018 ruptionis.

355 3027 442 3104 lictio,
466 3050 528 3109 que
549 3038 672 3109 propter
694 3036 818 3107 peccata
832 3026 1045 3108 praecedentia
1142 3031 1185 3090 st
1199 3031 1299 3090 sotem
1317 3031 1559 3093 Domiuatorem
1576 3042 1605 3095 et
1617 3036 1792 3097 Dominum

355 3117 489 3192 permissi
503 3115 626 3177 fuerunt
640 3117 703 3195 pati
715 3115 903 3193 naufragium
920 3113 998 3185 fidei,
1015 3122 1047 3174 ot
1099 3124 1243 3178 nostrum
1280 3121 1394 3181 Jetum
1431 3119 1589 3182 abactam
1634 3131 1793 3200 neaaatet.

355 3205 443 3264 radis
469 3223 599 3263 errorum
625 3202 766 3262 fluctibus
794 3201 907 3279 abripi,
941 3204 983 3259 ita
1012 3209 1046 3260 ut
1100 3202 1220 3264 Graeca
1249 3204 1293 3263 sio
1319 3203 1446 3263 habent:
1485 3208 1527 3267 st
1552 3209 1652 3270 solam
1682 3211 1793 3271 lteram

355 3290 443 3350 stiam
470 3289 576 3350 tierent
601 3308 732 3350 emotum
755 3287 902 3367 magistri,
925 3286 1044 3347 tetidem
1101 3291 1215 3363 Deum,
1232 3297 1262 3349 et
1279 3290 1452 3352 Dominum
1468 3301 1612 3355 aearum
1625 3304 1679 3357 etc.
1702 3298 1793 3357 Eras-

354 3373 499 3452 {udicium
508 3374 583 3437 illud
591 3376 801 3455 gravissimum
811 3383 953 3433 aeternae
965 3372 1045 3433 dam·
1100 3396 1166 3437 mus
1178 3375 1328 3455 explicate
1340 3379 1432 3437 vertit
1442 3377 1499 3440 boc
1510 3382 1598 3443 modo
1608 3385 1668 3445 :Et
1679 3385 1793 3460 Deam,

354 3463 479 3526 mtionis
508 3464 645 3524 subituri.
683 3462 762 3522 Nam
787 3462 871 3521 Deus
897 3458 1046 3539 judicium
1100 3466 1155 3540 qai
1178 3465 1261 3524 sotus
1284 3471 1328 3523 cat
1349 3466 1453 3541 teras,
1477 3486 1514 3527 ac
1539 3470 1711 3532 Domitiam
1732 3489 1794 3533 rto·

354 3564 438 3611 utum
454 3548 700 3630 circa,reprobos
719 3555 841 3608 exercet
856 3568 914 3607 non
931 3556 1045 3607 tentum
1100 3557 1201 3611 rtrum
1212 3555 1325 3613 Jeatem
1338 3558 1403 3627 eta,
1420 3560 1454 3612 ut
1465 3555 1545 3634 prior
1556 3577 1627 3637 pars
1637 3556 1795 3619 referenda

354 3635 387 3698 in
399 3635 499 3698 futuro
514 3637 644 3710 saeculo,
660 3633 713 3695 sed
731 3635 820 3695 etiam
834 3636 864 3695 in
880 3635 1046 3714 praesenti3
1099 3636 1241 3699 videatur
1256 3636 1295 3697 ad
1309 3638 1410 3700 Deum
1427 3640 1555 3716 Patrem,
1578 3646 1631 3723 qui
1651 3644 1732 3706 tolus
1749 3653 1797 3707 est

354 3719 425 3786 ticet
439 3724 470 3785 iu
484 3724 585 3786 futuro
607 3722 728 3784 saeculo
751 3718 847 3801 (quod
867 3730 914 3782 est
929 3729 1047 3801 tempus
1102 3715 1273 3801 δεσπότης,
1301 3723 1332 3784 id
1356 3735 1418 3800 est,
1445 3727 1535 3789 herus
1561 3733 1653 3791 totius
1682 3732 1795 3805 mundi,

354 3807 571 3885 retributionis)
591 3818 735 3871 exerceat
750 3807 844 3868 multo
860 3807 1046 3868 manifestius
1101 3820 1255 3890 tamquam
1285 3831 1412 3891 magnae
1439 3811 1546 3876 domus
1572 3835 1624 3878 seu
1652 3816 1795 3892 familiae,

354 3903 444 3978 lique
470 3899 612 3959 severius.
643 3896 691 3957 Ad
711 3894 857 3976 judicium
881 3895 1046 3975 proesentis
1101 3916 1192 3977 quam
1207 3896 1359 3979 despotico
1376 3900 1446 3977 jure
1467 3903 1623 3981 gubernat.
1646 3904 1724 3965 Nam
1739 3904 1793 3965 hu·

354 3982 607 4065 manupretium
621 3981 694 4043 illud
712 3981 799 4042 Pauli
812 3981 848 4041 de
860 3981 1046 4062 quibusdam,
1096 3982 1230 4064 jusmodi
1259 3985 1423 4046 Dominum
1452 3990 1601 4069 significat
1631 3984 1795 4070 δεσπότης.

354 4070 438 4142 ptos
459 4071 578 4134 bonam
601 4072 825 4131 conscientiam
849 4069 1044 4145 repellentes,
1101 4072 1143 4131 lut
1159 4072 1202 4130 sic
1218 4072 1310 4132 utitur
1332 4091 1368 4131 ea
1391 4094 1464 4135 voce
1488 4077 1601 4137 Paulus
1625 4078 1740 4140 a'rim.
1757 4081 1796 4154 δ,

354 4157 435 4218 *aa
449 4157 546 4237 fldem
561 4157 854 4235 aausrapacerant,
873 4159 889 4215 1
905 4156 984 4215 Tim.
1001 4160 1045 4231 1.;
1100 4157 1160 4230 ubi,
1176 4177 1242 4217 cum
1258 4159 1394 4234 dixisset,
1411 4162 1442 4222 in
1457 4183 1567 4242 magna
1581 4163 1669 4226 domo
1684 4165 1796 4227 diversi

354 4249 387 4302 tt
398 4243 479 4324 quod
503 4249 522 4307 2
538 4244 646 4318 Thess.
662 4246 691 4304 2.
708 4242 781 4303 dicit
795 4241 833 4303 de
849 4244 892 4316 iis,
915 4246 969 4318 qai
992 4261 1045 4303 ca·
1101 4246 1221 4323 generis
1237 4264 1303 4305 esse
1318 4264 1401 4322 vaso,
1417 4248 1562 4328 subjecit:
1586 4252 1621 4314 st
1636 4255 1706 4330 qaia
1721 4272 1795 4330 erpo

354 4331 480 4392 *itatem
506 4332 652 4391 veritatis
677 4348 745 4390 aaa
774 4336 977 4406 receperunt,
1012 4336 1046 4389 ut
1101 4332 1323 4392 emundaverit
1338 4351 1368 4393 ae
1384 4336 1423 4396 ab
1440 4340 1515 4412 istis,
1540 4341 1600 4399 erit
1615 4359 1671 4401 aas
1685 4344 1721 4400 irs
1737 4341 1796 4401 bo·

354 4416 434 4479 ulei
446 4418 568 4497 flerem.
590 4417 668 4479 ldeo
679 4419 781 4477 mittet
792 4415 855 4475 illis
869 4418 953 4476 Deus
970 4435 1045 4492 ope·
1100 4436 1224 4494 aorem,
1240 4420 1483 4499 sanctificatum,
1504 4433 1534 4485 et
1548 4428 1626 4487 utile
1642 4429 1794 4502 Domino,

353 4505 509 4568 ‘ationem
525 4506 652 4580 erroris,
669 4502 1045 4580 atoredaatmertdaci05
1101 4498 1270 4583 εὔχρηστον
1294 4505 1340 4590 τῷ
1364 4502 1507 4590 δεσπότῃ.
1537 4514 1599 4574 Nee
1622 4523 1724 4575 tamen
1747 4513 1797 4576 hie

353 4591 586 4668 &iudicentur
600 4610 718 4666 omnes,
743 4593 798 4668 qui
821 4608 889 4650 eoa
904 4589 1045 4650 credide·
1101 4591 1274 4653 excluditur
1295 4595 1401 4668 Filius,
1425 4599 1512 4677 cujus
1535 4610 1582 4659 est
1604 4600 1707 4662 eadem
1728 4621 1794 4661 cum

353 4681 584 4753 *alacritati
607 4678 661 4739 aed
684 4686 910 4738 consenserant
925 4679 1045 4753 iniqui·
1101 4679 1192 4740 Patre
1213 4690 1328 4741 natura.
1364 4681 1525 4746 Caeterum
1552 4690 1700 4767 posterior
1725 4706 1796 4767 pars

353 4767 420 4826 utt
445 4764 607 4829 Caeterum
630 4766 761 4838 istorum,
786 4765 947 4843 dequibus
967 4785 1046 4824 utino
1100 4766 1179 4827 Filio
1203 4769 1325 4849 propria
1349 4779 1404 4843 eat,
1424 4781 1458 4831 ut
1480 4773 1606 4850 bomini3
1630 4773 1795 4836 secundum

353 4852 458 4932 ¹>gitur,
473 4854 660 4935 impietatem
678 4853 803 4931 exponit
818 4861 849 4911 et
865 4851 973 4932 probat
988 4852 1012 4912 J
1014 4873 1043 4910 u·
1102 4872 1191 4932 qtram
1203 4866 1341 4914 naturam
1358 4857 1424 4936 ipse
1437 4860 1518 4920 solus
1535 4857 1607 4936 (non
1619 4863 1718 4936 Pater,
1734 4882 1795 4923 nou

353 4925 407 4998 [ιτ
418 4940 521 5004 verbis
537 4938 749 5020 sequentibus:
1100 4940 1229 5020 Spiritus
1245 4938 1379 5017 sanctus)
1401 4948 1546 5025 sanguino
1567 4967 1620 5009 suo
1643 4970 1697 5010 nos
1713 4947 1795 5009 rede

397 5025 454 5091 set
473 5028 580 5093 moriri
598 5029 739 5103 aratiam
762 5024 992 5102 transferentes
1010 5028 1045 5087 itt
1100 5028 1164 5086 mit.
1187 5027 1238 5088 Sic
1255 5030 1335 5089 enim
1351 5029 1458 5094 Petrus
1472 5036 1738 5119 exponitiEpist
1751 5038 1795 5097 2:
