4442 5825
752 578 917 637 murum
932 581 950 635 Ι.
966 580 1054 637 utun
1071 577 1166 635 Pmt.
1202 578 1286 633 vnis
1305 579 1422 633 ts-tt.
1717 584 1788 655 508

357 753 673 835 .tpseuatumiuillcm
685 775 842 837 personam
855 755 1038 818 nullumom·
1093 752 1244 836 quidquid
1267 754 1440 817 iaciendum
1465 756 1582 828 statuit,
1605 755 1643 816 ab
1666 762 1788 817 auterno

357 842 410 901 iac
424 838 539 902 cadere
553 851 663 923 posset.
687 843 752 905 Nec
767 862 848 916 vero,
867 845 926 905 nisi
947 862 1038 922 purus
1092 844 1205 902 statuit.
1229 841 1297 901 Hoc
1309 848 1409 901 autam
1425 860 1569 919 quorsum
1585 843 1676 915 dicat,
1691 862 1729 904 ex
1743 862 1790 916 eo,

357 924 379 987 b
398 928 482 989 omni
508 926 579 990 labe
604 931 731 1011 peccati,
757 930 921 1009 placabilis·
936 928 1038 989 hostia
1092 927 1171 1010 quod
1187 930 1335 1007 sequitur.
1354 928 1567 1009 intelligemus.

357 1034 391 1075 as
405 1014 667 1093 peccatisnostris
682 1035 750 1077 osse
764 1020 919 1096 potuisset.
951 1016 1037 1077 Talis
1134 1015 1336 1091 Meniscetoti
1365 1023 1472 1076 eutem
1501 1017 1679 1076 neviuimir
1708 1023 1787 1077 tcm-

357 1101 422 1163 alut
443 1100 583 1177 decebat,
610 1110 647 1163 ut
665 1102 758 1164 nobis
779 1110 854 1163 essct
873 1104 1035 1180 pontifex,
1088 1102 1228 1177 poribus.
1254 1102 1410 1181 Quamvis,
1435 1103 1539 1182 inquit,
1564 1099 1701 1161 Christus
1717 1112 1788 1165 ente

357 1186 484 1263 unroco
499 1188 612 1263 boetio,
634 1197 772 1264 cunctus,
797 1192 958 1263 innocens,
975 1193 1036 1248 im·
1090 1187 1234 1249 muudum
1262 1187 1413 1248 conditum
1438 1197 1470 1248 et
1490 1188 1528 1249 sb
1551 1198 1674 1248 esterno
1697 1188 1788 1249 fuerit

357 1272 494 1347 werec,
517 1283 732 1352 sepeponere
745 1277 971 1353 peccatoribus.
1090 1272 1130 1334 od
1146 1294 1223 1354 opus
1245 1275 1461 1353 redemptionis
1477 1294 1495 1334 a
1512 1275 1578 1336 Dec
1594 1275 1785 1354 praeordina·

374 1358 531 1439 Quamvis
546 1372 647 1423 sutem
663 1371 695 1422 et
716 1363 793 1423 aliae
808 1383 902 1443 saepe
917 1382 971 1440 per
985 1381 1034 1439 ag·
1090 1370 1147 1433 tus,
1170 1381 1229 1422 nou
1253 1370 1353 1422 umen
1375 1361 1414 1421 sb
1438 1361 1523 1421 initio
1546 1360 1648 1421 muudi
1673 1364 1786 1422 missus

357 1466 403 1507 um
419 1445 561 1509 Christus
585 1450 616 1509 iu
631 1448 701 1527 lege
720 1448 813 1509 fuerit
830 1449 1035 1519 adumbratus,
1090 1455 1135 1507 est
1149 1446 1187 1506 ad
1203 1448 1261 1508 hoc
1276 1466 1365 1527 opus3
1388 1448 1441 1507 sed
1464 1446 1582 1507 demum
1603 1446 1651 1509 his
1673 1450 1786 1511 ultimis

357 1544 438 1612 tper
462 1552 544 1604 eum,
566 1536 619 1615 qui
640 1535 821 1597 offerebatur
842 1536 876 1597 im
894 1536 1033 1615 purifico·
1088 1533 1272 1613 temporibus
1288 1533 1442 1595 exhibitus
1455 1543 1510 1605 est,
1527 1543 1557 1595 et
1569 1533 1785 1617 redemptionis

357 1638 414 1681 uus
430 1638 609 1699 puerperus,
626 1624 698 1683 st.
716 1624 774 1695 12„
795 1638 822 1681 et
837 1623 938 1703 quiin
951 1641 1033 1683 muu-
1088 1639 1179 1700 opero
1193 1631 1326 1701 perroto,
1342 1640 1397 1699 per
1412 1622 1570 1699 Evangelii
1586 1623 1781 1700 praedicatio·

357 1707 593 1786 fficuoloproei,
616 1709 689 1769 Lar.
707 1711 765 1779 14„
788 1710 884 1789 etqui
900 1714 1035 1769 moncet
1087 1727 1155 1767 uem
1186 1707 1297 1768 mundo
1327 1708 1542 1768 manifestatus.
1580 1709 1649 1769 Non
1685 1707 1785 1769 defuit

357 1810 463 1871 npetu
485 1793 629 1872 quotidie,
651 1794 778 1874 siuguli3
804 1795 908 1876 plures
932 1803 1032 1855 sutem
1088 1793 1209 1871 quidem
1225 1794 1278 1855 ulli
1294 1802 1460 1873 temporum
1476 1796 1568 1854 aetati
1585 1796 1679 1868 salus,
1702 1813 1782 1875 quae

357 1878 467 1941 riaetis
478 1879 708 1953 solennioribus,
725 1881 815 1942 Ntrm.
829 1882 897 1945 28.:
913 1882 1033 1961 proprie
1087 1899 1140 1958 per
1156 1879 1309 1940 Christum
1332 1880 1548 1961 redemptorem
1565 1890 1612 1941 eet
1634 1878 1781 1957 (extendi-

357 1984 431 2029 usn
458 1964 502 2025 ad
526 1986 637 2047 agnum
659 1967 829 2049 paschalem
851 1970 975 2048 respicit
996 1967 1030 2026 B.
1087 1977 1133 2025 tur
1156 1969 1233 2027 enim
1257 1968 1322 2045 ejus
1344 1967 1508 2048 redemptio
1531 1967 1571 2027 ed
1594 1971 1694 2029 omnis
1717 1988 1782 2030 ace·

357 2060 452 2126 tus,
475 2054 509 2113 in
529 2073 591 2134 quo
615 2054 777 2115 admodum
799 2064 903 2134 aperte
927 2054 1031 2132 praeli·
1086 2050 1182 2129 culs);
1206 2053 1258 2114 sed
1282 2063 1443 2133 postquam
1467 2056 1533 2132 ipae
1553 2056 1636 2115 venit
1659 2064 1689 2116 et
1705 2074 1780 2136 opus

357 2148 441 2203 tnta
462 2138 523 2199 init
542 2139 659 2203 christi
678 2142 790 2220 passio,
814 2143 942 2222 ejusque
963 2140 1030 2201 effe·
1085 2139 1295 2220 redemptionis
1308 2153 1470 2201 exsecutus
1482 2149 1536 2213 est,
1552 2160 1685 2221 moxque
1696 2161 1780 2222 prae·

357 2244 404 2299 ιι,
429 2246 471 2285 sc
493 2228 691 2307 praecipuum
706 2228 941 2291 Sacramentum.
964 2228 1032 2287 Nec
1085 2226 1256 2287 dicentibus
1279 2227 1434 2306 Apostolis
1460 2226 1572 2288 mundo
1600 2228 1780 2303 declaratus,

357 2312 466 2387 elsim
478 2314 553 2394 quin
560 2314 667 2375 eodem
676 2316 837 2395 praecipue
844 2315 1032 2394 respexerint
1084 2313 1178 2373 multo
1194 2315 1345 2393 copiosior
1359 2313 1572 2394 redemptionis
1585 2315 1652 2393 ejus
1664 2313 1780 2376 fructus

357 2399 420 2461 ian
434 2398 500 2473 alii,
513 2408 574 2459 tam
587 2400 765 2479 Prophetae,
780 2421 871 2481 quam
883 2400 1030 2481 Apostoli,
1084 2398 1122 2459 ud
1138 2399 1273 2460 homines
1288 2401 1432 2480 pervenit

357 2486 455 2547 retias
477 2484 519 2546 de
541 2486 659 2549 Christo
681 2487 837 2548 Salinatore
859 2509 895 2548 so
918 2486 1029 2549 redem-
1128 2487 1308 2548 Novissime
1326 2495 1470 2564 tempora
1493 2494 1582 2548 vocat
1605 2495 1699 2548 totum
1722 2489 1780 2549 hoc

357 2572 493 2637 mab
508 2575 629 2635 nomino
644 2577 722 2651 cytri
736 2575 909 2655 loquuntur.
930 2583 964 2635 ut
978 2574 1029 2635 Jc·
1083 2582 1211 2652 tempus,
1236 2573 1318 2652 quod
1340 2573 1378 2634 ab
1398 2573 1529 2634 adventu
1546 2575 1668 2636 Domini
1682 2573 1779 2636 tendit

357 2658 495 2739 hsccp
510 2659 561 2723 53.
578 2656 683 2741 (quem
698 2661 794 2722 locum
810 2664 900 2723 etiam
914 2661 1030 2740 Philip·
1084 2659 1237 2738 usquead
1259 2664 1346 2723 linem
1366 2661 1488 2722 soeculi.
1512 2660 1603 2740 Quod
1626 2660 1693 2721 ideo
1717 2680 1778 2724 rto·

357 2764 382 2809 ιι
397 2744 441 2809 do
456 2744 580 2807 Christo
596 2749 728 2827 exponit,
745 2750 812 2809 Act
825 2752 862 2822 8.,
879 2749 902 2809 J
904 2748 1029 2808 eremius
1082 2748 1247 2823 vissimum
1269 2756 1402 2824 tempus,
1425 2756 1454 2807 et
1469 2769 1487 2807 s
1502 2749 1625 2810 Josuuc
1648 2752 1664 2808 1
1683 2749 1777 2829 Epist

357 2854 391 2916 }-
408 2836 473 2905 11„
487 2832 628 2895 Jusnues
639 2835 879 2917 Bsptistcdoan.
894 2840 931 2908 1.,
948 2834 1029 2894 Pau·
1083 2835 1111 2892 2.
1128 2837 1302 2896 nochelmo
1318 2837 1398 2895 bura
1420 2844 1553 2908 vocatur,
1578 2837 1657 2917 quic,
1681 2855 1774 2917 quan·

357 2925 413 2982 11
441 2919 511 2982 Cor.
535 2922 565 2982 b.
592 2932 623 2983 et
645 2923 783 2985 Joanues
806 2922 971 3003 Apostolus
997 2923 1029 2983 iu
1082 2930 1263 3001 tumcunquo
1288 2924 1409 3003 longum
1432 2925 1479 2995 sit,
1503 2924 1562 2984 tsle
1585 2933 1639 2995 est,
1662 2933 1695 2983 ut
1711 2932 1779 3003 post

357 3008 521 3088 paralypsi
536 3007 787 3090 frequentissime.
1081 3008 1158 3069 illud
1185 3011 1341 3089 usquead
1364 3010 1466 3071 mundi
1488 3011 1575 3072 finem
1600 3032 1660 3071 nou
1683 3019 1777 3073 restet

364 3097 420 3158 20.
448 3096 654 3172 Praeccpoitt'
677 3097 805 3175 quidem
821 3105 896 3160 onte
912 3098 1027 3158 muudi
1081 3095 1164 3158 aliud
1190 3107 1322 3177 tempus,
1354 3100 1403 3157 cui
1430 3100 1533 3176 priore
1558 3098 1776 3177 Prophetarum

357 3186 595 3246 musonem.
640 3185 863 3260 Prooceeniu',
906 3183 936 3248 td
973 3195 1027 3258 cst,
1082 3190 1218 3262 temporo
1238 3184 1438 3246 subserviant.
1476 3186 1530 3246 Flet
1557 3186 1635 3245 euim
1658 3186 1774 3248 univor-

357 3269 574 3344 mercenari,
598 3271 849 3352 quemadmodum
870 3271 923 3331 elii
946 3281 1029 3332 recte
1082 3288 1146 3328 sum
1173 3269 1229 3330 boc
1259 3279 1383 3347 tempus
1406 3274 1531 3347 pretias
1559 3272 1774 3333 manifestatae.

357 3366 457 3418 mut.
497 3356 692 3437 significatur
718 3360 798 3422 euim
826 3359 1028 3439 praescientia
1082 3355 1230 3437 'l'beologi
1253 3366 1434 3438 postremam
1456 3357 1560 3419 mundi
1577 3369 1707 3419 celetem
1723 3379 1774 3439 sp·

357 3443 546 3526 liprastics,
569 3465 630 3524 qua
649 3447 790 3506 nimirum
813 3447 858 3506 ita
873 3446 1027 3524 quippiam
1081 3441 1205 3523 pellant,
1228 3453 1346 3525 sumpts
1370 3446 1543 3525 metaphora
1566 3444 1605 3505 ab
1621 3447 1775 3507 aetstibus

357 3532 567 3610 ”cognoscit
589 3542 624 3593 ut
645 3531 676 3592 id
698 3535 797 3613 ipsunt
818 3551 873 3595 suc
892 3540 1027 3608 tempore
1081 3530 1228 3591 humanae
1250 3534 1338 3604 vilse,
1363 3551 1488 3610 quarum
1511 3532 1616 3592 ultime
1631 3542 1677 3594 est
1691 3552 1774 3593 eene·

357 3613 396 3680 lis
408 3618 554 3697 οικοῳιί.
577 3619 644 3679 Nec
658 3617 698 3679 de
711 3620 820 3698 queris
835 3618 1025 3699 proeordina-
1081 3627 1156 3688 otus,
1173 3618 1237 3678 sola
1249 3628 1344 3679 morte
1355 3619 1494 3693 finienda,
1511 3620 1627 3680 etiamsi
1640 3620 1669 3679 in
1681 3639 1776 3679 curros

357 3723 407 3770 tae
423 3703 546 3776 dicitur,
565 3704 618 3766 sed
635 3704 673 3765 de
687 3705 821 3785 benigue
834 3726 871 3766 ac
885 3705 1027 3782 salutari3
1080 3704 1316 3783 quamplurimos
1333 3704 1522 3785 producatur.
1545 3704 1633 3776 Vide,
1649 3725 1728 3783 quse
1739 3705 1776 3767 de

357 3790 586 3854 med-odam
609 3811 720 3870 supro:
741 3793 914 3854 seeundum
926 3810 1026 3871 prae·
1079 3791 1138 3852 hcc
1152 3790 1255 3871 pbrssi
1271 3794 1480 3854 annotavimus
1497 3792 1535 3853 sd
1552 3791 1626 3852 illud
1638 3792 1718 3853 Heb.
1731 3796 1775 3856 9.:

357 3877 493 3942 hasam
517 3878 579 3938 Dei
596 3881 712 3940 Putris.
740 3879 829 3940 Unde
851 3877 1027 3940 Ambrosius
1081 3879 1173 3938 Nunc
1195 3888 1300 3940 cutem
1323 3882 1416 3940 semel
1441 3882 1477 3940 in
1504 3882 1776 3941 consummatione

357 3985 373 4024 t.
391 3971 421 4028 1.
448 3967 489 4026 de
510 3964 580 4035 fide,
603 3985 672 4045 esp.
694 3970 731 4040 7.,
751 3967 1025 4043 praedestinatum
1080 3965 1278 4027 soeculorum
1295 3976 1349 4028 etc.

357 4053 406 4128 tit.
445 4055 533 4114 Ante
557 4053 674 4114 mundi
694 4056 969 4129 commotionem,
995 4051 1029 4112 id
1125 4055 1174 4112 21.
1198 4055 1336 4129 Propter
1352 4072 1414 4127 vos,
1433 4056 1488 4130 qui
1502 4073 1560 4130 per
1575 4056 1679 4129 ipsum
1695 4053 1774 4131 tide·

357 4143 384 4214 t,
415 4149 585 4218 autequam
613 4139 743 4202 mundus
772 4149 856 4224 esset
880 4140 1028 4213 conditus,
1080 4139 1122 4198 les
1137 4143 1208 4200 estis
1223 4143 1259 4201 in
1274 4143 1350 4202 Deo.
1375 4139 1502 4200 Graece:
1529 4145 1657 4218 quipse·
1671 4146 1775 4217 iprum

357 4229 390 4288 h
399 4226 494 4307 jccrc
508 4224 611 4286 mundi
631 4226 834 4288 fundamento.
858 4227 927 4288 Hoc
947 4228 1029 4290 euim
1080 4226 1207 4287 creditis
1229 4230 1264 4287 in
1282 4230 1405 4304 Deum3
1427 4231 1547 4288 tametsi
1571 4228 1601 4288 in
1625 4228 1775 4289 nonnullis

357 4313 478 4388 nificat
500 4332 560 4373 vox
576 4311 697 4375 Graeca
717 4306 887 4391 καταβολὴ,
912 4315 950 4376 de
966 4332 1027 4392 qua
1079 4313 1305 4392 exemplaribus
1319 4314 1628 4394 legiturpracteritum
1639 4336 1646 4373 :
1658 4309 1776 4376 πιστεύ-

357 4395 392 4464 le
413 4400 662 4462 commentorium
686 4401 769 4482 pr.
784 4405 812 4461 1.
836 4401 904 4462 Huc
925 4410 1028 4461 satam
1080 4415 1210 4476 σαντες,
1239 4405 1294 4478 qui
1316 4402 1499 4462 credidistis.
1523 4402 1622 4461 Dicit:
1642 4410 1777 4480 propter

357 4489 426 4550 nsi
440 4487 543 4548 nutari
560 4485 642 4548 solet
656 4489 826 4550 soteruitce.
852 4488 929 4548 Nam
946 4507 1024 4548 orsa·
1082 4506 1146 4561 ves,
1163 4497 1194 4547 ut
1211 4489 1390 4567 quibusdam
1407 4490 1531 4562 uidetur,
1555 4492 1629 4567 quie
1645 4490 1777 4568 quisque

357 4591 433 4638 mun
457 4571 537 4636 nibil
557 4573 721 4653 praecedit,
742 4577 803 4635 nisi
823 4574 903 4655 quod
926 4584 1023 4635 aeter·
1080 4573 1180 4634 fidelis
1196 4577 1239 4636 sic
1254 4576 1346 4638 debet
1367 4576 1492 4638 affectus
1517 4596 1584 4637 essa
1599 4596 1671 4650 erga
1684 4575 1775 4638 bene·

357 4670 463 4724 nest.
475 4659 728 4741 Siguifiuetergo,
737 4660 889 4724 Olrristum
903 4671 1025 4722 aeterno
1079 4661 1176 4721 ficium
1201 4662 1429 4743 redemptionis,
1455 4671 1504 4734 ut,
1528 4664 1668 4742 quemvis
1690 4662 1775 4735 illud,

357 4751 378 4812 ll
404 4746 538 4809 consilio
563 4746 807 4827 praeordinatum
835 4750 874 4810 cd
904 4757 1022 4810 tuntum
1079 4757 1132 4810 aut
1148 4750 1293 4823 omnibus,
1308 4750 1473 4811 autmultis
1488 4751 1701 4822 sitcomruunc‚
1716 4750 1774 4811 sibi

357 4845 461 4900 mm
484 4833 612 4907 bouum,
634 4834 765 4908 miliens,
785 4843 819 4898 ut
841 4836 934 4898 effuso
957 4855 1023 4896 ssu·
1078 4845 1180 4897 tumen
1208 4839 1325 4917 proprie
1352 4839 1526 4918 praestitum
1552 4845 1714 4917 agnoscat,
1742 4846 1774 4897 et

357 4921 411 4988 ἰν
423 4941 483 4984 suu
497 4941 554 4984 uus
567 4920 735 4988 redimeret
752 4923 860 5004 Neque
872 4923 950 4986 euim
962 4923 1026 4984 ulla
1080 4942 1133 4999 pro
1149 4944 1193 4997 co,
1209 4933 1358 5005 tamquarm
1371 4925 1426 4986 sibi
1438 4923 1494 4983 soli
1508 4924 1674 5004 impensum
1686 4933 1774 5001 esset,

357 5009 510 5096 ,μαίᾳ
535 5017 610 5080 suit
635 5012 668 5080 in
694 5011 765 5078 Deo
792 5009 935 5090 consiliu
968 5008 1023 5071 sed
1078 5010 1145 5072 Dao
1159 5013 1272 5093 gratiss
1287 5020 1366 5093 aget
1391 5009 1458 5092 Quo
1474 5010 1581 5074 effectu
1597 5009 1709 5074 dictum
1724 5022 1773 5076 est
