4442 5825
389 608 465 678 000
920 594 1321 654 communemque

390 773 556 839 similitudo
582 774 690 848 Petris,
717 795 777 836 non
804 794 870 836 esse
896 776 925 836 ei
952 772 1087 856 perlecto
1143 775 1182 835 de
1203 774 1364 852 [salmom
1388 776 1461 848 treis,
1488 775 1571 834 meost
1593 792 1660 848 sue,
1681 772 1808 833 mett

391 880 570 943 summoque
596 880 697 922 amore
723 861 859 924 dilectus.
894 862 987 924 Simul
1014 862 1085 922 iusi·
1143 863 1200 922 tibi
1225 864 1386 922 Dominus
1413 862 1500 922 Deus
1534 867 1625 936 tuas,
1655 859 1752 920 eddito
1769 857 1812 920 loc

389 959 469 1025 nnat,
483 949 567 1009 ilium
580 948 677 1009 solum
689 968 763 1023 esse,
777 951 880 1029 inquo
894 956 922 1008 et
934 968 1088 1030 perquem
1143 957 1319 1030 praecepto:
1332 950 1442 1024 Ipsum
1452 948 1575 1023 audies,
1587 949 1679 1009 Dent.
1693 945 1813 1006 18.Prss

391 1060 410 1098 e
425 1039 492 1097 Deo
508 1035 675 1115 diliguntur
690 1038 811 1109 caeteri,
835 1038 1020 1116 quicumque
1034 1054 1086 1096 no·
1143 1037 1218 1116 cipit
1247 1055 1318 1115 ergo
1350 1035 1458 1109 Peter,
1487 1034 1600 1095 Filium
1626 1052 1728 1104 suum,
1750 1049 1816 1113 ques

390 1143 456 1185 meu
482 1124 611 1183 filiorum
639 1121 801 1204 adoptione
828 1125 1021 1205 uerticipsut3
1055 1129 1089 1183 ut
1143 1122 1251 1182 mundo
1273 1120 1356 1184 dedit
1378 1121 1609 1201 redemptorem,
1631 1121 1722 1181 etism
1736 1117 1818 1192 oudin,

390 1210 517 1292 proinde
540 1209 623 1270 solus
645 1210 711 1288 ipse
733 1200 802 1269 κατ’
824 1202 934 1290 ἐξοχὴν
957 1210 1089 1270 dilectus
1143 1217 1296 1289 temqusm
1310 1207 1472 1282 doctorem,
1483 1204 1819 1289 proeceptorcru3sulin'

390 1303 532 1371 vocetur,
561 1296 643 1376 spud
668 1297 882 1377 Evangeliutss
909 1296 1032 1378 quidem
1059 1302 1090 1356 ct
1144 1298 1278 1376 iuqusm,
1291 1293 1474 1356 obedienter.
1490 1296 1572 1356 Nem
1584 1291 1819 1375 andiueprootc

390 1384 545 1444 hocloco:
567 1377 584 1442 ὁ
602 1373 776 1460 ἀγαπητὸς,
794 1384 874 1464 apud
890 1383 1021 1446 Paulum
1037 1402 1087 1444 ve·
1144 1382 1209 1444 dire
1225 1382 1372 1462 frequens
1389 1391 1434 1442 ost
1447 1384 1478 1442 iu
1492 1382 1664 1463 scripturis.
1688 1381 1776 1462 Igitur
1786 1377 1817 1439 d*

390 1491 441 1532 ro:
465 1465 482 1530 ὁ
508 1459 724 1549 ἠγαπημένος,
751 1490 816 1531 cum
841 1472 883 1531 sit
905 1470 1019 1553 Ephes.
1044 1474 1087 1530 1.:
1144 1479 1226 1531 recte
1241 1479 1272 1530 et
1286 1470 1474 1548 apertissime
1491 1468 1723 1529 iscithiclocus
1737 1465 1818 1527 ndum

393 1561 454 1636 Qui
476 1557 733 1634 praedestinavit
757 1576 814 1620 nos
828 1563 865 1618 iss
881 1559 1087 1635 adoptionem
1143 1576 1194 1617 sus
1210 1576 1271 1632 eos,
1286 1556 1339 1636 qui
1354 1554 1503 1629 dixerunt,
1520 1557 1685 1618 Christum
1698 1559 1818 1618 Jensss

391 1646 532 1724 tillonem
554 1660 615 1720 pes·
636 1646 749 1705 Jesum
768 1646 937 1721 Christum,
960 1649 993 1705 iu
1012 1646 1089 1705 lass-
1145 1646 1213 1705 Deo
1228 1641 1529 1704 hominibusdatrsm
1544 1644 1657 1721 fuisse,
1672 1640 1818 1703 estred&

391 1733 462 1792 dem
483 1731 607 1807 plosiae
628 1734 753 1804 pretias
768 1750 854 1807 suae,
877 1752 942 1810 qua
964 1732 1089 1810 pratili·
1143 1738 1278 1807 piorem,
1293 1732 1345 1790 orsi
1359 1728 1464 1806 fidunt
1471 1751 1483 1807 ,·
1498 1747 1569 1790 soon
1585 1732 1686 1789 etiam
1700 1736 1734 1789 rst
1745 1728 1816 1804 lepi-
1838 1768 1839 1773 κ

393 1820 480 1880 cavit
494 1836 552 1879 uos
567 1820 603 1877 iss
618 1816 743 1878 dilecto.
1144 1819 1290 1890 latorem,
1302 1818 1354 1877 orsi
1366 1816 1525 1877 obediant.
1550 1815 1673 1897 Quibus
1684 1815 1817 1876 metiens
1837 1786 1839 1879 i

436 1907 478 1967 1e
501 1923 564 1981 quo
590 1903 668 1963 miss·
690 1907 876 1983 complacui.
912 1906 985 1966 Vel:
1012 1907 1091 1965 milri
1145 1904 1217 1965 dicit
1231 1901 1570 1983 TridentiueSyuodus
1585 1922 1661 1966 sess.
1674 1901 1815 1963 decuit

394 1992 615 2069 complacitum
630 1998 683 2064 est,
697 1991 828 2054 Grecos:
842 1984 1005 2071 εὐδόκησα.
1021 1991 1090 2071 Quo
1146 1992 1205 2071 Qui
1227 2010 1301 2051 voro
1316 1990 1359 2049 sic
1375 1989 1538 2070 colligunt:
1566 1992 1617 2051 De
1639 1989 1704 2051 solo
1724 1986 1814 2049 cuns

395 2078 489 2140 uerbo
512 2078 755 2159 frequentissime
775 2082 821 2139 usi
847 2089 917 2140 sunt
932 2080 1032 2140 LXX.
1049 2079 1088 2138 in·
1146 2078 1256 2139 dictum
1272 2086 1336 2138 cst:
1361 2078 1470 2153 Ipsum
1486 2078 1616 2155 audite3
1641 2097 1712 2156 ergo
1725 2072 1815 2156 pontii

395 2174 553 2246 terpretes,
580 2175 611 2224 et
634 2183 672 2225 ex
695 2167 732 2226 iis
752 2176 891 2227 auctores
916 2166 1090 2246 scripturae
1146 2184 1263 2225 cesuou
1274 2171 1345 2224 sunt
1357 2162 1511 2237 audiendi,
1523 2166 1550 2225 si
1563 2163 1639 2246 quid
1647 2163 1813 2245 praecipi&

395 2252 466 2314 novi
476 2251 662 2314 testamenti:
675 2252 925 2331 quemadmodum
936 2263 963 2313 et
972 2254 1091 2313 nominc
1145 2273 1204 2312 uou
1217 2248 1467 2323 animadvertunt,
1480 2271 1499 2312 c
1511 2252 1642 2312 Domino
1656 2250 1813 2311 dictumsu

395 2333 520 2398 εὐδοκία
536 2339 575 2399 sd
589 2339 815 2417 significandum
829 2343 933 2403 enimi
945 2358 1090 2417 propers-
1146 2338 1317 2417 discipulis:
1342 2340 1404 2416 Qui
1419 2356 1474 2398 uos
1489 2338 1596 2412 audit,
1615 2357 1666 2398 me
1680 2337 1778 2411 cudi,
1792 2339 1821 2394 d·

395 2431 526 2501 siomm,
543 2434 574 2487 et
590 2422 634 2501 (ut
649 2427 797 2506 interpres
810 2447 901 2506 scope
914 2423 1020 2501 vertit)
1036 2427 1091 2486 bo·
1145 2430 1200 2502 qui
1216 2444 1270 2486 vos
1285 2427 1419 2501 meruit
1436 2444 1485 2484 me
1500 2427 1635 2502 spes-nit,
1659 2424 1730 2485 Luc.
1745 2423 1782 2483 lu

396 2514 692 2576 suamvoluntatem
715 2533 791 2590 erpa
813 2533 878 2575 sem
902 2522 960 2574 (rut
979 2532 1091 2591 perso·
1191 2517 1240 2574 18.
1262 2514 1306 2573 Et
1319 2513 1402 2572 hano
1418 2531 1525 2573 vocem
1536 2531 1597 2574 suos
1611 2505 1808 2573 audivissetis

396 2619 483 2662 nam.
507 2599 595 2672 Vide,
619 2618 698 2677 quoe
721 2601 851 2664 diximus
870 2598 1091 2680 adilludllph.
1145 2602 1232 2661 coelo
1254 2600 1398 2658 allatam.
1428 2599 1489 2659 Hic
1510 2599 1576 2678 jem
1599 2617 1634 2659 se
1656 2600 1746 2677 ipsum
1763 2609 1807 2654 cu!

401 2691 444 2747 1.:
480 2687 659 2748 Secundum
689 2692 887 2765 propositum
918 2690 1093 2749 voluntatis
1147 2686 1215 2747 aliis
1245 2685 1362 2746 duobus
1400 2687 1583 2765 coapostolis
1623 2692 1716 2746 tsstss
1741 2679 1806 2740 solu

398 2791 483 2834 suae.
507 2772 638 2833 Sensus:
652 2774 687 2832 lu
704 2795 764 2849 quo
779 2777 852 2837 mihi
867 2776 956 2835 unice
971 2775 1092 2854 pisceo3
1147 2775 1206 2850 cit3
1233 2791 1268 2832 sc
1290 2773 1315 2832 si
1337 2771 1466 2833 diceret:
1493 2774 1539 2834 Ne
1560 2771 1756 2853 suspicemini,
1772 2778 1805 2827 ss

398 2861 506 2939 inquo
529 2861 660 2921 oblector
682 2869 712 2921 et
727 2864 905 2942 nequissem
928 2870 960 2923 ut
981 2863 1021 2922 sit
1042 2881 1093 2921 cx·
1147 2860 1233 2921 vobis
1248 2858 1367 2921 iebulss
1383 2868 1435 2921 sut
1450 2861 1565 2923 somnis
1580 2878 1709 2932 usmre,
1728 2864 1819 2926 sun.-

399 2947 521 3027 piicstio
538 2949 611 3026 ejus,
636 2948 715 3027 quod
740 2951 833 3009 dixit:
855 2951 994 3010 dilectus.
1018 2948 1102 3028 Qui·
1147 2967 1226 3028 quse
1242 2966 1360 3007 rumore
1381 2956 1498 3008 tautum
1521 2949 1737 3027 acceperimus,
1755 2955 1805 3010 Μ

399 3032 468 3093 dum
485 3034 527 3092 sic
543 3044 711 3113 exponunt:
728 3038 766 3096 Iu
777 3057 837 3117 quo
850 3039 948 3097 visum
960 3044 1008 3097 cst
1023 3034 1094 3096 mibi
1149 3056 1207 3095 uon
1223 3034 1318 3095 solum
1342 3034 1436 3094 oculis
1450 3036 1643 3114 mejestetem
1665 3033 1739 3094 illem
1750 3024 1804 3090 (ki

399 3121 532 3180 misereri
558 3141 593 3179 oc
620 3122 797 3183 benefacere
822 3124 924 3203 genem
948 3124 1094 3196 humsn03
1148 3124 1188 3182 sti
1215 3122 1441 3201 conspeximus,
1470 3141 1576 3183 verum
1602 3122 1692 3181 etism
1718 3114 1812 3178 sud!

400 3226 467 3267 seu:
490 3208 549 3268 Per
562 3226 651 3287 quem
666 3210 738 3269 mihi
757 3210 871 3290 placuit
885 3210 1032 3271 homiuem
1052 3208 1092 3269 ls-
1149 3211 1243 3290 ipsum
1260 3208 1361 3268 Petris
1373 3227 1479 3268 vocem
1495 3208 1624 3269 coelitus
1641 3226 1724 3288 super
1735 3196 1812 3265 soit·

400 3313 485 3373 psum
511 3296 633 3373 erigere,
658 3295 865 3377 perditumque
881 3298 1009 3358 sslvsre.
1037 3297 1095 3357 Ve·
1149 3294 1265 3374 lspsem
1287 3295 1450 3356 hausimus.
1472 3296 1587 3376 Itsque
1609 3283 1803 3375 (quomodo-lu

399 3399 465 3439 rum
491 3380 542 3441 hio
566 3401 673 3442 seusus
697 3385 825 3463 exprimi
849 3403 908 3445 non
934 3392 1032 3463 potest
1059 3402 1095 3442 ex
1148 3401 1257 3455 sunes,
1286 3381 1362 3441 ulter
1391 3382 1539 3442 sociorum
1570 3382 1672 3454 Petri,
1699 3363 1803 3458 loqutd

401 3466 489 3526 modo
515 3469 688 3540 locutionis,
715 3470 877 3532 secuudum
906 3470 1095 3549 significatio·
1150 3468 1235 3546 quod
1257 3468 1451 3542 audivimus,
1474 3470 1560 3546 quod
1588 3468 1721 3529 uidimus

401 3572 478 3626 nem,
501 3575 592 3634 qusm
607 3558 633 3615 is
648 3556 739 3616 habet
753 3559 862 3636 passim
879 3560 908 3618 in
924 3558 1017 3617 sacris
1031 3557 1094 3617 lite
1149 3558 1275 3630 nostris,
1298 3556 1383 3632 quod
1402 3558 1632 3632 perspeximus,
1655 3551 1733 3633 quod
1748 3545 1801 3609 d*

401 3642 456 3716 ris3
472 3644 592 3702 temetsi
608 3645 798 3704 verissimum
816 3652 870 3716 est,
886 3646 993 3707 Jesum
1008 3642 1093 3704 Chri·
1150 3661 1228 3716 mus,
1250 3644 1380 3722 inquom,
1403 3650 1433 3703 et
1447 3644 1642 3719 audivimus,
1666 3635 1802 3702 anun*

402 3737 479 3788 stum
502 3747 570 3788 osse
592 3730 683 3789 illum
706 3730 872 3805 dilectum,
895 3735 931 3793 iss
953 3750 1016 3809 quo
1038 3748 1096 3792 nos
1149 3748 1219 3790 mus
1232 3730 1330 3803 vobis,
1357 3733 1371 3788 l
1394 3729 1491 3809 Epist.
1510 3735 1536 3790 1.
1560 3732 1656 3791 Recte
1678 3724 1750 3788 Bes·

404 3817 488 3876 Desss
502 3816 560 3876 sibi
581 3818 788 3893 psntiflcavit,
811 3827 845 3879 ut
868 3817 980 3880 dictum
997 3826 1043 3877 est
1057 3837 1096 3878 ex
1148 3816 1218 3896 tigit
1232 3836 1271 3877 ex
1287 3816 1343 3875 hoo
1363 3815 1437 3885 loco,
1459 3818 1583 3878 Petrum
1605 3836 1673 3878 esse
1694 3808 1804 3875 reustu-

402 3902 512 3978 Psul03
528 3923 585 3963 uec
600 3903 694 3965 ullum
709 3906 801 3966 olium
818 3925 885 3966 esso
900 3899 1049 3976 dilectum,
1065 3905 1095 3964 in
1148 3911 1208 3963 tum
1235 3903 1323 3981 hujus
1350 3903 1509 3983 Epistoiee
1536 3912 1697 3965 auctorem.
1728 3897 1808 3973 usur

400 4008 461 4066 quo
477 3998 508 4049 st
523 3999 646 4069 propter
661 4011 750 4071 quem
766 4012 821 4052 uos
836 3991 951 4073 diliget.
1149 3991 1227 4050 euim
1244 3991 1403 4070 quisquam
1424 3990 1475 4050 uel
1491 3989 1622 4062 secubo,
1642 3990 1693 4070 qui
1703 3988 1755 4067 jeu
1765 3972 1809 4060 fi

444 4078 551 4152 Ipsum
575 4078 693 4138 audite.
720 4079 806 4141 Hsec
825 4099 895 4159 psrs
917 4081 948 4139 iu
969 4077 1095 4139 Greecis
1148 4075 1216 4137 dem
1240 4076 1341 4154 gladio
1356 4076 1491 4136 Herodis
1513 4077 1701 4147 occubuerat,
1719 4063 1801 4131 usli*
1836 4077 1839 4088 '

400 4181 459 4221 nou
486 4160 620 4239 additur3
653 4173 771 4225 constet
803 4174 906 4227 temen
933 4186 972 4227 ex
999 4164 1095 4225 tribus
1148 4166 1226 4235 suni,
1242 4164 1329 4241 cujus
1344 4165 1445 4242 stylus
1460 4172 1509 4224 est
1523 4163 1744 4230 diversissimus

400 4248 615 4327 EvsugelistiQ
643 4271 660 4310 s
683 4252 773 4312 Patre
795 4253 938 4332 loquente
961 4250 1094 4312 sdditsm
1151 4250 1352 4330 adscripserit.

399 4336 500 4408 fuisse,
515 4335 686 4416 legiturque
701 4339 730 4397 in
747 4339 883 4401 omuibus
898 4340 1014 4400 Letinis
1029 4337 1093 4398 vnl-
1193 4339 1272 4400 Gom
1288 4355 1418 4398 essem
1433 4355 1505 4397 cum
1517 4341 1587 4413 ipso
1598 4339 1635 4399 in
1650 4341 1744 4397 mosis

399 4432 491 4502 gstoe
515 4421 661 4482 editionis.
685 4424 788 4484 Voluit
810 4435 909 4485 sutem
929 4428 1021 4488 Pater
1042 4423 1093 4484 ad·
1148 4432 1206 4483 eto.
1229 4425 1363 4484 Moutem
1385 4423 1465 4483 hunc
1486 4424 1659 4485 Matthecus
1681 4431 1711 4483 et
1801 4475 1803 4482 .
1837 4421 1839 4434 '

396 4511 528 4588 jectioue
557 4510 647 4589 hujus
678 4513 832 4590 prseoepti
861 4513 1036 4573 continuere
1065 4521 1096 4571 et
1148 4512 1283 4572 scribunt
1306 4510 1458 4572 excelsum
1481 4510 1584 4571 fuisso.
1609 4508 1757 4590 Quaeritur

400 4604 494 4656 rsturu
518 4597 617 4657 fecere
638 4599 840 4659 testimouium
856 4599 943 4673 Mori,
965 4601 1017 4679 qui
1039 4597 1094 4658 ibi·
1148 4605 1219 4668 tem,
1241 4599 1309 4677 quis
1329 4596 1429 4657 tuerit.
1454 4596 1523 4658 Nou
1547 4598 1626 4659 euius
1650 4593 1726 4658 eus

400 4681 469 4743 dem
485 4702 550 4743 cum
562 4680 955 4763 Elispreeseuserst(usm
969 4687 1096 4760 iuvoce,
1150 4685 1228 4744 listis
1249 4704 1356 4744 nomeu
1371 4683 1440 4761 ejus
1456 4684 1694 4763 exprimitur.'l'
1743 4677 1750 4694 ⁹

400 4787 492 4848 super
515 4770 670 4848 bsptiusto
687 4772 816 4832 Domino
830 4770 920 4842 tecte,
944 4793 1003 4832 non
1018 4769 1094 4850 edji·
1150 4781 1248 4831 tumen
1264 4780 1421 4849 acceptum
1439 4779 1486 4832 est
1502 4790 1521 4831 ι
1535 4771 1708 4850 mojoribus,
1726 4769 1803 4844 st?

401 4851 497 4929 citur),
514 4875 575 4934 quo
590 4859 727 4918 nimirum
741 4860 909 4919 testimonio
923 4859 962 4918 de
974 4858 1095 4920 Christo
1149 4860 1205 4917 sim
1218 4855 1372 4930 creditum,
1385 4858 1477 4918 tuisse
1487 4866 1617 4919 montem
1630 4856 1735 4926 Teos,

400 4941 540 5014 Domino,
566 4943 622 5003 snb
642 4945 761 5006 nomine
785 4945 966 5025 Prophetes,
994 4945 1096 5007 Moses
1149 4944 1250 5006 Lxx
1277 4946 1456 5025 interpretes
1483 4945 1565 5006 flexo
1592 4945 1710 5006 nominc

401 5026 606 5108 praedixemt:
622 5032 817 5109 Prophetam
834 5034 979 5111 deperite
993 5039 1051 5094 toa
1066 5037 1097 5093 es
1147 5032 1325 5113 Itsbyrium.
1363 5030 1426 5111 Qui
1450 5050 1537 5094 mous
1563 5039 1611 5094 est
1635 5031 1668 5095 iu
