4442 5825
399 605 472 674 lto
861 636 866 645 ·
892 598 1130 657 commentus
1147 600 1179 657 et
1196 601 1262 659 etr.
1280 602 1340 658 tm

393 773 596 854 postulathoo
611 776 742 836 auetoris
762 773 923 857 fflspntatio
938 774 979 839 tle
992 776 1088 857 primo
1142 787 1264 841 vertunt
1277 771 1387 856 eripiet,
1403 779 1589 841 Dominum.
1611 779 1651 840 In
1664 776 1759 839 verbe
1772 775 1820 856 flii

394 867 425 922 et
434 860 568 923 seeundo
579 861 771 924 taberneeulo
783 863 815 923 in
826 864 924 944 eapite
935 865 1088 943 sequenti.
1142 866 1251 928 allusio
1266 873 1315 926 eet
1328 864 1369 926 at
1383 884 1496 926 morem
1510 865 1623 945 figendi
1635 864 1821 927 ubernseuls

394 948 529 1009 Prohant
557 950 629 1010 item
657 969 697 1011 ea
726 949 836 1022 verba,
868 950 980 1029 quibus
1008 948 1088 1023 dieii,
1143 953 1222 1014 Nam
1246 952 1474 1014 tabernaculum
1502 951 1688 1027 Mosaieum,
1722 953 1753 1011 in
1780 969 1821 1032 qn

394 1035 553 1097 Christum
570 1054 631 1113 pes·
641 1039 815 1116 proprium
829 1039 1019 1113 nequitiem
1033 1040 1087 1100 iss·
1142 1040 1244 1100 Aaron
1273 1046 1302 1100 et
1328 1038 1381 1098 filii
1407 1040 1472 1117 ejus
1497 1039 1731 1110 ministrabant,
1760 1058 1821 1100 moe

393 1124 535 1184 troiviesa
549 1122 642 1183 estnel
657 1127 693 1184 in
706 1131 836 1197 saneto,
862 1122 895 1184 id
914 1133 962 1185 est
974 1124 1006 1183 in
1021 1144 1087 1186 eoe-
1143 1127 1270 1187 aliorum
1292 1124 1553 1186 tabernaeulorum
1575 1144 1671 1205 opera
1688 1124 1821 1186 hominm

392 1209 465 1270 lum.
502 1209 552 1270 Sio
574 1212 653 1270 enim
676 1219 782 1291 postea
803 1213 939 1291 exponit,
968 1209 1088 1272 dimna:
1142 1211 1238 1274 elavte
1253 1215 1285 1273 in
1299 1222 1380 1272 tama
1393 1212 1553 1291 figebatur,
1576 1220 1611 1273 ut
1631 1213 1699 1274 loeo
1715 1212 1820 1274 firmite

393 1297 467 1358 Noa
492 1299 528 1358 in
549 1299 740 1376 monofooto
762 1306 874 1359 soeeto
898 1302 1012 1361 Jettsm
1033 1301 1087 1359 itt·
1142 1302 1327 1362 eonsisteret
1365 1298 1436 1379 Qua
1457 1298 1496 1360 de
1520 1318 1553 1359 re
1574 1297 1648 1360 vide
1673 1298 1821 1380 Josephm

392 1385 553 1459 minime,
580 1385 778 1460 exemplario
793 1403 957 1460 verorum,
983 1384 1037 1444 ead
1051 1387 1088 1446 isa
1141 1387 1193 1448 lib.
1209 1387 1239 1447 3.
1253 1388 1324 1449 Ant
1340 1405 1406 1466 esp.
1422 1384 1451 1446 h.
1487 1384 1549 1447 Sed
1569 1385 1688 1448 menits
1703 1384 1821 1447 tubum

391 1468 496 1546 ipsum
510 1472 641 1532 eoelum.
673 1470 744 1550 Quo
759 1472 891 1552 pertinet
906 1473 998 1532 etism
1013 1470 1088 1532 illud
1141 1473 1242 1533 eulum
1272 1469 1363 1543 illud,
1393 1474 1424 1532 iu
1450 1490 1509 1551 quo
1536 1468 1674 1534 christus
1701 1470 1821 1554 pontif:

391 1577 456 1637 esp.
481 1559 547 1617 10.:
573 1559 638 1619 Nos
659 1559 774 1619 habere
798 1558 949 1635 fiduciam
975 1563 1012 1618 tn
1034 1560 1087 1620 its·
1141 1563 1305 1636 ministrat,
1321 1556 1353 1620 id
1367 1567 1427 1630 est,
1450 1557 1574 1620 eoelum.
1597 1558 1668 1621 Eoo
1682 1561 1768 1625 enim
1782 1577 1821 1620 nn

391 1646 493 1706 troitss
512 1652 696 1705 sonoomm
718 1649 755 1707 in
780 1649 936 1722 sanquine
963 1645 1087 1707 Christi.
1140 1647 1271 1708 hnmana
1284 1665 1374 1710 menn
1388 1644 1480 1707 &um
1494 1646 1693 1708 aofirmausm
1710 1652 1775 1719 set,
1787 1663 1821 1706 ss

393 1730 463 1812 Quo
477 1731 546 1792 loeo
560 1732 650 1791 etium
666 1731 814 1793 Christum
835 1740 926 1794 voest
940 1733 1087 1793 moereo·
1136 1735 1273 1813 jussione
1284 1733 1396 1805 divina,
1408 1730 1720 1794 dieentePsslmista:
1744 1731 1820 1795 Veri

391 1825 454 1878 tem
469 1836 623 1894 moenum
634 1822 840 1882 eonatitotom
850 1837 946 1896 super
957 1819 1088 1880 domum
1142 1822 1277 1883 Domim
1290 1821 1370 1882 eoeli
1383 1819 1504 1897 firmati
1517 1826 1610 1895 aaut,
1626 1817 1743 1881 Psshn.
1759 1821 1807 1884 32

390 1907 468 1979 Dei,
495 1904 638 1966 videlieet
660 1906 826 1968 eoelestem.
864 1907 980 1967 Horum
995 1907 1089 1986 igitur
1184 1907 1299 1968 Loenm
1321 1907 1402 1967 hune
1424 1903 1658 1987 chrysostomus
1683 1905 1733 1968 ita
1756 1903 1821 1968 intel

391 1999 576 2064 sanotosnm,
600 2001 631 2052 et
646 1993 735 2072 hujus
755 1993 939 2055 tsbernaeuli
955 1994 1088 2054 minister
1141 1994 1229 2068 lexlt,
1252 2003 1404 2075 tamquam
1428 1993 1624 2073 signitiestum
1641 1994 1696 2066 sit,
1724 1990 1821 2054 ooelm

392 2086 439 2139 oet
453 2076 607 2155 Christum
623 2099 683 2141 uon
699 2081 780 2161 quod
792 2079 851 2142 illis
861 2082 1016 2153 ministret,
1032 2082 1088 2142 sed
1142 2100 1209 2144 esse
1222 2099 1345 2161 prorens
1368 2089 1399 2140 et
1413 2083 1534 2142 omnino
1554 2078 1717 2142 immobile
1755 2075 1821 2141 Untl

392 2165 474 2246 qnod
489 2166 519 2227 in
535 2165 611 2242 illio,
633 2167 785 2246 quomodo
807 2168 943 2249 pontifex
961 2168 1086 2228 Arroni·
1142 2186 1179 2231 ex
1195 2187 1231 2228 eo
1247 2168 1382 2230 subveni
1398 2176 1485 2246 putat
1495 2185 1598 2228 eornm
1609 2165 1821 2248 philosophus

390 2272 443 2314 ene
462 2254 598 2315 minister
615 2264 680 2315 erat
702 2266 870 2317 unctorum
897 2266 928 2316 et
952 2254 1086 2316 taberna·
1141 2256 1194 2338 qui
1209 2255 1326 2316 eoelum
1342 2254 1449 2314 dieunt
1462 2256 1590 2326 moveri,
1606 2261 1638 2314 et
1652 2270 1721 2317 esse
1736 2249 1821 2334 spise

391 2340 449 2403 ooli
464 2342 592 2414 veteris,
618 2344 692 2421 quia
710 2342 900 2404 ministrabat
913 2345 944 2403 iu
959 2339 1033 2416 illis,
1059 2349 1088 2401 et
1141 2345 1223 2403 rieae
1239 2344 1362 2423 figurae.
1386 2339 1477 2420 Quod
1490 2350 1523 2401 et
1535 2340 1821 2420 'Pheophylsotusu

391 2427 543 2509 quomodo
559 2429 707 2490 ministros
729 2428 832 2511 templi
851 2447 1009 2501 voeamue,
1035 2429 1087 2510 qui
1142 2428 1357 2510 chrysostomo
1368 2435 1467 2488 monet
1479 2425 1711 2488 observandum.
1728 2426 1821 2489 Vem

390 2516 558 2577 ministrant
573 2516 739 2595 intemplo.
1142 2517 1173 2577 id
1187 2533 1379 2599 nequaquam
1394 2523 1439 2576 est
1456 2531 1656 2594 eonsequens.
1679 2513 1761 2574 Nam
1775 2526 1821 2574 eet

433 2604 540 2664 mint
555 2603 781 2682 explioandom,
805 2621 865 2682 qno
881 2610 969 2683 paeto
985 2605 1019 2676 is,
1035 2603 1087 2683 qui
1141 2602 1205 2664 lum
1226 2600 1347 2685 quidem
1371 2602 1413 2661 ita
1434 2601 1527 2661 fixum
1548 2608 1595 2660 est
1615 2618 1635 2658 a
1652 2599 1741 2674 Deo,
1768 2604 1821 2659 ute

378 2688 528 2751 *eomedit
542 2688 581 2748 ed
603 2688 756 2750 dexterum
779 2688 900 2751 divinoe
922 2691 1087 2767 maJeststia
1142 2692 1208 2751 loeo
1233 2708 1478 2767 menumquam
1504 2694 1675 2763 moveatur3
1706 2694 1742 2748 st
1766 2683 1821 2747 nti

391 2778 422 2836 in
436 2775 543 2848 eoelis,
570 2779 716 2838 minister
737 2785 874 2848 vooetnr,
902 2795 968 2836 enm
984 2777 1088 2857 ntique
1141 2787 1306 2859 repugnat,
1336 2795 1397 2855 quo
1426 2775 1524 2835 minus
1553 2773 1820 2846 orbieulsriter,u

390 2862 517 2925 minietri
533 2883 593 2926 non
608 2864 647 2924 sit
660 2862 783 2938 sedere,
806 2862 860 2923 sed
875 2862 1004 2924 adetare.
1027 2863 1087 2925 Pro
1141 2864 1233 2928 habet
1255 2870 1376 2944 recepta
1396 2860 1601 2943 philosophia,
1626 2858 1821 2922 moveaturit

391 2953 536 3013 minister
565 2950 683 3013 Graeoe
712 2961 758 3013 est
792 2943 989 3028 λειτουργὸς,
1027 2970 1088 3031 qua
1141 2954 1217 3015 loeo.
1254 2950 1444 3032 Quamquam
1468 2967 1525 3009 nee
1540 2946 1712 3027 hujusmodi
1726 2954 1821 3009 motus

393 3057 468 3099 vooe
483 3056 575 3119 ssepe
589 3037 773 3118 significatur
788 3040 821 3113 is,
840 3038 891 3119 qui
907 3040 1002 3099 saeris
1017 3057 1087 3119 ope·
1141 3049 1274 3102 extremo
1290 3037 1391 3110 eoelo,
1418 3035 1499 3116 quod
1513 3054 1691 3116 empyreum
1707 3040 1821 3096 veo-tn

391 3133 482 3201 rator,
497 3124 529 3186 id
540 3134 588 3185 est
597 3126 759 3199 santificus,
775 3145 926 3186 eaorornm
940 3125 1086 3198 minister,
1141 3138 1172 3189 et
1199 3128 1231 3186 in
1257 3144 1318 3205 quo
1345 3122 1482 3186 Christus
1509 3120 1635 3195 residet,
1666 3119 1821 3200 'l'heolosslt

391 3213 457 3275 sive
485 3212 723 3289 administmtor,
755 3221 789 3275 ut
813 3214 960 3274 Erasmus
990 3215 1086 3274 vestit
1140 3212 1285 3275 attribuit

391 3299 481 3361 Unde
506 3296 698 3379 λειτουργία,
733 3299 915 3362 voeabulnm
944 3299 1086 3361 Patribus
1183 3299 1244 3361 Hie
1267 3308 1416 3380 postremo
1437 3294 1620 3370 notandum,
1642 3304 1740 3357 totum
1761 3295 1821 3357 hsst

391 3389 619 3450 utitatissimum
648 3409 704 3469 pro
728 3389 875 3451 sacrificio
900 3387 1026 3460 Missae,
1056 3396 1088 3449 et
1140 3399 1272 3469 partem:
1299 3387 1493 3448 nemorum
1516 3384 1662 3445 mmor
1677 3389 1753 3456 ete,
1777 3399 1821 3443 not

390 3469 591 3554 λειτουργεῖν,
607 3480 701 3537 oneris
717 3478 846 3559 operari,
859 3477 927 3535 Aet
941 3478 989 3538 13.
1012 3473 1086 3536 Sen-
1140 3478 1252 3547 minos,
1268 3491 1359 3553 quam
1373 3469 1619 3554 prseeedeutem,
1633 3466 1821 3551 pertineret

389 3565 426 3623 tit
451 3564 542 3642 igitur
570 3563 751 3643 Apostolus,
781 3563 932 3623 Christum
958 3583 1018 3623 nou
1044 3563 1088 3621 its
1140 3558 1353 3623 declarandam
1372 3557 1583 3619 extollentiam
1602 3554 1718 3619 christi
1740 3554 1821 3636 ponti

390 3649 495 3712 sedere
517 3658 548 3710 et
569 3670 694 3731 regnare
716 3669 782 3712 eum
810 3651 902 3710 Patre
930 3650 960 3709 in
990 3648 1086 3723 eoelo,
1141 3651 1204 3711 fleis
1219 3667 1312 3727 supra
1325 3645 1495 3727 pontificem
1510 3642 1648 3724 tegetem
1686 3642 1748 3705 l'lle
1762 3642 1821 3704 ants

391 3740 464 3817 quin
480 3735 580 3797 adhue
595 3739 767 3816 pontificem
789 3757 823 3800 se
838 3744 970 3796 nostrum
985 3738 1084 3797 memi-
1142 3738 1235 3819 typiei
1247 3732 1432 3796 tabernaculi
1441 3731 1573 3793 minister
1583 3728 1651 3803 tuit
1661 3738 1757 3810 atque
1768 3729 1821 3808 ej·

390 3826 486 3898 norit,
512 3836 544 3885 et
563 3834 596 3883 nt
619 3824 757 3905 pontifex
779 3825 809 3885 in
831 3824 916 3885 eoelo
932 3833 1085 3904 tsmqusm
1140 3823 1220 3904 qnod
1232 3821 1371 3882 manibus
1385 3818 1537 3880 hominnm
1549 3817 1741 3900 figebaturin
1754 3824 1821 3877 tam

392 3914 424 3972 in
435 3912 545 3973 sanetis
557 3913 633 3974 loeis
645 3921 676 3972 et
688 3914 718 3973 in
726 3910 922 3972 tabernaculo
930 3911 1085 3983 ministret,
1140 3921 1173 3971 et
1184 3908 1312 3971 subinde
1323 3904 1574 3987 religebatosalio
1587 3901 1821 3967 nonstmendm

390 3998 421 4059 id
441 4007 487 4060 eat
510 3999 656 4078 pontificis
676 4000 804 4061 officium
827 4007 899 4079 eget
921 4018 975 4078 pro
998 3997 1086 4059 nobie
1139 4006 1173 4058 ut
1184 3996 1404 4076 significaretur
1414 3991 1564 4053 mobilitas
1572 3990 1653 4053 illiue
1662 3989 1820 4054 aseerdott

391 4086 471 4168 apud
486 4086 602 4158 Deum,
627 4087 771 4149 videlieet
792 4083 1029 4169 interpellando,
1055 4091 1088 4145 et
1141 4083 1277 4145 Christus
1293 4091 1393 4142 autem
1415 4080 1481 4141 reti
1502 4079 1686 4141 tabernaculi
1706 4079 1821 4140 minist·

389 4173 621 4248 humanitatem,
643 4176 674 4234 in
691 4193 752 4254 qua
771 4192 879 4253 passos
894 4180 954 4245 est,
979 4171 1025 4232 illi
1040 4191 1085 4233 re·
1141 4179 1194 4244 eat,
1210 4169 1293 4251 qood
1306 4170 1371 4230 lixit
1385 4186 1493 4230 manus
1509 4168 1586 4237 Dei,
1607 4166 1717 4237 idest,
1739 4181 1821 4246 perpe

390 4260 623 4340 praesentando,
658 4270 749 4342 atque
779 4262 870 4321 etiam
901 4278 1006 4321 verum
1032 4277 1087 4339 por
1139 4267 1225 4318 tunm
1248 4266 1340 4337 atque
1363 4254 1515 4315 immobile
1537 4253 1619 4314 feeit
1656 4252 1730 4334 Quo
1753 4252 1821 4312 aime

389 4349 542 4409 ministros
558 4356 590 4407 et
605 4349 735 4410 vicarios
750 4365 821 4409 suos
832 4346 1000 4410 sacerdotee
1015 4346 1085 4407 offe·
1141 4346 1289 4417 innuitur,
1316 4340 1516 4403 secerdotium
1535 4338 1648 4402 Christi
1663 4346 1821 4420 perpetum

389 4434 483 4498 nendo
499 4435 683 4497 saeritieium.
1140 4440 1170 4494 et
1185 4430 1336 4493 immobile
1351 4446 1533 4509 permanere.

433 4523 526 4604 Quod
544 4523 615 4601 {init
639 4525 814 4599 Dominus,
844 4527 874 4583 et
896 4539 965 4584 non
982 4522 1085 4582 homo.
1185 4524 1213 4581 3.
1238 4520 1348 4581 Oronte
1370 4519 1454 4577 enim
1474 4515 1625 4593 pontifex
1639 4513 1684 4575 od
1699 4512 1821 4592 offeres

389 4611 427 4671 In
451 4609 629 4691 quibusdam
655 4609 809 4671 eodioibus
833 4608 961 4688 legitur:
988 4608 1084 4683 Deest,
1141 4607 1216 4667 dum
1247 4621 1382 4668 munem
1421 4610 1450 4663 et
1478 4604 1598 4663 hostias
1627 4602 1821 4662 constituitis

389 4698 444 4759 sed
459 4717 532 4759 vera
547 4699 636 4759 leotio
652 4705 713 4758 est:
744 4698 920 4770 Dominus,
948 4713 1039 4774 quam
1054 4703 1087 4755 ot
1141 4692 1223 4773 Quid
1249 4693 1306 4753 hee
1332 4699 1421 4771 parto
1442 4687 1551 4769 probet
1576 4687 1763 4767 Apostolus,
1787 4703 1821 4747 ae

390 4782 507 4846 Grseoa
521 4785 647 4861 hebent,
672 4794 704 4846 at
718 4783 894 4866 eomprobat
908 4780 1004 4844 editio
1019 4780 1086 4843 (lle-
1141 4780 1216 4861 quid
1239 4777 1390 4850 intendat,
1417 4777 1562 4858 apannis
1585 4773 1767 4854 explicatur.
1796 4771 1821 4835 B

389 4873 529 4932 mentina
567 4871 682 4934 Seneus
708 4879 771 4933 est:
795 4867 887 4951 Quod
908 4869 1084 4933 tsbernaeu·
1142 4887 1306 4948 perpensa,
1329 4865 1416 4927 nobie
1439 4882 1507 4923 eum
1529 4862 1559 4924 S.
1582 4860 1702 4922 Thomu
1723 4859 1821 4923 viden

390 4956 453 5019 lom
472 4958 541 5020 lixit
563 4960 627 5034 ille,
654 4962 702 5020 eui
733 4978 845 5022 nomen
866 4964 913 5017 est
932 4955 1089 5031 Dominus,
1141 4952 1216 5017 illud
1231 4954 1360 5036 probuti,
1383 4948 1464 5034 quod
1484 4950 1621 5031 proxime
1641 4946 1821 5010 dietumu

389 5044 544 5111 Hebraico
557 5047 727 5127 Jeltooob,
750 5044 834 5130 quot
847 5042 946 5113 m
969 5061 1090 5128 sompes
1142 5040 1303 5118 Ohr‘mtum,
1325 5038 1462 5124 quamvls
1486 5034 1659 5100 oonserlerlt
1680 5034 1720 5100 sd
1735 5032 1821 5102 demit
