<?xml version="1.0" encoding="UTF-8"?>
<!DOCTYPE html PUBLIC "-//W3C//DTD XHTML 1.0 Transitional//EN"
    "http://www.w3.org/TR/xhtml1/DTD/xhtml1-transitional.dtd">
<html xmlns="http://www.w3.org/1999/xhtml" xml:lang="en" lang="en">
 <head>
  <title>
</title>
<meta http-equiv="Content-Type" content="text/html;charset=utf-8" />
  <meta name='ocr-system' content='tesseract 3.04.00' />
  <meta name='ocr-capabilities' content='ocr_page ocr_carea ocr_par ocr_line ocrx_word'/>
</head>
<body>
  <div class='ocr_page' id='page_1' title='image "./guilielmiestiii01estigoog_0352.png"; bbox 0 0 4442 5825; ppageno 0'>
   <div class='ocr_carea' id='block_1_1' title="bbox 389 574 1337 667">
    <p class='ocr_par' dir='ltr' id='par_1_1' title="bbox 389 574 1337 667">
     <span class='ocr_line' id='line_1_1' title="bbox 389 574 1337 667; baseline 0.002 -38"><span class='ocrx_word' id='word_1_1' title='bbox 389 583 465 667; x_wconf 70' lang='lat'><strong>342</strong></span> <span class='ocrx_word' id='word_1_2' title='bbox 902 574 1337 631; x_wconf 73' lang='lat' dir='ltr'><strong>connumeratorum</strong></span> 
     </span>
    </p>
   </div>
   <div class='ocr_carea' id='block_1_2' title="bbox 388 750 1786 5106">
    <p class='ocr_par' dir='ltr' id='par_1_2' title="bbox 388 750 1786 5106">
     <span class='ocr_line' id='line_1_2' title="bbox 390 750 1786 834; baseline 0.002 -22"><span class='ocrx_word' id='word_1_3' title='bbox 390 760 451 819; x_wconf 90' lang='lat' dir='ltr'><strong>tem</strong></span> <span class='ocrx_word' id='word_1_4' title='bbox 467 750 498 813; x_wconf 93' lang='lat' dir='ltr'><strong>id</strong></span> <span class='ocrx_word' id='word_1_5' title='bbox 508 750 673 830; x_wconf 73' lang='lat' dir='ltr'><strong>Apostolus</strong></span> <span class='ocrx_word' id='word_1_6' title='bbox 684 750 740 812; x_wconf 91' lang='lat' dir='ltr'><strong>hoc</strong></span> <span class='ocrx_word' id='word_1_7' title='bbox 752 750 817 812; x_wconf 88' lang='lat' dir='ltr'><strong>loeo</strong></span> <span class='ocrx_word' id='word_1_8' title='bbox 829 751 966 832; x_wconf 88' lang='lat' dir='ltr'><strong>pleribus</strong></span> <span class='ocrx_word' id='word_1_9' title='bbox 978 752 1086 825; x_wconf 87' lang='lat' dir='ltr'><strong>verbis,</strong></span> <span class='ocrx_word' id='word_1_10' title='bbox 1137 751 1272 832; x_wconf 88' lang='lat' dir='ltr'><strong>epitheta</strong></span> <span class='ocrx_word' id='word_1_11' title='bbox 1287 754 1481 832; x_wconf 89' lang='lat' dir='ltr'><strong>respondent,</strong></span> <span class='ocrx_word' id='word_1_12' title='bbox 1497 753 1643 815; x_wconf 78' lang='lat' dir='ltr'><strong>montisi</strong></span> <span class='ocrx_word' id='word_1_13' title='bbox 1658 753 1727 834; x_wconf 67' lang='lat' dir='ltr'><strong>igni,</strong></span> <span class='ocrx_word' id='word_1_14' title='bbox 1746 753 1786 815; x_wconf 83' lang='lat' dir='ltr'><strong>dm</strong></span> 
     </span>
     <span class='ocr_line' id='line_1_3' title="bbox 391 822 1732 921; baseline 0.001 -22"><span class='ocrx_word' id='word_1_15' title='bbox 391 822 472 921; x_wconf 90' lang='lat' dir='ltr'><strong>quod</strong></span> <span class='ocrx_word' id='word_1_16' title='bbox 485 839 515 899; x_wconf 89' lang='lat' dir='ltr'><strong>in</strong></span> <span class='ocrx_word' id='word_1_17' title='bbox 528 837 667 918; x_wconf 81' lang='lat' dir='ltr'><strong>Epistola</strong></span> <span class='ocrx_word' id='word_1_18' title='bbox 679 836 719 899; x_wconf 89' lang='lat' dir='ltr'><strong>ad</strong></span> <span class='ocrx_word' id='word_1_19' title='bbox 730 838 815 899; x_wconf 86' lang='lat' dir='ltr'><strong>Rom.</strong></span> <span class='ocrx_word' id='word_1_20' title='bbox 831 842 859 899; x_wconf 86' lang='grc'><strong>8.</strong></span> <span class='ocrx_word' id='word_1_21' title='bbox 874 839 980 920; x_wconf 86' lang='lat' dir='ltr'><strong>paucis</strong></span> <span class='ocrx_word' id='word_1_22' title='bbox 992 837 1085 899; x_wconf 86' lang='lat' dir='ltr'><strong>dixit:</strong></span> <span class='ocrx_word' id='word_1_23' title='bbox 1137 858 1198 920; x_wconf 88' lang='lat' dir='ltr'><strong>que</strong></span> <span class='ocrx_word' id='word_1_24' title='bbox 1213 836 1370 920; x_wconf 84' lang='lat' dir='ltr'><strong>participis</strong></span> <span class='ocrx_word' id='word_1_25' title='bbox 1385 840 1522 901; x_wconf 86' lang='lat' dir='ltr'><strong>similiter</strong></span> <span class='ocrx_word' id='word_1_26' title='bbox 1538 848 1732 920; x_wconf 85' lang='lat' dir='ltr'><strong>exponuntur.</strong></span> 
     </span>
     <span class='ocr_line' id='line_1_4' title="bbox 390 914 1780 1009; baseline -0.001 -18"><span class='ocrx_word' id='word_1_27' title='bbox 390 926 464 991; x_wconf 80' lang='lat' dir='ltr'><strong>Non</strong></span> <span class='ocrx_word' id='word_1_28' title='bbox 480 928 563 987; x_wconf 81' lang='lat' dir='ltr'><strong>euim</strong></span> <span class='ocrx_word' id='word_1_29' title='bbox 580 928 740 1003; x_wconf 84' lang='lat' dir='ltr'><strong>accepistis</strong></span> <span class='ocrx_word' id='word_1_30' title='bbox 762 928 910 1003; x_wconf 84' lang='lat' dir='ltr'><strong>spiritum</strong></span> <span class='ocrx_word' id='word_1_31' title='bbox 926 928 1087 987; x_wconf 80' lang='lat' dir='ltr'><strong>seruitutis</strong></span> <span class='ocrx_word' id='word_1_32' title='bbox 1178 914 1258 986; x_wconf 87' lang='lat' dir='ltr'><strong>Illud</strong></span> <span class='ocrx_word' id='word_1_33' title='bbox 1276 924 1358 988; x_wconf 86' lang='lat' dir='ltr'><strong>band</strong></span> <span class='ocrx_word' id='word_1_34' title='bbox 1374 926 1690 1007; x_wconf 81' lang='lat' dir='ltr'><strong>praetermittendum,</strong></span> <span class='ocrx_word' id='word_1_35' title='bbox 1710 924 1780 1009; x_wconf 83' lang='lat' dir='ltr'><strong>qued</strong></span> 
     </span>
     <span class='ocr_line' id='line_1_5' title="bbox 390 1002 1786 1097; baseline 0.003 -26"><span class='ocrx_word' id='word_1_36' title='bbox 390 1015 504 1074; x_wconf 82' lang='lat' dir='ltr'><strong>iterum</strong></span> <span class='ocrx_word' id='word_1_37' title='bbox 521 1014 556 1072; x_wconf 85' lang='lat' dir='ltr'><strong>iu</strong></span> <span class='ocrx_word' id='word_1_38' title='bbox 580 1016 693 1073; x_wconf 84' lang='lat' dir='ltr'><strong>timore</strong></span> <span class='ocrx_word' id='word_1_39' title='bbox 700 1035 712 1088; x_wconf 83' lang='lat'><strong>,-</strong></span> <span class='ocrx_word' id='word_1_40' title='bbox 736 1014 790 1073; x_wconf 82' lang='lat' dir='ltr'><strong>ssd</strong></span> <span class='ocrx_word' id='word_1_41' title='bbox 812 1016 974 1090; x_wconf 79' lang='lat' dir='ltr'><strong>accepistis</strong></span> <span class='ocrx_word' id='word_1_42' title='bbox 988 1015 1086 1090; x_wconf 82' lang='lat' dir='ltr'><strong>spiri·</strong></span> <span class='ocrx_word' id='word_1_43' title='bbox 1136 1012 1279 1097; x_wconf 77' lang='lat' dir='ltr'><strong>Erasmus</strong></span> <span class='ocrx_word' id='word_1_44' title='bbox 1295 1014 1443 1087; x_wconf 87' lang='lat' dir='ltr'><strong>admonet,</strong></span> <span class='ocrx_word' id='word_1_45' title='bbox 1459 1021 1600 1076; x_wconf 82' lang='lat' dir='ltr'><strong>montem</strong></span> <span class='ocrx_word' id='word_1_46' title='bbox 1617 1010 1651 1075; x_wconf 92' lang='lat' dir='ltr'><strong>in</strong></span> <span class='ocrx_word' id='word_1_47' title='bbox 1665 1002 1786 1075; x_wconf 85' lang='lat' dir='ltr'><strong>meltiab</strong></span> 
     </span>
     <span class='ocr_line' id='line_1_6' title="bbox 390 1088 1786 1181; baseline 0 -18"><span class='ocrx_word' id='word_1_48' title='bbox 390 1108 456 1163; x_wconf 85' lang='lat' dir='ltr'><strong>tum</strong></span> <span class='ocrx_word' id='word_1_49' title='bbox 473 1099 536 1159; x_wconf 84' lang='lat' dir='ltr'><strong>ado</strong></span> <span class='ocrx_word' id='word_1_50' title='bbox 560 1102 657 1161; x_wconf 82' lang='lat' dir='ltr'><strong>tionis</strong></span> <span class='ocrx_word' id='word_1_51' title='bbox 670 1100 824 1177; x_wconf 74' lang='lat' dir='ltr'><strong>filiorum,</strong></span> <span class='ocrx_word' id='word_1_52' title='bbox 841 1101 877 1160; x_wconf 88' lang='lat' dir='ltr'><strong>iu</strong></span> <span class='ocrx_word' id='word_1_53' title='bbox 890 1118 951 1181; x_wconf 81' lang='lat' dir='ltr'><strong>qao</strong></span> <span class='ocrx_word' id='word_1_54' title='bbox 965 1100 1086 1160; x_wconf 88' lang='lat' dir='ltr'><strong>clama-</strong></span> <span class='ocrx_word' id='word_1_55' title='bbox 1136 1100 1207 1160; x_wconf 85' lang='lat' dir='ltr'><strong>tinio</strong></span> <span class='ocrx_word' id='word_1_56' title='bbox 1230 1088 1382 1161; x_wconf 73' lang='lat' dir='ltr'><strong>codicibus</strong></span> <span class='ocrx_word' id='word_1_57' title='bbox 1404 1100 1520 1162; x_wconf 89' lang='lat' dir='ltr'><strong>deesse.</strong></span> <span class='ocrx_word' id='word_1_58' title='bbox 1544 1099 1626 1162; x_wconf 73' lang='lat' dir='ltr'><strong>Nam</strong></span> <span class='ocrx_word' id='word_1_59' title='bbox 1642 1110 1675 1161; x_wconf 86' lang='lat' dir='ltr'><strong>et</strong></span> <span class='ocrx_word' id='word_1_60' title='bbox 1688 1118 1786 1163; x_wconf 78' lang='lat' dir='ltr'><strong>conane</strong></span> 
     </span>
     <span class='ocr_line' id='line_1_7' title="bbox 390 1119 1786 1272; baseline 0.002 -24"><span class='ocrx_word' id='word_1_61' title='bbox 390 1206 477 1249; x_wconf 85' lang='lat' dir='ltr'><strong>mus:</strong></span> <span class='ocrx_word' id='word_1_62' title='bbox 499 1119 589 1247; x_wconf 73' lang='lat' dir='ltr'><strong>Abba</strong></span> <span class='ocrx_word' id='word_1_63' title='bbox 605 1180 741 1266; x_wconf 84' lang='lat' dir='ltr'><strong>(Pater),</strong></span> <span class='ocrx_word' id='word_1_64' title='bbox 765 1197 796 1247; x_wconf 89' lang='lat' dir='ltr'><strong>et</strong></span> <span class='ocrx_word' id='word_1_65' title='bbox 815 1184 948 1265; x_wconf 85' lang='lat' dir='ltr'><strong>ejusdem</strong></span> <span class='ocrx_word' id='word_1_66' title='bbox 964 1187 1084 1267; x_wconf 83' lang='lat' dir='ltr'><strong>Episto-</strong></span> <span class='ocrx_word' id='word_1_67' title='bbox 1136 1187 1204 1247; x_wconf 87' lang='lat' dir='ltr'><strong>terii</strong></span> <span class='ocrx_word' id='word_1_68' title='bbox 1228 1176 1374 1249; x_wconf 87' lang='lat' dir='ltr'><strong>Primasio</strong></span> <span class='ocrx_word' id='word_1_69' title='bbox 1399 1195 1430 1248; x_wconf 92' lang='lat' dir='ltr'><strong>et</strong></span> <span class='ocrx_word' id='word_1_70' title='bbox 1445 1186 1590 1249; x_wconf 83' lang='lat' dir='ltr'><strong>Anselrno</strong></span> <span class='ocrx_word' id='word_1_71' title='bbox 1606 1178 1749 1272; x_wconf 85' lang='lat' dir='ltr'><strong>adscripti</strong></span> <span class='ocrx_word' id='word_1_72' title='bbox 1765 1207 1786 1251; x_wconf 74' lang='lat' dir='ltr'><strong>a</strong></span> 
     </span>
     <span class='ocr_line' id='line_1_8' title="bbox 390 1266 1773 1355; baseline 0.001 -20"><span class='ocrx_word' id='word_1_73' title='bbox 390 1273 439 1335; x_wconf 89' lang='lat' dir='ltr'><strong>lae</strong></span> <span class='ocrx_word' id='word_1_74' title='bbox 450 1295 515 1354; x_wconf 91' lang='lat' dir='ltr'><strong>cap.</strong></span> <span class='ocrx_word' id='word_1_75' title='bbox 529 1274 575 1334; x_wconf 86' lang='lat'><strong>6.:</strong></span> <span class='ocrx_word' id='word_1_76' title='bbox 591 1274 665 1337; x_wconf 81' lang='lat' dir='ltr'><strong>Nou</strong></span> <span class='ocrx_word' id='word_1_77' title='bbox 681 1277 766 1336; x_wconf 79' lang='lat' dir='ltr'><strong>euim</strong></span> <span class='ocrx_word' id='word_1_78' title='bbox 781 1274 837 1335; x_wconf 82' lang='lat' dir='ltr'><strong>sub</strong></span> <span class='ocrx_word' id='word_1_79' title='bbox 854 1274 919 1349; x_wconf 72' lang='lat' dir='ltr'><strong>leae</strong></span> <span class='ocrx_word' id='word_1_80' title='bbox 935 1276 1015 1349; x_wconf 89' lang='lat' dir='ltr'><strong>estis,</strong></span> <span class='ocrx_word' id='word_1_81' title='bbox 1032 1276 1087 1334; x_wconf 75' lang='lat' dir='ltr'><strong>seri</strong></span> <span class='ocrx_word' id='word_1_82' title='bbox 1136 1272 1265 1349; x_wconf 89' lang='lat' dir='ltr'><strong>babcnt;</strong></span> <span class='ocrx_word' id='word_1_83' title='bbox 1289 1266 1454 1348; x_wconf 80' lang='lat' dir='ltr'><strong>Glossatcr,</strong></span> <span class='ocrx_word' id='word_1_84' title='bbox 1477 1275 1627 1355; x_wconf 79' lang='lat' dir='ltr'><strong>Aquinas,</strong></span> <span class='ocrx_word' id='word_1_85' title='bbox 1652 1274 1773 1337; x_wconf 82' lang='lat' dir='ltr'><strong>Lirenas</strong></span> 
     </span>
     <span class='ocr_line' id='line_1_9' title="bbox 390 1354 1785 1445; baseline -0.001 -20"><span class='ocrx_word' id='word_1_86' title='bbox 390 1361 446 1425; x_wconf 77' lang='lat' dir='ltr'><strong>tub</strong></span> <span class='ocrx_word' id='word_1_87' title='bbox 467 1360 583 1441; x_wconf 76' lang='lat' dir='ltr'><strong>pratia.</strong></span> <span class='ocrx_word' id='word_1_88' title='bbox 614 1354 926 1440; x_wconf 80' lang='lat' dir='ltr'><strong>Primamigituree,</strong></span> <span class='ocrx_word' id='word_1_89' title='bbox 950 1362 1085 1441; x_wconf 87' lang='lat' dir='ltr'><strong>quaein</strong></span> <span class='ocrx_word' id='word_1_90' title='bbox 1136 1356 1215 1419; x_wconf 91' lang='lat' dir='ltr'><strong>idem</strong></span> <span class='ocrx_word' id='word_1_91' title='bbox 1232 1381 1289 1422; x_wconf 90' lang='lat' dir='ltr'><strong>non</strong></span> <span class='ocrx_word' id='word_1_92' title='bbox 1315 1356 1515 1438; x_wconf 78' lang='lat' dir='ltr'><strong>legerant;S</strong></span> <span class='ocrx_word' id='word_1_93' title='bbox 1615 1360 1785 1445; x_wconf 75' lang='lat' dir='ltr'><strong>interpres</strong></span> 
     </span>
     <span class='ocr_line' id='line_1_10' title="bbox 389 1440 1786 1531; baseline -0.001 -21"><span class='ocrx_word' id='word_1_94' title='bbox 389 1446 581 1531; x_wconf 71' lang='lat' dir='ltr'><strong>legislatione</strong></span> <span class='ocrx_word' id='word_1_95' title='bbox 604 1446 750 1509; x_wconf 83' lang='lat' dir='ltr'><strong>terribilis</strong></span> <span class='ocrx_word' id='word_1_96' title='bbox 771 1446 962 1521; x_wconf 87' lang='lat' dir='ltr'><strong>acciderent,</strong></span> <span class='ocrx_word' id='word_1_97' title='bbox 990 1468 1083 1509; x_wconf 89' lang='lat' dir='ltr'><strong>remo·</strong></span> <span class='ocrx_word' id='word_1_98' title='bbox 1136 1446 1280 1523; x_wconf 78' lang='lat' dir='ltr'><strong>reddidit3</strong></span> <span class='ocrx_word' id='word_1_99' title='bbox 1304 1445 1435 1526; x_wconf 78' lang='lat' dir='ltr'><strong>deniquo</strong></span> <span class='ocrx_word' id='word_1_100' title='bbox 1458 1446 1511 1509; x_wconf 91' lang='lat' dir='ltr'><strong>nal</strong></span> <span class='ocrx_word' id='word_1_101' title='bbox 1526 1468 1561 1508; x_wconf 90' lang='lat' dir='ltr'><strong>ae</strong></span> <span class='ocrx_word' id='word_1_102' title='bbox 1704 1440 1786 1509; x_wconf 83' lang='lat' dir='ltr'><strong>reni</strong></span> 
     </span>
     <span class='ocr_line' id='line_1_11' title="bbox 390 1530 1786 1617; baseline -0.001 -18"><span class='ocrx_word' id='word_1_103' title='bbox 390 1543 442 1599; x_wconf 79' lang='lat' dir='ltr'><strong>vet</strong></span> <span class='ocrx_word' id='word_1_104' title='bbox 463 1555 482 1595; x_wconf 84' lang='lat' dir='ltr'><strong>a</strong></span> <span class='ocrx_word' id='word_1_105' title='bbox 501 1535 566 1595; x_wconf 88' lang='lat' dir='ltr'><strong>suis</strong></span> <span class='ocrx_word' id='word_1_106' title='bbox 588 1532 746 1606; x_wconf 76' lang='lat' dir='ltr'><strong>Hebraeis,</strong></span> <span class='ocrx_word' id='word_1_107' title='bbox 769 1542 924 1612; x_wconf 76' lang='lat' dir='ltr'><strong>tamquam</strong></span> <span class='ocrx_word' id='word_1_108' title='bbox 948 1536 1019 1595; x_wconf 87' lang='lat' dir='ltr'><strong>novi</strong></span> <span class='ocrx_word' id='word_1_109' title='bbox 1042 1544 1084 1595; x_wconf 93' lang='lat' dir='ltr'><strong>te·</strong></span> <span class='ocrx_word' id='word_1_110' title='bbox 1135 1530 1297 1616; x_wconf 84' lang='lat' dir='ltr'><strong>terpretam</strong></span> <span class='ocrx_word' id='word_1_111' title='bbox 1310 1533 1786 1617; x_wconf 74' lang='lat' dir='ltr'><strong>exponit5sedtractabilemseqt</strong></span> 
     </span>
     <span class='ocr_line' id='line_1_12' title="bbox 390 1618 1786 1702; baseline -0.001 -17"><span class='ocrx_word' id='word_1_112' title='bbox 390 1622 533 1685; x_wconf 82' lang='lat' dir='ltr'><strong>stimenti</strong></span> <span class='ocrx_word' id='word_1_113' title='bbox 552 1622 628 1682; x_wconf 87' lang='lat' dir='ltr'><strong>filiis.</strong></span> <span class='ocrx_word' id='word_1_114' title='bbox 650 1622 725 1684; x_wconf 81' lang='lat' dir='ltr'><strong>Nom</strong></span> <span class='ocrx_word' id='word_1_115' title='bbox 740 1623 835 1696; x_wconf 85' lang='lat' dir='ltr'><strong>euim,</strong></span> <span class='ocrx_word' id='word_1_116' title='bbox 859 1622 966 1701; x_wconf 88' lang='lat' dir='ltr'><strong>inquit,</strong></span> <span class='ocrx_word' id='word_1_117' title='bbox 982 1641 1085 1684; x_wconf 85' lang='lat' dir='ltr'><strong>acces·</strong></span> <span class='ocrx_word' id='word_1_118' title='bbox 1136 1630 1170 1680; x_wconf 90' lang='lat' dir='ltr'><strong>at</strong></span> <span class='ocrx_word' id='word_1_119' title='bbox 1191 1618 1411 1683; x_wconf 79' lang='lat' dir='ltr'><strong>accensibilem</strong></span> <span class='ocrx_word' id='word_1_120' title='bbox 1433 1622 1472 1683; x_wconf 89' lang='lat' dir='ltr'><strong>ad</strong></span> <span class='ocrx_word' id='word_1_121' title='bbox 1495 1623 1597 1702; x_wconf 74' lang='lat' dir='ltr'><strong>ignem</strong></span> <span class='ocrx_word' id='word_1_122' title='bbox 1613 1620 1786 1685; x_wconf 82' lang='lat' dir='ltr'><strong>reiemnti</strong></span> 
     </span>
     <span class='ocr_line' id='line_1_13' title="bbox 390 1706 1786 1789; baseline -0.001 -17"><span class='ocrx_word' id='word_1_123' title='bbox 390 1712 470 1772; x_wconf 75' lang='lat' dir='ltr'><strong>sete</strong></span> <span class='ocrx_word' id='word_1_124' title='bbox 496 1709 540 1770; x_wconf 78' lang='lat' dir='ltr'><strong>aa</strong></span> <span class='ocrx_word' id='word_1_125' title='bbox 565 1716 706 1770; x_wconf 88' lang='lat' dir='ltr'><strong>meatem</strong></span> <span class='ocrx_word' id='word_1_126' title='bbox 726 1708 924 1770; x_wconf 80' lang='lat' dir='ltr'><strong>tractabilem</strong></span> <span class='ocrx_word' id='word_1_127' title='bbox 946 1728 1000 1769; x_wconf 90' lang='lat' dir='ltr'><strong>seu</strong></span> <span class='ocrx_word' id='word_1_128' title='bbox 1024 1719 1085 1771; x_wconf 91' lang='lat' dir='ltr'><strong>tan·</strong></span> <span class='ocrx_word' id='word_1_129' title='bbox 1137 1708 1190 1786; x_wconf 87' lang='lat' dir='ltr'><strong>qai</strong></span> <span class='ocrx_word' id='word_1_130' title='bbox 1206 1706 1315 1768; x_wconf 87' lang='lat' dir='ltr'><strong>Graeci</strong></span> <span class='ocrx_word' id='word_1_131' title='bbox 1331 1708 1459 1782; x_wconf 85' lang='lat' dir='ltr'><strong>codices,</strong></span> <span class='ocrx_word' id='word_1_132' title='bbox 1476 1707 1786 1789; x_wconf 77' lang='lat' dir='ltr'><strong>quibodiesentiu!</strong></span> 
     </span>
     <span class='ocr_line' id='line_1_14' title="bbox 390 1786 1786 1878; baseline 0.001 -19"><span class='ocrx_word' id='word_1_133' title='bbox 390 1786 524 1878; x_wconf 73' lang='lat' dir='ltr'><strong>gibilem,</strong></span> <span class='ocrx_word' id='word_1_134' title='bbox 538 1793 570 1856; x_wconf 93' lang='lat' dir='ltr'><strong>id</strong></span> <span class='ocrx_word' id='word_1_135' title='bbox 586 1804 629 1857; x_wconf 88' lang='lat' dir='ltr'><strong>eet</strong></span> <span class='ocrx_word' id='word_1_136' title='bbox 645 1814 719 1869; x_wconf 89' lang='lat' dir='ltr'><strong>eum,</strong></span> <span class='ocrx_word' id='word_1_137' title='bbox 736 1797 788 1876; x_wconf 90' lang='lat' dir='ltr'><strong>qui</strong></span> <span class='ocrx_word' id='word_1_138' title='bbox 799 1795 937 1856; x_wconf 90' lang='lat' dir='ltr'><strong>manibus</strong></span> <span class='ocrx_word' id='word_1_139' title='bbox 953 1797 1088 1876; x_wconf 76' lang='lat' dir='ltr'><strong>tangitur</strong></span> <span class='ocrx_word' id='word_1_140' title='bbox 1136 1792 1232 1866; x_wconf 87' lang='lat' dir='ltr'><strong>uibus¹</strong></span> <span class='ocrx_word' id='word_1_141' title='bbox 1254 1794 1327 1855; x_wconf 89' lang='lat' dir='ltr'><strong>setis</strong></span> <span class='ocrx_word' id='word_1_142' title='bbox 1350 1805 1520 1857; x_wconf 77' lang='lat' dir='ltr'><strong>constanter</strong></span> <span class='ocrx_word' id='word_1_143' title='bbox 1534 1794 1656 1875; x_wconf 75' lang='lat' dir='ltr'><strong>legunt:</strong></span> <span class='ocrx_word' id='word_1_144' title='bbox 1678 1802 1786 1861; x_wconf 77' lang='lat' dir='ltr'><strong>moute</strong></span> 
     </span>
     <span class='ocr_line' id='line_1_15' title="bbox 390 1872 1786 1963; baseline 0.001 -18"><span class='ocrx_word' id='word_1_145' title='bbox 390 1894 444 1945; x_wconf 86' lang='lat' dir='ltr'><strong>eat</strong></span> <span class='ocrx_word' id='word_1_146' title='bbox 458 1884 541 1962; x_wconf 80' lang='lat' dir='ltr'><strong>tangi</strong></span> <span class='ocrx_word' id='word_1_147' title='bbox 556 1882 658 1963; x_wconf 80' lang='lat' dir='ltr'><strong>possit.</strong></span> <span class='ocrx_word' id='word_1_148' title='bbox 682 1883 749 1943; x_wconf 87' lang='lat' dir='ltr'><strong>Hoc</strong></span> <span class='ocrx_word' id='word_1_149' title='bbox 765 1891 825 1942; x_wconf 89' lang='lat' dir='ltr'><strong>est:</strong></span> <span class='ocrx_word' id='word_1_150' title='bbox 843 1882 912 1943; x_wconf 87' lang='lat' dir='ltr'><strong>Non</strong></span> <span class='ocrx_word' id='word_1_151' title='bbox 927 1880 1087 1962; x_wconf 90' lang='lat' dir='ltr'><strong>pertinetis</strong></span> <span class='ocrx_word' id='word_1_152' title='bbox 1136 1872 1189 1961; x_wconf 88' lang='lat' dir='ltr'><strong>sed</strong></span> <span class='ocrx_word' id='word_1_153' title='bbox 1202 1888 1233 1941; x_wconf 89' lang='lat' dir='ltr'><strong>et</strong></span> <span class='ocrx_word' id='word_1_154' title='bbox 1243 1874 1352 1955; x_wconf 83' lang='lat' dir='ltr'><strong>Latini,</strong></span> <span class='ocrx_word' id='word_1_155' title='bbox 1364 1903 1402 1943; x_wconf 83' lang='lat' dir='ltr'><strong>cx</strong></span> <span class='ocrx_word' id='word_1_156' title='bbox 1415 1880 1627 1944; x_wconf 86' lang='lat' dir='ltr'><strong>vetustissimis</strong></span> <span class='ocrx_word' id='word_1_157' title='bbox 1639 1882 1726 1947; x_wconf 75' lang='lat' dir='ltr'><strong>MSS.</strong></span> <span class='ocrx_word' id='word_1_158' title='bbox 1737 1900 1786 1959; x_wconf 64' lang='lat' dir='ltr'><strong>ent</strong></span> 
     </span>
     <span class='ocr_line' id='line_1_16' title="bbox 389 1966 1785 2048; baseline 0.001 -17"><span class='ocrx_word' id='word_1_159' title='bbox 389 1968 429 2031; x_wconf 87' lang='lat' dir='ltr'><strong>ad</strong></span> <span class='ocrx_word' id='word_1_160' title='bbox 447 1989 507 2043; x_wconf 83' lang='lat' dir='ltr'><strong>eos,</strong></span> <span class='ocrx_word' id='word_1_161' title='bbox 523 1971 576 2048; x_wconf 92' lang='lat' dir='ltr'><strong>qui</strong></span> <span class='ocrx_word' id='word_1_162' title='bbox 592 1966 730 2030; x_wconf 83' lang='lat' dir='ltr'><strong>edilium</strong></span> <span class='ocrx_word' id='word_1_163' title='bbox 741 1977 872 2031; x_wconf 91' lang='lat' dir='ltr'><strong>montem</strong></span> <span class='ocrx_word' id='word_1_164' title='bbox 884 1979 1086 2042; x_wconf 89' lang='lat' dir='ltr'><strong>accesserunt,</strong></span> <span class='ocrx_word' id='word_1_165' title='bbox 1136 1966 1206 2040; x_wconf 87' lang='lat' dir='ltr'><strong>dati,</strong></span> <span class='ocrx_word' id='word_1_166' title='bbox 1222 1976 1361 2030; x_wconf 68' lang='lat' dir='ltr'><strong>monum</strong></span> <span class='ocrx_word' id='word_1_167' title='bbox 1378 1971 1515 2031; x_wconf 85' lang='lat' dir='ltr'><strong>retinent.</strong></span> <span class='ocrx_word' id='word_1_168' title='bbox 1539 1968 1613 2029; x_wconf 86' lang='lat' dir='ltr'><strong>Hac</strong></span> <span class='ocrx_word' id='word_1_169' title='bbox 1629 1970 1744 2032; x_wconf 80' lang='lat' dir='ltr'><strong>aceedit</strong></span> <span class='ocrx_word' id='word_1_170' title='bbox 1755 1988 1785 2033; x_wconf 72' lang='lat' dir='ltr'>u</span> 
     </span>
     <span class='ocr_line' id='line_1_17' title="bbox 389 2048 1786 2137; baseline 0 -18"><span class='ocrx_word' id='word_1_171' title='bbox 389 2056 427 2119; x_wconf 87' lang='lat' dir='ltr'><strong>ad</strong></span> <span class='ocrx_word' id='word_1_172' title='bbox 444 2055 596 2137; x_wconf 86' lang='lat' dir='ltr'><strong>populum,</strong></span> <span class='ocrx_word' id='word_1_173' title='bbox 620 2057 748 2137; x_wconf 89' lang='lat' dir='ltr'><strong>inquam,</strong></span> <span class='ocrx_word' id='word_1_174' title='bbox 773 2059 883 2117; x_wconf 80' lang='lat' dir='ltr'><strong>ueteris</strong></span> <span class='ocrx_word' id='word_1_175' title='bbox 905 2058 1086 2118; x_wconf 85' lang='lat' dir='ltr'><strong>testamenti.</strong></span> <span class='ocrx_word' id='word_1_176' title='bbox 1136 2048 1229 2115; x_wconf 86' lang='lat' dir='ltr'><strong>tbesis</strong></span> <span class='ocrx_word' id='word_1_177' title='bbox 1245 2056 1466 2117; x_wconf 88' lang='lat' dir='ltr'><strong>intermontom</strong></span> <span class='ocrx_word' id='word_1_178' title='bbox 1478 2055 1553 2117; x_wconf 86' lang='lat' dir='ltr'><strong>Sina</strong></span> <span class='ocrx_word' id='word_1_179' title='bbox 1566 2055 1786 2120; x_wconf 77' lang='lat' dir='ltr'><strong>etmontemblt</strong></span> 
     </span>
     <span class='ocr_line' id='line_1_18' title="bbox 388 2140 1786 2225; baseline -0.001 -18"><span class='ocrx_word' id='word_1_180' title='bbox 388 2144 520 2207; x_wconf 83' lang='lat' dir='ltr'><strong>Mentem</strong></span> <span class='ocrx_word' id='word_1_181' title='bbox 536 2143 610 2206; x_wconf 81' lang='lat' dir='ltr'><strong>Sina</strong></span> <span class='ocrx_word' id='word_1_182' title='bbox 630 2143 788 2223; x_wconf 77' lang='lat' dir='ltr'><strong>significat,</strong></span> <span class='ocrx_word' id='word_1_183' title='bbox 812 2146 841 2205; x_wconf 87' lang='lat' dir='ltr'><strong>in</strong></span> <span class='ocrx_word' id='word_1_184' title='bbox 865 2163 925 2224; x_wconf 88' lang='lat' dir='ltr'><strong>quo</strong></span> <span class='ocrx_word' id='word_1_185' title='bbox 947 2143 999 2205; x_wconf 85' lang='lat' dir='ltr'><strong>lex</strong></span> <span class='ocrx_word' id='word_1_186' title='bbox 1016 2144 1088 2204; x_wconf 87' lang='lat' dir='ltr'><strong>data</strong></span> <span class='ocrx_word' id='word_1_187' title='bbox 1136 2162 1226 2221; x_wconf 85' lang='lat' dir='ltr'><strong>qaum</strong></span> <span class='ocrx_word' id='word_1_188' title='bbox 1251 2141 1301 2203; x_wconf 90' lang='lat' dir='ltr'><strong>hic</strong></span> <span class='ocrx_word' id='word_1_189' title='bbox 1323 2163 1396 2222; x_wconf 89' lang='lat' dir='ltr'><strong>prae</strong></span> <span class='ocrx_word' id='word_1_190' title='bbox 1422 2142 1518 2203; x_wconf 87' lang='lat' dir='ltr'><strong>oculis</strong></span> <span class='ocrx_word' id='word_1_191' title='bbox 1545 2142 1641 2205; x_wconf 83' lang='lat' dir='ltr'><strong>babet</strong></span> <span class='ocrx_word' id='word_1_192' title='bbox 1662 2140 1786 2225; x_wconf 74' lang='lat' dir='ltr'><strong>Apostoll</strong></span> 
     </span>
     <span class='ocr_line' id='line_1_19' title="bbox 389 2228 1786 2314; baseline 0.004 -23"><span class='ocrx_word' id='word_1_193' title='bbox 389 2240 452 2307; x_wconf 89' lang='lat' dir='ltr'><strong>est,</strong></span> <span class='ocrx_word' id='word_1_194' title='bbox 476 2232 528 2311; x_wconf 89' lang='lat' dir='ltr'><strong>qni</strong></span> <span class='ocrx_word' id='word_1_195' title='bbox 555 2229 712 2308; x_wconf 75' lang='lat' dir='ltr'><strong>tangibilia</strong></span> <span class='ocrx_word' id='word_1_196' title='bbox 738 2240 817 2303; x_wconf 86' lang='lat' dir='ltr'><strong>erat,</strong></span> <span class='ocrx_word' id='word_1_197' title='bbox 845 2230 918 2309; x_wconf 89' lang='lat' dir='ltr'><strong>qaia</strong></span> <span class='ocrx_word' id='word_1_198' title='bbox 945 2239 1087 2291; x_wconf 85' lang='lat' dir='ltr'><strong>terrenas.</strong></span> <span class='ocrx_word' id='word_1_199' title='bbox 1135 2229 1211 2289; x_wconf 89' lang='lat' dir='ltr'><strong>Item</strong></span> <span class='ocrx_word' id='word_1_200' title='bbox 1224 2229 1307 2308; x_wconf 90' lang='lat' dir='ltr'><strong>quod</strong></span> <span class='ocrx_word' id='word_1_201' title='bbox 1319 2228 1484 2311; x_wconf 86' lang='lat' dir='ltr'><strong>Scriptura,</strong></span> <span class='ocrx_word' id='word_1_202' title='bbox 1500 2249 1592 2312; x_wconf 86' lang='lat' dir='ltr'><strong>quam</strong></span> <span class='ocrx_word' id='word_1_203' title='bbox 1603 2232 1734 2314; x_wconf 82' lang='lat' dir='ltr'><strong>respicit,</strong></span> <span class='ocrx_word' id='word_1_204' title='bbox 1749 2240 1786 2297; x_wconf 75' lang='lat' dir='ltr'><strong>tat</strong></span> 
     </span>
     <span class='ocr_line' id='line_1_20' title="bbox 389 2312 1786 2398; baseline -0.001 -17"><span class='ocrx_word' id='word_1_205' title='bbox 389 2318 471 2381; x_wconf 84' lang='lat' dir='ltr'><strong>Huic</strong></span> <span class='ocrx_word' id='word_1_206' title='bbox 483 2318 563 2378; x_wconf 89' lang='lat' dir='ltr'><strong>enim</strong></span> <span class='ocrx_word' id='word_1_207' title='bbox 576 2312 915 2397; x_wconf 78' lang='lat' dir='ltr'><strong>posteuSioumosrtem</strong></span> <span class='ocrx_word' id='word_1_208' title='bbox 928 2318 1086 2379; x_wconf 85' lang='lat' dir='ltr'><strong>coelestem</strong></span> <span class='ocrx_word' id='word_1_209' title='bbox 1136 2324 1266 2376; x_wconf 91' lang='lat' dir='ltr'><strong>montem</strong></span> <span class='ocrx_word' id='word_1_210' title='bbox 1283 2326 1378 2378; x_wconf 88' lang='lat' dir='ltr'><strong>vetat:</strong></span> <span class='ocrx_word' id='word_1_211' title='bbox 1403 2319 1528 2393; x_wconf 79' lang='lat' dir='ltr'><strong>Cavete,</strong></span> <span class='ocrx_word' id='word_1_212' title='bbox 1545 2316 1654 2398; x_wconf 85' lang='lat' dir='ltr'><strong>inquit,</strong></span> <span class='ocrx_word' id='word_1_213' title='bbox 1672 2338 1712 2381; x_wconf 84' lang='lat' dir='ltr'><strong>ae</strong></span> <span class='ocrx_word' id='word_1_214' title='bbox 1726 2334 1786 2379; x_wconf 83' lang='lat' dir='ltr'><strong>asse</strong></span> 
     </span>
     <span class='ocr_line' id='line_1_21' title="bbox 389 2394 1786 2485; baseline 0.001 -19"><span class='ocrx_word' id='word_1_215' title='bbox 389 2423 426 2466; x_wconf 90' lang='lat' dir='ltr'><strong>ae</strong></span> <span class='ocrx_word' id='word_1_216' title='bbox 441 2394 642 2483; x_wconf 82' lang='lat' dir='ltr'><strong>spiritualem</strong></span> <span class='ocrx_word' id='word_1_217' title='bbox 665 2407 801 2485; x_wconf 84' lang='lat' dir='ltr'><strong>opponit.</strong></span> <span class='ocrx_word' id='word_1_218' title='bbox 823 2405 974 2467; x_wconf 80' lang='lat' dir='ltr'><strong>Faciebat</strong></span> <span class='ocrx_word' id='word_1_219' title='bbox 988 2414 1088 2465; x_wconf 89' lang='lat' dir='ltr'><strong>antem</strong></span> <span class='ocrx_word' id='word_1_220' title='bbox 1136 2402 1220 2463; x_wconf 80' lang='lat' dir='ltr'><strong>datis</strong></span> <span class='ocrx_word' id='word_1_221' title='bbox 1249 2405 1284 2464; x_wconf 87' lang='lat' dir='ltr'><strong>ia</strong></span> <span class='ocrx_word' id='word_1_222' title='bbox 1310 2411 1466 2479; x_wconf 82' lang='lat' dir='ltr'><strong>montem,</strong></span> <span class='ocrx_word' id='word_1_223' title='bbox 1497 2422 1555 2467; x_wconf 82' lang='lat' dir='ltr'><strong>aec</strong></span> <span class='ocrx_word' id='word_1_224' title='bbox 1585 2404 1786 2483; x_wconf 64' lang='lat' dir='ltr'><strong>taaqatisfla</strong></span> 
     </span>
     <span class='ocr_line' id='line_1_22' title="bbox 390 2488 1786 2574; baseline -0.001 -20"><span class='ocrx_word' id='word_1_225' title='bbox 390 2500 533 2555; x_wconf 86' lang='lat' dir='ltr'><strong>terrorem</strong></span> <span class='ocrx_word' id='word_1_226' title='bbox 557 2511 641 2552; x_wconf 78' lang='lat' dir='ltr'><strong>mous</strong></span> <span class='ocrx_word' id='word_1_227' title='bbox 666 2488 716 2551; x_wconf 90' lang='lat' dir='ltr'><strong>ille</strong></span> <span class='ocrx_word' id='word_1_228' title='bbox 738 2511 917 2574; x_wconf 86' lang='lat' dir='ltr'><strong>corporeus,</strong></span> <span class='ocrx_word' id='word_1_229' title='bbox 941 2499 1088 2574; x_wconf 85' lang='lat' dir='ltr'><strong>quatenns</strong></span> <span class='ocrx_word' id='word_1_230' title='bbox 1136 2489 1232 2551; x_wconf 80' lang='lat' dir='ltr'><strong>illius.</strong></span> <span class='ocrx_word' id='word_1_231' title='bbox 1271 2491 1399 2567; x_wconf 59' lang='lat' dir='ltr'><strong>Omne,</strong></span> <span class='ocrx_word' id='word_1_232' title='bbox 1429 2493 1486 2567; x_wconf 83' lang='lat' dir='ltr'><strong>qai</strong></span> <span class='ocrx_word' id='word_1_233' title='bbox 1515 2494 1656 2568; x_wconf 77' lang='lat' dir='ltr'><strong>tetiperit</strong></span> <span class='ocrx_word' id='word_1_234' title='bbox 1685 2498 1786 2554; x_wconf 81' lang='lat' dir='ltr'><strong>meato</strong></span> 
     </span>
     <span class='ocr_line' id='line_1_23' title="bbox 391 2577 1786 2661; baseline -0.001 -21"><span class='ocrx_word' id='word_1_235' title='bbox 391 2580 519 2658; x_wconf 86' lang='lat' dir='ltr'><strong>exejus</strong></span> <span class='ocrx_word' id='word_1_236' title='bbox 545 2579 713 2640; x_wconf 85' lang='lat' dir='ltr'><strong>summitate</strong></span> <span class='ocrx_word' id='word_1_237' title='bbox 739 2577 793 2641; x_wconf 86' lang='lat' dir='ltr'><strong>lex</strong></span> <span class='ocrx_word' id='word_1_238' title='bbox 820 2581 934 2659; x_wconf 87' lang='lat' dir='ltr'><strong>populo</strong></span> <span class='ocrx_word' id='word_1_239' title='bbox 961 2577 1089 2640; x_wconf 87' lang='lat' dir='ltr'><strong>dabatur</strong></span> <span class='ocrx_word' id='word_1_240' title='bbox 1136 2585 1237 2638; x_wconf 84' lang='lat' dir='ltr'><strong>morte</strong></span> <span class='ocrx_word' id='word_1_241' title='bbox 1252 2580 1415 2640; x_wconf 82' lang='lat' dir='ltr'><strong>morietur.</strong></span> <span class='ocrx_word' id='word_1_242' title='bbox 1439 2578 1479 2639; x_wconf 73' lang='lat' dir='ltr'><strong>es</strong></span> <span class='ocrx_word' id='word_1_243' title='bbox 1494 2577 1580 2658; x_wconf 90' lang='lat' dir='ltr'><strong>quod</strong></span> <span class='ocrx_word' id='word_1_244' title='bbox 1595 2579 1648 2643; x_wconf 88' lang='lat' dir='ltr'><strong>bic</strong></span> <span class='ocrx_word' id='word_1_245' title='bbox 1662 2580 1786 2661; x_wconf 81' lang='lat' dir='ltr'><strong>paulopt</strong></span> 
     </span>
     <span class='ocr_line' id='line_1_24' title="bbox 390 2654 1786 2745; baseline -0.001 -18"><span class='ocrx_word' id='word_1_246' title='bbox 390 2666 496 2745; x_wconf 88' lang='lat' dir='ltr'><strong>procul</strong></span> <span class='ocrx_word' id='word_1_247' title='bbox 517 2654 595 2725; x_wconf 88' lang='lat' dir='ltr'><strong>inira</strong></span> <span class='ocrx_word' id='word_1_248' title='bbox 619 2668 710 2726; x_wconf 86' lang='lat' dir='ltr'><strong>stanti</strong></span> <span class='ocrx_word' id='word_1_249' title='bbox 733 2664 772 2727; x_wconf 87' lang='lat' dir='ltr'><strong>ad</strong></span> <span class='ocrx_word' id='word_1_250' title='bbox 795 2664 921 2727; x_wconf 85' lang='lat' dir='ltr'><strong>radices.</strong></span> <span class='ocrx_word' id='word_1_251' title='bbox 945 2667 1088 2727; x_wconf 88' lang='lat' dir='ltr'><strong>Erasmus</strong></span> <span class='ocrx_word' id='word_1_252' title='bbox 1137 2666 1262 2725; x_wconf 83' lang='lat' dir='ltr'><strong>citatur:</strong></span> <span class='ocrx_word' id='word_1_253' title='bbox 1285 2666 1395 2726; x_wconf 88' lang='lat' dir='ltr'><strong>Bestia</strong></span> <span class='ocrx_word' id='word_1_254' title='bbox 1409 2668 1437 2726; x_wconf 87' lang='lat' dir='ltr'><strong>si</strong></span> <span class='ocrx_word' id='word_1_255' title='bbox 1450 2666 1588 2742; x_wconf 75' lang='lat' dir='ltr'><strong>tetiqerit</strong></span> <span class='ocrx_word' id='word_1_256' title='bbox 1610 2662 1786 2741; x_wconf 82' lang='lat' dir='ltr'><strong>meatem,l</strong></span> 
     </span>
     <span class='ocr_line' id='line_1_25' title="bbox 389 2750 1786 2830; baseline 0.001 -16"><span class='ocrx_word' id='word_1_257' title='bbox 389 2753 494 2814; x_wconf 75' lang='lat' dir='ltr'><strong>vertit:</strong></span> <span class='ocrx_word' id='word_1_258' title='bbox 525 2752 577 2814; x_wconf 79' lang='lat' dir='ltr'><strong>Aa</strong></span> <span class='ocrx_word' id='word_1_259' title='bbox 602 2759 781 2813; x_wconf 79' lang='lat' dir='ltr'><strong>contactum</strong></span> <span class='ocrx_word' id='word_1_260' title='bbox 809 2759 967 2830; x_wconf 64' lang='lat' dir='ltr'><strong>meatem</strong></span> <span class='ocrx_word' id='word_1_261' title='bbox 991 2754 1088 2813; x_wconf 87' lang='lat' dir='ltr'><strong>minas</strong></span> <span class='ocrx_word' id='word_1_262' title='bbox 1135 2750 1311 2828; x_wconf 78' lang='lat' dir='ltr'><strong>pidabiter.</strong></span> <span class='ocrx_word' id='word_1_263' title='bbox 1342 2753 1424 2814; x_wconf 89' lang='lat' dir='ltr'><strong>Dum</strong></span> <span class='ocrx_word' id='word_1_264' title='bbox 1446 2754 1524 2813; x_wconf 90' lang='lat' dir='ltr'><strong>enim</strong></span> <span class='ocrx_word' id='word_1_265' title='bbox 1547 2762 1706 2815; x_wconf 78' lang='lat' dir='ltr'><strong>mntsetas</strong></span> <span class='ocrx_word' id='word_1_266' title='bbox 1728 2766 1786 2817; x_wconf 75' lang='lat' dir='ltr'><strong>nte</strong></span> 
     </span>
     <span class='ocr_line' id='line_1_26' title="bbox 391 2830 1786 2924; baseline 0 -23"><span class='ocrx_word' id='word_1_267' title='bbox 391 2848 480 2901; x_wconf 88' lang='lat' dir='ltr'><strong>recte.</strong></span> <span class='ocrx_word' id='word_1_268' title='bbox 504 2838 573 2899; x_wconf 87' lang='lat' dir='ltr'><strong>Non</strong></span> <span class='ocrx_word' id='word_1_269' title='bbox 587 2838 816 2915; x_wconf 80' lang='lat' dir='ltr'><strong>animadvertit,</strong></span> <span class='ocrx_word' id='word_1_270' title='bbox 832 2841 992 2922; x_wconf 88' lang='lat' dir='ltr'><strong>participia</strong></span> <span class='ocrx_word' id='word_1_271' title='bbox 1009 2860 1089 2899; x_wconf 89' lang='lat' dir='ltr'><strong>more</strong></span> <span class='ocrx_word' id='word_1_272' title='bbox 1137 2830 1326 2919; x_wconf 74' lang='lat' dir='ltr'><strong>prohibetur,</strong></span> <span class='ocrx_word' id='word_1_273' title='bbox 1356 2838 1512 2919; x_wconf 76' lang='lat' dir='ltr'><strong>tangibilis</strong></span> <span class='ocrx_word' id='word_1_274' title='bbox 1542 2859 1609 2902; x_wconf 87' lang='lat' dir='ltr'><strong>esse</strong></span> <span class='ocrx_word' id='word_1_275' title='bbox 1641 2840 1786 2924; x_wconf 71' lang='lat' dir='ltr'><strong>significae</strong></span> 
     </span>
     <span class='ocr_line' id='line_1_27' title="bbox 389 2925 1786 3008; baseline 0.001 -18"><span class='ocrx_word' id='word_1_276' title='bbox 389 2926 532 2990; x_wconf 82' lang='lat' dir='ltr'><strong>Hebraeo</strong></span> <span class='ocrx_word' id='word_1_277' title='bbox 544 2946 634 3007; x_wconf 87' lang='lat' dir='ltr'><strong>saepe</strong></span> <span class='ocrx_word' id='word_1_278' title='bbox 645 2928 839 2989; x_wconf 88' lang='lat' dir='ltr'><strong>nominaliter</strong></span> <span class='ocrx_word' id='word_1_279' title='bbox 849 2930 999 3008; x_wconf 81' lang='lat' dir='ltr'><strong>usurpari,</strong></span> <span class='ocrx_word' id='word_1_280' title='bbox 1014 2928 1089 2988; x_wconf 90' lang='lat' dir='ltr'><strong>sicut</strong></span> <span class='ocrx_word' id='word_1_281' title='bbox 1137 2926 1208 3005; x_wconf 62' lang='lat' dir='ltr'><strong>erc</strong></span> <span class='ocrx_word' id='word_1_282' title='bbox 1224 2928 1354 3005; x_wconf 89' lang='lat' dir='ltr'><strong>pertinet</strong></span> <span class='ocrx_word' id='word_1_283' title='bbox 1370 2929 1461 2989; x_wconf 87' lang='lat' dir='ltr'><strong>etiam</strong></span> <span class='ocrx_word' id='word_1_284' title='bbox 1476 2926 1553 2987; x_wconf 87' lang='lat' dir='ltr'><strong>illud</strong></span> <span class='ocrx_word' id='word_1_285' title='bbox 1569 2946 1609 2989; x_wconf 78' lang='lat' dir='ltr'><strong>ex</strong></span> <span class='ocrx_word' id='word_1_286' title='bbox 1621 2927 1732 2990; x_wconf 88' lang='lat' dir='ltr'><strong>Psalm.</strong></span> <span class='ocrx_word' id='word_1_287' title='bbox 1745 2925 1786 2992; x_wconf 79' lang='lat' dir='ltr'><em>w</em></span> 
     </span>
     <span class='ocr_line' id='line_1_28' title="bbox 391 3012 1786 3098; baseline 0.002 -22"><span class='ocrx_word' id='word_1_288' title='bbox 391 3015 602 3098; x_wconf 71' lang='lat' dir='ltr'><strong>annotavimus</strong></span> <span class='ocrx_word' id='word_1_289' title='bbox 632 3013 670 3073; x_wconf 86' lang='lat' dir='ltr'><strong>ad</strong></span> <span class='ocrx_word' id='word_1_290' title='bbox 701 3013 777 3074; x_wconf 89' lang='lat' dir='ltr'><strong>illud</strong></span> <span class='ocrx_word' id='word_1_291' title='bbox 811 3012 911 3077; x_wconf 81' lang='lat' dir='ltr'><strong>Galat.</strong></span> <span class='ocrx_word' id='word_1_292' title='bbox 942 3013 1087 3076; x_wconf 88' lang='lat' dir='ltr'><strong>secando:</strong></span> <span class='ocrx_word' id='word_1_293' title='bbox 1141 3014 1250 3088; x_wconf 75' lang='lat' dir='ltr'><strong>Terrae</strong></span> <span class='ocrx_word' id='word_1_294' title='bbox 1273 3022 1395 3075; x_wconf 89' lang='lat' dir='ltr'><strong>moutes</strong></span> <span class='ocrx_word' id='word_1_295' title='bbox 1418 3022 1447 3075; x_wconf 88' lang='lat' dir='ltr'><strong>et</strong></span> <span class='ocrx_word' id='word_1_296' title='bbox 1467 3014 1689 3092; x_wconf 66' lang='lat' dir='ltr'><strong>seminabunt</strong></span> <span class='ocrx_word' id='word_1_297' title='bbox 1721 3013 1786 3096; x_wconf 55' lang='lat' dir='ltr'>ch</span> 
     </span>
     <span class='ocr_line' id='line_1_29' title="bbox 392 3098 1786 3185; baseline 0.003 -24"><span class='ocrx_word' id='word_1_298' title='bbox 392 3103 476 3182; x_wconf 81' lang='lat' dir='ltr'><strong>Quia</strong></span> <span class='ocrx_word' id='word_1_299' title='bbox 490 3098 743 3178; x_wconf 75' lang='lat' dir='ltr'><strong>reprehensibilis</strong></span> <span class='ocrx_word' id='word_1_300' title='bbox 758 3110 835 3162; x_wconf 84' lang='lat' dir='ltr'><strong>eret.</strong></span> <span class='ocrx_word' id='word_1_301' title='bbox 1137 3098 1217 3160; x_wconf 90' lang='lat' dir='ltr'><strong>modi</strong></span> <span class='ocrx_word' id='word_1_302' title='bbox 1234 3121 1304 3161; x_wconf 85' lang='lat' dir='ltr'><strong>vero</strong></span> <span class='ocrx_word' id='word_1_303' title='bbox 1320 3098 1475 3182; x_wconf 90' lang='lat' dir='ltr'><strong>epitheton</strong></span> <span class='ocrx_word' id='word_1_304' title='bbox 1487 3101 1551 3181; x_wconf 77' lang='lat' dir='ltr'><strong>igni</strong></span> <span class='ocrx_word' id='word_1_305' title='bbox 1562 3122 1669 3183; x_wconf 85' lang='lat' dir='ltr'><strong>parem</strong></span> <span class='ocrx_word' id='word_1_306' title='bbox 1683 3112 1749 3185; x_wconf 85' lang='lat' dir='ltr'><strong>apte</strong></span> <span class='ocrx_word' id='word_1_307' title='bbox 1760 3119 1786 3164; x_wconf 83' lang='lat' dir='ltr'><strong>ct</strong></span> 
     </span>
     <span class='ocr_line' id='line_1_30' title="bbox 433 3186 1786 3270; baseline 0.001 -19"><span class='ocrx_word' id='word_1_308' title='bbox 433 3189 477 3252; x_wconf 83' lang='lat' dir='ltr'><strong>Et</strong></span> <span class='ocrx_word' id='word_1_309' title='bbox 502 3188 708 3249; x_wconf 79' lang='lat' dir='ltr'><strong>accessibilem</strong></span> <span class='ocrx_word' id='word_1_310' title='bbox 738 3191 853 3265; x_wconf 62' lang='lat' dir='ltr'><strong>massa.</strong></span> <span class='ocrx_word' id='word_1_311' title='bbox 891 3187 972 3249; x_wconf 87' lang='lat' dir='ltr'><strong>Vera</strong></span> <span class='ocrx_word' id='word_1_312' title='bbox 998 3186 1087 3250; x_wconf 88' lang='lat' dir='ltr'><strong>lectio</strong></span> <span class='ocrx_word' id='word_1_313' title='bbox 1137 3188 1231 3258; x_wconf 83' lang='lat' dir='ltr'><strong>venit,</strong></span> <span class='ocrx_word' id='word_1_314' title='bbox 1256 3188 1329 3267; x_wconf 86' lang='lat' dir='ltr'><strong>quia</strong></span> <span class='ocrx_word' id='word_1_315' title='bbox 1351 3186 1520 3267; x_wconf 87' lang='lat' dir='ltr'><strong>periculose</strong></span> <span class='ocrx_word' id='word_1_316' title='bbox 1543 3192 1685 3270; x_wconf 74' lang='lat' dir='ltr'><strong>tangitur.</strong></span> <span class='ocrx_word' id='word_1_317' title='bbox 1709 3187 1786 3258; x_wconf 72' lang='lat' dir='ltr'><strong>Oura</strong></span> 
     </span>
     <span class='ocr_line' id='line_1_31' title="bbox 390 3273 1786 3350; baseline 0.003 -14"><span class='ocrx_word' id='word_1_318' title='bbox 390 3283 452 3336; x_wconf 88' lang='lat' dir='ltr'><strong>est:</strong></span> <span class='ocrx_word' id='word_1_319' title='bbox 478 3274 706 3345; x_wconf 76' lang='lat' dir='ltr'><strong>accensibilem,</strong></span> <span class='ocrx_word' id='word_1_320' title='bbox 729 3285 759 3338; x_wconf 89' lang='lat' dir='ltr'><strong>et</strong></span> <span class='ocrx_word' id='word_1_321' title='bbox 781 3277 823 3336; x_wconf 89' lang='lat' dir='ltr'><strong>ita</strong></span> <span class='ocrx_word' id='word_1_322' title='bbox 846 3275 959 3337; x_wconf 87' lang='lat' dir='ltr'><strong>babent</strong></span> <span class='ocrx_word' id='word_1_323' title='bbox 972 3278 1088 3337; x_wconf 85' lang='lat' dir='ltr'><strong>vetusti</strong></span> <span class='ocrx_word' id='word_1_324' title='bbox 1138 3281 1198 3334; x_wconf 89' lang='lat' dir='ltr'><strong>tem</strong></span> <span class='ocrx_word' id='word_1_325' title='bbox 1223 3273 1328 3335; x_wconf 90' lang='lat' dir='ltr'><strong>dictio:</strong></span> <span class='ocrx_word' id='word_1_326' title='bbox 1356 3284 1513 3350; x_wconf 81' lang='lat' dir='ltr'><strong>montem,</strong></span> <span class='ocrx_word' id='word_1_327' title='bbox 1540 3276 1573 3336; x_wconf 92' lang='lat' dir='ltr'><strong>in</strong></span> <span class='ocrx_word' id='word_1_328' title='bbox 1594 3289 1656 3338; x_wconf 83' lang='lat' dir='ltr'><strong>tam</strong></span> <span class='ocrx_word' id='word_1_329' title='bbox 1679 3275 1786 3340; x_wconf 81' lang='lat' dir='ltr'><strong>multost</strong></span> 
     </span>
     <span class='ocr_line' id='line_1_32' title="bbox 391 3359 1786 3443; baseline 0.003 -21"><span class='ocrx_word' id='word_1_330' title='bbox 391 3360 509 3424; x_wconf 84' lang='lat' dir='ltr'><strong>codices</strong></span> <span class='ocrx_word' id='word_1_331' title='bbox 524 3369 554 3421; x_wconf 93' lang='lat' dir='ltr'><strong>et</strong></span> <span class='ocrx_word' id='word_1_332' title='bbox 569 3360 662 3422; x_wconf 89' lang='lat' dir='ltr'><strong>editio</strong></span> <span class='ocrx_word' id='word_1_333' title='bbox 676 3359 872 3433; x_wconf 84' lang='lat' dir='ltr'><strong>Clementina,</strong></span> <span class='ocrx_word' id='word_1_334' title='bbox 888 3372 1088 3443; x_wconf 77' lang='lat' dir='ltr'><strong>congruenter</strong></span> <span class='ocrx_word' id='word_1_335' title='bbox 1139 3362 1361 3423; x_wconf 74' lang='lat' dir='ltr'><strong>commentariis</strong></span> <span class='ocrx_word' id='word_1_336' title='bbox 1373 3383 1431 3423; x_wconf 90' lang='lat' dir='ltr'><strong>nen</strong></span> <span class='ocrx_word' id='word_1_337' title='bbox 1443 3372 1597 3443; x_wconf 78' lang='lat' dir='ltr'><strong>appareat,</strong></span> <span class='ocrx_word' id='word_1_338' title='bbox 1614 3383 1675 3426; x_wconf 91' lang='lat' dir='ltr'><strong>non</strong></span> <span class='ocrx_word' id='word_1_339' title='bbox 1687 3362 1745 3426; x_wconf 77' lang='lat' dir='ltr'><strong>alia</strong></span> <span class='ocrx_word' id='word_1_340' title='bbox 1754 3365 1786 3426; x_wconf 68' lang='grc' dir='ltr'><strong>[Ι</strong></span> 
     </span>
     <span class='ocr_line' id='line_1_33' title="bbox 391 3437 1786 3528; baseline 0.001 -19"><span class='ocrx_word' id='word_1_341' title='bbox 391 3468 458 3509; x_wconf 88' lang='lat' dir='ltr'><strong>eum</strong></span> <span class='ocrx_word' id='word_1_342' title='bbox 485 3457 570 3510; x_wconf 87' lang='lat' dir='ltr'><strong>texta</strong></span> <span class='ocrx_word' id='word_1_343' title='bbox 597 3447 713 3509; x_wconf 86' lang='lat' dir='ltr'><strong>Gracco</strong></span> <span class='ocrx_word' id='word_1_344' title='bbox 741 3459 772 3511; x_wconf 90' lang='lat' dir='ltr'><strong>et</strong></span> <span class='ocrx_word' id='word_1_345' title='bbox 799 3448 933 3528; x_wconf 84' lang='lat' dir='ltr'><strong>Syriaco.</strong></span> <span class='ocrx_word' id='word_1_346' title='bbox 971 3448 1088 3512; x_wconf 87' lang='lat' dir='ltr'><strong>Graece</strong></span> <span class='ocrx_word' id='word_1_347' title='bbox 1139 3449 1278 3520; x_wconf 88' lang='lat' dir='ltr'><strong>occurrit,</strong></span> <span class='ocrx_word' id='word_1_348' title='bbox 1302 3469 1391 3528; x_wconf 69' lang='lat' dir='ltr'><strong>(qnam</strong></span> <span class='ocrx_word' id='word_1_349' title='bbox 1414 3447 1495 3528; x_wconf 85' lang='lat' dir='ltr'><strong>qnod</strong></span> <span class='ocrx_word' id='word_1_350' title='bbox 1518 3448 1651 3524; x_wconf 88' lang='lat' dir='ltr'><strong>codices,</strong></span> <span class='ocrx_word' id='word_1_351' title='bbox 1673 3457 1707 3511; x_wconf 88' lang='lat' dir='ltr'><strong>nt</strong></span> <span class='ocrx_word' id='word_1_352' title='bbox 1725 3437 1786 3512; x_wconf 78' lang='lat' dir='ltr'><strong>inst</strong></span> 
     </span>
     <span class='ocr_line' id='line_1_34' title="bbox 391 3531 1786 3617; baseline 0.004 -22"><span class='ocrx_word' id='word_1_353' title='bbox 391 3534 512 3617; x_wconf 86' lang='lat' dir='ltr'><strong>quidem</strong></span> <span class='ocrx_word' id='word_1_354' title='bbox 529 3545 591 3595; x_wconf 90' lang='lat' dir='ltr'><strong>est:</strong></span> <span class='ocrx_word' id='word_1_355' title='bbox 609 3541 638 3596; x_wconf 88' lang='lat' dir='ltr'><strong>et</strong></span> <span class='ocrx_word' id='word_1_356' title='bbox 653 3555 829 3610; x_wconf 81' lang='lat' dir='ltr'><strong>accensum,</strong></span> <span class='ocrx_word' id='word_1_357' title='bbox 844 3536 911 3596; x_wconf 88' lang='lat' dir='ltr'><strong>eive</strong></span> <span class='ocrx_word' id='word_1_358' title='bbox 923 3539 1086 3598; x_wconf 80' lang='lat' dir='ltr'><strong>iucensam</strong></span> <span class='ocrx_word' id='word_1_359' title='bbox 1140 3557 1199 3596; x_wconf 93' lang='lat' dir='ltr'><strong>non</strong></span> <span class='ocrx_word' id='word_1_360' title='bbox 1217 3538 1327 3614; x_wconf 84' lang='lat' dir='ltr'><strong>paucis,</strong></span> <span class='ocrx_word' id='word_1_361' title='bbox 1343 3537 1385 3596; x_wconf 84' lang='lat' dir='ltr'><strong>its</strong></span> <span class='ocrx_word' id='word_1_362' title='bbox 1401 3535 1459 3597; x_wconf 86' lang='lat' dir='ltr'><strong>hac</strong></span> <span class='ocrx_word' id='word_1_363' title='bbox 1473 3545 1561 3617; x_wconf 88' lang='lat' dir='ltr'><strong>parte</strong></span> <span class='ocrx_word' id='word_1_364' title='bbox 1571 3538 1638 3617; x_wconf 88' lang='lat' dir='ltr'><strong>jam</strong></span> <span class='ocrx_word' id='word_1_365' title='bbox 1651 3537 1721 3599; x_wconf 91' lang='lat' dir='ltr'><strong>olim</strong></span> <span class='ocrx_word' id='word_1_366' title='bbox 1734 3531 1786 3600; x_wconf 80' lang='lat' dir='ltr'><strong>ui</strong></span> 
     </span>
     <span class='ocr_line' id='line_1_35' title="bbox 389 3619 1786 3705; baseline 0.001 -20"><span class='ocrx_word' id='word_1_367' title='bbox 389 3625 506 3700; x_wconf 56' lang='lat' dir='ltr'><strong>mecm,</strong></span> <span class='ocrx_word' id='word_1_368' title='bbox 522 3631 555 3684; x_wconf 88' lang='lat' dir='ltr'><strong>at</strong></span> <span class='ocrx_word' id='word_1_369' title='bbox 576 3622 720 3684; x_wconf 87' lang='lat' dir='ltr'><strong>Erasmus</strong></span> <span class='ocrx_word' id='word_1_370' title='bbox 740 3625 843 3698; x_wconf 79' lang='lat' dir='ltr'><strong>vertit3</strong></span> <span class='ocrx_word' id='word_1_371' title='bbox 867 3619 920 3682; x_wconf 90' lang='lat' dir='ltr'><strong>sed</strong></span> <span class='ocrx_word' id='word_1_372' title='bbox 944 3623 993 3683; x_wconf 90' lang='lat' dir='ltr'><strong>bic</strong></span> <span class='ocrx_word' id='word_1_373' title='bbox 1015 3643 1088 3705; x_wconf 88' lang='lat' dir='ltr'><strong>qno·</strong></span> <span class='ocrx_word' id='word_1_374' title='bbox 1138 3624 1245 3695; x_wconf 87' lang='lat' dir='ltr'><strong>verint,</strong></span> <span class='ocrx_word' id='word_1_375' title='bbox 1268 3633 1302 3684; x_wconf 89' lang='lat' dir='ltr'><strong>ut</strong></span> <span class='ocrx_word' id='word_1_376' title='bbox 1324 3623 1507 3703; x_wconf 85' lang='lat' dir='ltr'><strong>conjecturis</strong></span> <span class='ocrx_word' id='word_1_377' title='bbox 1530 3644 1606 3703; x_wconf 84' lang='lat' dir='ltr'><strong>opas</strong></span> <span class='ocrx_word' id='word_1_378' title='bbox 1630 3626 1670 3686; x_wconf 89' lang='lat' dir='ltr'><strong>sit</strong></span> <span class='ocrx_word' id='word_1_379' title='bbox 1684 3621 1786 3686; x_wconf 77' lang='lat' dir='ltr'><strong>adm</strong></span> 
     </span>
     <span class='ocr_line' id='line_1_36' title="bbox 390 3708 1562 3791; baseline 0.001 -23"><span class='ocrx_word' id='word_1_380' title='bbox 390 3729 451 3791; x_wconf 88' lang='lat' dir='ltr'><strong>que</strong></span> <span class='ocrx_word' id='word_1_381' title='bbox 467 3710 658 3789; x_wconf 83' lang='lat' dir='ltr'><strong>participium</strong></span> <span class='ocrx_word' id='word_1_382' title='bbox 681 3731 735 3790; x_wconf 90' lang='lat' dir='ltr'><strong>pre</strong></span> <span class='ocrx_word' id='word_1_383' title='bbox 754 3711 874 3770; x_wconf 83' lang='lat' dir='ltr'><strong>nomine</strong></span> <span class='ocrx_word' id='word_1_384' title='bbox 898 3710 1029 3788; x_wconf 87' lang='lat' dir='ltr'><strong>positum</strong></span> <span class='ocrx_word' id='word_1_385' title='bbox 1044 3712 1087 3771; x_wconf 84' lang='lat' dir='ltr'><strong>vi·</strong></span> <span class='ocrx_word' id='word_1_386' title='bbox 1139 3710 1302 3771; x_wconf 89' lang='lat' dir='ltr'><strong>lectionem</strong></span> <span class='ocrx_word' id='word_1_387' title='bbox 1319 3708 1562 3789; x_wconf 80' lang='lat' dir='ltr'><strong>investigndam.</strong></span> 
     </span>
     <span class='ocr_line' id='line_1_37' title="bbox 391 3795 1786 3877; baseline 0.001 -18"><span class='ocrx_word' id='word_1_388' title='bbox 391 3796 490 3869; x_wconf 87' lang='lat' dir='ltr'><strong>detur,</strong></span> <span class='ocrx_word' id='word_1_389' title='bbox 517 3806 551 3857; x_wconf 91' lang='lat' dir='ltr'><strong>at</strong></span> <span class='ocrx_word' id='word_1_390' title='bbox 576 3799 660 3872; x_wconf 73' lang='lat' dir='ltr'><strong>ionia</strong></span> <span class='ocrx_word' id='word_1_391' title='bbox 682 3797 876 3858; x_wconf 74' lang='lat' dir='ltr'><strong>accessibilis</strong></span> <span class='ocrx_word' id='word_1_392' title='bbox 901 3795 1089 3877; x_wconf 71' lang='lat' dir='ltr'><strong>intelligatur</strong></span> <span class='ocrx_word' id='word_1_393' title='bbox 1182 3798 1226 3860; x_wconf 84' lang='lat' dir='ltr'><strong>Et</strong></span> <span class='ocrx_word' id='word_1_394' title='bbox 1240 3797 1410 3872; x_wconf 78' lang='lat' dir='ltr'><strong>turbinem,</strong></span> <span class='ocrx_word' id='word_1_395' title='bbox 1428 3805 1457 3858; x_wconf 93' lang='lat' dir='ltr'><strong>et</strong></span> <span class='ocrx_word' id='word_1_396' title='bbox 1472 3798 1655 3874; x_wconf 72' lang='lat' dir='ltr'><strong>caltaionem,</strong></span> <span class='ocrx_word' id='word_1_397' title='bbox 1671 3806 1700 3860; x_wconf 89' lang='lat' dir='ltr'><strong>et</strong></span> <span class='ocrx_word' id='word_1_398' title='bbox 1712 3795 1786 3877; x_wconf 64' lang='lat' dir='ltr'><strong>prce</strong></span> 
     </span>
     <span class='ocr_line' id='line_1_38' title="bbox 391 3881 1786 3966; baseline 0.002 -22"><span class='ocrx_word' id='word_1_399' title='bbox 391 3884 469 3962; x_wconf 74' lang='lat' dir='ltr'><strong>ignis</strong></span> <span class='ocrx_word' id='word_1_400' title='bbox 484 3902 657 3964; x_wconf 79' lang='lat' dir='ltr'><strong>corporeus,</strong></span> <span class='ocrx_word' id='word_1_401' title='bbox 673 3884 725 3964; x_wconf 90' lang='lat' dir='ltr'><strong>qni</strong></span> <span class='ocrx_word' id='word_1_402' title='bbox 740 3887 861 3965; x_wconf 86' lang='lat' dir='ltr'><strong>proprie</strong></span> <span class='ocrx_word' id='word_1_403' title='bbox 873 3881 1045 3944; x_wconf 82' lang='lat' dir='ltr'><strong>accenditur</strong></span> <span class='ocrx_word' id='word_1_404' title='bbox 1060 3893 1089 3945; x_wconf 88' lang='lat' dir='ltr'><strong>et</strong></span> <span class='ocrx_word' id='word_1_405' title='bbox 1138 3884 1202 3943; x_wconf 89' lang='lat' dir='ltr'><strong>lam</strong></span> <span class='ocrx_word' id='word_1_406' title='bbox 1219 3892 1249 3944; x_wconf 88' lang='lat' dir='ltr'><strong>et</strong></span> <span class='ocrx_word' id='word_1_407' title='bbox 1264 3885 1357 3946; x_wconf 83' lang='lat' dir='ltr'><strong>tuboe</strong></span> <span class='ocrx_word' id='word_1_408' title='bbox 1371 3903 1494 3946; x_wconf 82' lang='lat' dir='ltr'><strong>sonum.</strong></span> <span class='ocrx_word' id='word_1_409' title='bbox 1519 3884 1562 3947; x_wconf 89' lang='lat' dir='ltr'><strong>Ut</strong></span> <span class='ocrx_word' id='word_1_410' title='bbox 1575 3885 1653 3946; x_wconf 82' lang='lat' dir='ltr'><strong>baec</strong></span> <span class='ocrx_word' id='word_1_411' title='bbox 1675 3883 1786 3966; x_wconf 57' lang='lat' dir='ltr'><strong>intelh</strong></span> 
     </span>
     <span class='ocr_line' id='line_1_39' title="bbox 390 3969 1785 4052; baseline 0.003 -22"><span class='ocrx_word' id='word_1_412' title='bbox 390 3969 599 4034; x_wconf 84' lang='lat' dir='ltr'><strong>inflammatur.</strong></span> <span class='ocrx_word' id='word_1_413' title='bbox 621 3970 701 4031; x_wconf 82' lang='lat' dir='ltr'><strong>Nam</strong></span> <span class='ocrx_word' id='word_1_414' title='bbox 723 3969 762 4032; x_wconf 88' lang='lat' dir='ltr'><strong>ad</strong></span> <span class='ocrx_word' id='word_1_415' title='bbox 785 3970 953 4050; x_wconf 87' lang='lat' dir='ltr'><strong>spiritualia</strong></span> <span class='ocrx_word' id='word_1_416' title='bbox 972 3980 1088 4032; x_wconf 91' lang='lat' dir='ltr'><strong>tantam</strong></span> <span class='ocrx_word' id='word_1_417' title='bbox 1138 3970 1262 4032; x_wconf 88' lang='lat' dir='ltr'><strong>consule</strong></span> <span class='ocrx_word' id='word_1_418' title='bbox 1284 3971 1455 4052; x_wconf 82' lang='lat' dir='ltr'><strong>Scripturas</strong></span> <span class='ocrx_word' id='word_1_419' title='bbox 1478 3970 1577 4033; x_wconf 83' lang='lat' dir='ltr'><strong>Exod.</strong></span> <span class='ocrx_word' id='word_1_420' title='bbox 1601 3973 1652 4033; x_wconf 78' lang='lat'><strong>19.</strong></span> <span class='ocrx_word' id='word_1_421' title='bbox 1675 3983 1703 4034; x_wconf 90' lang='lat' dir='ltr'><strong>et</strong></span> <span class='ocrx_word' id='word_1_422' title='bbox 1724 3973 1785 4052; x_wconf 52' lang='lat'><strong>2⁰„</strong></span> 
     </span>
     <span class='ocr_line' id='line_1_40' title="bbox 389 4051 1786 4140; baseline 0.002 -22"><span class='ocrx_word' id='word_1_423' title='bbox 389 4053 591 4138; x_wconf 78' lang='lat' dir='ltr'><strong>metaphorice</strong></span> <span class='ocrx_word' id='word_1_424' title='bbox 618 4058 747 4138; x_wconf 90' lang='lat' dir='ltr'><strong>pertinet</strong></span> <span class='ocrx_word' id='word_1_425' title='bbox 775 4058 908 4119; x_wconf 83' lang='lat' dir='ltr'><strong>accendi.</strong></span> <span class='ocrx_word' id='word_1_426' title='bbox 939 4057 1090 4138; x_wconf 76' lang='lat' dir='ltr'><strong>Loquitur</strong></span> <span class='ocrx_word' id='word_1_427' title='bbox 1138 4058 1229 4120; x_wconf 86' lang='lat' dir='ltr'><strong>Dect.</strong></span> <span class='ocrx_word' id='word_1_428' title='bbox 1256 4063 1295 4132; x_wconf 82' lang='lat'><strong>4,</strong></span> <span class='ocrx_word' id='word_1_429' title='bbox 1319 4058 1371 4119; x_wconf 92' lang='lat' dir='ltr'><strong>ubi</strong></span> <span class='ocrx_word' id='word_1_430' title='bbox 1394 4057 1523 4138; x_wconf 78' lang='lat' dir='ltr'><strong>legimns</strong></span> <span class='ocrx_word' id='word_1_431' title='bbox 1546 4059 1687 4133; x_wconf 79' lang='lat' dir='ltr'><strong>tonitrua,</strong></span> <span class='ocrx_word' id='word_1_432' title='bbox 1707 4051 1786 4140; x_wconf 60' lang='lat' dir='ltr'><strong>inlp-¹</strong></span> 
     </span>
     <span class='ocr_line' id='line_1_41' title="bbox 390 4142 1786 4228; baseline 0.003 -24"><span class='ocrx_word' id='word_1_433' title='bbox 390 4151 491 4226; x_wconf 70' lang='lat' dir='ltr'><strong>summ</strong></span> <span class='ocrx_word' id='word_1_434' title='bbox 507 4144 546 4205; x_wconf 89' lang='lat' dir='ltr'><strong>de</strong></span> <span class='ocrx_word' id='word_1_435' title='bbox 561 4145 631 4226; x_wconf 76' lang='lat' dir='ltr'><strong>igne</strong></span> <span class='ocrx_word' id='word_1_436' title='bbox 649 4143 710 4218; x_wconf 91' lang='lat' dir='ltr'><strong>illo,</strong></span> <span class='ocrx_word' id='word_1_437' title='bbox 726 4146 757 4206; x_wconf 93' lang='lat' dir='ltr'><strong>in</strong></span> <span class='ocrx_word' id='word_1_438' title='bbox 773 4166 834 4226; x_wconf 90' lang='lat' dir='ltr'><strong>quo</strong></span> <span class='ocrx_word' id='word_1_439' title='bbox 849 4153 1088 4225; x_wconf 83' lang='lat' dir='ltr'><strong>supermontem</strong></span> <span class='ocrx_word' id='word_1_440' title='bbox 1138 4143 1263 4217; x_wconf 86' lang='lat' dir='ltr'><strong>nubem,</strong></span> <span class='ocrx_word' id='word_1_441' title='bbox 1292 4145 1421 4217; x_wconf 83' lang='lat' dir='ltr'><strong>tamam,</strong></span> <span class='ocrx_word' id='word_1_442' title='bbox 1451 4142 1638 4226; x_wconf 76' lang='lat' dir='ltr'><strong>caliginem,</strong></span> <span class='ocrx_word' id='word_1_443' title='bbox 1668 4146 1786 4228; x_wconf 65' lang='lat' dir='ltr'><strong>slsum</strong></span> 
     </span>
     <span class='ocr_line' id='line_1_42' title="bbox 390 4215 1786 4314; baseline 0.004 -23"><span class='ocrx_word' id='word_1_444' title='bbox 390 4215 546 4310; x_wconf 79' lang='lat' dir='ltr'><strong>descendit</strong></span> <span class='ocrx_word' id='word_1_445' title='bbox 559 4229 657 4305; x_wconf 88' lang='lat' dir='ltr'><strong>Deus,</strong></span> <span class='ocrx_word' id='word_1_446' title='bbox 681 4229 777 4312; x_wconf 81' lang='lat' dir='ltr'><strong>legem</strong></span> <span class='ocrx_word' id='word_1_447' title='bbox 795 4233 929 4305; x_wconf 84' lang='lat' dir='ltr'><strong>daturas,</strong></span> <span class='ocrx_word' id='word_1_448' title='bbox 945 4239 977 4292; x_wconf 90' lang='lat' dir='ltr'><strong>at</strong></span> <span class='ocrx_word' id='word_1_449' title='bbox 993 4230 1087 4293; x_wconf 88' lang='lat' dir='ltr'><strong>habes</strong></span> <span class='ocrx_word' id='word_1_450' title='bbox 1138 4232 1283 4294; x_wconf 81' lang='lat' dir='ltr'><strong>buccinae</strong></span> <span class='ocrx_word' id='word_1_451' title='bbox 1293 4231 1503 4294; x_wconf 74' lang='lat' dir='ltr'><strong>veliementius</strong></span> <span class='ocrx_word' id='word_1_452' title='bbox 1517 4241 1786 4314; x_wconf 62' lang='lat' dir='ltr'><strong>perstrepentem!</strong></span> 
     </span>
     <span class='ocr_line' id='line_1_43' title="bbox 389 4309 1786 4400; baseline 0.001 -20"><span class='ocrx_word' id='word_1_453' title='bbox 389 4316 487 4380; x_wconf 76' lang='lat' dir='ltr'><strong>Exod.</strong></span> <span class='ocrx_word' id='word_1_454' title='bbox 512 4321 562 4380; x_wconf 82' lang='lat'><strong>19.</strong></span> <span class='ocrx_word' id='word_1_455' title='bbox 594 4319 730 4380; x_wconf 86' lang='lat' dir='ltr'><strong>Annotat</strong></span> <span class='ocrx_word' id='word_1_456' title='bbox 750 4317 872 4390; x_wconf 84' lang='lat' dir='ltr'><strong>Bibere,</strong></span> <span class='ocrx_word' id='word_1_457' title='bbox 896 4337 985 4397; x_wconf 87' lang='lat' dir='ltr'><strong>posse</strong></span> <span class='ocrx_word' id='word_1_458' title='bbox 1008 4316 1089 4380; x_wconf 86' lang='lat' dir='ltr'><strong>bane</strong></span> <span class='ocrx_word' id='word_1_459' title='bbox 1139 4315 1249 4398; x_wconf 86' lang='lat' dir='ltr'><strong>quibes</strong></span> <span class='ocrx_word' id='word_1_460' title='bbox 1272 4309 1362 4381; x_wconf 86' lang='lat' dir='ltr'><strong>iacile</strong></span> <span class='ocrx_word' id='word_1_461' title='bbox 1385 4317 1473 4379; x_wconf 89' lang='lat' dir='ltr'><strong>turbo</strong></span> <span class='ocrx_word' id='word_1_462' title='bbox 1496 4328 1528 4380; x_wconf 91' lang='lat' dir='ltr'><strong>et</strong></span> <span class='ocrx_word' id='word_1_463' title='bbox 1548 4320 1684 4400; x_wconf 86' lang='lat' dir='ltr'><strong>procella</strong></span> <span class='ocrx_word' id='word_1_464' title='bbox 1705 4333 1786 4400; x_wconf 61' lang='lat' dir='ltr'><strong>een!</strong></span> 
     </span>
     <span class='ocr_line' id='line_1_44' title="bbox 388 4383 1786 4487; baseline 0.004 -19"><span class='ocrx_word' id='word_1_465' title='bbox 388 4403 486 4468; x_wconf 86' lang='lat' dir='ltr'><strong>locum</strong></span> <span class='ocrx_word' id='word_1_466' title='bbox 504 4424 543 4466; x_wconf 89' lang='lat' dir='ltr'><strong>ex</strong></span> <span class='ocrx_word' id='word_1_467' title='bbox 555 4403 673 4466; x_wconf 82' lang='lat' dir='ltr'><strong>Graeco</strong></span> <span class='ocrx_word' id='word_1_468' title='bbox 692 4407 734 4466; x_wconf 90' lang='lat' dir='ltr'><strong>ita</strong></span> <span class='ocrx_word' id='word_1_469' title='bbox 749 4406 825 4485; x_wconf 75' lang='lat' dir='ltr'><strong>legi:</strong></span> <span class='ocrx_word' id='word_1_470' title='bbox 844 4407 917 4467; x_wconf 80' lang='lat' dir='ltr'><strong>Nou</strong></span> <span class='ocrx_word' id='word_1_471' title='bbox 933 4406 1017 4464; x_wconf 84' lang='lat' dir='ltr'><strong>euim</strong></span> <span class='ocrx_word' id='word_1_472' title='bbox 1034 4423 1088 4466; x_wconf 92' lang='lat' dir='ltr'><strong>ac·</strong></span> <span class='ocrx_word' id='word_1_473' title='bbox 1137 4403 1229 4468; x_wconf 81' lang='lat' dir='ltr'><strong>bandi</strong></span> <span class='ocrx_word' id='word_1_474' title='bbox 1259 4415 1398 4485; x_wconf 78' lang='lat' dir='ltr'><strong>possent3</strong></span> <span class='ocrx_word' id='word_1_475' title='bbox 1432 4426 1501 4467; x_wconf 75' lang='lat' dir='ltr'><strong>mm</strong></span> <span class='ocrx_word' id='word_1_476' title='bbox 1529 4403 1616 4487; x_wconf 74' lang='lat' dir='ltr'><strong>ignes</strong></span> <span class='ocrx_word' id='word_1_477' title='bbox 1643 4383 1786 4474; x_wconf 72' lang='lat' dir='ltr'><strong>nabibfll</strong></span> 
     </span>
     <span class='ocr_line' id='line_1_45' title="bbox 391 4491 1785 4574; baseline 0.005 -23"><span class='ocrx_word' id='word_1_478' title='bbox 391 4493 520 4552; x_wconf 67' lang='lat' dir='ltr'><strong>cadatis</strong></span> <span class='ocrx_word' id='word_1_479' title='bbox 547 4492 590 4552; x_wconf 80' lang='lat' dir='ltr'><strong>acl</strong></span> <span class='ocrx_word' id='word_1_480' title='bbox 609 4502 748 4552; x_wconf 75' lang='lat' dir='ltr'><strong>merstem</strong></span> <span class='ocrx_word' id='word_1_481' title='bbox 775 4492 972 4553; x_wconf 82' lang='lat' dir='ltr'><strong>tractabilem</strong></span> <span class='ocrx_word' id='word_1_482' title='bbox 990 4497 1019 4551; x_wconf 90' lang='lat' dir='ltr'><strong>et</strong></span> <span class='ocrx_word' id='word_1_483' title='bbox 1034 4510 1089 4552; x_wconf 88' lang='lat' dir='ltr'><strong>aa·</strong></span> <span class='ocrx_word' id='word_1_484' title='bbox 1138 4491 1214 4553; x_wconf 90' lang='lat' dir='ltr'><strong>clusi</strong></span> <span class='ocrx_word' id='word_1_485' title='bbox 1239 4493 1373 4556; x_wconf 90' lang='lat' dir='ltr'><strong>turbines</strong></span> <span class='ocrx_word' id='word_1_486' title='bbox 1396 4501 1424 4553; x_wconf 93' lang='lat' dir='ltr'><strong>et</strong></span> <span class='ocrx_word' id='word_1_487' title='bbox 1439 4492 1592 4573; x_wconf 83' lang='lat' dir='ltr'><strong>procellas</strong></span> <span class='ocrx_word' id='word_1_488' title='bbox 1615 4497 1785 4574; x_wconf 68' lang='lat' dir='ltr'><strong>concitanti,</strong></span> 
     </span>
     <span class='ocr_line' id='line_1_46' title="bbox 389 4577 1742 4659; baseline 0.004 -19"><span class='ocrx_word' id='word_1_489' title='bbox 389 4595 516 4656; x_wconf 80' lang='lat' dir='ltr'><strong>censum</strong></span> <span class='ocrx_word' id='word_1_490' title='bbox 532 4580 609 4654; x_wconf 72' lang='lat' dir='ltr'><strong>iasii.</strong></span> <span class='ocrx_word' id='word_1_491' title='bbox 634 4577 792 4659; x_wconf 85' lang='lat' dir='ltr'><strong>Siquidem</strong></span> <span class='ocrx_word' id='word_1_492' title='bbox 807 4598 893 4640; x_wconf 86' lang='lat' dir='ltr'><strong>mons</strong></span> <span class='ocrx_word' id='word_1_493' title='bbox 908 4578 990 4651; x_wconf 82' lang='lat' dir='ltr'><strong>Sina,</strong></span> <span class='ocrx_word' id='word_1_494' title='bbox 1014 4585 1087 4638; x_wconf 80' lang='lat' dir='ltr'><strong>tam</strong></span> <span class='ocrx_word' id='word_1_495' title='bbox 1137 4600 1198 4640; x_wconf 91' lang='lat' dir='ltr'><strong>non</strong></span> <span class='ocrx_word' id='word_1_496' title='bbox 1213 4589 1260 4639; x_wconf 90' lang='lat' dir='ltr'><strong>est</strong></span> <span class='ocrx_word' id='word_1_497' title='bbox 1277 4600 1362 4658; x_wconf 90' lang='lat' dir='ltr'><strong>opus.</strong></span> <span class='ocrx_word' id='word_1_498' title='bbox 1387 4578 1544 4642; x_wconf 84' lang='lat' dir='ltr'><strong>Habemus</strong></span> <span class='ocrx_word' id='word_1_499' title='bbox 1560 4581 1641 4643; x_wconf 86' lang='lat' dir='ltr'><strong>enim</strong></span> <span class='ocrx_word' id='word_1_500' title='bbox 1658 4582 1742 4646; x_wconf 78' lang='lat' dir='ltr'><strong>etiam</strong></span> 
     </span>
     <span class='ocr_line' id='line_1_47' title="bbox 390 4664 1708 4748; baseline 0.003 -23"><span class='ocrx_word' id='word_1_501' title='bbox 390 4684 480 4748; x_wconf 65' lang='lat' dir='ltr'><strong>quem</strong></span> <span class='ocrx_word' id='word_1_502' title='bbox 503 4665 572 4745; x_wconf 69' lang='lat' dir='ltr'><strong>igne</strong></span> <span class='ocrx_word' id='word_1_503' title='bbox 594 4684 764 4739; x_wconf 87' lang='lat' dir='ltr'><strong>succensus,</strong></span> <span class='ocrx_word' id='word_1_504' title='bbox 787 4674 865 4726; x_wconf 89' lang='lat' dir='ltr'><strong>totus</strong></span> <span class='ocrx_word' id='word_1_505' title='bbox 884 4664 1027 4738; x_wconf 81' lang='lat' dir='ltr'><strong>fumabat,</strong></span> <span class='ocrx_word' id='word_1_506' title='bbox 1049 4674 1087 4739; x_wconf 91' lang='lat' dir='ltr'><strong>et,</strong></span> <span class='ocrx_word' id='word_1_507' title='bbox 1137 4665 1198 4727; x_wconf 76' lang='lat' dir='ltr'><strong>duro</strong></span> <span class='ocrx_word' id='word_1_508' title='bbox 1219 4685 1364 4746; x_wconf 84' lang='lat' dir='ltr'><strong>expressa</strong></span> <span class='ocrx_word' id='word_1_509' title='bbox 1378 4666 1472 4727; x_wconf 84' lang='lat' dir='ltr'><strong>Deut</strong></span> <span class='ocrx_word' id='word_1_510' title='bbox 1488 4670 1518 4730; x_wconf 82' lang='lat'><strong>4.</strong></span> <span class='ocrx_word' id='word_1_511' title='bbox 1540 4666 1708 4746; x_wconf 83' lang='lat' dir='ltr'><strong>seeundum</strong></span> 
     </span>
     <span class='ocr_line' id='line_1_48' title="bbox 389 4744 1785 4830; baseline 0.007 -21"><span class='ocrx_word' id='word_1_512' title='bbox 389 4759 424 4812; x_wconf 90' lang='lat' dir='ltr'><strong>ut</strong></span> <span class='ocrx_word' id='word_1_513' title='bbox 440 4751 547 4812; x_wconf 89' lang='lat' dir='ltr'><strong>dicitur</strong></span> <span class='ocrx_word' id='word_1_514' title='bbox 562 4752 685 4813; x_wconf 87' lang='lat' dir='ltr'><strong>Denter.</strong></span> <span class='ocrx_word' id='word_1_515' title='bbox 703 4755 742 4826; x_wconf 82' lang='lat'><strong>4,</strong></span> <span class='ocrx_word' id='word_1_516' title='bbox 765 4753 899 4813; x_wconf 82' lang='lat' dir='ltr'><strong>ardebat</strong></span> <span class='ocrx_word' id='word_1_517' title='bbox 924 4769 1019 4828; x_wconf 78' lang='lat' dir='ltr'><strong>usque</strong></span> <span class='ocrx_word' id='word_1_518' title='bbox 1043 4752 1088 4812; x_wconf 81' lang='lat' dir='ltr'><strong>ad</strong></span> <span class='ocrx_word' id='word_1_519' title='bbox 1139 4745 1248 4830; x_wconf 63' lang='lat' dir='ltr'><strong>roboot</strong></span> <span class='ocrx_word' id='word_1_520' title='bbox 1265 4744 1317 4812; x_wconf 82' lang='grc' dir='ltr'><strong>καὶ</strong></span> <span class='ocrx_word' id='word_1_521' title='bbox 1333 4747 1480 4826; x_wconf 81' lang='grc' dir='ltr'><strong>θύελλαν,</strong></span> <span class='ocrx_word' id='word_1_522' title='bbox 1505 4751 1608 4827; x_wconf 83' lang='lat' dir='ltr'><strong>idest,</strong></span> <span class='ocrx_word' id='word_1_523' title='bbox 1630 4747 1785 4818; x_wconf 66' lang='lat' dir='ltr'><strong>mettun</strong></span> 
     </span>
     <span class='ocr_line' id='line_1_49' title="bbox 390 4827 1786 4919; baseline 0.003 -21"><span class='ocrx_word' id='word_1_524' title='bbox 390 4837 519 4898; x_wconf 75' lang='lat' dir='ltr'><strong>coelem</strong></span> <span class='ocrx_word' id='word_1_525' title='bbox 547 4837 612 4899; x_wconf 85' lang='lat' dir='ltr'><strong>Neo</strong></span> <span class='ocrx_word' id='word_1_526' title='bbox 628 4837 759 4911; x_wconf 86' lang='lat' dir='ltr'><strong>debiam,</strong></span> <span class='ocrx_word' id='word_1_527' title='bbox 775 4839 849 4919; x_wconf 89' lang='lat' dir='ltr'><strong>quin</strong></span> <span class='ocrx_word' id='word_1_528' title='bbox 867 4841 909 4900; x_wconf 89' lang='lat' dir='ltr'><strong>ita</strong></span> <span class='ocrx_word' id='word_1_529' title='bbox 923 4839 1003 4899; x_wconf 86' lang='lat' dir='ltr'><strong>verti</strong></span> <span class='ocrx_word' id='word_1_530' title='bbox 1019 4859 1085 4919; x_wconf 87' lang='lat' dir='ltr'><strong>pos·</strong></span> <span class='ocrx_word' id='word_1_531' title='bbox 1135 4840 1323 4917; x_wconf 78' lang='lat' dir='ltr'><strong>procellam,</strong></span> <span class='ocrx_word' id='word_1_532' title='bbox 1347 4841 1425 4900; x_wconf 86' lang='lat' dir='ltr'><strong>sicut</strong></span> <span class='ocrx_word' id='word_1_533' title='bbox 1438 4838 1490 4899; x_wconf 89' lang='lat' dir='ltr'><strong>bic</strong></span> <span class='ocrx_word' id='word_1_534' title='bbox 1513 4827 1786 4916; x_wconf 45' lang='lat' dir='ltr'><strong>transimundus&amp;</strong></span> 
     </span>
     <span class='ocr_line' id='line_1_50' title="bbox 390 4915 1786 5016; baseline 0.011 -34"><span class='ocrx_word' id='word_1_535' title='bbox 390 4921 437 4984; x_wconf 84' lang='lat' dir='ltr'><strong>eit</strong></span> <span class='ocrx_word' id='word_1_536' title='bbox 474 4923 587 4986; x_wconf 88' lang='lat' dir='ltr'><strong>Veram</strong></span> <span class='ocrx_word' id='word_1_537' title='bbox 613 4925 704 5003; x_wconf 83' lang='lat' dir='ltr'><strong>juxta</strong></span> <span class='ocrx_word' id='word_1_538' title='bbox 735 4926 902 4986; x_wconf 86' lang='lat' dir='ltr'><strong>versionem</strong></span> <span class='ocrx_word' id='word_1_539' title='bbox 933 4922 1087 5005; x_wconf 77' lang='lat' dir='ltr'><strong>vulgatam</strong></span> <span class='ocrx_word' id='word_1_540' title='bbox 1138 4925 1177 4988; x_wconf 87' lang='lat' dir='ltr'><strong>ab</strong></span> <span class='ocrx_word' id='word_1_541' title='bbox 1193 4923 1329 4987; x_wconf 80' lang='lat' dir='ltr'><strong>Erasmo.</strong></span> <span class='ocrx_word' id='word_1_542' title='bbox 1357 4925 1417 4989; x_wconf 76' lang='lat' dir='ltr'><strong>bed</strong></span> <span class='ocrx_word' id='word_1_543' title='bbox 1434 4927 1581 5008; x_wconf 86' lang='lat' dir='ltr'><strong>equidem</strong></span> <span class='ocrx_word' id='word_1_544' title='bbox 1596 4915 1786 5016; x_wconf 60' lang='lat' dir='ltr'><strong>nonvldetit</strong></span> 
     </span>
     <span class='ocr_line' id='line_1_51' title="bbox 391 5006 1786 5106; baseline 0.011 -38"><span class='ocrx_word' id='word_1_545' title='bbox 391 5008 488 5072; x_wconf 86' lang='lat' dir='ltr'><strong>oratio</strong></span> <span class='ocrx_word' id='word_1_546' title='bbox 511 5009 682 5074; x_wconf 88' lang='lat' dir='ltr'><strong>concinnior</strong></span> <span class='ocrx_word' id='word_1_547' title='bbox 704 5018 765 5089; x_wconf 88' lang='lat' dir='ltr'><strong>ost,</strong></span> <span class='ocrx_word' id='word_1_548' title='bbox 787 5008 858 5074; x_wconf 89' lang='lat' dir='ltr'><strong>dnm</strong></span> <span class='ocrx_word' id='word_1_549' title='bbox 880 5011 1007 5096; x_wconf 71' lang='lat' dir='ltr'><strong>singulis</strong></span> <span class='ocrx_word' id='word_1_550' title='bbox 1030 5032 1088 5076; x_wconf 81' lang='lat' dir='ltr'><strong>sua</strong></span> <span class='ocrx_word' id='word_1_551' title='bbox 1137 5012 1289 5098; x_wconf 85' lang='lat' dir='ltr'><strong>probetur,</strong></span> <span class='ocrx_word' id='word_1_552' title='bbox 1312 5012 1431 5077; x_wconf 84' lang='lat' dir='ltr'><strong>Graeca</strong></span> <span class='ocrx_word' id='word_1_553' title='bbox 1453 5033 1531 5080; x_wconf 82' lang='lat' dir='ltr'><strong>voce</strong></span> <span class='ocrx_word' id='word_1_554' title='bbox 1547 5006 1666 5100; x_wconf 67' lang='grc' dir='ltr'><strong>ῐνόφος</strong></span> <span class='ocrx_word' id='word_1_555' title='bbox 1679 5011 1786 5106; x_wconf 54' lang='lat' dir='ltr'><strong>arg*</strong></span> 
     </span>
    </p>
   </div>
   <div class='ocr_carea' id='block_1_3' title="bbox 0 0 2227 5825">
    <p class='ocr_par' dir='ltr' id='par_1_3' title="bbox 0 0 2227 5825">
     <span class='ocr_line' id='line_1_52' title="bbox 0 0 2227 5825; baseline 0 0"><span class='ocrx_word' id='word_1_556' title='bbox 0 0 2227 5825; x_wconf 95' lang='lat' dir='ltr'><strong> </strong></span> 
     </span>
    </p>
   </div>
  </div>
 </body>
</html>
