4442 5825
428 582 501 653 sog
941 578 1362 635 commersnusncarm

469 754 518 815 19.
552 754 741 832 Arbitrum,
775 759 852 834 quio
881 764 911 817 et
935 774 956 816 a
985 757 1121 817 mortuis
1171 758 1216 817 nit
1243 754 1411 836 symbolum
1441 776 1479 818 ac
1506 763 1613 837 typum
1639 756 1836 817 resmesusrt

424 841 575 899 merore
598 851 710 917 potens
735 851 779 905 est
805 846 899 905 Deus.
937 842 1118 918 Arbitrum,
1171 853 1361 916 mortuorum,
1377 851 1412 902 ut
1426 861 1466 904 ex
1481 862 1533 917 eo,
1552 840 1634 924 quod
1649 840 1735 903 lene
1748 843 1838 903 oecion

426 922 541 986 Graece
556 922 780 1007 λογισάμενος,
797 929 828 990 id
843 940 1004 991 esttecum
1020 948 1119 1006 repu-
1172 928 1393 1010 quodammodo
1407 928 1468 991 init
1483 938 1514 989 et
1528 930 1642 990 revixit
1658 924 1737 1006 (uum
1752 931 1839 989 occisas

424 1018 512 1088 tom,
540 1013 591 1073 rel
604 1036 675 1077 cum
691 1036 794 1079 eccum
807 1024 990 1094 reputasset.
1028 1015 1119 1097 Quod
1171 1015 1271 1097 quoad
1287 1024 1455 1095 promptam
1470 1015 1658 1077 voluntutem
1672 1014 1770 1097 putris,
1786 1032 1840 1077 sort

424 1100 542 1178 proprie
571 1101 702 1165 retertur
731 1103 771 1163 ed
799 1103 919 1164 modum
949 1102 1120 1182 implendue
1172 1103 1231 1164 Dei
1246 1102 1430 1183 prohibentis
1446 1099 1576 1180 revixit),
1592 1102 1681 1164 velut
1694 1098 1840 1181 apmbstr

423 1187 634 1264 promissionis,
649 1212 708 1251 non
724 1190 938 1272 adpetentiam
950 1190 1019 1249 Dei.
1044 1190 1120 1250 Cum
1173 1190 1362 1263 disceremus,
1374 1199 1555 1250 mortuorum
1564 1188 1696 1250 futuram
1707 1186 1841 1268 eliquaudc

424 1274 502 1334 enim
517 1276 685 1338 certissime
701 1279 800 1353 sciret,
815 1278 912 1337 Deum
925 1296 1014 1355 posse
1029 1278 1120 1336 etiam
1172 1277 1426 1338 resurrectionem.
1464 1276 1579 1337 Bibere
1594 1276 1785 1353 parabolem
1796 1273 1841 1337 exi·

422 1368 555 1422 mortuos
569 1365 729 1437 suscitare,
750 1366 792 1425 ita
807 1361 960 1444 cogitabat
974 1364 1055 1443 opud
1070 1383 1120 1423 se:
1172 1366 1271 1424 stimet
1286 1363 1344 1423 boc
1359 1364 1424 1423 loco
1447 1362 1525 1423 idem
1547 1383 1630 1437 esse,
1654 1360 1735 1444 quod
1749 1380 1843 1442 prosto

423 1445 541 1507 Poterit
556 1448 657 1522 Deus,
683 1453 707 1511 si
723 1451 813 1523 velit,
838 1450 931 1511 filium
953 1469 1051 1511 meum
1066 1468 1116 1510 ex·
1174 1449 1255 1511 bium
1271 1451 1336 1509 sive
1348 1449 1524 1529 exemplum,
1540 1449 1623 1528 quod
1635 1450 1721 1529 vulgi
1732 1466 1845 1509 aennon

422 1535 564 1595 stinctum
579 1555 721 1597 revocure
743 1537 782 1597 ed
804 1541 914 1612 vitem3
944 1535 1035 1617 idque
1058 1558 1116 1597 om·
1173 1540 1294 1611 teritur;
1316 1538 1361 1596 sic
1377 1539 1455 1597 enim
1476 1536 1637 1613 parabola
1652 1535 1847 1618 frequentati

422 1623 494 1683 uino
508 1620 659 1683 lecturum
675 1624 780 1696 credo,
796 1627 895 1687 sinon
909 1622 1041 1685 uitullus
1056 1646 1117 1685 mo·
1173 1626 1327 1703 Scriptura
1342 1625 1453 1684 veteris
1477 1624 1650 1685 testamenti
1669 1624 1803 1698 sumitur,
1822 1630 1847 1681 m

422 1708 487 1782 dus,
501 1727 563 1787 quo
578 1729 664 1769 suem
681 1710 805 1790 impleat
821 1713 1057 1792 promissionem.
1080 1710 1120 1771 Et
1173 1730 1278 1772 sensus
1301 1712 1354 1770 sit:
1381 1709 1470 1770 Unde
1496 1709 1650 1772 Abrabam
1676 1718 1775 1771 mutue
1797 1704 1847 1769 cti

423 1814 489 1855 cum
504 1794 560 1855 boo
574 1797 672 1856 enimc
689 1806 720 1857 et
739 1799 797 1859 bac
817 1797 878 1859 lide
899 1819 965 1859 sese
986 1799 1120 1858 accinxit
1172 1800 1277 1858 morito
1293 1798 1408 1877 recepit
1423 1796 1517 1857 tilium
1527 1817 1615 1858 suum
1630 1797 1762 1872 salrum3
1775 1794 1845 1875 idq!¹

422 1880 463 1942 ad
483 1880 575 1941 filium
599 1882 836 1945 sacrificandum.
875 1884 963 1966 Quae
984 1884 1060 1947 fides
1083 1905 1118 1945 eo
1173 1886 1203 1945 in
1219 1883 1408 1964 parabolam,
1436 1884 1493 1944 boe
1507 1893 1569 1958 eet,
1596 1887 1629 1944 iu
1643 1881 1845 1955 ιίιιιίΙίιιιιιίιιιΙ

421 1965 619 2041 laudabilior,
642 1969 724 2050 quod
738 1990 775 2031 eo
789 1970 911 2034 soeculo
935 1970 1050 2034 nullum
1066 1971 1117 2033 ad·
1173 1980 1262 2051 utque
1277 1971 1464 2050 exemplum,
1491 1978 1540 2044 ιιι,
1567 1990 1634 2032 cum
1649 1972 1738 2031 Deus
1752 1962 1847 2049 niort

422 2054 480 2113 buc
499 2052 632 2115 auditum
656 2067 733 2117 esset
756 2059 926 2140 exemplum
948 2057 1077 2120 bominis
1100 2077 1120 2118 a
1172 2060 1357 2139 praeceperit
1372 2056 1479 2118 durum
1495 2070 1525 2117 et
1547 2056 1688 2131 srduunr,
1710 2077 1770 2118 nou
1783 2052 1846 2115 trit

421 2148 516 2202 morte
531 2145 709 2204 resuscitati.
1174 2153 1237 2205 tent
1251 2145 1386 2205 homines
1401 2145 1496 2224 ipsius
1513 2143 1653 2224 exemplo
1668 2142 1746 2205 illud
1760 2157 1845 2222 aaut

471 2228 561 2289 Unde
583 2249 654 2290 eum
676 2239 707 2292 et
725 2233 762 2292 ist
773 2233 968 2310 parobolam
989 2236 1118 2309 accepit.
1172 2230 1218 2303 di,
1248 2231 1371 2291 firmiter
1393 2229 1473 2310 opud
1496 2250 1530 2291 se
1553 2240 1741 2303 statuentes,
1769 2228 1848 2289 Dan

421 2314 551 2378 Graece:
566 2318 603 2376 ιἰι
614 2319 775 2393 parabola
790 2324 927 2399 occepit,
956 2322 1023 2380 eise
1038 2338 1118 2379 rece-
1173 2319 1272 2378 omnis
1301 2318 1332 2377 in
1358 2318 1469 2377 melius
1496 2337 1720 2378 conversurum.
1755 2314 1847 2375 Ver·

421 2404 481 2484 pit,
510 2407 709 2483 recuperavit
751 2405 836 2468 Idem
866 2408 1007 2478 verbum,
1037 2404 1118 2486 quod
1172 2406 1227 2465 etsi
1250 2405 1390 2483 frequens
1418 2424 1460 2464 es.
1485 2424 1524 2465 ea
1545 2398 1847 2484 persentientes&

421 2491 453 2551 in
473 2489 534 2550 fine
556 2492 680 2569 eapitis:
701 2511 769 2554 non
795 2502 986 2570 acceperunt
1004 2510 1117 2570 repro·
1172 2492 1254 2570 apud
1269 2490 1443 2571 Prophetes,
1459 2492 1491 2551 iu
1506 2489 1669 2571 scripturis
1685 2509 1779 2551 remen
1791 2504 1846 2567 ιρι

419 2578 607 2637 missionem.
642 2578 816 2641 Hentenius
842 2583 950 2641 vertit:
972 2600 1031 2658 per
1054 2599 1118 2659 pu·
1172 2578 1287 2639 stolicis
1303 2577 1382 2637 baud
1399 2578 1551 2656 reperitur.
1586 2578 1626 2639 Et
1642 2579 1762 2639 omnino
1776 2572 1848 2636 rubii·

419 2662 574 2724 rubelum.
622 2663 710 2725 Haec
748 2688 818 2746 pare
848 2668 1033 2729 obscuritate
1063 2686 1119 2726 sua
1172 2667 1249 2726 mins
1264 2663 1378 2742 aliquid
1395 2663 1574 2742 Apostolum
1595 2665 1646 2726 bic
1666 2664 1764 2725 diocte
1777 2658 1845 2733 vulh

419 2752 521 2811 varios
550 2767 657 2810 census
695 2756 828 2832 peperit,
868 2763 899 2815 ut
935 2755 1040 2815 videre
1071 2762 1120 2814 est
1172 2753 1242 2812 mibi
1259 2749 1436 2830 persuadeo.

419 2838 502 2916 epud
528 2832 758 2914 Oeoumenium,
788 2842 841 2922 qui
871 2839 959 2901 iecile
988 2861 1044 2902 sex
1066 2848 1119 2899 aut
1213 2836 1344 2899 Proinde
1366 2838 1459 2898 satius
1481 2846 1543 2911 est,
1566 2837 1763 2916 parabolam
1777 2837 1846 2897 iutu-

420 2934 536 3005 septam
573 2937 741 3000 enumeret,
780 2948 838 2989 nec
875 2938 977 2989 tumen
1014 2949 1117 2990 omnes
1171 2927 1284 3006 pretori
1306 2923 1431 3004 figurem
1454 2945 1508 2985 seu
1532 2941 1640 3005 typum
1662 2925 1791 3006 mysterii
1808 2939 1846 2984 cu·

420 3013 528 3092 attigit
560 3011 643 3071 Inter
658 3032 710 3073 eos
726 3034 802 3076 uuus
817 3025 881 3088 est,
902 3035 963 3096 quo
978 3016 1117 3076 verbum:
1168 3014 1291 3092 jusdam
1312 3013 1559 3092 significativum,
1582 3013 1660 3074 sicut
1682 3031 1782 3074 umnec
1798 3007 1848 3080 fut,

420 3100 557 3175 ample,
573 3099 614 3160 ad
629 3101 729 3161 Deum
743 3101 880 3174 refertur,
894 3113 927 3162 et
938 3122 1117 3182 pronomen:
1172 3102 1355 3180 interpretati
1370 3112 1456 3176 suut,
1473 3098 1625 3181 quomodo
1642 3108 1676 3161 et
1688 3095 1848 3182 ruperimlt

421 3205 509 3259 cum,
533 3186 574 3247 ad
588 3186 757 3262 Aonian,
780 3189 836 3250 boo
851 3189 955 3250 modo:
982 3188 1072 3251 Unde
1087 3198 1118 3250 et
1171 3187 1229 3247 bec
1253 3186 1390 3267 Epistola
1412 3206 1477 3265 cap.
1504 3187 1552 3246 10.
1579 3188 1727 3266 accipitur
1751 3185 1780 3246 iu
1801 3179 1846 3246 ΰῘΙ

420 3275 506 3334 Dour
521 3275 641 3352 occepit
656 3277 752 3354 ipsum
765 3276 919 3338 Abrabam
933 3278 1016 3337 velut
1031 3296 1117 3357 para·
1171 3274 1289 3334 verbis:
1311 3276 1398 3350 Quoue
1411 3274 1572 3350 parabola
1588 3281 1633 3334 cet
1649 3274 1796 3350 temporit
1806 3271 1845 3332 in·

420 3359 520 3422 bolam
532 3371 562 3420 et
577 3360 705 3440 figuram
719 3364 779 3429 sui,
803 3363 834 3424 id
849 3373 896 3424 set
910 3365 1018 3424 statuit
1033 3365 1066 3424 in
1080 3382 1117 3424 eo
1171 3365 1293 3421 stantis.
1324 3360 1398 3420 Cum
1412 3371 1510 3422 sutem
1527 3362 1707 3439 mysterium
1722 3355 1844 3439 signifi*

420 3449 548 3529 figuram
559 3448 620 3508 Dei
631 3448 730 3509 Petris
742 3449 892 3512 offerentis
904 3450 1018 3510 Filium
1029 3469 1117 3510 suum
1171 3460 1234 3507 tum
1251 3447 1335 3507 varie
1349 3458 1534 3527 exponatur,
1559 3457 1594 3507 ut
1608 3448 1757 3520 vidimus,
1780 3439 1843 3514 roffi

419 3558 475 3618 pre
489 3534 589 3596 salute
605 3534 766 3596 bominum.
789 3535 853 3598 Sed
867 3536 918 3597 bic
933 3557 1039 3598 sensus
1055 3538 1117 3597 vim
1172 3554 1273 3595 eorum
1289 3536 1442 3595 sententia
1456 3533 1609 3614 probetur,
1625 3536 1680 3616 qui
1693 3531 1847 3614 myses-'a

419 3623 521 3684 facere
542 3620 662 3681 ridetur
683 3625 795 3696 textui,
821 3625 873 3703 qui
897 3624 988 3702 plane
1013 3624 1118 3702 exigit,
1172 3620 1347 3700 intelligunt
1375 3621 1620 3693 rerurrectionis,
1659 3641 1720 3682 non
1749 3613 1847 3702 qul·

418 3721 452 3770 ιιι
467 3706 650 3772 vocabulum
672 3713 794 3787 accepit
815 3712 856 3771 ad
871 3709 1025 3770 Abrebsm
1041 3711 1116 3772 rele-
1171 3710 1302 3770 omnium
1318 3717 1514 3780 mortuorum,
1538 3706 1593 3769 red
1609 3705 1724 3770 Christi
1739 3699 1847 3768 noni

419 3807 517 3868 ratur,
544 3805 577 3855 et
591 3814 663 3855 cunr
678 3797 719 3856 ad
734 3797 832 3857 Iseac.
867 3797 937 3877 Quo
949 3798 1118 3870 constituto,
1172 3797 1249 3857 Nam
1265 3796 1337 3874 quie
1349 3793 1477 3855 credidit
1486 3794 1650 3871 Abrabam,
1666 3813 1757 3877 puceu
1770 3791 1847 3860 Μ

419 3884 473 3944 alii
482 3881 571 3943 aliter
582 3893 747 3960 exponunt.
770 3883 1004 3964 chrysostomus
1011 3891 1117 3961 pore·
1172 3893 1304 3944 mortuo·
1319 3883 1508 3954 resuscitnre
1523 3880 1635 3942 idcirco
1651 3881 1756 3944 datum
1770 3871 1849 3948 Μ

420 3970 525 4032 mlum
541 3972 757 4048 interpretetur
769 3974 908 4044 arietem,
934 3991 1024 4051 quem
1040 3972 1119 4032 vidit
1170 3968 1313 4029 utilium
1329 3968 1449 4029 reluta
1470 3977 1563 4030 morte
1588 3970 1691 4030 virum
1708 3967 1848 4047 recipere

419 4055 573 4119 Abrubam
585 4057 777 4138 intervepree
784 4057 959 4120 haerentem
967 4057 1118 4120 cornibus.
1172 4055 1266 4136 idque
1281 4057 1316 4114 ιἰι
1328 4054 1490 4131 parabole
1500 4074 1555 4116 teu
1569 4054 1679 4134 figura,
1695 4053 1786 4116 idest
1796 4063 1847 4112 c·

419 4143 512 4204 Hunc
527 4143 606 4203 enim
621 4141 696 4204 dicit
709 4146 742 4206 in
763 4163 800 4204 ea
823 4145 975 4206 oblatione
992 4145 1118 4224 figuram
1171 4141 1388 4221 signiticutioue
1417 4143 1519 4220 magni
1545 4143 1700 4223 mysterii,
1733 4136 1848 4202 nim'm

419 4250 458 4290 ee
471 4229 695 4292 similitudinem
709 4231 799 4292 leuc
813 4231 917 4303 inisse,
932 4250 992 4311 quo
1006 4240 1116 4292 maete-
1171 4229 1396 4289 resurrectionis
1423 4226 1544 4289 Cbriati.
1582 4229 1662 4289 Num
1692 4227 1779 4290 Irae
1801 4237 1848 4312 η

419 4325 451 4377 tc
479 4315 531 4378 ille
559 4325 695 4377 metus
724 4319 764 4377 rit
796 4338 833 4379 ae
864 4319 945 4398 patri
971 4316 1117 4379 redditus.
1172 4327 1283 4376 tontum
1296 4313 1460 4395 iuirtigura
1473 4313 1848 4386 Cbristiimmohtivu!

420 4403 672 4484 Tbeopbylaetue
683 4422 756 4466 vero
765 4406 958 4480 parobolam
973 4423 1027 4464 seu
1041 4405 1115 4484 figu-
1171 4404 1263 4464 etiam
1278 4422 1297 4462 e
1312 4410 1406 4463 morte
1421 4399 1460 4460 ad
1474 4403 1569 4462 vitem
1584 4403 1729 4464 mrocati.
1750 4397 1848 4488 latura

420 4511 485 4552 ram
499 4490 698 4552 constituitiu
707 4511 739 4550 re
750 4503 845 4570 gesta,
861 4492 943 4553 velut
954 4491 1117 4564 iudicante,
1172 4492 1216 4552 sit
1231 4489 1306 4548 bunc
1322 4508 1441 4550 sensum
1456 4488 1597 4550 Erasmus
1610 4490 1640 4549 in
1653 4507 1711 4549 cua
1721 4487 1848 4556 verrin

420 4577 501 4660 quod
520 4579 552 4638 iu
566 4575 690 4638 Obriato
711 4575 844 4640 futrrrum
867 4587 941 4640 erat.
979 4577 1020 4638 L't
1035 4580 1117 4639 euim
1171 4588 1201 4639 et
1216 4576 1547 4655 cpertiusexprruritin
1560 4574 1749 4656 paraphrasi.
1770 4563 1848 4650 A&

420 4677 494 4728 tunc
506 4663 596 4724 Isaac
609 4661 751 4724 dimissus
766 4675 829 4736 eat,
843 4667 923 4727 aries
937 4674 1036 4725 autem
1052 4684 1117 4725 cae
1171 4662 1318 4745 quosdam
1333 4662 1508 4724 adverbium
1531 4654 1605 4720 ὅθεν
1614 4707 1624 4738 ,
1650 4661 1757 4738 uude,
1778 4651 1848 4736 τί]

420 4769 488 4822 ιιι,
501 4751 546 4811 eie
561 4768 641 4810 unus
655 4747 796 4813 Christus
810 4751 898 4814 Daue
912 4760 943 4814 et
957 4753 1057 4820 bomo,
1070 4771 1116 4812 ae
1171 4770 1241 4812 vere
1258 4751 1287 4808 iu
1303 4749 1474 4820 relativum,
1497 4750 1556 4810 hoc
1569 4749 1677 4810 modo:
1707 4749 1808 4824 Unde.
1818 4735 1849 4812 Ι

421 4834 552 4901 cundum
564 4834 727 4900 bumeuam
741 4849 877 4900 naturam
893 4857 947 4919 pro
962 4838 1048 4900 nobis
1062 4840 1116 4899 im·
1171 4849 1231 4906 est,
1261 4855 1299 4896 ct
1313 4836 1441 4913 quibua,
1467 4836 1581 4896 seilicet
1595 4837 1741 4910 mortuis,
1766 4831 1811 4898 rel
1820 4841 1849 4900 Ι

421 4919 623 4992 nonme-t
637 4921 913 4987 Deitatemouente
927 4922 1115 5006 impassibili.
1170 4944 1234 5002 que
1250 4931 1350 4983 morte
1365 4943 1432 4983 eum
1446 4923 1570 5004 recepit
1607 4920 1671 4984 Sed
1685 4913 1849 4990 boant*

462 5009 559 5072 Pom
578 5005 789 5076 Theodericus
806 5013 1001 5094 purebctom
1024 5031 1115 5094 expe
1169 5011 1282 5092 mogi»,
1312 5030 1404 5094 quam
1433 5029 1539 5072 rerum
1567 5007 1757 5074 crediderim.
1800 5005 1849 5074 ΙΙ

390 5163 447 5209 h.
