4442 5825
732 621 894 677 mutosis
911 623 929 676 1.
947 621 1034 676 essu
1051 621 1185 677 coruum
1209 621 1293 677 sue.
1313 625 1352 677 rs.
1371 624 1411 677 ro.
1732 603 1803 696 itt

355 800 442 859 xime
475 799 610 879 sequenti
652 799 779 860 dicimur
810 818 878 860 sese
912 801 943 860 in
978 798 1056 859 Filio
1108 800 1161 879 qui
1176 798 1298 875 hebent,
1314 801 1455 879 quonism
1471 797 1547 860 illud
1563 817 1673 860 verum
1689 816 1803 858 muscu-

356 886 426 945 Dei.
1107 885 1201 946 linum
1224 895 1283 958 est,
1309 896 1343 946 ut
1364 894 1450 967 petet
1477 905 1515 946 ex
1538 886 1664 946 articulo
1686 884 1806 945 additor

323 1049 330 1059 ·
401 971 452 1032 Ex
471 971 530 1031 hoc
551 972 618 1032 loco
645 971 795 1052 Didymus
818 980 848 1032 et
862 972 1055 1033 Venerabilis
1108 966 1160 1031 τὸν
1177 965 1333 1050 ἀληθινόν.
1372 972 1521 1052 Congruit
1537 975 1642 1051 itaque
1658 970 1707 1031 hic
1722 971 1806 1032 locus

357 1058 445 1118 Beda
460 1057 588 1139 probant
610 1059 756 1137 originale
771 1067 939 1138 peccatum,
963 1068 993 1118 et
1007 1078 1053 1119 ur·
1107 1079 1174 1120 cum
1197 1060 1297 1120 verbis
1312 1059 1478 1121 salvatoris
1493 1060 1584 1121 Josn.
1607 1062 1654 1118 17.
1671 1060 1700 1118 in
1725 1060 1805 1138 prin·

356 1154 430 1225 gent
459 1154 560 1206 notam
589 1145 805 1207 universalem:
843 1154 933 1206 totus.
979 1147 1054 1205 Nam
1107 1149 1194 1226 cipio.
1223 1147 1323 1206 Verus
1334 1150 1420 1208 Deus
1435 1144 1805 1206 nominetursddifferen·

357 1250 450 1312 quum
478 1231 597 1312 parsuli
622 1252 681 1292 non
709 1234 874 1312 regenerati
903 1233 963 1291 sint
984 1252 1055 1312 pars
1107 1235 1179 1293 tium
1196 1231 1340 1293 fulsurum
1359 1233 1496 1306 deorum,
1520 1231 1666 1292 idolorum
1691 1232 1807 1292 scilicet

356 1320 450 1378 totius
465 1320 652 1380 malimundi
668 1317 866 1396 (quodecim
882 1326 994 1379 nutum
1011 1326 1055 1379 set
1108 1319 1289 1380 stallorum.
1320 1320 1449 1380 Videtur
1472 1327 1572 1378 eutem
1587 1318 1726 1379 hocloco
1742 1338 1807 1379 esse

357 1424 398 1466 en
413 1424 525 1481 corus,
549 1425 625 1467 cure
642 1414 701 1479 est,
722 1405 812 1466 Joen.
830 1402 885 1481 3.),
909 1406 1054 1484 sequitur,
1108 1426 1216 1467 nomen
1242 1407 1415 1486 personale,
1452 1416 1483 1466 et
1514 1406 1684 1485 significare
1708 1407 1806 1466 Deum

357 1493 442 1572 ipsos
462 1494 517 1554 sub
541 1494 628 1554 istius
657 1492 779 1572 maligni
808 1499 958 1572 potestate
981 1511 1053 1552 esee.
1107 1493 1244 1565 Patrem,
1261 1501 1382 1574 propter
1397 1493 1451 1554 illa
1464 1492 1593 1553 relativa
1607 1492 1741 1573 proxime
1757 1511 1802 1552 se

357 1576 395 1639 Id
412 1580 494 1657 quod
510 1580 576 1640 fieri
591 1600 651 1640 non
666 1588 788 1660 posset,
815 1582 840 1638 si
857 1579 971 1639 nullum
988 1599 1054 1659 pcc·
1109 1581 1240 1660 quentia.

357 1673 458 1725 catum
489 1667 643 1728 haberent.
687 1666 787 1726 Verba
817 1667 941 1745 Didymi
972 1675 1055 1725 sunt:
1151 1668 1195 1727 Et
1209 1686 1317 1728 sumus
1331 1673 1367 1728 tu
1388 1669 1486 1740 Vero,
1511 1665 1597 1728 Filio
1623 1666 1714 1741 Ejus.
1744 1667 1804 1727 Su·

358 1753 466 1825 Totus,
481 1755 532 1821 sit,
549 1752 676 1812 mundus
689 1752 819 1832 maligno
835 1760 881 1813 est
893 1752 1055 1831 subjectus,
1108 1772 1195 1828 mus,
1222 1756 1379 1835 scripsisse
1401 1754 1592 1832 interpretem
1613 1750 1806 1812 conformiter

357 1839 440 1918 quod
457 1859 560 1900 cinnes
584 1840 639 1900 sub
655 1847 779 1920 peccato
802 1842 960 1910 nascimur,
983 1859 1054 1918 quo·
1108 1840 1262 1919 originali,
1296 1844 1347 1902 vin
1373 1851 1418 1900 est
1451 1837 1666 1915 dubitandum
1695 1849 1726 1899 et
1753 1839 1805 1919 qui

358 1946 426 1987 rum
443 1929 509 2005 ipse
525 1936 607 1987 ortus
622 1927 653 1985 in
664 1927 738 1987 vitio
750 1935 805 1987 cst.
830 1927 917 2007 Quae
929 1925 1056 2006 Didymi
1107 1927 1186 1987 bene
1208 1929 1374 2007 perpendet
1396 1928 1641 1987 commentarium
1661 1925 1761 1987 Bedse
1777 1932 1807 1986 et

358 2013 455 2073 verbs
478 2013 656 2093 legebantur
678 2012 756 2092 apud
773 2015 802 2074 S.
820 2013 1009 2074 Ambrosium
1025 2014 1055 2073 in
1109 2013 1262 2087 Thomas,
1284 2017 1393 2075 sentiet
1416 2035 1466 2074 eos
1490 2016 1532 2073 ita
1546 2013 1668 2092 legisse.
1706 2012 1804 2071 Muta·

357 2100 437 2160 libro
461 2099 606 2161 adversus
621 2101 820 2173 Norstisnos,
849 2110 878 2161 st
900 2100 968 2160 inde
985 2101 1058 2160 citet
1109 2100 1209 2161 verint
1225 2101 1357 2163 audaces
1377 2103 1508 2173 scribae,
1524 2119 1584 2160 nen
1607 2099 1806 2173 advertentes,

358 2188 389 2247 S.
406 2186 592 2265 Augustinus
615 2186 666 2246 lib.
684 2191 711 2249 2.
735 2197 838 2248 contra
858 2188 972 2249 Julisn.
990 2207 1056 2267 cap.
1110 2187 1190 2267 quod
1206 2187 1262 2247 hac
1280 2199 1366 2267 perte
1390 2190 1431 2247 sit
1453 2188 1577 2247 assertio
1598 2207 1651 2266 per
1673 2206 1721 2259 se,
1747 2206 1807 2246 non

358 2273 389 2332 3.
406 2281 437 2332 et
452 2274 537 2333 Beda
552 2275 582 2333 in
597 2274 689 2350 hujus
705 2275 763 2334 loci
779 2276 999 2335 commentario.
1108 2292 1181 2333 vcro
1202 2273 1371 2352 dependent
1392 2295 1431 2334 ex
1462 2273 1662 2354 praecedente
1685 2275 1806 2352 conjun-

402 2360 545 2438 hisgnuru
561 2361 656 2438 igitur
667 2360 726 2421 Dei
737 2359 912 2421 beneficium
928 2360 977 2420 bis
990 2379 1057 2420 ver·
1110 2361 1224 2420 ctione:
1246 2367 1290 2421 ut.

357 2448 406 2507 bis
437 2446 598 2523 Apostolus
634 2447 721 2508 nobis
750 2448 788 2508 ob
826 2447 928 2507 oculos
966 2446 1057 2524 ponit,
1153 2447 1291 2508 Secunda
1316 2448 1408 2526 igitur
1437 2456 1469 2507 et
1491 2447 1580 2507 tertia
1605 2455 1691 2526 parte
1715 2445 1807 2524 hujus

358 2553 469 2612 nempe
495 2532 576 2613 quod
602 2535 658 2594 soli
691 2534 761 2594 boni
793 2533 955 2595 Christiani
989 2541 1058 2592 sunt
1109 2554 1215 2595 versus
1241 2536 1381 2613 exprimit
1401 2533 1566 2613 Apostolus
1589 2530 1665 2593 dnos
1681 2532 1807 2592 effectus

360 2629 451 2680 extra
482 2627 660 2699 potestatem
692 2619 811 2681 diaboli.
857 2620 946 2701 Quod
977 2619 1055 2679 idem
1109 2620 1258 2681 adventus
1274 2619 1386 2680 Christi
1399 2628 1429 2678 et
1440 2619 1653 2699 redemptionis
1670 2637 1723 2696 per
1738 2638 1805 2680 eum

358 2707 476 2766 Paulus
499 2707 662 2785 Apostolus
677 2707 817 2787 Ephesiis
838 2707 970 2768 inculcat
992 2726 1056 2786 cap.
1108 2707 1221 2782 instas,
1249 2726 1438 2787 quosomncs
1461 2707 1529 2766 boni
1555 2704 1720 2767 Christiani
1742 2705 1805 2784 jam

358 2796 407 2866 2,
435 2800 466 2853 et
492 2792 723 2854 Colossensibus
757 2815 820 2873 cup.
851 2800 878 2854 1.
924 2793 1056 2853 Eundem
1108 2796 1167 2854 sint
1195 2796 1308 2871 adepti.
1346 2794 1432 2855 Prior
1454 2803 1599 2855 estsere
1620 2792 1709 2865 fides,
1735 2811 1805 2852 nam

357 2881 440 2941 hanc
453 2885 690 2960 assumptionem
707 2881 774 2941 aliis
797 2881 899 2943 verbis
915 2882 945 2943 S.
963 2880 1056 2942 Joan⁴
1110 2882 1187 2942 hsec
1202 2891 1247 2942 cst
1262 2880 1314 2941 illc
1325 2899 1443 2958 seusus,
1460 2899 1520 2960 quo
1537 2881 1640 2941 unicus
1651 2879 1705 2941 ille
1717 2898 1806 2941 verus

359 2987 414 3027 nes
429 2971 539 3047 repetit
555 2989 640 3029 versu
657 2970 811 3046 sequenti:
1110 2970 1194 3029 Deus
1209 2970 1408 3050 cognoscitur.
1443 2968 1594 3028 Posterior
1612 2976 1657 3028 est
1672 2970 1807 3047 incorpo-

405 3056 455 3112 20.
480 3055 524 3116 Et
544 3057 674 3128 scimus,
699 3058 850 3131 quonium
874 3057 978 3117 itlius
997 3058 1058 3116 Dei
1109 3057 1187 3115 rstio
1203 3058 1232 3116 in
1249 3076 1359 3134 corpus
1372 3054 1493 3126 Christi,
1508 3054 1647 3135 adeoque
1662 3056 1692 3115 in
1709 3054 1805 3134 ipsum

359 3143 459 3215 vestit,
476 3149 505 3201 et
520 3142 607 3202 dedit
621 3142 711 3202 nobis
725 3161 860 3217 rausum,
875 3152 912 3203 ut
927 3161 1057 3218 cupreos-
1110 3142 1278 3219 Christum
1306 3143 1476 3222 quaefacta
1492 3149 1536 3201 est
1551 3161 1605 3220 per
1616 3141 1805 3222 justificatio·

358 3245 470 3288 comus
484 3247 594 3289 verum
611 3231 724 3290 Deum.
748 3232 886 3303 Scimus,
904 3233 1057 3306 quonium
1110 3247 1178 3289 nem
1191 3237 1342 3309 acceptum
1356 3232 1386 3290 in
1399 3229 1555 3310 baptismo.
1578 3229 1626 3290 Es
1635 3228 1807 3290 declaratur

358 3310 488 3389 (idest,
516 3318 618 3392 quod,
649 3308 710 3391 ὅτι)
737 3318 840 3377 Filius
863 3318 925 3377 Det
953 3320 1057 3394 ventu·
1109 3315 1209 3377 serbis
1232 3316 1308 3376 illie:
1335 3318 1378 3378 Et
1399 3334 1507 3377 sumus
1530 3318 1566 3376 tu
1598 3317 1694 3390 Vero,
1721 3315 1807 3376 Filio

357 3401 497 3461 nimirum
529 3422 584 3482 per
612 3410 794 3482 assumptam
829 3402 1056 3476 humanitatem,
1109 3406 1198 3477 Eius.
1241 3403 1301 3464 Ubi
1327 3405 1380 3464 illa
1405 3404 1464 3464 duo
1491 3403 1625 3464 nomina:
1668 3404 1750 3464 Vero
1776 3409 1808 3463 et

358 3498 557 3548 conversetur
579 3492 656 3550 inter
677 3508 748 3562 nos,
772 3497 803 3548 et
818 3497 956 3570 operatus
979 3491 1057 3551 salu·
1110 3491 1207 3565 Filio,
1224 3499 1371 3551 commate
1387 3487 1556 3567 separanda
1567 3498 1637 3551 sunt
1651 3491 1683 3550 in
1697 3490 1806 3549 noemia

357 3584 437 3646 tem,
467 3584 597 3636 nostram
636 3578 777 3655 passione
804 3585 832 3637 et
868 3584 963 3637 morte
993 3597 1056 3638 sus.
1109 3578 1214 3652 libris3
1237 3597 1305 3637 nsm
1322 3576 1438 3638 Graece
1459 3578 1609 3655 repetitur
1630 3584 1661 3638 et
1674 3578 1805 3655 interpe-

357 3662 430 3723 Hcc
453 3664 552 3722 sciunt
575 3682 676 3723 omnes
692 3662 854 3725 Christiani
878 3665 1058 3725 certitudine
1110 3666 1192 3724 nitur
1217 3662 1325 3723 rocula
1352 3656 1392 3722 tr.
1429 3663 1477 3722 Its
1503 3664 1581 3723 enim
1607 3663 1732 3740 legitur:
1763 3664 1808 3724 Et

358 3747 442 3807 fidei.
1109 3770 1217 3811 sumus
1230 3753 1267 3810 iu
1281 3752 1338 3811 illo
1361 3752 1440 3809 Vero
1447 3795 1457 3824 ,
1477 3753 1514 3810 irs
1530 3752 1616 3812 sisso
1631 3752 1711 3824 Ejus
1725 3754 1808 3813 Jssu

405 3837 448 3895 Et
470 3835 556 3894 dedit
578 3836 669 3896 nobis
694 3854 829 3897 sensum.
866 3837 904 3898 In
926 3837 984 3897 hac
1011 3856 1055 3897 se·
1111 3839 1241 3900 Christo.
1264 3838 1352 3898 Haec
1367 3836 1732 3917 duonnmquepostreme
1746 3836 1810 3896 illis

357 3922 459 3982 cunda
481 3929 569 4001 parte
594 3943 654 3982 non
681 3930 729 3983 est
749 3942 875 3984 necesse
898 3922 1058 3985 subaudire
1110 3922 1269 3984 adduntur.
1316 3924 1423 3983 Potest
1451 3942 1519 3985 esse
1548 3923 1738 4001 ambiguum,
1768 3942 1806 3982 au

358 4007 454 4068 illud:
485 4001 549 4083 ὅτι,
577 4008 657 4088 quod
688 4011 865 4090 praecessit3
897 4009 951 4069 sed
978 4020 1058 4072 recte
1109 4009 1183 4071 illud
1206 4013 1304 4085 Vero,
1329 4009 1411 4091 quod
1434 4016 1480 4069 est
1494 4012 1524 4069 in
1539 4009 1596 4071 hac
1611 4011 1704 4071 tertia
1718 4010 1807 4070 istius

356 4095 539 4174 intelligtur‚
567 4104 600 4153 ut
626 4098 666 4156 sit
694 4098 821 4157 assertio
847 4118 902 4177 pcr
927 4116 976 4170 ee,
996 4120 1057 4159 non
1109 4104 1323 4176 versusparte,
1337 4096 1486 4176 significet
1494 4097 1621 4170 Putrem,
1637 4097 1806 4157 anFilium.

358 4179 497 4261 pendens
512 4201 550 4242 ex
565 4182 772 4262 praecedente.
809 4183 894 4245 Idem
906 4183 1056 4262 judicium
1109 4187 1150 4246 Et
1164 4185 1287 4244 ridetur
1298 4185 1425 4256 rectius,
1440 4181 1567 4263 intelligi
1582 4183 1713 4257 Putrem,
1728 4184 1808 4243 sicut

357 4268 407 4345 (ut
433 4267 488 4327 hoc
514 4267 613 4328 obiter
638 4268 801 4343 addamus)
829 4271 867 4333 de
893 4274 1058 4350 posteriore
1109 4271 1290 4349 intelligitur
1304 4268 1550 4350 partesecunds3
1567 4270 1806 4332 etnlhilominus

357 4363 448 4436 parte
462 4373 568 4415 verens
586 4360 633 4417 19.
649 4356 746 4417 relate
767 4356 806 4417 ad
828 4359 956 4438 priorem
979 4357 1055 4435 ejus·
1109 4359 1200 4418 etism
1215 4356 1314 4418 Filius
1328 4357 1367 4417 ab
1379 4357 1524 4436 Apustoio
1539 4357 1640 4419 verbis
1655 4358 1805 4436 expressis

356 4441 436 4503 dem.
461 4444 611 4516 Sensum,
628 4442 744 4506 Crsece
759 4453 818 4504 cst:
837 4437 987 4520 διάνοιανς
1003 4443 1056 4505 sed
1109 4446 1279 4505 nominetur
1301 4462 1392 4504 rarus
1407 4443 1494 4504 Deus
1515 4453 1603 4523 parte
1625 4444 1715 4523 hujus
1738 4460 1805 4503 ver-

356 4536 443 4589 recte
456 4538 558 4589 noster
570 4530 737 4606 Interpres,
760 4533 901 4611 quonism
924 4532 1055 4592 usitatis-
1109 4550 1159 4591 sus
1175 4540 1301 4610 quarte,
1317 4549 1397 4611 quac
1411 4530 1565 4611 sequitur:

356 4618 466 4675 simum
482 4623 529 4675 cst
542 4617 623 4676 omui
645 4619 748 4695 generi
771 4625 939 4691 sssctorum,
963 4617 1057 4693 verba
1152 4620 1214 4679 Hie
1235 4627 1280 4679 est
1302 4637 1397 4679 verses
1419 4620 1507 4679 Deus
1528 4626 1558 4677 ct
1580 4622 1649 4679 citu
1664 4624 1805 4678 ostensa.

357 4702 491 4764 videndi
514 4711 545 4763 et
571 4705 745 4779 uendendi,
773 4713 803 4764 et
830 4706 867 4766 iis
893 4705 1055 4784 conjugata
1107 4704 1206 4765 Filius
1221 4705 1280 4767 Dei
1295 4708 1470 4785 unigenitus
1486 4712 1534 4765 est
1551 4724 1606 4766 sus
1621 4703 1727 4765 divine
1741 4706 1806 4764 vita

356 4788 508 4849 vo‹·abuls
523 4788 684 4850 transferre
699 4790 737 4850 sd
753 4801 890 4852 mentem.
1107 4800 1233 4852 esterna
1260 4813 1315 4872 per
1344 4794 1522 4866 essentiam3
1556 4801 1601 4854 cst
1630 4792 1804 4871 angelornm

409 4878 449 4937 Ut
464 4894 688 4952 coquoscomus
702 4896 812 4938 verum
825 4881 938 4939 Deum.
963 4878 1054 4937 Tam·
1108 4886 1138 4938 et
1149 4880 1298 4939 hominum
1310 4880 1374 4939 rita
1386 4887 1509 4939 aeterne
1520 4878 1698 4953 canssliter3
1714 4876 1805 4959 idque

356 4964 416 5024 etsi
444 4963 530 5022 multi
558 4962 665 5024 Graeci
692 4963 811 5025 codices
837 4985 897 5026 non
923 4965 1056 5024 habeant
1105 4965 1257 5027 bifariam.
1295 4966 1374 5025 Nam
1398 4973 1430 5025 st
1445 4958 1643 5045 materisfflest
1656 4966 1740 5025 vitae
1755 4969 1807 5026 sc·'

354 5050 450 5113 iliud:
478 5051 581 5111 Deum
588 5095 600 5126 ,
625 5050 767 5113 meliores
789 5059 889 5114 tamen
903 5052 1054 5126 ridentur,
1106 5060 1227 5134 mnus,
1250 5053 1392 5139 quoniam
1417 5053 1485 5135 ejus
1507 5052 1613 5116 dirius
1636 5059 1743 5121 uetur!
1760 5060 1806 5116 est
