<?xml version="1.0" encoding="UTF-8"?>
<!DOCTYPE html PUBLIC "-//W3C//DTD XHTML 1.0 Transitional//EN"
    "http://www.w3.org/TR/xhtml1/DTD/xhtml1-transitional.dtd">
<html xmlns="http://www.w3.org/1999/xhtml" xml:lang="en" lang="en">
 <head>
  <title>
</title>
<meta http-equiv="Content-Type" content="text/html;charset=utf-8" />
  <meta name='ocr-system' content='tesseract 3.04.00' />
  <meta name='ocr-capabilities' content='ocr_page ocr_carea ocr_par ocr_line ocrx_word'/>
</head>
<body>
  <div class='ocr_page' id='page_1' title='image "./guilielmiestiii01estigoog_0685.png"; bbox 0 0 4442 5825; ppageno 0'>
   <div class='ocr_carea' id='block_1_1' title="bbox 633 569 1767 657">
    <p class='ocr_par' dir='ltr' id='par_1_1' title="bbox 633 569 1767 657">
     <span class='ocr_line' id='line_1_1' title="bbox 633 569 1767 657; baseline 0.004 -19"><span class='ocrx_word' id='word_1_1' title='bbox 633 580 959 640; x_wconf 70' lang='lat' dir='ltr'><strong>consummeris.</strong></span> <span class='ocrx_word' id='word_1_2' title='bbox 975 582 993 637; x_wconf 75' lang='grc' dir='ltr'><strong>ι.</strong></span> <span class='ocrx_word' id='word_1_3' title='bbox 1010 581 1102 638; x_wconf 78' lang='lat' dir='ltr'><strong>misr.</strong></span> <span class='ocrx_word' id='word_1_4' title='bbox 1119 583 1147 638; x_wconf 88' lang='lat' dir='ltr'><strong>s.</strong></span> <span class='ocrx_word' id='word_1_5' title='bbox 1163 580 1296 637; x_wconf 79' lang='lat' dir='ltr'><strong>somus.</strong></span> <span class='ocrx_word' id='word_1_6' title='bbox 1330 581 1416 636; x_wconf 80' lang='lat' dir='ltr'><strong>snas.</strong></span> <span class='ocrx_word' id='word_1_7' title='bbox 1436 580 1459 637; x_wconf 84' lang='lat' dir='ltr'><strong>r.</strong></span> <span class='ocrx_word' id='word_1_8' title='bbox 1693 569 1767 657; x_wconf 75' lang='lat' dir='ltr'><strong>m</strong></span> 
     </span>
    </p>
   </div>
   <div class='ocr_carea' id='block_1_2' title="bbox 371 757 1771 1187">
    <p class='ocr_par' dir='ltr' id='par_1_2' title="bbox 371 757 1771 1187">
     <span class='ocr_line' id='line_1_2' title="bbox 374 757 1768 840; baseline 0 -21"><span class='ocrx_word' id='word_1_9' title='bbox 374 759 456 821; x_wconf 85' lang='lat' dir='ltr'><strong>uerit</strong></span> <span class='ocrx_word' id='word_1_10' title='bbox 468 757 607 820; x_wconf 84' lang='lat' dir='ltr'><strong>Josnnes</strong></span> <span class='ocrx_word' id='word_1_11' title='bbox 621 758 804 821; x_wconf 79' lang='lat' dir='ltr'><strong>conformare</strong></span> <span class='ocrx_word' id='word_1_12' title='bbox 816 780 883 821; x_wconf 91' lang='lat' dir='ltr'><strong>cnm</strong></span> <span class='ocrx_word' id='word_1_13' title='bbox 896 758 1019 821; x_wconf 84' lang='lat' dir='ltr'><strong>exordio</strong></span> <span class='ocrx_word' id='word_1_14' title='bbox 1072 757 1161 832; x_wconf 89' lang='lat' dir='ltr'><strong>dicit,</strong></span> <span class='ocrx_word' id='word_1_15' title='bbox 1184 759 1222 819; x_wconf 84' lang='lat' dir='ltr'><strong>nd</strong></span> <span class='ocrx_word' id='word_1_16' title='bbox 1245 767 1383 821; x_wconf 80' lang='lat' dir='ltr'><strong>naturam</strong></span> <span class='ocrx_word' id='word_1_17' title='bbox 1406 761 1472 839; x_wconf 86' lang='lat' dir='ltr'><strong>ejus</strong></span> <span class='ocrx_word' id='word_1_18' title='bbox 1494 758 1656 820; x_wconf 84' lang='lat' dir='ltr'><strong>humanam</strong></span> <span class='ocrx_word' id='word_1_19' title='bbox 1678 757 1768 840; x_wconf 86' lang='lat' dir='ltr'><strong>perti·</strong></span> 
     </span>
     <span class='ocr_line' id='line_1_3' title="bbox 384 843 1770 926; baseline -0.002 -20"><span class='ocrx_word' id='word_1_20' title='bbox 384 844 556 925; x_wconf 70' lang='lat' dir='ltr'><strong>Evangelii.</strong></span> <span class='ocrx_word' id='word_1_21' title='bbox 573 846 651 907; x_wconf 84' lang='lat' dir='ltr'><strong>Nam</strong></span> <span class='ocrx_word' id='word_1_22' title='bbox 663 854 698 906; x_wconf 92' lang='lat' dir='ltr'><strong>nt</strong></span> <span class='ocrx_word' id='word_1_23' title='bbox 710 848 751 908; x_wconf 92' lang='lat' dir='ltr'><strong>ibi</strong></span> <span class='ocrx_word' id='word_1_24' title='bbox 764 848 855 908; x_wconf 82' lang='lat' dir='ltr'>dixit:</span> <span class='ocrx_word' id='word_1_25' title='bbox 872 850 913 909; x_wconf 80' lang='lat' dir='ltr'><strong>Iu</strong></span> <span class='ocrx_word' id='word_1_26' title='bbox 922 849 1020 923; x_wconf 81' lang='lat' dir='ltr'><strong>priu-</strong></span> <span class='ocrx_word' id='word_1_27' title='bbox 1072 855 1172 908; x_wconf 83' lang='lat' dir='ltr'><strong>ceant.</strong></span> <span class='ocrx_word' id='word_1_28' title='bbox 1197 846 1346 926; x_wconf 74' lang='lat' dir='ltr'><strong>Quoniam</strong></span> <span class='ocrx_word' id='word_1_29' title='bbox 1359 866 1430 907; x_wconf 87' lang='lat' dir='ltr'><strong>vero</strong></span> <span class='ocrx_word' id='word_1_30' title='bbox 1447 846 1526 906; x_wconf 92' lang='lat' dir='ltr'><strong>idem</strong></span> <span class='ocrx_word' id='word_1_31' title='bbox 1542 853 1596 918; x_wconf 89' lang='lat' dir='ltr'><strong>est,</strong></span> <span class='ocrx_word' id='word_1_32' title='bbox 1613 844 1696 924; x_wconf 90' lang='lat' dir='ltr'><strong>quod</strong></span> <span class='ocrx_word' id='word_1_33' title='bbox 1711 843 1770 904; x_wconf 80' lang='lat' dir='ltr'><strong>fnit</strong></span> 
     </span>
     <span class='ocr_line' id='line_1_4' title="bbox 371 931 1770 1013; baseline -0.001 -19"><span class='ocrx_word' id='word_1_34' title='bbox 371 936 406 994; x_wconf 75' lang='lat' dir='ltr'><strong>io</strong></span> <span class='ocrx_word' id='word_1_35' title='bbox 421 941 493 992; x_wconf 83' lang='lat' dir='ltr'><strong>erat</strong></span> <span class='ocrx_word' id='word_1_36' title='bbox 513 934 661 1009; x_wconf 78' lang='lat' dir='ltr'><strong><em>Verbum,</em></strong></span> <span class='ocrx_word' id='word_1_37' title='bbox 678 934 729 1008; x_wconf 88' lang='lat' dir='ltr'><strong>ita,</strong></span> <span class='ocrx_word' id='word_1_38' title='bbox 746 933 783 995; x_wconf 92' lang='lat' dir='ltr'><strong>de</strong></span> <span class='ocrx_word' id='word_1_39' title='bbox 799 934 903 995; x_wconf 89' lang='lat' dir='ltr'><strong>eodem</strong></span> <span class='ocrx_word' id='word_1_40' title='bbox 918 934 1019 994; x_wconf 88' lang='lat' dir='ltr'><strong>Verbo</strong></span> <span class='ocrx_word' id='word_1_41' title='bbox 1073 933 1111 994; x_wconf 89' lang='lat' dir='ltr'><strong>ab</strong></span> <span class='ocrx_word' id='word_1_42' title='bbox 1127 935 1222 1006; x_wconf 89' lang='lat' dir='ltr'><strong>initio,</strong></span> <span class='ocrx_word' id='word_1_43' title='bbox 1238 942 1267 993; x_wconf 89' lang='lat' dir='ltr'><strong>et</strong></span> <span class='ocrx_word' id='word_1_44' title='bbox 1279 933 1360 1013; x_wconf 91' lang='lat' dir='ltr'><strong>qnod</strong></span> <span class='ocrx_word' id='word_1_45' title='bbox 1375 931 1505 1006; x_wconf 85' lang='lat' dir='ltr'><strong>audisse,</strong></span> <span class='ocrx_word' id='word_1_46' title='bbox 1520 931 1636 993; x_wconf 80' lang='lat' dir='ltr'><strong>vidisse</strong></span> <span class='ocrx_word' id='word_1_47' title='bbox 1652 941 1683 994; x_wconf 92' lang='lat' dir='ltr'><strong>et</strong></span> <span class='ocrx_word' id='word_1_48' title='bbox 1698 950 1770 992; x_wconf 88' lang='lat' dir='ltr'><strong>con·</strong></span> 
     </span>
     <span class='ocr_line' id='line_1_5' title="bbox 371 1018 1771 1121; baseline 0 -40"><span class='ocrx_word' id='word_1_49' title='bbox 371 1038 459 1093; x_wconf 81' lang='lat' dir='ltr'><strong>uena,</strong></span> <span class='ocrx_word' id='word_1_50' title='bbox 484 1019 532 1079; x_wconf 94' lang='lat' dir='ltr'><strong>hic</strong></span> <span class='ocrx_word' id='word_1_51' title='bbox 553 1021 671 1100; x_wconf 82' lang='lat' dir='ltr'><strong>incipit:</strong></span> <span class='ocrx_word' id='word_1_52' title='bbox 699 1023 791 1099; x_wconf 81' lang='lat' dir='ltr'><strong>Quod</strong></span> <span class='ocrx_word' id='word_1_53' title='bbox 806 1029 875 1082; x_wconf 82' lang='lat' dir='ltr'><strong>erat</strong></span> <span class='ocrx_word' id='word_1_54' title='bbox 891 1024 1021 1121; x_wconf 81' lang='lat' dir='ltr'><strong>oprim-</strong></span> <span class='ocrx_word' id='word_1_55' title='bbox 1074 1027 1218 1081; x_wconf 88' lang='lat' dir='ltr'><strong>trectasse</strong></span> <span class='ocrx_word' id='word_1_56' title='bbox 1234 1039 1267 1080; x_wconf 90' lang='lat' dir='ltr'><strong>sa</strong></span> <span class='ocrx_word' id='word_1_57' title='bbox 1283 1027 1426 1080; x_wconf 89' lang='lat' dir='ltr'><strong>testatur:</strong></span> <span class='ocrx_word' id='word_1_58' title='bbox 1449 1021 1519 1080; x_wconf 88' lang='lat' dir='ltr'><strong>bine</strong></span> <span class='ocrx_word' id='word_1_59' title='bbox 1538 1021 1601 1098; x_wconf 89' lang='lat' dir='ltr'><strong>jam</strong></span> <span class='ocrx_word' id='word_1_60' title='bbox 1626 1018 1771 1081; x_wconf 77' lang='lat' dir='ltr'><strong>sumum</strong></span> 
     </span>
     <span class='ocr_line' id='line_1_6' title="bbox 371 1094 1769 1187; baseline -0.001 -20"><span class='ocrx_word' id='word_1_61' title='bbox 371 1108 414 1167; x_wconf 75' lang='lat' dir='ltr'><strong>io.</strong></span> <span class='ocrx_word' id='word_1_62' title='bbox 443 1107 494 1166; x_wconf 83' lang='lat' dir='ltr'><strong>Sic</strong></span> <span class='ocrx_word' id='word_1_63' title='bbox 517 1108 595 1168; x_wconf 90' lang='lat' dir='ltr'><strong>enim</strong></span> <span class='ocrx_word' id='word_1_64' title='bbox 612 1116 657 1167; x_wconf 87' lang='lat' dir='ltr'><strong>est</strong></span> <span class='ocrx_word' id='word_1_65' title='bbox 676 1107 707 1166; x_wconf 94' lang='lat' dir='ltr'><strong>in</strong></span> <span class='ocrx_word' id='word_1_66' title='bbox 723 1107 857 1169; x_wconf 86' lang='lat' dir='ltr'><strong>Graeco:</strong></span> <span class='ocrx_word' id='word_1_67' title='bbox 881 1099 949 1185; x_wconf 84' lang='grc' dir='ltr'><strong>δην</strong></span> <span class='ocrx_word' id='word_1_68' title='bbox 968 1094 1022 1164; x_wconf 78' lang='grc' dir='ltr'><strong>ἀπ’</strong></span> <span class='ocrx_word' id='word_1_69' title='bbox 1073 1109 1174 1166; x_wconf 82' lang='lat' dir='ltr'><strong>unitos</strong></span> <span class='ocrx_word' id='word_1_70' title='bbox 1201 1125 1348 1187; x_wconf 73' lang='lat' dir='ltr'>personae</span> <span class='ocrx_word' id='word_1_71' title='bbox 1371 1107 1402 1167; x_wconf 94' lang='lat' dir='ltr'><strong>in</strong></span> <span class='ocrx_word' id='word_1_72' title='bbox 1422 1107 1521 1167; x_wconf 87' lang='lat' dir='ltr'><strong>Verbo</strong></span> <span class='ocrx_word' id='word_1_73' title='bbox 1544 1108 1715 1180; x_wconf 84' lang='lat' dir='ltr'><strong>incarnato,</strong></span> <span class='ocrx_word' id='word_1_74' title='bbox 1737 1100 1769 1165; x_wconf 87' lang='lat' dir='ltr'><strong>id</strong></span> 
     </span>
    </p>
   </div>
   <div class='ocr_carea' id='block_1_3' title="bbox 371 1191 1834 5087">
    <p class='ocr_par' dir='ltr' id='par_1_3' title="bbox 371 1191 1834 5087">
     <span class='ocr_line' id='line_1_7' title="bbox 371 1191 1770 1274; baseline -0.002 -20"><span class='ocrx_word' id='word_1_75' title='bbox 371 1192 438 1273; x_wconf 69' lang='grc' dir='ltr'><strong>[ῆς.</strong></span> <span class='ocrx_word' id='word_1_76' title='bbox 461 1192 505 1254; x_wconf 89' lang='lat' dir='ltr'><strong>Ut</strong></span> <span class='ocrx_word' id='word_1_77' title='bbox 517 1202 548 1253; x_wconf 87' lang='lat' dir='ltr'><strong>at</strong></span> <span class='ocrx_word' id='word_1_78' title='bbox 560 1193 617 1253; x_wconf 92' lang='lat' dir='ltr'><strong>hoc</strong></span> <span class='ocrx_word' id='word_1_79' title='bbox 629 1192 746 1268; x_wconf 78' lang='lat' dir='ltr'><strong>eddam,</strong></span> <span class='ocrx_word' id='word_1_80' title='bbox 761 1195 835 1256; x_wconf 90' lang='lat' dir='ltr'><strong>baec</strong></span> <span class='ocrx_word' id='word_1_81' title='bbox 848 1196 915 1274; x_wconf 86' lang='lat' dir='ltr'><strong>ipsa</strong></span> <span class='ocrx_word' id='word_1_82' title='bbox 925 1193 1021 1253; x_wconf 81' lang='lat' dir='ltr'><strong>verba</strong></span> <span class='ocrx_word' id='word_1_83' title='bbox 1073 1200 1127 1265; x_wconf 74' lang='lat' dir='ltr'><strong>cst,</strong></span> <span class='ocrx_word' id='word_1_84' title='bbox 1151 1201 1306 1272; x_wconf 89' lang='lat' dir='ltr'><strong>utramque</strong></span> <span class='ocrx_word' id='word_1_85' title='bbox 1321 1199 1458 1253; x_wconf 88' lang='lat' dir='ltr'><strong>naturam</strong></span> <span class='ocrx_word' id='word_1_86' title='bbox 1473 1192 1611 1263; x_wconf 85' lang='lat' dir='ltr'><strong>habente,</strong></span> <span class='ocrx_word' id='word_1_87' title='bbox 1636 1191 1770 1252; x_wconf 75' lang='lat' dir='ltr'><strong>divinem</strong></span> 
     </span>
     <span class='ocr_line' id='line_1_8' title="bbox 371 1278 1770 1360; baseline -0.004 -19"><span class='ocrx_word' id='word_1_88' title='bbox 371 1298 392 1341; x_wconf 78' lang='lat' dir='ltr'><strong>u</strong></span> <span class='ocrx_word' id='word_1_89' title='bbox 419 1280 618 1358; x_wconf 89' lang='lat' dir='ltr'><strong>sequentibus</strong></span> <span class='ocrx_word' id='word_1_90' title='bbox 640 1282 770 1360; x_wconf 90' lang='lat' dir='ltr'><strong>speciem</strong></span> <span class='ocrx_word' id='word_1_91' title='bbox 795 1280 945 1360; x_wconf 82' lang='lat' dir='ltr'><strong>quandum</strong></span> <span class='ocrx_word' id='word_1_92' title='bbox 969 1280 1020 1339; x_wconf 82' lang='lat' dir='ltr'><strong>ba·</strong></span> <span class='ocrx_word' id='word_1_93' title='bbox 1074 1289 1104 1339; x_wconf 91' lang='lat' dir='ltr'><strong>et</strong></span> <span class='ocrx_word' id='word_1_94' title='bbox 1117 1279 1286 1340; x_wconf 83' lang='lat' dir='ltr'><strong>humanam.</strong></span> <span class='ocrx_word' id='word_1_95' title='bbox 1310 1279 1392 1339; x_wconf 85' lang='lat' dir='ltr'><strong>Dicit</strong></span> <span class='ocrx_word' id='word_1_96' title='bbox 1411 1298 1497 1358; x_wconf 79' lang='lat' dir='ltr'><strong>ergo:</strong></span> <span class='ocrx_word' id='word_1_97' title='bbox 1521 1278 1613 1357; x_wconf 81' lang='lat' dir='ltr'><strong>Quod</strong></span> <span class='ocrx_word' id='word_1_98' title='bbox 1639 1278 1770 1339; x_wconf 83' lang='lat' dir='ltr'><strong>audivi·</strong></span> 
     </span>
     <span class='ocr_line' id='line_1_9' title="bbox 371 1365 1771 1446; baseline -0.002 -19"><span class='ocrx_word' id='word_1_99' title='bbox 371 1382 395 1427; x_wconf 76' lang='grc' dir='ltr'>ι</span> <span class='ocrx_word' id='word_1_100' title='bbox 416 1365 608 1426; x_wconf 73' lang='lat' dir='ltr'><strong>salutationis</strong></span> <span class='ocrx_word' id='word_1_101' title='bbox 632 1387 668 1425; x_wconf 89' lang='lat' dir='ltr'><strong>ac</strong></span> <span class='ocrx_word' id='word_1_102' title='bbox 686 1367 757 1427; x_wconf 93' lang='lat' dir='ltr'><strong>boni</strong></span> <span class='ocrx_word' id='word_1_103' title='bbox 779 1369 884 1439; x_wconf 89' lang='lat' dir='ltr'><strong>nuntii,</strong></span> <span class='ocrx_word' id='word_1_104' title='bbox 905 1374 940 1425; x_wconf 90' lang='lat' dir='ltr'><strong>ut</strong></span> <span class='ocrx_word' id='word_1_105' title='bbox 961 1365 1021 1425; x_wconf 87' lang='lat' dir='ltr'><strong>alie</strong></span> <span class='ocrx_word' id='word_1_106' title='bbox 1073 1385 1153 1440; x_wconf 91' lang='lat' dir='ltr'><strong>mus,</strong></span> <span class='ocrx_word' id='word_1_107' title='bbox 1178 1365 1209 1425; x_wconf 92' lang='lat' dir='ltr'><strong>id</strong></span> <span class='ocrx_word' id='word_1_108' title='bbox 1232 1374 1292 1439; x_wconf 91' lang='lat' dir='ltr'><strong>cst,</strong></span> <span class='ocrx_word' id='word_1_109' title='bbox 1315 1385 1404 1446; x_wconf 87' lang='lat' dir='ltr'><strong>qnam</strong></span> <span class='ocrx_word' id='word_1_110' title='bbox 1428 1367 1485 1426; x_wconf 91' lang='lat' dir='ltr'><strong>Dei</strong></span> <span class='ocrx_word' id='word_1_111' title='bbox 1507 1365 1620 1425; x_wconf 82' lang='lat' dir='ltr'><strong>Filium</strong></span> <span class='ocrx_word' id='word_1_112' title='bbox 1644 1384 1695 1425; x_wconf 91' lang='lat' dir='ltr'><strong>ore</strong></span> <span class='ocrx_word' id='word_1_113' title='bbox 1717 1381 1771 1425; x_wconf 86' lang='lat' dir='ltr'><strong>suo</strong></span> 
     </span>
     <span class='ocr_line' id='line_1_10' title="bbox 371 1450 1767 1532; baseline -0.003 -19"><span class='ocrx_word' id='word_1_114' title='bbox 371 1453 511 1514; x_wconf 74' lang='lat' dir='ltr'><strong>utatione</strong></span> <span class='ocrx_word' id='word_1_115' title='bbox 521 1473 582 1513; x_wconf 91' lang='lat' dir='ltr'><strong>non</strong></span> <span class='ocrx_word' id='word_1_116' title='bbox 594 1455 633 1512; x_wconf 90' lang='lat' dir='ltr'><strong>sit</strong></span> <span class='ocrx_word' id='word_1_117' title='bbox 645 1473 727 1532; x_wconf 88' lang='lat' dir='ltr'><strong>opus.</strong></span> <span class='ocrx_word' id='word_1_118' title='bbox 749 1453 824 1513; x_wconf 86' lang='lat' dir='ltr'><strong>Mox</strong></span> <span class='ocrx_word' id='word_1_119' title='bbox 836 1454 915 1514; x_wconf 91' lang='lat' dir='ltr'><strong>enim</strong></span> <span class='ocrx_word' id='word_1_120' title='bbox 928 1462 1020 1513; x_wconf 87' lang='lat' dir='ltr'><strong>testa·</strong></span> <span class='ocrx_word' id='word_1_121' title='bbox 1073 1451 1234 1513; x_wconf 87' lang='lat' dir='ltr'><strong>bancdicto</strong></span> <span class='ocrx_word' id='word_1_122' title='bbox 1247 1453 1422 1532; x_wconf 89' lang='lat' dir='ltr'><strong>loquentem</strong></span> <span class='ocrx_word' id='word_1_123' title='bbox 1434 1473 1471 1513; x_wconf 89' lang='lat' dir='ltr'><strong>ac</strong></span> <span class='ocrx_word' id='word_1_124' title='bbox 1481 1450 1638 1513; x_wconf 76' lang='lat' dir='ltr'>docentem</span> <span class='ocrx_word' id='word_1_125' title='bbox 1650 1450 1767 1511; x_wconf 86' lang='lat' dir='ltr'><strong>anscul-</strong></span> 
     </span>
     <span class='ocr_line' id='line_1_11' title="bbox 402 1535 1770 1619; baseline -0.004 -20"><span class='ocrx_word' id='word_1_126' title='bbox 402 1538 526 1612; x_wconf 85' lang='lat' dir='ltr'><strong>seillis,</strong></span> <span class='ocrx_word' id='word_1_127' title='bbox 548 1538 587 1598; x_wconf 92' lang='lat' dir='ltr'><strong>ad</strong></span> <span class='ocrx_word' id='word_1_128' title='bbox 610 1558 688 1619; x_wconf 90' lang='lat' dir='ltr'><strong>quos</strong></span> <span class='ocrx_word' id='word_1_129' title='bbox 704 1540 816 1613; x_wconf 76' lang='lat' dir='ltr'><strong>scribit,</strong></span> <span class='ocrx_word' id='word_1_130' title='bbox 842 1538 1022 1600; x_wconf 84' lang='lat' dir='ltr'><strong>annuntiare</strong></span> <span class='ocrx_word' id='word_1_131' title='bbox 1074 1540 1217 1617; x_wconf 82' lang='lat' dir='ltr'><strong>tavimns3</strong></span> <span class='ocrx_word' id='word_1_132' title='bbox 1230 1540 1318 1619; x_wconf 88' lang='lat' dir='ltr'><strong>cujus</strong></span> <span class='ocrx_word' id='word_1_133' title='bbox 1326 1538 1476 1619; x_wconf 88' lang='lat' dir='ltr'><strong>loquentis</strong></span> <span class='ocrx_word' id='word_1_134' title='bbox 1486 1559 1523 1599; x_wconf 87' lang='lat' dir='ltr'><strong>ac</strong></span> <span class='ocrx_word' id='word_1_135' title='bbox 1534 1535 1770 1600; x_wconf 84' lang='lat' dir='ltr'><strong>docentisverba</strong></span> 
     </span>
     <span class='ocr_line' id='line_1_12' title="bbox 371 1625 1499 1687; baseline -0.001 0"><span class='ocrx_word' id='word_1_136' title='bbox 371 1644 419 1687; x_wconf 83' lang='lat' dir='ltr'><strong>sm</strong></span> <span class='ocrx_word' id='word_1_137' title='bbox 444 1633 597 1686; x_wconf 85' lang='lat' dir='ltr'><strong>aeternam</strong></span> <span class='ocrx_word' id='word_1_138' title='bbox 614 1635 643 1686; x_wconf 88' lang='lat' dir='ltr'><strong>et</strong></span> <span class='ocrx_word' id='word_1_139' title='bbox 666 1628 838 1687; x_wconf 86' lang='lat' dir='ltr'><strong>societatem</strong></span> <span class='ocrx_word' id='word_1_140' title='bbox 861 1645 928 1686; x_wconf 87' lang='lat' dir='ltr'><strong>cum</strong></span> <span class='ocrx_word' id='word_1_141' title='bbox 944 1626 1021 1686; x_wconf 86' lang='lat' dir='ltr'><strong>Deo.</strong></span> <span class='ocrx_word' id='word_1_142' title='bbox 1073 1625 1194 1686; x_wconf 89' lang='lat' dir='ltr'><strong>auribus</strong></span> <span class='ocrx_word' id='word_1_143' title='bbox 1210 1627 1319 1687; x_wconf 89' lang='lat' dir='ltr'><strong>nostris</strong></span> <span class='ocrx_word' id='word_1_144' title='bbox 1334 1625 1499 1686; x_wconf 84' lang='lat' dir='ltr'><strong>hausimus.</strong></span> 
     </span>
     <span class='ocr_line' id='line_1_13' title="bbox 371 1709 1768 1791; baseline -0.003 -18"><span class='ocrx_word' id='word_1_145' title='bbox 371 1710 493 1773; x_wconf 71' lang='lat' dir='ltr'><strong>mdinm</strong></span> <span class='ocrx_word' id='word_1_146' title='bbox 509 1712 582 1773; x_wconf 90' lang='lat' dir='ltr'><strong>hoc:</strong></span> <span class='ocrx_word' id='word_1_147' title='bbox 606 1713 698 1791; x_wconf 81' lang='lat' dir='ltr'><strong>Quod</strong></span> <span class='ocrx_word' id='word_1_148' title='bbox 714 1721 782 1773; x_wconf 89' lang='lat' dir='ltr'><strong>erat</strong></span> <span class='ocrx_word' id='word_1_149' title='bbox 797 1713 836 1773; x_wconf 89' lang='lat' dir='ltr'><strong>ob</strong></span> <span class='ocrx_word' id='word_1_150' title='bbox 851 1714 956 1786; x_wconf 81' lang='lat' dir='ltr'><strong>initio,</strong></span> <span class='ocrx_word' id='word_1_151' title='bbox 984 1709 1022 1770; x_wconf 92' lang='lat' dir='ltr'><strong>ad</strong></span> <span class='ocrx_word' id='word_1_152' title='bbox 1119 1713 1209 1791; x_wconf 84' lang='lat' dir='ltr'><strong>Quod</strong></span> <span class='ocrx_word' id='word_1_153' title='bbox 1235 1713 1374 1773; x_wconf 85' lang='lat' dir='ltr'><strong>vidimus</strong></span> <span class='ocrx_word' id='word_1_154' title='bbox 1399 1713 1498 1774; x_wconf 84' lang='lat' dir='ltr'><strong>oeulis</strong></span> <span class='ocrx_word' id='word_1_155' title='bbox 1521 1713 1654 1786; x_wconf 73' lang='lat' dir='ltr'><strong>nomio,</strong></span> <span class='ocrx_word' id='word_1_156' title='bbox 1682 1710 1768 1789; x_wconf 78' lang='lat' dir='ltr'><strong>quod</strong></span> 
     </span>
     <span class='ocr_line' id='line_1_14' title="bbox 371 1797 1771 1880; baseline -0.002 -20"><span class='ocrx_word' id='word_1_157' title='bbox 371 1800 443 1860; x_wconf 70' lang='lat' dir='ltr'><strong>rlsti</strong></span> <span class='ocrx_word' id='word_1_158' title='bbox 460 1797 649 1859; x_wconf 87' lang='lat' dir='ltr'><strong>divinitatem</strong></span> <span class='ocrx_word' id='word_1_159' title='bbox 660 1800 764 1880; x_wconf 89' lang='lat' dir='ltr'><strong>procul</strong></span> <span class='ocrx_word' id='word_1_160' title='bbox 780 1798 872 1861; x_wconf 89' lang='lat' dir='ltr'><strong>dubio</strong></span> <span class='ocrx_word' id='word_1_161' title='bbox 888 1798 1020 1859; x_wconf 78' lang='lat' dir='ltr'><strong>reteren·</strong></span> <span class='ocrx_word' id='word_1_162' title='bbox 1071 1802 1300 1876; x_wconf 75' lang='lat' dir='ltr'><strong>perspeximus.</strong></span> <span class='ocrx_word' id='word_1_163' title='bbox 1334 1797 1468 1861; x_wconf 83' lang='lat' dir='ltr'><strong>Gradnm</strong></span> <span class='ocrx_word' id='word_1_164' title='bbox 1491 1799 1564 1859; x_wconf 86' lang='lat' dir='ltr'><strong>lacit</strong></span> <span class='ocrx_word' id='word_1_165' title='bbox 1588 1797 1627 1859; x_wconf 89' lang='lat' dir='ltr'><strong>ad</strong></span> <span class='ocrx_word' id='word_1_166' title='bbox 1650 1816 1771 1859; x_wconf 89' lang='lat' dir='ltr'><strong>sensnm</strong></span> 
     </span>
     <span class='ocr_line' id='line_1_15' title="bbox 371 1883 1834 1965; baseline -0.003 -18"><span class='ocrx_word' id='word_1_167' title='bbox 371 1906 392 1947; x_wconf 80' lang='lat' dir='ltr'><strong>n</strong></span> <span class='ocrx_word' id='word_1_168' title='bbox 415 1895 485 1962; x_wconf 80' lang='lat' dir='ltr'><strong>est3</strong></span> <span class='ocrx_word' id='word_1_169' title='bbox 512 1887 591 1946; x_wconf 87' lang='lat' dir='ltr'><strong>sient</strong></span> <span class='ocrx_word' id='word_1_170' title='bbox 617 1893 648 1946; x_wconf 89' lang='lat' dir='ltr'><strong>ct</strong></span> <span class='ocrx_word' id='word_1_171' title='bbox 674 1886 748 1946; x_wconf 91' lang='lat' dir='ltr'><strong>illnd</strong></span> <span class='ocrx_word' id='word_1_172' title='bbox 771 1886 950 1965; x_wconf 81' lang='lat' dir='ltr'><strong>Evangelii:</strong></span> <span class='ocrx_word' id='word_1_173' title='bbox 981 1886 1023 1944; x_wconf 80' lang='lat' dir='ltr'><strong>Im</strong></span> <span class='ocrx_word' id='word_1_174' title='bbox 1075 1888 1240 1960; x_wconf 77' lang='lat' dir='ltr'><strong>certiorem,</strong></span> <span class='ocrx_word' id='word_1_175' title='bbox 1267 1885 1299 1945; x_wconf 91' lang='lat' dir='ltr'><strong>id</strong></span> <span class='ocrx_word' id='word_1_176' title='bbox 1325 1892 1372 1945; x_wconf 90' lang='lat' dir='ltr'><strong>est</strong></span> <span class='ocrx_word' id='word_1_177' title='bbox 1392 1887 1498 1947; x_wconf 86' lang='lat' dir='ltr'><strong>visum.</strong></span> <span class='ocrx_word' id='word_1_178' title='bbox 1532 1883 1628 1946; x_wconf 88' lang='lat' dir='ltr'><strong>Addit</strong></span> <span class='ocrx_word' id='word_1_179' title='bbox 1653 1890 1770 1944; x_wconf 83' lang='lat' dir='ltr'><strong>autem:</strong></span> <span class='ocrx_word' id='word_1_180' title='bbox 1832 1914 1834 1919; x_wconf 96' lang='lat'>·</span> 
     </span>
     <span class='ocr_line' id='line_1_16' title="bbox 371 1971 1771 2055; baseline -0.004 -20"><span class='ocrx_word' id='word_1_181' title='bbox 371 1974 490 2049; x_wconf 69' lang='lat' dir='ltr'><strong>seipso</strong></span> <span class='ocrx_word' id='word_1_182' title='bbox 512 1981 581 2033; x_wconf 85' lang='lat' dir='ltr'><strong>eret</strong></span> <span class='ocrx_word' id='word_1_183' title='bbox 609 1973 753 2033; x_wconf 78' lang='lat' dir='ltr'><strong><em>Verbum.</em></strong></span> <span class='ocrx_word' id='word_1_184' title='bbox 790 1973 861 2033; x_wconf 82' lang='lat' dir='ltr'><strong>Non</strong></span> <span class='ocrx_word' id='word_1_185' title='bbox 883 1973 960 2033; x_wconf 93' lang='lat' dir='ltr'><strong>enim</strong></span> <span class='ocrx_word' id='word_1_186' title='bbox 983 1971 1021 2031; x_wconf 85' lang='lat' dir='ltr'><strong>ab</strong></span> <span class='ocrx_word' id='word_1_187' title='bbox 1075 1973 1174 2033; x_wconf 81' lang='lat' dir='ltr'><strong>oculis</strong></span> <span class='ocrx_word' id='word_1_188' title='bbox 1188 1976 1316 2047; x_wconf 82' lang='lat' dir='ltr'><strong>nostris,</strong></span> <span class='ocrx_word' id='word_1_189' title='bbox 1341 1972 1457 2034; x_wconf 88' lang='lat' dir='ltr'><strong>scilieet</strong></span> <span class='ocrx_word' id='word_1_190' title='bbox 1473 1973 1632 2055; x_wconf 89' lang='lat' dir='ltr'><strong>corporeis,</strong></span> <span class='ocrx_word' id='word_1_191' title='bbox 1647 1972 1771 2050; x_wconf 83' lang='lat' dir='ltr'><strong>majoris</strong></span> 
     </span>
     <span class='ocr_line' id='line_1_17' title="bbox 371 2056 1770 2140; baseline -0.004 -17"><span class='ocrx_word' id='word_1_192' title='bbox 371 2060 408 2123; x_wconf 77' lang='lat' dir='ltr'><strong>lo</strong></span> <span class='ocrx_word' id='word_1_193' title='bbox 425 2056 565 2120; x_wconf 83' lang='lat' dir='ltr'><strong>Christus</strong></span> <span class='ocrx_word' id='word_1_194' title='bbox 580 2059 676 2120; x_wconf 91' lang='lat' dir='ltr'><strong>homo.</strong></span> <span class='ocrx_word' id='word_1_195' title='bbox 1075 2061 1280 2140; x_wconf 86' lang='lat' dir='ltr'><strong>expressionis</strong></span> <span class='ocrx_word' id='word_1_196' title='bbox 1302 2078 1408 2137; x_wconf 74' lang='lat' dir='ltr'><strong>cauea,</strong></span> <span class='ocrx_word' id='word_1_197' title='bbox 1439 2080 1476 2120; x_wconf 86' lang='lat' dir='ltr'><strong>ec</strong></span> <span class='ocrx_word' id='word_1_198' title='bbox 1496 2080 1550 2131; x_wconf 87' lang='lat' dir='ltr'><strong>no,</strong></span> <span class='ocrx_word' id='word_1_199' title='bbox 1576 2057 1685 2121; x_wconf 87' lang='lat' dir='ltr'><strong>alicnis</strong></span> <span class='ocrx_word' id='word_1_200' title='bbox 1707 2067 1770 2118; x_wconf 84' lang='lat' dir='ltr'><strong>tan-</strong></span> 
     </span>
     <span class='ocr_line' id='line_1_18' title="bbox 371 2143 1771 2228; baseline -0.001 -22"><span class='ocrx_word' id='word_1_201' title='bbox 371 2143 503 2227; x_wconf 56' lang='lat' dir='ltr'><strong>tuidam</strong></span> <span class='ocrx_word' id='word_1_202' title='bbox 519 2155 672 2220; x_wconf 87' lang='lat' dir='ltr'><strong>annotant,</strong></span> <span class='ocrx_word' id='word_1_203' title='bbox 692 2145 870 2226; x_wconf 72' lang='lat' dir='ltr'><strong>Apostolum</strong></span> <span class='ocrx_word' id='word_1_204' title='bbox 885 2145 1021 2205; x_wconf 89' lang='lat' dir='ltr'><strong>consulto</strong></span> <span class='ocrx_word' id='word_1_205' title='bbox 1075 2154 1138 2205; x_wconf 90' lang='lat' dir='ltr'><strong>tum</strong></span> <span class='ocrx_word' id='word_1_206' title='bbox 1161 2147 1255 2207; x_wconf 87' lang='lat' dir='ltr'><strong>oculis</strong></span> <span class='ocrx_word' id='word_1_207' title='bbox 1278 2165 1330 2206; x_wconf 90' lang='lat' dir='ltr'><strong>cos</strong></span> <span class='ocrx_word' id='word_1_208' title='bbox 1352 2146 1524 2218; x_wconf 87' lang='lat' dir='ltr'><strong>credidisse,</strong></span> <span class='ocrx_word' id='word_1_209' title='bbox 1547 2147 1616 2228; x_wconf 83' lang='lat' dir='ltr'><strong>quis</strong></span> <span class='ocrx_word' id='word_1_210' title='bbox 1637 2153 1771 2224; x_wconf 76' lang='lat' dir='ltr'><strong>putaret:</strong></span> 
     </span>
     <span class='ocr_line' id='line_1_19' title="bbox 391 2230 1773 2313; baseline -0.001 -20"><span class='ocrx_word' id='word_1_211' title='bbox 391 2230 518 2293; x_wconf 86' lang='lat' dir='ltr'><strong>dicere:</strong></span> <span class='ocrx_word' id='word_1_212' title='bbox 542 2233 633 2311; x_wconf 80' lang='lat' dir='ltr'><strong>Quod</strong></span> <span class='ocrx_word' id='word_1_213' title='bbox 647 2235 723 2312; x_wconf 75' lang='lat' dir='ltr'><strong>fuit,</strong></span> <span class='ocrx_word' id='word_1_214' title='bbox 740 2232 810 2293; x_wconf 89' lang='lat' dir='ltr'><strong>sed:</strong></span> <span class='ocrx_word' id='word_1_215' title='bbox 834 2232 926 2313; x_wconf 79' lang='lat' dir='ltr'><strong>Quod</strong></span> <span class='ocrx_word' id='word_1_216' title='bbox 941 2239 1020 2307; x_wconf 84' lang='lat' dir='ltr'><strong>erat,</strong></span> <span class='ocrx_word' id='word_1_217' title='bbox 1074 2231 1230 2307; x_wconf 88' lang='lat' dir='ltr'><strong>Vidimus,</strong></span> <span class='ocrx_word' id='word_1_218' title='bbox 1260 2233 1372 2313; x_wconf 89' lang='lat' dir='ltr'><strong>inquit,</strong></span> <span class='ocrx_word' id='word_1_219' title='bbox 1402 2232 1553 2293; x_wconf 90' lang='lat' dir='ltr'><strong>hominem</strong></span> <span class='ocrx_word' id='word_1_220' title='bbox 1583 2234 1614 2293; x_wconf 95' lang='lat' dir='ltr'><strong>in</strong></span> <span class='ocrx_word' id='word_1_221' title='bbox 1643 2231 1773 2293; x_wconf 82' lang='lat' dir='ltr'><strong>bumana</strong></span> 
     </span>
     <span class='ocr_line' id='line_1_20' title="bbox 371 2317 1769 2401; baseline -0.001 -22"><span class='ocrx_word' id='word_1_222' title='bbox 371 2320 458 2401; x_wconf 75' lang='lat' dir='ltr'><strong>quis</strong></span> <span class='ocrx_word' id='word_1_223' title='bbox 479 2328 610 2399; x_wconf 83' lang='lat' dir='ltr'><strong>putaret,</strong></span> <span class='ocrx_word' id='word_1_224' title='bbox 634 2320 746 2380; x_wconf 85' lang='lat' dir='ltr'><strong>Filium</strong></span> <span class='ocrx_word' id='word_1_225' title='bbox 768 2338 823 2399; x_wconf 90' lang='lat' dir='ltr'><strong>per</strong></span> <span class='ocrx_word' id='word_1_226' title='bbox 843 2321 1022 2380; x_wconf 87' lang='lat' dir='ltr'><strong>incarnatio·</strong></span> <span class='ocrx_word' id='word_1_227' title='bbox 1075 2339 1164 2380; x_wconf 88' lang='lat' dir='ltr'><strong>carne</strong></span> <span class='ocrx_word' id='word_1_228' title='bbox 1175 2328 1400 2381; x_wconf 83' lang='lat' dir='ltr'><strong>conversantem</strong></span> <span class='ocrx_word' id='word_1_229' title='bbox 1413 2339 1479 2380; x_wconf 90' lang='lat' dir='ltr'><strong>cnm</strong></span> <span class='ocrx_word' id='word_1_230' title='bbox 1491 2320 1670 2392; x_wconf 91' lang='lat' dir='ltr'><strong>hominibus,</strong></span> <span class='ocrx_word' id='word_1_231' title='bbox 1682 2317 1769 2378; x_wconf 84' lang='lat' dir='ltr'><strong>eden-</strong></span> 
     </span>
     <span class='ocr_line' id='line_1_21' title="bbox 371 2404 1770 2486; baseline -0.002 -19"><span class='ocrx_word' id='word_1_232' title='bbox 371 2426 380 2467; x_wconf 82' lang='lat' dir='ltr'><strong>s</strong></span> <span class='ocrx_word' id='word_1_233' title='bbox 411 2405 450 2466; x_wconf 89' lang='lat' dir='ltr'><strong>id</strong></span> <span class='ocrx_word' id='word_1_234' title='bbox 480 2424 548 2465; x_wconf 90' lang='lat' dir='ltr'><strong>esse</strong></span> <span class='ocrx_word' id='word_1_235' title='bbox 572 2406 705 2479; x_wconf 89' lang='lat' dir='ltr'><strong>desiisse,</strong></span> <span class='ocrx_word' id='word_1_236' title='bbox 727 2405 807 2485; x_wconf 88' lang='lat' dir='ltr'><strong>quod</strong></span> <span class='ocrx_word' id='word_1_237' title='bbox 831 2413 903 2478; x_wconf 84' lang='lat' dir='ltr'><strong>eret,</strong></span> <span class='ocrx_word' id='word_1_238' title='bbox 926 2408 1020 2486; x_wconf 86' lang='lat' dir='ltr'><strong>prins·</strong></span> <span class='ocrx_word' id='word_1_239' title='bbox 1074 2414 1144 2476; x_wconf 83' lang='lat' dir='ltr'><strong>tcm,</strong></span> <span class='ocrx_word' id='word_1_240' title='bbox 1161 2406 1323 2478; x_wconf 80' lang='lat' dir='ltr'><strong>bibentem,</strong></span> <span class='ocrx_word' id='word_1_241' title='bbox 1338 2426 1375 2467; x_wconf 86' lang='lat' dir='ltr'><strong>ao</strong></span> <span class='ocrx_word' id='word_1_242' title='bbox 1390 2415 1519 2480; x_wconf 85' lang='lat' dir='ltr'><strong>caetera,</strong></span> <span class='ocrx_word' id='word_1_243' title='bbox 1544 2424 1624 2486; x_wconf 87' lang='lat' dir='ltr'><strong>qnae</strong></span> <span class='ocrx_word' id='word_1_244' title='bbox 1638 2404 1770 2465; x_wconf 83' lang='lat' dir='ltr'><strong>hnmana</strong></span> 
     </span>
     <span class='ocr_line' id='line_1_22' title="bbox 371 2491 1771 2572; baseline -0.001 -19"><span class='ocrx_word' id='word_1_245' title='bbox 371 2508 411 2553; x_wconf 77' lang='lat' dir='ltr'><strong>ns</strong></span> <span class='ocrx_word' id='word_1_246' title='bbox 429 2500 609 2553; x_wconf 84' lang='lat' dir='ltr'><strong>nasceretur</strong></span> <span class='ocrx_word' id='word_1_247' title='bbox 624 2512 662 2553; x_wconf 91' lang='lat' dir='ltr'><strong>ex</strong></span> <span class='ocrx_word' id='word_1_248' title='bbox 677 2501 787 2568; x_wconf 82' lang='lat' dir='ltr'><strong>matre;</strong></span> <span class='ocrx_word' id='word_1_249' title='bbox 811 2492 961 2569; x_wconf 88' lang='lat' dir='ltr'><strong>quomodo</strong></span> <span class='ocrx_word' id='word_1_250' title='bbox 976 2492 1020 2553; x_wconf 92' lang='lat' dir='ltr'><strong>di·</strong></span> <span class='ocrx_word' id='word_1_251' title='bbox 1075 2501 1152 2565; x_wconf 86' lang='lat' dir='ltr'><strong>suut,</strong></span> <span class='ocrx_word' id='word_1_252' title='bbox 1175 2500 1314 2572; x_wconf 77' lang='lat' dir='ltr'><strong>agentem</strong></span> <span class='ocrx_word' id='word_1_253' title='bbox 1334 2512 1370 2553; x_wconf 84' lang='lat' dir='ltr'><strong>ac</strong></span> <span class='ocrx_word' id='word_1_254' title='bbox 1388 2495 1571 2572; x_wconf 71' lang='lat' dir='ltr'><strong>patientem,</strong></span> <span class='ocrx_word' id='word_1_255' title='bbox 1596 2491 1725 2552; x_wconf 80' lang='lat' dir='ltr'><strong>vidimus</strong></span> <span class='ocrx_word' id='word_1_256' title='bbox 1739 2492 1771 2551; x_wconf 92' lang='lat' dir='ltr'><strong>in</strong></span> 
     </span>
     <span class='ocr_line' id='line_1_23' title="bbox 371 2577 1771 2660; baseline -0.001 -19"><span class='ocrx_word' id='word_1_257' title='bbox 371 2596 399 2641; x_wconf 77' lang='lat' dir='ltr'>n</span> <span class='ocrx_word' id='word_1_258' title='bbox 414 2585 466 2640; x_wconf 85' lang='lat' dir='ltr'><strong>est</strong></span> <span class='ocrx_word' id='word_1_259' title='bbox 484 2585 623 2658; x_wconf 74' lang='lat' dir='ltr'><strong>apobta:</strong></span> <span class='ocrx_word' id='word_1_260' title='bbox 647 2582 781 2641; x_wconf 86' lang='lat' dir='ltr'><strong>Fuimus</strong></span> <span class='ocrx_word' id='word_1_261' title='bbox 802 2579 908 2639; x_wconf 77' lang='lat' dir='ltr'><strong>Troe&#39;s.</strong></span> <span class='ocrx_word' id='word_1_262' title='bbox 932 2580 1022 2641; x_wconf 90' lang='lat' dir='ltr'><strong>Unde</strong></span> <span class='ocrx_word' id='word_1_263' title='bbox 1074 2587 1175 2639; x_wconf 93' lang='lat' dir='ltr'><strong>monte</strong></span> <span class='ocrx_word' id='word_1_264' title='bbox 1210 2579 1452 2658; x_wconf 74' lang='lat' dir='ltr'><strong>mensfignratum</strong></span> <span class='ocrx_word' id='word_1_265' title='bbox 1482 2599 1519 2639; x_wconf 87' lang='lat' dir='ltr'><strong>sc</strong></span> <span class='ocrx_word' id='word_1_266' title='bbox 1548 2577 1771 2660; x_wconf 75' lang='lat' dir='ltr'><strong>splendentem,</strong></span> 
     </span>
     <span class='ocr_line' id='line_1_24' title="bbox 371 2664 1771 2747; baseline -0.001 -22"><span class='ocrx_word' id='word_1_267' title='bbox 371 2684 466 2747; x_wconf 66' lang='lat' dir='ltr'><strong>rpoc.</strong></span> <span class='ocrx_word' id='word_1_268' title='bbox 496 2669 523 2726; x_wconf 92' lang='lat'><strong>1.</strong></span> <span class='ocrx_word' id='word_1_269' title='bbox 546 2672 579 2725; x_wconf 91' lang='lat' dir='ltr'><strong>et</strong></span> <span class='ocrx_word' id='word_1_270' title='bbox 600 2668 629 2724; x_wconf 86' lang='grc'><strong>4.</strong></span> <span class='ocrx_word' id='word_1_271' title='bbox 654 2674 683 2725; x_wconf 89' lang='lat' dir='ltr'><strong>et</strong></span> <span class='ocrx_word' id='word_1_272' title='bbox 699 2670 748 2726; x_wconf 93' lang='lat'><strong>11.</strong></span> <span class='ocrx_word' id='word_1_273' title='bbox 772 2667 858 2726; x_wconf 89' lang='lat' dir='ltr'><strong>Deus</strong></span> <span class='ocrx_word' id='word_1_274' title='bbox 880 2675 1022 2726; x_wconf 85' lang='lat' dir='ltr'><strong>vocatur:</strong></span> <span class='ocrx_word' id='word_1_275' title='bbox 1075 2666 1207 2726; x_wconf 88' lang='lat' dir='ltr'><strong>vidimus</strong></span> <span class='ocrx_word' id='word_1_276' title='bbox 1222 2667 1304 2726; x_wconf 87' lang='lat' dir='ltr'><strong>cruci</strong></span> <span class='ocrx_word' id='word_1_277' title='bbox 1320 2665 1439 2726; x_wconf 83' lang='lat' dir='ltr'><strong>affixum</strong></span> <span class='ocrx_word' id='word_1_278' title='bbox 1455 2685 1492 2725; x_wconf 91' lang='lat' dir='ltr'><strong>ac</strong></span> <span class='ocrx_word' id='word_1_279' title='bbox 1510 2668 1702 2742; x_wconf 74' lang='lat' dir='ltr'><strong>morientem3</strong></span> <span class='ocrx_word' id='word_1_280' title='bbox 1720 2664 1771 2724; x_wconf 88' lang='lat' dir='ltr'><strong>de·</strong></span> 
     </span>
     <span class='ocr_line' id='line_1_25' title="bbox 371 2750 1769 2833; baseline -0.001 -20"><span class='ocrx_word' id='word_1_281' title='bbox 371 2750 458 2827; x_wconf 84' lang='lat' dir='ltr'><strong>&#39;est,</strong></span> <span class='ocrx_word' id='word_1_282' title='bbox 484 2755 538 2829; x_wconf 83' lang='lat' dir='ltr'><strong>qui</strong></span> <span class='ocrx_word' id='word_1_283' title='bbox 561 2760 640 2827; x_wconf 84' lang='lat' dir='ltr'><strong>eret,</strong></span> <span class='ocrx_word' id='word_1_284' title='bbox 664 2760 695 2813; x_wconf 87' lang='lat' dir='ltr'><strong>et</strong></span> <span class='ocrx_word' id='word_1_285' title='bbox 716 2754 771 2829; x_wconf 85' lang='lat' dir='ltr'><strong>qui</strong></span> <span class='ocrx_word' id='word_1_286' title='bbox 790 2758 943 2812; x_wconf 81' lang='lat' dir='ltr'><strong>venturus</strong></span> <span class='ocrx_word' id='word_1_287' title='bbox 959 2761 1022 2829; x_wconf 87' lang='lat' dir='ltr'><strong>est,·</strong></span> <span class='ocrx_word' id='word_1_288' title='bbox 1075 2755 1167 2833; x_wconf 89' lang='lat' dir='ltr'><strong>nique</strong></span> <span class='ocrx_word' id='word_1_289' title='bbox 1189 2751 1321 2813; x_wconf 87' lang='lat' dir='ltr'><strong>vidimus</strong></span> <span class='ocrx_word' id='word_1_290' title='bbox 1341 2772 1360 2811; x_wconf 85' lang='lat' dir='ltr'><strong>a</strong></span> <span class='ocrx_word' id='word_1_291' title='bbox 1379 2761 1474 2813; x_wconf 91' lang='lat' dir='ltr'><strong>morte</strong></span> <span class='ocrx_word' id='word_1_292' title='bbox 1495 2751 1666 2813; x_wconf 83' lang='lat' dir='ltr'><strong>redivivnm</strong></span> <span class='ocrx_word' id='word_1_293' title='bbox 1687 2760 1717 2811; x_wconf 90' lang='lat' dir='ltr'><strong>at</strong></span> <span class='ocrx_word' id='word_1_294' title='bbox 1737 2752 1769 2811; x_wconf 90' lang='lat' dir='ltr'><strong>in</strong></span> 
     </span>
     <span class='ocr_line' id='line_1_26' title="bbox 386 2836 1769 2919; baseline -0.001 -20"><span class='ocrx_word' id='word_1_295' title='bbox 386 2847 520 2899; x_wconf 71' lang='lat' dir='ltr'><strong>autem:</strong></span> <span class='ocrx_word' id='word_1_296' title='bbox 544 2839 596 2919; x_wconf 84' lang='lat' dir='ltr'><strong>qui</strong></span> <span class='ocrx_word' id='word_1_297' title='bbox 619 2838 684 2898; x_wconf 84' lang='lat' dir='ltr'><strong>init.</strong></span> <span class='ocrx_word' id='word_1_298' title='bbox 707 2839 819 2899; x_wconf 87' lang='lat' dir='ltr'><strong>Verum</strong></span> <span class='ocrx_word' id='word_1_299' title='bbox 838 2836 916 2898; x_wconf 80' lang='lat' dir='ltr'><strong>brec</strong></span> <span class='ocrx_word' id='word_1_300' title='bbox 931 2860 1021 2900; x_wconf 91' lang='lat' dir='ltr'><strong>anno·</strong></span> <span class='ocrx_word' id='word_1_301' title='bbox 1075 2839 1175 2899; x_wconf 91' lang='lat' dir='ltr'><strong>coelos</strong></span> <span class='ocrx_word' id='word_1_302' title='bbox 1202 2837 1422 2900; x_wconf 88' lang='lat' dir='ltr'><strong>ascendentem.</strong></span> <span class='ocrx_word' id='word_1_303' title='bbox 1461 2839 1548 2900; x_wconf 83' lang='lat' dir='ltr'><strong>Haec</strong></span> <span class='ocrx_word' id='word_1_304' title='bbox 1573 2848 1677 2900; x_wconf 88' lang='lat' dir='ltr'><strong>contre</strong></span> <span class='ocrx_word' id='word_1_305' title='bbox 1701 2838 1769 2898; x_wconf 90' lang='lat' dir='ltr'><strong>illos</strong></span> 
     </span>
     <span class='ocr_line' id='line_1_27' title="bbox 371 2925 1772 3008; baseline 0.001 -24"><span class='ocrx_word' id='word_1_306' title='bbox 371 2943 521 3008; x_wconf 70' lang='lat' dir='ltr'><strong>sperum</strong></span> <span class='ocrx_word' id='word_1_307' title='bbox 545 2925 642 2986; x_wconf 89' lang='lat' dir='ltr'><strong>solida</strong></span> <span class='ocrx_word' id='word_1_308' title='bbox 657 2926 730 2986; x_wconf 88' lang='lat' dir='ltr'><strong>mihi</strong></span> <span class='ocrx_word' id='word_1_309' title='bbox 746 2925 875 2985; x_wconf 81' lang='lat' dir='ltr'><strong>videtur.</strong></span> <span class='ocrx_word' id='word_1_310' title='bbox 899 2926 976 2987; x_wconf 84' lang='lat' dir='ltr'><strong>Nam</strong></span> <span class='ocrx_word' id='word_1_311' title='bbox 994 2934 1023 2986; x_wconf 88' lang='lat' dir='ltr'><strong>et</strong></span> <span class='ocrx_word' id='word_1_312' title='bbox 1075 2926 1222 3001; x_wconf 90' lang='lat' dir='ltr'><strong>dicuntur,</strong></span> <span class='ocrx_word' id='word_1_313' title='bbox 1246 2927 1298 3005; x_wconf 90' lang='lat' dir='ltr'><strong>qni</strong></span> <span class='ocrx_word' id='word_1_314' title='bbox 1321 2927 1482 3005; x_wconf 79' lang='lat' dir='ltr'><strong>negabant,</strong></span> <span class='ocrx_word' id='word_1_315' title='bbox 1504 2927 1612 2988; x_wconf 87' lang='lat' dir='ltr'><strong>Jcsnm</strong></span> <span class='ocrx_word' id='word_1_316' title='bbox 1634 2928 1666 2987; x_wconf 95' lang='lat' dir='ltr'><strong>in</strong></span> <span class='ocrx_word' id='word_1_317' title='bbox 1681 2943 1772 2987; x_wconf 86' lang='lat' dir='ltr'><strong>earne</strong></span> 
     </span>
     <span class='ocr_line' id='line_1_28' title="bbox 371 3010 1769 3093; baseline -0.001 -19"><span class='ocrx_word' id='word_1_318' title='bbox 371 3028 434 3087; x_wconf 66' lang='lat' dir='ltr'><strong>ao,</strong></span> <span class='ocrx_word' id='word_1_319' title='bbox 464 3010 547 3093; x_wconf 91' lang='lat' dir='ltr'><strong>quod</strong></span> <span class='ocrx_word' id='word_1_320' title='bbox 567 3031 632 3072; x_wconf 88' lang='lat' dir='ltr'><strong>esse</strong></span> <span class='ocrx_word' id='word_1_321' title='bbox 654 3012 759 3087; x_wconf 87' lang='lat' dir='ltr'><strong>desiit,</strong></span> <span class='ocrx_word' id='word_1_322' title='bbox 786 3011 913 3075; x_wconf 90' lang='lat' dir='ltr'><strong>dicitnr:</strong></span> <span class='ocrx_word' id='word_1_323' title='bbox 938 3012 1023 3091; x_wconf 80' lang='lat' dir='ltr'><strong>quod</strong></span> <span class='ocrx_word' id='word_1_324' title='bbox 1075 3014 1203 3076; x_wconf 84' lang='lat' dir='ltr'><strong>venisse.</strong></span> <span class='ocrx_word' id='word_1_325' title='bbox 1245 3011 1341 3073; x_wconf 87' lang='lat' dir='ltr'><strong>Simul</strong></span> <span class='ocrx_word' id='word_1_326' title='bbox 1370 3012 1536 3073; x_wconf 86' lang='lat' dir='ltr'><strong>ostenditur</strong></span> <span class='ocrx_word' id='word_1_327' title='bbox 1563 3014 1702 3075; x_wconf 83' lang='lat' dir='ltr'><strong>Joannes</strong></span> <span class='ocrx_word' id='word_1_328' title='bbox 1731 3032 1769 3072; x_wconf 84' lang='lat' dir='ltr'><strong>ex</strong></span> 
     </span>
     <span class='ocr_line' id='line_1_29' title="bbox 371 3098 1770 3181; baseline 0 -22"><span class='ocrx_word' id='word_1_329' title='bbox 371 3103 397 3174; x_wconf 68' lang='grc' dir='ltr'><strong>ξ,</strong></span> <span class='ocrx_word' id='word_1_330' title='bbox 425 3106 464 3159; x_wconf 89' lang='lat' dir='ltr'><strong>nt</strong></span> <span class='ocrx_word' id='word_1_331' title='bbox 490 3100 521 3158; x_wconf 90' lang='lat' dir='ltr'><strong>in</strong></span> <span class='ocrx_word' id='word_1_332' title='bbox 544 3099 651 3159; x_wconf 87' lang='lat' dir='ltr'><strong>cadom</strong></span> <span class='ocrx_word' id='word_1_333' title='bbox 672 3098 861 3179; x_wconf 80' lang='lat' dir='ltr'><strong>Apocalypsi</strong></span> <span class='ocrx_word' id='word_1_334' title='bbox 882 3119 948 3179; x_wconf 89' lang='lat' dir='ltr'><strong>cap.</strong></span> <span class='ocrx_word' id='word_1_335' title='bbox 973 3099 1023 3160; x_wconf 77' lang='lat'><strong>17.</strong></span> <span class='ocrx_word' id='word_1_336' title='bbox 1076 3119 1179 3161; x_wconf 90' lang='lat' dir='ltr'><strong>eornm</strong></span> <span class='ocrx_word' id='word_1_337' title='bbox 1201 3098 1296 3159; x_wconf 82' lang='lat' dir='ltr'><strong>fuisse</strong></span> <span class='ocrx_word' id='word_1_338' title='bbox 1312 3119 1446 3174; x_wconf 90' lang='lat' dir='ltr'><strong>numero,</strong></span> <span class='ocrx_word' id='word_1_339' title='bbox 1468 3100 1579 3181; x_wconf 87' lang='lat' dir='ltr'><strong>quibus</strong></span> <span class='ocrx_word' id='word_1_340' title='bbox 1596 3099 1707 3160; x_wconf 87' lang='lat' dir='ltr'><strong>dictum</strong></span> <span class='ocrx_word' id='word_1_341' title='bbox 1723 3106 1770 3159; x_wconf 89' lang='lat' dir='ltr'><strong>est</strong></span> 
     </span>
     <span class='ocr_line' id='line_1_30' title="bbox 371 3183 1770 3262; baseline -0.001 -14"><span class='ocrx_word' id='word_1_342' title='bbox 371 3183 412 3256; x_wconf 66' lang='lat' dir='ltr'><strong>,ul</strong></span> <span class='ocrx_word' id='word_1_343' title='bbox 429 3194 464 3246; x_wconf 90' lang='lat' dir='ltr'><strong>et</strong></span> <span class='ocrx_word' id='word_1_344' title='bbox 477 3186 584 3245; x_wconf 86' lang='lat' dir='ltr'><strong>iterum</strong></span> <span class='ocrx_word' id='word_1_345' title='bbox 608 3184 644 3245; x_wconf 91' lang='lat' dir='ltr'><strong>de</strong></span> <span class='ocrx_word' id='word_1_346' title='bbox 658 3185 766 3258; x_wconf 88' lang='lat' dir='ltr'><strong>bestia,</strong></span> <span class='ocrx_word' id='word_1_347' title='bbox 790 3202 873 3262; x_wconf 82' lang='lat' dir='ltr'><strong>quoe</strong></span> <span class='ocrx_word' id='word_1_348' title='bbox 888 3195 969 3261; x_wconf 83' lang='lat' dir='ltr'><strong>erat,</strong></span> <span class='ocrx_word' id='word_1_349' title='bbox 995 3192 1024 3245; x_wconf 90' lang='lat' dir='ltr'><strong>et</strong></span> <span class='ocrx_word' id='word_1_350' title='bbox 1076 3208 1095 3247; x_wconf 84' lang='lat' dir='ltr'><strong>a</strong></span> <span class='ocrx_word' id='word_1_351' title='bbox 1110 3186 1241 3246; x_wconf 91' lang='lat' dir='ltr'><strong>Domino</strong></span> <span class='ocrx_word' id='word_1_352' title='bbox 1252 3185 1359 3246; x_wconf 82' lang='lat' dir='ltr'><strong>Matth.</strong></span> <span class='ocrx_word' id='word_1_353' title='bbox 1374 3188 1438 3246; x_wconf 84' lang='lat'><strong>13.:</strong></span> <span class='ocrx_word' id='word_1_354' title='bbox 1461 3188 1563 3247; x_wconf 83' lang='lat' dir='ltr'><strong>Vestri</strong></span> <span class='ocrx_word' id='word_1_355' title='bbox 1577 3186 1661 3247; x_wconf 83' lang='lat' dir='ltr'><strong>beati</strong></span> <span class='ocrx_word' id='word_1_356' title='bbox 1675 3185 1770 3260; x_wconf 74' lang='lat' dir='ltr'><strong>oculi,</strong></span> 
     </span>
     <span class='ocr_line' id='line_1_31' title="bbox 371 3270 1771 3351; baseline -0.002 -16"><span class='ocrx_word' id='word_1_357' title='bbox 371 3295 375 3324; x_wconf 59' lang='grc' dir='ltr'>ε</span> <span class='ocrx_word' id='word_1_358' title='bbox 406 3280 468 3335; x_wconf 80' lang='lat' dir='ltr'><strong>eet.</strong></span> <span class='ocrx_word' id='word_1_359' title='bbox 503 3270 585 3331; x_wconf 90' lang='lat' dir='ltr'><strong>Illud</strong></span> <span class='ocrx_word' id='word_1_360' title='bbox 608 3279 741 3346; x_wconf 86' lang='lat' dir='ltr'><strong>constat,</strong></span> <span class='ocrx_word' id='word_1_361' title='bbox 767 3271 824 3332; x_wconf 89' lang='lat' dir='ltr'><strong>hac</strong></span> <span class='ocrx_word' id='word_1_362' title='bbox 851 3272 1023 3333; x_wconf 87' lang='lat' dir='ltr'><strong>locutione:</strong></span> <span class='ocrx_word' id='word_1_363' title='bbox 1078 3275 1154 3351; x_wconf 81' lang='lat' dir='ltr'><strong>puio</strong></span> <span class='ocrx_word' id='word_1_364' title='bbox 1168 3274 1298 3349; x_wconf 77' lang='lat' dir='ltr'><strong>viderat5</strong></span> <span class='ocrx_word' id='word_1_365' title='bbox 1313 3279 1343 3332; x_wconf 87' lang='lat' dir='ltr'><strong>et</strong></span> <span class='ocrx_word' id='word_1_366' title='bbox 1358 3290 1453 3333; x_wconf 82' lang='lat' dir='ltr'><strong>aures</strong></span> <span class='ocrx_word' id='word_1_367' title='bbox 1468 3281 1601 3347; x_wconf 82' lang='lat' dir='ltr'><strong>vestroe,</strong></span> <span class='ocrx_word' id='word_1_368' title='bbox 1618 3275 1696 3351; x_wconf 84' lang='lat' dir='ltr'><strong>quia</strong></span> <span class='ocrx_word' id='word_1_369' title='bbox 1710 3289 1771 3332; x_wconf 82' lang='lat' dir='ltr'><strong>ars·</strong></span> 
     </span>
     <span class='ocr_line' id='line_1_32' title="bbox 371 3357 1768 3440; baseline 0.001 -22"><span class='ocrx_word' id='word_1_370' title='bbox 371 3357 403 3418; x_wconf 74' lang='lat' dir='ltr'><em>a</em></span> <span class='ocrx_word' id='word_1_371' title='bbox 421 3360 497 3440; x_wconf 75' lang='lat' dir='ltr'><strong>{uit</strong></span> <span class='ocrx_word' id='word_1_372' title='bbox 518 3358 558 3419; x_wconf 89' lang='lat' dir='ltr'><strong>ob</strong></span> <span class='ocrx_word' id='word_1_373' title='bbox 580 3360 686 3432; x_wconf 81' lang='lat' dir='ltr'><strong>initio,</strong></span> <span class='ocrx_word' id='word_1_374' title='bbox 707 3359 914 3419; x_wconf 88' lang='lat' dir='ltr'><strong>aeternitatem</strong></span> <span class='ocrx_word' id='word_1_375' title='bbox 932 3360 1023 3439; x_wconf 84' lang='lat' dir='ltr'><strong>signi·</strong></span> <span class='ocrx_word' id='word_1_376' title='bbox 1076 3361 1180 3419; x_wconf 78' lang='lat' dir='ltr'><strong>diunt.</strong></span> <span class='ocrx_word' id='word_1_377' title='bbox 1204 3358 1297 3418; x_wconf 83' lang='lat' dir='ltr'><strong>Addit</strong></span> <span class='ocrx_word' id='word_1_378' title='bbox 1309 3369 1422 3419; x_wconf 84' lang='lat' dir='ltr'><strong>antem:</strong></span> <span class='ocrx_word' id='word_1_379' title='bbox 1440 3359 1525 3437; x_wconf 82' lang='lat' dir='ltr'><strong>quod</strong></span> <span class='ocrx_word' id='word_1_380' title='bbox 1537 3361 1768 3437; x_wconf 75' lang='lat' dir='ltr'><strong>perspeximus,</strong></span> 
     </span>
     <span class='ocr_line' id='line_1_33' title="bbox 371 3436 1771 3527; baseline 0.001 -21"><span class='ocrx_word' id='word_1_381' title='bbox 371 3445 413 3524; x_wconf 76' lang='lat' dir='ltr'><strong>ri,</strong></span> <span class='ocrx_word' id='word_1_382' title='bbox 438 3463 504 3526; x_wconf 86' lang='lat' dir='ltr'><strong>qne</strong></span> <span class='ocrx_word' id='word_1_383' title='bbox 519 3443 589 3527; x_wconf 87' lang='lat' dir='ltr'><strong>qnid</strong></span> <span class='ocrx_word' id='word_1_384' title='bbox 605 3463 723 3526; x_wconf 90' lang='lat' dir='ltr'><strong>semper</strong></span> <span class='ocrx_word' id='word_1_385' title='bbox 736 3444 808 3519; x_wconf 83' lang='lat' dir='ltr'><strong>snit3</strong></span> <span class='ocrx_word' id='word_1_386' title='bbox 831 3445 1021 3523; x_wconf 84' lang='lat' dir='ltr'><strong>quemadmo·</strong></span> <span class='ocrx_word' id='word_1_387' title='bbox 1077 3445 1209 3507; x_wconf 80' lang='lat' dir='ltr'><strong>Graece:</strong></span> <span class='ocrx_word' id='word_1_388' title='bbox 1232 3436 1249 3503; x_wconf 84' lang='grc' dir='ltr'>ὃ</span> <span class='ocrx_word' id='word_1_389' title='bbox 1264 3437 1475 3524; x_wconf 74' lang='grc' dir='ltr'><strong>ἐθεασάμεθα,</strong></span> <span class='ocrx_word' id='word_1_390' title='bbox 1492 3446 1578 3524; x_wconf 81' lang='lat' dir='ltr'><strong>quod</strong></span> <span class='ocrx_word' id='word_1_391' title='bbox 1592 3448 1703 3508; x_wconf 82' lang='lat' dir='ltr'><strong>intuiti</strong></span> <span class='ocrx_word' id='word_1_392' title='bbox 1717 3463 1771 3507; x_wconf 89' lang='lat' dir='ltr'><strong>su·</strong></span> 
     </span>
     <span class='ocr_line' id='line_1_34' title="bbox 371 3531 1771 3612; baseline 0.004 -24"><span class='ocrx_word' id='word_1_393' title='bbox 371 3541 442 3595; x_wconf 78' lang='lat' dir='ltr'><strong>ret</strong></span> <span class='ocrx_word' id='word_1_394' title='bbox 458 3531 538 3591; x_wconf 87' lang='lat' dir='ltr'><strong>illic:</strong></span> <span class='ocrx_word' id='word_1_395' title='bbox 554 3533 596 3593; x_wconf 81' lang='lat' dir='ltr'><strong>In</strong></span> <span class='ocrx_word' id='word_1_396' title='bbox 610 3533 773 3608; x_wconf 77' lang='lat' dir='ltr'><strong>principio</strong></span> <span class='ocrx_word' id='word_1_397' title='bbox 789 3539 859 3591; x_wconf 83' lang='lat' dir='ltr'><strong>erut</strong></span> <span class='ocrx_word' id='word_1_398' title='bbox 876 3532 1021 3592; x_wconf 79' lang='lat' dir='ltr'><strong>Verbum.</strong></span> <span class='ocrx_word' id='word_1_399' title='bbox 1075 3550 1156 3605; x_wconf 87' lang='lat' dir='ltr'><strong>mus,</strong></span> <span class='ocrx_word' id='word_1_400' title='bbox 1177 3550 1230 3592; x_wconf 89' lang='lat' dir='ltr'><strong>een</strong></span> <span class='ocrx_word' id='word_1_401' title='bbox 1253 3536 1362 3612; x_wconf 89' lang='lat' dir='ltr'><strong>potius,</strong></span> <span class='ocrx_word' id='word_1_402' title='bbox 1384 3533 1470 3610; x_wconf 82' lang='lat' dir='ltr'><strong>quod</strong></span> <span class='ocrx_word' id='word_1_403' title='bbox 1491 3534 1697 3610; x_wconf 79' lang='lat' dir='ltr'><strong>contemplati</strong></span> <span class='ocrx_word' id='word_1_404' title='bbox 1716 3549 1771 3593; x_wconf 83' lang='lat' dir='ltr'><strong>su·</strong></span> 
     </span>
     <span class='ocr_line' id='line_1_35' title="bbox 371 3617 1771 3699; baseline 0.001 -21"><span class='ocrx_word' id='word_1_405' title='bbox 371 3625 392 3678; x_wconf 82' lang='lat' dir='ltr'><strong>r</strong></span> <span class='ocrx_word' id='word_1_406' title='bbox 423 3621 464 3680; x_wconf 87' lang='lat' dir='ltr'><strong>in</strong></span> <span class='ocrx_word' id='word_1_407' title='bbox 484 3619 643 3698; x_wconf 90' lang='lat' dir='ltr'><strong>principio,</strong></span> <span class='ocrx_word' id='word_1_408' title='bbox 667 3625 697 3677; x_wconf 90' lang='lat' dir='ltr'><strong>et</strong></span> <span class='ocrx_word' id='word_1_409' title='bbox 721 3638 739 3677; x_wconf 87' lang='lat' dir='ltr'><strong>a</strong></span> <span class='ocrx_word' id='word_1_410' title='bbox 761 3618 907 3698; x_wconf 91' lang='lat' dir='ltr'><strong>principio</strong></span> <span class='ocrx_word' id='word_1_411' title='bbox 930 3619 1023 3679; x_wconf 79' lang='lat' dir='ltr'><strong>inissa</strong></span> <span class='ocrx_word' id='word_1_412' title='bbox 1076 3638 1165 3693; x_wconf 87' lang='lat' dir='ltr'><strong>mus,</strong></span> <span class='ocrx_word' id='word_1_413' title='bbox 1203 3617 1243 3679; x_wconf 82' lang='lat' dir='ltr'><strong>sd</strong></span> <span class='ocrx_word' id='word_1_414' title='bbox 1272 3617 1497 3699; x_wconf 78' lang='lat' dir='ltr'><strong>significandam</strong></span> <span class='ocrx_word' id='word_1_415' title='bbox 1535 3621 1682 3681; x_wconf 88' lang='lat' dir='ltr'><strong>visionem</strong></span> <span class='ocrx_word' id='word_1_416' title='bbox 1710 3638 1771 3680; x_wconf 92' lang='lat' dir='ltr'><strong>non</strong></span> 
     </span>
     <span class='ocr_line' id='line_1_36' title="bbox 371 3702 1772 3786; baseline -0.001 -19"><span class='ocrx_word' id='word_1_417' title='bbox 371 3707 443 3780; x_wconf 61' lang='grc' dir='ltr'><strong>βυτ,</strong></span> <span class='ocrx_word' id='word_1_418' title='bbox 469 3702 553 3784; x_wconf 88' lang='lat' dir='ltr'><strong>qnod</strong></span> <span class='ocrx_word' id='word_1_419' title='bbox 574 3706 616 3766; x_wconf 89' lang='lat' dir='ltr'><strong>ita</strong></span> <span class='ocrx_word' id='word_1_420' title='bbox 630 3704 697 3778; x_wconf 84' lang='lat' dir='ltr'><strong>fnit,</strong></span> <span class='ocrx_word' id='word_1_421' title='bbox 720 3712 755 3764; x_wconf 91' lang='lat' dir='ltr'><strong>ut</strong></span> <span class='ocrx_word' id='word_1_422' title='bbox 776 3704 851 3764; x_wconf 90' lang='lat' dir='ltr'><strong>nihil</strong></span> <span class='ocrx_word' id='word_1_423' title='bbox 876 3725 912 3765; x_wconf 91' lang='lat' dir='ltr'><strong>eo</strong></span> <span class='ocrx_word' id='word_1_424' title='bbox 934 3705 1024 3764; x_wconf 85' lang='lat' dir='ltr'><strong>fuerit</strong></span> <span class='ocrx_word' id='word_1_425' title='bbox 1078 3703 1250 3784; x_wconf 82' lang='lat' dir='ltr'><strong>quamlibet,</strong></span> <span class='ocrx_word' id='word_1_426' title='bbox 1263 3705 1317 3766; x_wconf 92' lang='lat' dir='ltr'><strong>sed</strong></span> <span class='ocrx_word' id='word_1_427' title='bbox 1330 3707 1485 3777; x_wconf 88' lang='lat' dir='ltr'><strong>intentam,</strong></span> <span class='ocrx_word' id='word_1_428' title='bbox 1501 3715 1540 3779; x_wconf 89' lang='lat' dir='ltr'><strong>ct,</strong></span> <span class='ocrx_word' id='word_1_429' title='bbox 1555 3713 1590 3766; x_wconf 91' lang='lat' dir='ltr'><strong>ut</strong></span> <span class='ocrx_word' id='word_1_430' title='bbox 1600 3707 1644 3768; x_wconf 86' lang='lat' dir='ltr'><strong>ita</strong></span> <span class='ocrx_word' id='word_1_431' title='bbox 1654 3707 1772 3786; x_wconf 87' lang='lat' dir='ltr'><strong>loquar,</strong></span> 
     </span>
     <span class='ocr_line' id='line_1_37' title="bbox 371 3785 1771 3873; baseline -0.001 -20"><span class='ocrx_word' id='word_1_432' title='bbox 371 3785 412 3853; x_wconf 67' lang='lat' dir='ltr'><strong>h.</strong></span> <span class='ocrx_word' id='word_1_433' title='bbox 452 3791 544 3871; x_wconf 78' lang='lat' dir='ltr'><strong>Quae</strong></span> <span class='ocrx_word' id='word_1_434' title='bbox 566 3791 837 3852; x_wconf 87' lang='lat' dir='ltr'><strong>certissima-notio</strong></span> <span class='ocrx_word' id='word_1_435' title='bbox 861 3801 906 3851; x_wconf 89' lang='lat' dir='ltr'><strong>cst</strong></span> <span class='ocrx_word' id='word_1_436' title='bbox 929 3800 1023 3853; x_wconf 83' lang='lat' dir='ltr'><strong>aeter</strong></span> <span class='ocrx_word' id='word_1_437' title='bbox 1077 3793 1239 3866; x_wconf 78' lang='lat' dir='ltr'><strong>curiosam3</strong></span> <span class='ocrx_word' id='word_1_438' title='bbox 1255 3812 1334 3872; x_wconf 89' lang='lat' dir='ltr'><strong>qnae</strong></span> <span class='ocrx_word' id='word_1_439' title='bbox 1346 3792 1379 3851; x_wconf 86' lang='lat' dir='ltr'><strong>lit</strong></span> <span class='ocrx_word' id='word_1_440' title='bbox 1391 3792 1485 3852; x_wconf 87' lang='lat' dir='ltr'><strong>oculis</strong></span> <span class='ocrx_word' id='word_1_441' title='bbox 1497 3793 1620 3873; x_wconf 90' lang='lat' dir='ltr'><strong>propius</strong></span> <span class='ocrx_word' id='word_1_442' title='bbox 1633 3792 1771 3868; x_wconf 87' lang='lat' dir='ltr'><strong>admotis,</strong></span> 
     </span>
     <span class='ocr_line' id='line_1_38' title="bbox 371 3876 1771 3958; baseline 0.001 -18"><span class='ocrx_word' id='word_1_443' title='bbox 371 3878 442 3952; x_wconf 65' lang='grc' dir='ltr'><strong>ἱίος</strong></span> <span class='ocrx_word' id='word_1_444' title='bbox 477 3897 516 3937; x_wconf 87' lang='lat' dir='ltr'><strong>ac</strong></span> <span class='ocrx_word' id='word_1_445' title='bbox 544 3878 569 3935; x_wconf 93' lang='lat' dir='ltr'><strong>si</strong></span> <span class='ocrx_word' id='word_1_446' title='bbox 600 3876 743 3938; x_wconf 86' lang='lat' dir='ltr'><strong>dixisset:</strong></span> <span class='ocrx_word' id='word_1_447' title='bbox 775 3878 867 3955; x_wconf 82' lang='lat' dir='ltr'><strong>Quod</strong></span> <span class='ocrx_word' id='word_1_448' title='bbox 892 3879 958 3956; x_wconf 73' lang='lat' dir='ltr'><strong>fuit</strong></span> <span class='ocrx_word' id='word_1_449' title='bbox 983 3877 1023 3937; x_wconf 88' lang='lat' dir='ltr'><strong>ob</strong></span> <span class='ocrx_word' id='word_1_450' title='bbox 1078 3880 1167 3938; x_wconf 89' lang='lat' dir='ltr'><strong>etiam</strong></span> <span class='ocrx_word' id='word_1_451' title='bbox 1183 3876 1326 3951; x_wconf 88' lang='lat' dir='ltr'><strong>adbibita,</strong></span> <span class='ocrx_word' id='word_1_452' title='bbox 1351 3880 1377 3938; x_wconf 91' lang='lat' dir='ltr'><strong>si</strong></span> <span class='ocrx_word' id='word_1_453' title='bbox 1393 3898 1468 3958; x_wconf 88' lang='lat' dir='ltr'><strong>opus</strong></span> <span class='ocrx_word' id='word_1_454' title='bbox 1483 3879 1629 3953; x_wconf 85' lang='lat' dir='ltr'><strong>videatur,</strong></span> <span class='ocrx_word' id='word_1_455' title='bbox 1654 3886 1771 3941; x_wconf 85' lang='lat' dir='ltr'><strong>contro·</strong></span> 
     </span>
     <span class='ocr_line' id='line_1_39' title="bbox 371 3962 1656 4045; baseline 0.004 -25"><span class='ocrx_word' id='word_1_456' title='bbox 371 3973 461 4028; x_wconf 61' lang='lat' dir='ltr'><strong>vno.</strong></span> <span class='ocrx_word' id='word_1_457' title='bbox 496 3962 646 4041; x_wconf 73' lang='lat' dir='ltr'><strong>Quocirca</strong></span> <span class='ocrx_word' id='word_1_458' title='bbox 668 3963 756 4023; x_wconf 89' lang='lat' dir='ltr'><strong>nobis</strong></span> <span class='ocrx_word' id='word_1_459' title='bbox 777 3963 826 4024; x_wconf 91' lang='lat' dir='ltr'><strong>bic</strong></span> <span class='ocrx_word' id='word_1_460' title='bbox 848 3966 949 4024; x_wconf 86' lang='lat' dir='ltr'><strong>stetim</strong></span> <span class='ocrx_word' id='word_1_461' title='bbox 973 3964 1022 4025; x_wconf 90' lang='lat' dir='ltr'><strong>de·</strong></span> <span class='ocrx_word' id='word_1_462' title='bbox 1077 3966 1208 4025; x_wconf 89' lang='lat' dir='ltr'><strong>ctatione</strong></span> <span class='ocrx_word' id='word_1_463' title='bbox 1222 3984 1374 4025; x_wconf 87' lang='lat' dir='ltr'><strong>mannum.</strong></span> <span class='ocrx_word' id='word_1_464' title='bbox 1398 3964 1490 4026; x_wconf 90' lang='lat' dir='ltr'><strong>Unde</strong></span> <span class='ocrx_word' id='word_1_465' title='bbox 1504 3968 1656 4045; x_wconf 87' lang='lat' dir='ltr'><strong>seqnitur:</strong></span> 
     </span>
     <span class='ocr_line' id='line_1_40' title="bbox 371 4049 1771 4121; baseline 0.002 -11"><span class='ocrx_word' id='word_1_466' title='bbox 371 4062 465 4121; x_wconf 67' lang='lat' dir='ltr'><strong>¹atur,</strong></span> <span class='ocrx_word' id='word_1_467' title='bbox 487 4049 641 4109; x_wconf 83' lang='lat' dir='ltr'><strong>Christum</strong></span> <span class='ocrx_word' id='word_1_468' title='bbox 657 4051 715 4109; x_wconf 90' lang='lat' dir='ltr'><strong>Dei</strong></span> <span class='ocrx_word' id='word_1_469' title='bbox 730 4049 840 4109; x_wconf 83' lang='lat' dir='ltr'><strong>Filium</strong></span> <span class='ocrx_word' id='word_1_470' title='bbox 857 4069 924 4112; x_wconf 89' lang='lat' dir='ltr'><strong>esse</strong></span> <span class='ocrx_word' id='word_1_471' title='bbox 939 4052 1022 4110; x_wconf 90' lang='lat' dir='ltr'><strong>Patri</strong></span> <span class='ocrx_word' id='word_1_472' title='bbox 1121 4054 1165 4113; x_wconf 81' lang='lat' dir='ltr'><strong>Et</strong></span> <span class='ocrx_word' id='word_1_473' title='bbox 1189 4070 1304 4112; x_wconf 81' lang='lat' dir='ltr'><strong>marsus</strong></span> <span class='ocrx_word' id='word_1_474' title='bbox 1328 4060 1457 4113; x_wconf 80' lang='lat' dir='ltr'><strong>nostrae</strong></span> <span class='ocrx_word' id='word_1_475' title='bbox 1485 4059 1771 4115; x_wconf 71' lang='lat' dir='ltr'><strong>contrectaverunt.</strong></span> 
     </span>
     <span class='ocr_line' id='line_1_41' title="bbox 371 4135 1772 4215; baseline -0.001 -15"><span class='ocrx_word' id='word_1_476' title='bbox 371 4143 523 4200; x_wconf 75' lang='lat' dir='ltr'><strong>ticenum.</strong></span> <span class='ocrx_word' id='word_1_477' title='bbox 543 4136 621 4196; x_wconf 87' lang='lat' dir='ltr'><strong>Nam</strong></span> <span class='ocrx_word' id='word_1_478' title='bbox 640 4137 788 4209; x_wconf 86' lang='lat' dir='ltr'><strong>Verbum,</strong></span> <span class='ocrx_word' id='word_1_479' title='bbox 805 4135 835 4195; x_wconf 93' lang='lat' dir='ltr'><strong>id</strong></span> <span class='ocrx_word' id='word_1_480' title='bbox 849 4146 896 4198; x_wconf 88' lang='lat' dir='ltr'><strong>est</strong></span> <span class='ocrx_word' id='word_1_481' title='bbox 906 4138 1023 4210; x_wconf 84' lang='lat' dir='ltr'><strong>Filium,</strong></span> <span class='ocrx_word' id='word_1_482' title='bbox 1077 4137 1115 4198; x_wconf 93' lang='lat' dir='ltr'><strong>Id</strong></span> <span class='ocrx_word' id='word_1_483' title='bbox 1130 4146 1193 4198; x_wconf 87' lang='lat' dir='ltr'><strong>ost:</strong></span> <span class='ocrx_word' id='word_1_484' title='bbox 1214 4139 1443 4215; x_wconf 81' lang='lat' dir='ltr'><strong>palpaverunt.</strong></span> <span class='ocrx_word' id='word_1_485' title='bbox 1466 4139 1522 4199; x_wconf 84' lang='lat' dir='ltr'><strong>Est</strong></span> <span class='ocrx_word' id='word_1_486' title='bbox 1544 4141 1622 4200; x_wconf 91' lang='lat' dir='ltr'><strong>enim</strong></span> <span class='ocrx_word' id='word_1_487' title='bbox 1643 4141 1724 4202; x_wconf 92' lang='lat' dir='ltr'><strong>idem</strong></span> <span class='ocrx_word' id='word_1_488' title='bbox 1739 4140 1772 4199; x_wconf 92' lang='lat' dir='ltr'><strong>in</strong></span> 
     </span>
     <span class='ocr_line' id='line_1_42' title="bbox 371 4222 1772 4307; baseline 0.001 -20"><span class='ocrx_word' id='word_1_489' title='bbox 371 4239 376 4274; x_wconf 56' lang='grc' dir='ltr'>Ι</span> <span class='ocrx_word' id='word_1_490' title='bbox 400 4223 604 4304; x_wconf 89' lang='lat' dir='ltr'><strong>suppositum</strong></span> <span class='ocrx_word' id='word_1_491' title='bbox 626 4222 809 4302; x_wconf 86' lang='lat' dir='ltr'><strong>particulae:</strong></span> <span class='ocrx_word' id='word_1_492' title='bbox 836 4225 921 4300; x_wconf 85' lang='lat' dir='ltr'><strong>quod</strong></span> <span class='ocrx_word' id='word_1_493' title='bbox 945 4225 1021 4302; x_wconf 74' lang='lat' dir='ltr'><strong>fuit,</strong></span> <span class='ocrx_word' id='word_1_494' title='bbox 1077 4224 1194 4285; x_wconf 81' lang='lat' dir='ltr'><strong>Graeco</strong></span> <span class='ocrx_word' id='word_1_495' title='bbox 1220 4225 1413 4297; x_wconf 81' lang='lat' dir='ltr'><strong>vocabulum,</strong></span> <span class='ocrx_word' id='word_1_496' title='bbox 1444 4226 1526 4304; x_wconf 86' lang='lat' dir='ltr'><strong>qnod</strong></span> <span class='ocrx_word' id='word_1_497' title='bbox 1551 4225 1633 4307; x_wconf 89' lang='lat' dir='ltr'><strong>apud</strong></span> <span class='ocrx_word' id='word_1_498' title='bbox 1658 4228 1772 4288; x_wconf 84' lang='lat' dir='ltr'><strong>Lucam</strong></span> 
     </span>
     <span class='ocr_line' id='line_1_43' title="bbox 371 4308 1772 4391; baseline 0.003 -23"><span class='ocrx_word' id='word_1_499' title='bbox 371 4321 390 4368; x_wconf 81' lang='grc' dir='ltr'>ι</span> <span class='ocrx_word' id='word_1_500' title='bbox 413 4309 614 4383; x_wconf 86' lang='lat' dir='ltr'><strong>docebimus,</strong></span> <span class='ocrx_word' id='word_1_501' title='bbox 639 4308 726 4368; x_wconf 89' lang='lat' dir='ltr'><strong>simnl</strong></span> <span class='ocrx_word' id='word_1_502' title='bbox 750 4308 928 4389; x_wconf 84' lang='lat' dir='ltr'><strong>explicaturi</strong></span> <span class='ocrx_word' id='word_1_503' title='bbox 952 4329 1021 4389; x_wconf 86' lang='lat' dir='ltr'><strong>syn·</strong></span> <span class='ocrx_word' id='word_1_504' title='bbox 1077 4331 1141 4391; x_wconf 90' lang='lat' dir='ltr'><strong>cap.</strong></span> <span class='ocrx_word' id='word_1_505' title='bbox 1164 4312 1230 4383; x_wconf 65' lang='lat'><strong>24„</strong></span> <span class='ocrx_word' id='word_1_506' title='bbox 1257 4311 1375 4371; x_wconf 90' lang='lat' dir='ltr'><strong>dicente</strong></span> <span class='ocrx_word' id='word_1_507' title='bbox 1403 4313 1550 4372; x_wconf 88' lang='lat' dir='ltr'><strong>Domino:</strong></span> <span class='ocrx_word' id='word_1_508' title='bbox 1579 4314 1716 4391; x_wconf 82' lang='lat' dir='ltr'><strong>Palpate</strong></span> <span class='ocrx_word' id='word_1_509' title='bbox 1742 4319 1772 4372; x_wconf 90' lang='lat' dir='ltr'><strong>et</strong></span> 
     </span>
     <span class='ocr_line' id='line_1_44' title="bbox 371 4396 1770 4477; baseline 0.001 -19"><span class='ocrx_word' id='word_1_510' title='bbox 371 4397 521 4460; x_wconf 56' lang='lat' dir='ltr'><strong>{totins</strong></span> <span class='ocrx_word' id='word_1_511' title='bbox 536 4396 686 4468; x_wconf 90' lang='lat' dir='ltr'><strong>orationis,</strong></span> <span class='ocrx_word' id='word_1_512' title='bbox 710 4414 790 4475; x_wconf 87' lang='lat' dir='ltr'><strong>qnae</strong></span> <span class='ocrx_word' id='word_1_513' title='bbox 812 4396 925 4475; x_wconf 90' lang='lat' dir='ltr'><strong>alioqui</strong></span> <span class='ocrx_word' id='word_1_514' title='bbox 949 4416 1020 4456; x_wconf 90' lang='lat' dir='ltr'><strong>non·</strong></span> <span class='ocrx_word' id='word_1_515' title='bbox 1076 4397 1186 4458; x_wconf 85' lang='lat' dir='ltr'><strong>videte.</strong></span> <span class='ocrx_word' id='word_1_516' title='bbox 1211 4398 1420 4477; x_wconf 81' lang='lat' dir='ltr'><strong>Palpavernnt</strong></span> <span class='ocrx_word' id='word_1_517' title='bbox 1442 4407 1541 4459; x_wconf 88' lang='lat' dir='ltr'><strong>antem</strong></span> <span class='ocrx_word' id='word_1_518' title='bbox 1568 4418 1621 4460; x_wconf 88' lang='lat' dir='ltr'><strong>sen</strong></span> <span class='ocrx_word' id='word_1_519' title='bbox 1643 4408 1770 4463; x_wconf 81' lang='lat' dir='ltr'><strong>contre-</strong></span> 
     </span>
     <span class='ocr_line' id='line_1_45' title="bbox 371 4475 1772 4562; baseline 0.005 -22"><span class='ocrx_word' id='word_1_520' title='bbox 371 4475 385 4540; x_wconf 94' lang='lat' dir='ltr'><strong>l</strong></span> <span class='ocrx_word' id='word_1_521' title='bbox 400 4481 544 4548; x_wconf 75' lang='lat' dir='ltr'><strong>confuse</strong></span> <span class='ocrx_word' id='word_1_522' title='bbox 559 4491 605 4542; x_wconf 92' lang='lat' dir='ltr'><strong>est</strong></span> <span class='ocrx_word' id='word_1_523' title='bbox 619 4490 652 4541; x_wconf 90' lang='lat' dir='ltr'><strong>et</strong></span> <span class='ocrx_word' id='word_1_524' title='bbox 666 4482 814 4541; x_wconf 86' lang='lat' dir='ltr'><strong>intricata.</strong></span> <span class='ocrx_word' id='word_1_525' title='bbox 1076 4492 1243 4545; x_wconf 81' lang='lat' dir='ltr'><strong>staverunt</strong></span> <span class='ocrx_word' id='word_1_526' title='bbox 1258 4484 1390 4545; x_wconf 84' lang='lat' dir='ltr'><strong>Verbum</strong></span> <span class='ocrx_word' id='word_1_527' title='bbox 1413 4504 1531 4546; x_wconf 87' lang='lat' dir='ltr'><strong>cernam</strong></span> <span class='ocrx_word' id='word_1_528' title='bbox 1555 4484 1678 4562; x_wconf 79' lang='lat' dir='ltr'><strong>fectum,</strong></span> <span class='ocrx_word' id='word_1_529' title='bbox 1705 4489 1772 4548; x_wconf 82' lang='lat' dir='ltr'><strong>sive</strong></span> 
     </span>
     <span class='ocr_line' id='line_1_46' title="bbox 371 4563 1770 4652; baseline 0.003 -23"><span class='ocrx_word' id='word_1_530' title='bbox 371 4563 455 4636; x_wconf 58' lang='lat' dir='ltr'><strong>hod</strong></span> <span class='ocrx_word' id='word_1_531' title='bbox 473 4568 667 4630; x_wconf 83' lang='lat' dir='ltr'><strong>audiuimus.</strong></span> <span class='ocrx_word' id='word_1_532' title='bbox 691 4568 760 4627; x_wconf 91' lang='lat' dir='ltr'><strong>Hoc</strong></span> <span class='ocrx_word' id='word_1_533' title='bbox 776 4570 806 4627; x_wconf 91' lang='lat' dir='ltr'><strong>in</strong></span> <span class='ocrx_word' id='word_1_534' title='bbox 820 4586 951 4648; x_wconf 86' lang='lat' dir='ltr'><strong>persona</strong></span> <span class='ocrx_word' id='word_1_535' title='bbox 965 4588 1021 4629; x_wconf 85' lang='lat' dir='ltr'><strong>sua</strong></span> <span class='ocrx_word' id='word_1_536' title='bbox 1075 4580 1147 4632; x_wconf 85' lang='lat' dir='ltr'><strong>ante</strong></span> <span class='ocrx_word' id='word_1_537' title='bbox 1157 4573 1409 4632; x_wconf 87' lang='lat' dir='ltr'><strong>resurrectionem</strong></span> <span class='ocrx_word' id='word_1_538' title='bbox 1420 4574 1493 4652; x_wconf 91' lang='lat' dir='ltr'><strong>ejus,</strong></span> <span class='ocrx_word' id='word_1_539' title='bbox 1505 4578 1538 4633; x_wconf 91' lang='lat' dir='ltr'><strong>nt</strong></span> <span class='ocrx_word' id='word_1_540' title='bbox 1549 4574 1770 4651; x_wconf 89' lang='lat' dir='ltr'><strong>ipseJoannes,</strong></span> 
     </span>
     <span class='ocr_line' id='line_1_47' title="bbox 371 4653 1772 4735; baseline 0.001 -18"><span class='ocrx_word' id='word_1_541' title='bbox 371 4665 567 4724; x_wconf 60' lang='lat' dir='ltr'><strong>uterorum</strong></span> <span class='ocrx_word' id='word_1_542' title='bbox 580 4653 793 4735; x_wconf 74' lang='lat' dir='ltr'><strong>Apostolorum</strong></span> <span class='ocrx_word' id='word_1_543' title='bbox 817 4654 898 4727; x_wconf 92' lang='lat' dir='ltr'><strong>dicit,</strong></span> <span class='ocrx_word' id='word_1_544' title='bbox 921 4674 1021 4735; x_wconf 87' lang='lat' dir='ltr'><strong>quem·</strong></span> <span class='ocrx_word' id='word_1_545' title='bbox 1074 4656 1250 4718; x_wconf 86' lang='lat' dir='ltr'><strong>recumbens</strong></span> <span class='ocrx_word' id='word_1_546' title='bbox 1275 4660 1307 4718; x_wconf 93' lang='lat' dir='ltr'><strong>in</strong></span> <span class='ocrx_word' id='word_1_547' title='bbox 1333 4661 1401 4720; x_wconf 90' lang='lat' dir='ltr'><strong>sinu</strong></span> <span class='ocrx_word' id='word_1_548' title='bbox 1428 4659 1516 4733; x_wconf 86' lang='lat' dir='ltr'><strong>Jesn,</strong></span> <span class='ocrx_word' id='word_1_549' title='bbox 1542 4659 1631 4720; x_wconf 86' lang='lat' dir='ltr'><strong>Joan.</strong></span> <span class='ocrx_word' id='word_1_550' title='bbox 1657 4661 1716 4735; x_wconf 80' lang='lat'><strong>13,</strong></span> <span class='ocrx_word' id='word_1_551' title='bbox 1741 4665 1772 4719; x_wconf 92' lang='lat' dir='ltr'><strong>et</strong></span> 
     </span>
     <span class='ocr_line' id='line_1_48' title="bbox 371 4742 1768 4827; baseline 0.002 -23"><span class='ocrx_word' id='word_1_552' title='bbox 371 4745 485 4816; x_wconf 59' lang='lat' dir='ltr'><strong>ndum</strong></span> <span class='ocrx_word' id='word_1_553' title='bbox 514 4747 546 4800; x_wconf 90' lang='lat' dir='ltr'><strong>et</strong></span> <span class='ocrx_word' id='word_1_554' title='bbox 567 4742 725 4821; x_wconf 85' lang='lat' dir='ltr'><strong>sequentia</strong></span> <span class='ocrx_word' id='word_1_555' title='bbox 750 4760 875 4800; x_wconf 89' lang='lat' dir='ltr'><strong>numero</strong></span> <span class='ocrx_word' id='word_1_556' title='bbox 902 4742 1019 4821; x_wconf 85' lang='lat' dir='ltr'><strong>plurali.</strong></span> <span class='ocrx_word' id='word_1_557' title='bbox 1075 4744 1191 4815; x_wconf 89' lang='lat' dir='ltr'><strong>Petrus,</strong></span> <span class='ocrx_word' id='word_1_558' title='bbox 1207 4763 1297 4822; x_wconf 89' lang='lat' dir='ltr'><strong>quem</strong></span> <span class='ocrx_word' id='word_1_559' title='bbox 1312 4745 1405 4806; x_wconf 86' lang='lat' dir='ltr'><strong>Joens</strong></span> <span class='ocrx_word' id='word_1_560' title='bbox 1418 4755 1646 4806; x_wconf 88' lang='lat' dir='ltr'><strong>extensamanu</strong></span> <span class='ocrx_word' id='word_1_561' title='bbox 1662 4765 1768 4827; x_wconf 86' lang='lat' dir='ltr'><strong>appre-</strong></span> 
     </span>
     <span class='ocr_line' id='line_1_49' title="bbox 371 4827 1771 4914; baseline 0.005 -26"><span class='ocrx_word' id='word_1_562' title='bbox 371 4833 464 4898; x_wconf 75' lang='lat' dir='ltr'><strong>anun</strong></span> <span class='ocrx_word' id='word_1_563' title='bbox 480 4835 515 4890; x_wconf 87' lang='lat' dir='ltr'><strong>et</strong></span> <span class='ocrx_word' id='word_1_564' title='bbox 529 4827 562 4888; x_wconf 92' lang='lat' dir='ltr'><strong>in</strong></span> <span class='ocrx_word' id='word_1_565' title='bbox 575 4828 761 4907; x_wconf 75' lang='lat' dir='ltr'><strong>Evangelio:</strong></span> <span class='ocrx_word' id='word_1_566' title='bbox 790 4828 936 4888; x_wconf 83' lang='lat' dir='ltr'><strong>Vidimus</strong></span> <span class='ocrx_word' id='word_1_567' title='bbox 950 4829 1020 4903; x_wconf 83' lang='lat' dir='ltr'><strong>plo·</strong></span> <span class='ocrx_word' id='word_1_568' title='bbox 1074 4829 1193 4901; x_wconf 92' lang='lat' dir='ltr'><strong>bendit,</strong></span> <span class='ocrx_word' id='word_1_569' title='bbox 1218 4831 1324 4891; x_wconf 83' lang='lat' dir='ltr'><strong>Matth.</strong></span> <span class='ocrx_word' id='word_1_570' title='bbox 1351 4836 1414 4906; x_wconf 65' lang='lat'><strong>14„</strong></span> <span class='ocrx_word' id='word_1_571' title='bbox 1444 4839 1476 4893; x_wconf 90' lang='lat' dir='ltr'><strong>et</strong></span> <span class='ocrx_word' id='word_1_572' title='bbox 1500 4850 1601 4893; x_wconf 90' lang='lat' dir='ltr'><strong>omnes</strong></span> <span class='ocrx_word' id='word_1_573' title='bbox 1623 4833 1771 4914; x_wconf 87' lang='lat' dir='ltr'><strong>discipuli,</strong></span> 
     </span>
     <span class='ocr_line' id='line_1_50' title="bbox 371 4913 1770 5001; baseline 0.006 -28"><span class='ocrx_word' id='word_1_574' title='bbox 371 4921 393 4994; x_wconf 66' lang='grc' dir='ltr'><strong><em>ῃ</em></strong></span> <span class='ocrx_word' id='word_1_575' title='bbox 409 4921 498 4996; x_wconf 68' lang='lat' dir='ltr'><strong>ejus.</strong></span> <span class='ocrx_word' id='word_1_576' title='bbox 522 4913 589 4974; x_wconf 71' lang='lat' dir='ltr'><strong>lise</strong></span> <span class='ocrx_word' id='word_1_577' title='bbox 603 4913 736 4986; x_wconf 86' lang='lat' dir='ltr'><strong>dubium,</strong></span> <span class='ocrx_word' id='word_1_578' title='bbox 753 4915 826 4993; x_wconf 88' lang='lat' dir='ltr'><strong>quin</strong></span> <span class='ocrx_word' id='word_1_579' title='bbox 842 4914 925 4988; x_wconf 85' lang='lat' dir='ltr'><strong>baec,</strong></span> <span class='ocrx_word' id='word_1_580' title='bbox 941 4934 1020 4994; x_wconf 85' lang='lat' dir='ltr'><strong>qnae</strong></span> <span class='ocrx_word' id='word_1_581' title='bbox 1075 4917 1197 4996; x_wconf 89' lang='lat' dir='ltr'><strong>quando</strong></span> <span class='ocrx_word' id='word_1_582' title='bbox 1219 4918 1356 4978; x_wconf 83' lang='lat' dir='ltr'><strong>menibus</strong></span> <span class='ocrx_word' id='word_1_583' title='bbox 1378 4921 1444 4979; x_wconf 88' lang='lat' dir='ltr'><strong>suis</strong></span> <span class='ocrx_word' id='word_1_584' title='bbox 1457 4918 1533 4979; x_wconf 84' lang='lat' dir='ltr'><strong>lavit</strong></span> <span class='ocrx_word' id='word_1_585' title='bbox 1548 4938 1649 4980; x_wconf 87' lang='lat' dir='ltr'><strong>eorum</strong></span> <span class='ocrx_word' id='word_1_586' title='bbox 1664 4920 1770 5001; x_wconf 88' lang='lat' dir='ltr'><strong>pedes,</strong></span> 
     </span>
     <span class='ocr_line' id='line_1_51' title="bbox 371 5000 1773 5087; baseline 0.005 -26"><span class='ocrx_word' id='word_1_587' title='bbox 371 5005 488 5077; x_wconf 65' lang='lat' dir='ltr'><strong>ndito,</strong></span> <span class='ocrx_word' id='word_1_588' title='bbox 502 5001 571 5062; x_wconf 81' lang='lat' dir='ltr'><strong>viso</strong></span> <span class='ocrx_word' id='word_1_589' title='bbox 585 5008 616 5062; x_wconf 88' lang='lat' dir='ltr'><strong>et</strong></span> <span class='ocrx_word' id='word_1_590' title='bbox 626 5008 808 5062; x_wconf 87' lang='lat' dir='ltr'><strong>contrectato</strong></span> <span class='ocrx_word' id='word_1_591' title='bbox 821 5000 920 5061; x_wconf 90' lang='lat' dir='ltr'><strong>Verbo</strong></span> <span class='ocrx_word' id='word_1_592' title='bbox 935 5003 1020 5063; x_wconf 82' lang='lat' dir='ltr'><strong>vites</strong></span> <span class='ocrx_word' id='word_1_593' title='bbox 1074 5004 1098 5065; x_wconf 90' lang='lat' dir='ltr'><strong>J</strong></span> <span class='ocrx_word' id='word_1_594' title='bbox 1100 5023 1167 5065; x_wconf 88' lang='lat' dir='ltr'><strong>oan.</strong></span> <span class='ocrx_word' id='word_1_595' title='bbox 1190 5007 1256 5081; x_wconf 82' lang='lat'><strong>13.;</strong></span> <span class='ocrx_word' id='word_1_596' title='bbox 1279 5005 1346 5066; x_wconf 84' lang='lat' dir='ltr'><strong>sive</strong></span> <span class='ocrx_word' id='word_1_597' title='bbox 1370 5011 1440 5087; x_wconf 93' lang='lat' dir='ltr'><strong>post</strong></span> <span class='ocrx_word' id='word_1_598' title='bbox 1460 5008 1715 5085; x_wconf 86' lang='lat' dir='ltr'><strong>resurrectionem,</strong></span> <span class='ocrx_word' id='word_1_599' title='bbox 1736 5016 1773 5069; x_wconf 90' lang='lat' dir='ltr'><strong>nt</strong></span> 
     </span>
    </p>
   </div>
   <div class='ocr_carea' id='block_1_4' title="bbox 1492 5102 1564 5172">
    <p class='ocr_par' dir='ltr' id='par_1_4' title="bbox 1492 5102 1564 5172">
     <span class='ocr_line' id='line_1_52' title="bbox 1492 5102 1564 5172; baseline 0.028 -2"><span class='ocrx_word' id='word_1_600' title='bbox 1492 5102 1564 5172; x_wconf 73' lang='lat'><strong>43*</strong></span> 
     </span>
    </p>
   </div>
   <div class='ocr_carea' id='block_1_5' title="bbox 0 0 2228 5825">
    <p class='ocr_par' dir='ltr' id='par_1_5' title="bbox 0 0 2228 5825">
     <span class='ocr_line' id='line_1_53' title="bbox 0 0 2228 5825; baseline 0 0"><span class='ocrx_word' id='word_1_601' title='bbox 0 0 2228 5825; x_wconf 95' lang='lat' dir='ltr'><strong> </strong></span> 
     </span>
    </p>
   </div>
  </div>
 </body>
</html>
