4442 5825
377 598 444 674 ‘qq
835 606 840 611 ·
907 591 1321 649 couunsumrusncsrn

390 776 488 829 turum
510 769 687 830 constitutus
709 769 750 828 sit
771 765 916 843 Christus,
939 777 973 830 et
991 771 1087 831 omnis
1139 789 1245 831 seusus
1260 768 1350 848 bujns
1373 788 1412 829 cx
1433 776 1518 850 purte
1540 767 1594 828 ills
1615 768 1773 848 superiore
1788 787 1837 847 pe

391 863 528 916 creature
555 853 684 934 pedibus
709 856 775 934 ejus
801 856 954 935 subjecta,
981 877 1085 939 quem·
1139 856 1246 918 teudns
1265 865 1318 916 est.

391 960 559 1021 quamnou
574 944 670 1003 omuis
685 941 789 1003 eodem
805 943 901 1004 modo.
931 944 1010 1017 Nau:
1025 944 1087 1004 alic
1188 945 1336 1004 Videmus
1360 946 1472 1008 Jcsum
1498 951 1631 1019 propter
1654 944 1837 1018 passionem

391 1036 437 1089 est
450 1030 624 1102 amicorum,
645 1028 705 1090 slis
720 1030 907 1091 inimicorum
922 1030 1085 1109 subjectio,
1139 1036 1250 1093 mortis
1283 1031 1388 1106 clorio
1424 1038 1454 1089 et
1482 1031 1601 1091 bonore
1636 1037 1837 1090 coronatam.

392 1114 452 1175 alis
476 1135 597 1195 quoqne
620 1135 724 1176 earnm
743 1136 855 1191 rerum,
884 1136 963 1196 quae
985 1136 1087 1198 usque
1139 1118 1249 1179 Sensus
1266 1119 1359 1177 totins
1383 1118 1550 1177 sententias
1573 1125 1626 1177 est
1660 1118 1704 1178 A:
1719 1117 1837 1176 iuterim

391 1204 539 1277 sentiunt,
563 1222 661 1283 neque
683 1202 871 1284 intelliguntp
894 1203 1085 1284 quemadmo·
1138 1203 1295 1276 videmus,
1321 1223 1403 1276 eum,
1428 1205 1480 1283 qui
1497 1203 1651 1283 paulisper
1670 1223 1706 1263 sc
1721 1201 1837 1263 modico

392 1285 463 1348 doun
479 1288 512 1350 id
526 1289 646 1370 plenius
661 1308 681 1348 n
695 1290 780 1350 nobie
792 1291 979 1370 explicatum
994 1300 1039 1352 est
1054 1293 1086 1351 iu
1139 1299 1273 1371 tempore
1287 1289 1367 1351 inire
1381 1290 1505 1370 angelos
1527 1291 1664 1370 objectus
1679 1288 1755 1363 fuit,
1777 1290 1837 1348 Do·

391 1377 603 1439 commentario
618 1376 717 1455 Epist.
733 1381 759 1437 1.
776 1376 816 1437 ad
831 1377 900 1440 Cor.
923 1377 1021 1458 Urget
1035 1398 1086 1438 su·
1139 1380 1264 1450 minum,
1287 1379 1425 1457 iuquam,
1439 1377 1558 1451 Jesum,
1583 1385 1708 1456 propter
1723 1377 1837 1456 passio

390 1469 451 1522 tem
462 1464 506 1524 ita
517 1461 653 1524 studiose
662 1463 893 1542 generalitatem
903 1466 992 1525 istem
1005 1467 1086 1545 Apo·
1140 1485 1208 1525 uem
1220 1484 1273 1524 seu
1284 1464 1448 1524 cruciatum
1460 1465 1570 1538 mortis,
1582 1484 1673 1544 quam
1685 1465 1837 1534 sustinuit,

390 1549 499 1625 stolus,
525 1558 559 1611 ut
574 1549 743 1627 intelligant
757 1550 904 1625 Hebraei,
928 1552 1018 1612 etiam
1033 1573 1085 1613 sn·
1140 1552 1236 1632 gloria
1252 1563 1282 1610 st
1300 1550 1413 1610 bonore
1435 1550 1636 1630 undequaque
1659 1551 1793 1610 uinctum
1809 1557 1837 1610 et

390 1634 474 1714 gelos
489 1635 607 1698 Christo
630 1635 752 1715 subjici,
775 1644 835 1697 tarn
858 1637 969 1712 bonos,
996 1654 1087 1718 quam
1141 1645 1327 1717 coopertum
1357 1636 1473 1698 idest:
1503 1636 1660 1709 Videmus,
1692 1655 1761 1696 eum
1776 1644 1837 1696 toto

390 1723 493 1786 molus.
516 1724 620 1784 Utitur
634 1741 704 1783 vcro
727 1723 826 1785 verbis
841 1726 998 1805 praeteriti
1013 1735 1085 1786 tem·
1140 1727 1202 1804 jam
1217 1725 1287 1784 orbe
1302 1744 1321 1785 a
1336 1724 1452 1803 populis
1471 1721 1658 1784 credentibus
1673 1720 1837 1802 glorificari

390 1810 487 1889 poris,
509 1812 585 1872 sicut
608 1818 638 1868 ct
652 1807 831 1884 Psslmistu,
854 1821 977 1891 propter
1000 1815 1086 1873 certi·
1141 1820 1171 1872 ct
1184 1812 1339 1882 honorari,
1365 1810 1415 1871 uel
1434 1811 1600 1871 secuudum
1622 1809 1715 1884 alios,
1741 1809 1837 1889 glorie

390 1894 527 1956 tudinem
554 1896 758 1976 promissionis
786 1917 821 1957 ac
844 1896 958 1959 decreti
983 1898 1086 1959 divini.
1141 1898 1324 1969 ethonore,
1354 1905 1388 1957 ut
1415 1897 1549 1977 praemio
1573 1895 1723 1976 passionis
1751 1896 1837 1968 affici,

390 1982 469 2045 Nam
484 1981 618 2044 nondum
641 1981 735 2043 fnisse
756 1981 813 2044 boc
828 2003 862 2045 re
877 1985 944 2064 ipsc
958 1986 1087 2065 ipsoque
1140 2005 1223 2045 more
1235 2003 1373 2058 coronae,
1384 2002 1464 2063 quoe
1475 1982 1564 2043 datur
1576 1983 1715 2043 vincenti.
1741 1982 1837 2062 Quasi

391 2067 499 2130 effectu
526 2069 724 2149 completum,
754 2070 903 2145 ostendit,
933 2072 1014 2151 quod
1040 2091 1086 2133 se·
1141 2071 1239 2132 dicat:
1265 2071 1336 2133 Jam
1358 2069 1446 2130 uobis
1462 2069 1680 2149 aspicientibus
1696 2069 1837 2150 impletus

392 2156 511 2235 quitur:
1140 2156 1231 2219 illud:
1260 2157 1370 2220 Gloria
1392 2162 1422 2217 st
1443 2158 1564 2218 honore
1579 2159 1740 2217 coronasti
1756 2175 1837 2231 mm,

434 2244 528 2304 Nunc
542 2251 649 2304 cutem
663 2243 798 2306 nemum
817 2243 959 2305 videmus
978 2248 1088 2307 omnio
1142 2247 1279 2323 quamvis
1294 2243 1387 2326 paulo
1411 2251 1482 2304 ante
1503 2243 1731 2323 probrosissime
1745 2241 1837 2303 fuerit

391 2328 528 2403 subjecto
553 2333 588 2390 ei.
631 2328 788 2391 Adversus
813 2329 860 2404 id,
886 2330 967 2412 quod
993 2332 1086 2394 dixit:
1140 2332 1269 2393 babitus.
1295 2332 1399 2411 Quare
1413 2350 1474 2390 non
1489 2339 1543 2402 est,
1561 2327 1643 2410 quod
1657 2327 1837 2405 dubitemus,

391 2414 502 2479 Omnis
515 2419 582 2479 siue
597 2417 775 2496 exceptione
792 2415 913 2479 Christo
934 2437 1001 2480 esse
1017 2418 1086 2483 sub·
1141 2420 1233 2479 etiam
1258 2418 1315 2477 boc
1342 2417 1508 2496 posterius:
1539 2418 1656 2478 Omnia
1682 2415 1837 2490 subjecisti

387 2503 486 2582 jecta,
512 2512 614 2564 movet
628 2504 845 2582 objectionem,
867 2524 958 2584 qoam
973 2514 1004 2566 et
1019 2526 1086 2567 con·
1140 2505 1198 2565 sub
1210 2505 1343 2583 pedibus
1359 2509 1441 2579 ejus,
1466 2522 1520 2563 suo
1536 2513 1671 2582 tempore
1687 2503 1837 2581 compleu-

391 2591 475 2650 tinuo
501 2598 643 2651 removet.
681 2588 780 2651 Simul
802 2592 893 2651 etism
915 2589 989 2651 lacit
1011 2591 1088 2654 baec
1141 2590 1211 2652 dum
1227 2611 1311 2667 esse:
1327 2593 1501 2670 praesertim
1514 2609 1580 2651 cnm
1593 2589 1624 2650 id
1636 2590 1736 2668 ipsum
1749 2591 1837 2650 etism

391 2676 515 2755 passed
538 2676 770 2756 intelligentiam
793 2678 875 2755 ejus,
898 2676 980 2757 quod
995 2698 1088 2759 snpra
1141 2698 1221 2738 uuus
1234 2680 1315 2740 bona
1339 2686 1425 2755 psrtc
1445 2677 1591 2756 paulatim
1614 2674 1773 2736 videamus
1788 2678 1837 2738 im·

392 2761 470 2823 dixit
484 2762 522 2824 dc
536 2764 610 2823 orbe
632 2770 737 2825 terroe
757 2765 880 2841 saturo.
918 2763 989 2825 Jam
1008 2766 1087 2827 euim
1143 2764 1219 2844 pleri
1250 2786 1303 2844 peu
1335 2763 1425 2824 fidem
1462 2765 1611 2842 gentium,
1645 2762 1736 2841 juxta
1766 2762 1837 2824 illud

391 2847 521 2923 fatetur,
546 2849 681 2910 noudum
702 2851 801 2910 omniu
817 2848 937 2911 Christo
953 2851 1088 2932 subjectu
1142 2851 1253 2913 Psalm.
1276 2853 1344 2913 dli:
1373 2851 1512 2925 subjecit
1534 2849 1674 2927 populos
1698 2849 1837 2910 nobisst

393 2955 468 2998 esse.
501 2937 572 2998 Non
586 2957 657 3017 crgo
673 2937 852 3020 loquebatur
874 2937 937 2998 illic
952 2936 991 2998 de
1006 2948 1087 3000 statu
1141 2946 1247 3017 penus
1261 2939 1318 2999 sub
1330 2938 1467 3015 pedibus
1483 2940 1608 2999 nostris.

390 3022 493 3086 mnndi
507 3034 681 3104 praesente,
704 3023 759 3086 sed
774 3023 812 3085 ds
827 3043 879 3097 eo,
902 3025 955 3105 qui
968 3024 1089 3088 iuturus
1185 3027 1247 3086 Hic
1260 3044 1405 3106 quaeres,
1429 3043 1468 3084 su
1490 3034 1521 3085 et
1541 3021 1616 3084 illud
1639 3021 1836 3106 praecedens

393 3120 439 3172 est
462 3119 550 3185 tuuc,
580 3110 701 3189 quando
731 3112 831 3172 omnic
857 3110 976 3173 Christo
1004 3123 1091 3175 eruut
1144 3115 1343 3176 eonstituisti·
1365 3130 1437 3172 sum
1461 3130 1556 3189 super
1571 3128 1669 3187 opero
1684 3128 1837 3172 munuum

394 3198 539 3277 mbjeou.
573 3197 664 3259 Nunc
679 3197 817 3278 quidem,
834 3200 946 3277 inquit,
962 3219 1010 3261 res
1025 3202 1091 3282 ipss
1143 3210 1284 3274 tuarum,
1301 3197 1433 3261 noudum
1448 3201 1488 3258 sit
1498 3196 1660 3279 impletum,
1675 3196 1732 3257 scd
1744 3196 1837 3258 adbuc

393 3292 537 3359 testatur,
562 3285 691 3347 noudum
719 3286 821 3347 omnia
846 3306 951 3365 perere
977 3284 1091 3349 Obristi
1144 3286 1334 3366 implendum.
1366 3283 1564 3365 Respondeo,
1579 3291 1760 3364 potestatem
1776 3285 1837 3365 qni·

392 3373 526 3452 imperio.
549 3372 628 3433 Nem
642 3382 675 3435 et
689 3372 852 3433 daemones
864 3393 988 3453 reguum
1004 3371 1088 3435 chri·
1144 3372 1212 3434 dem
1227 3394 1263 3433 ac
1278 3373 1495 3452 praefecturam
1508 3374 1600 3434 totius
1617 3379 1776 3433 creaturae
1793 3370 1837 3431 dn

393 3460 432 3519 sti
458 3469 650 3539 oppugnant,
681 3468 712 3521 et
736 3458 872 3520 homines
897 3461 969 3520 mali
996 3460 1090 3522 bonos
1144 3468 1205 3522 tam
1215 3460 1309 3522 inisse
1320 3460 1438 3520 Christo
1450 3457 1570 3532 homiui,
1586 3457 1707 3538 quaudo
1719 3457 1837 3518 verbnu

393 3548 528 3627 affligunt
542 3567 578 3606 ec
592 3555 831 3627 persequuntur3
857 3545 989 3628 donique
1005 3547 1091 3608 multi
1144 3568 1214 3609 curo
1229 3546 1342 3608 luctum
1358 3554 1419 3621 est:
1444 3547 1665 3608 exsecutionem
1688 3564 1763 3605 vero
1779 3546 1837 3623 ejus

394 3632 493 3694 adhuc
518 3640 587 3693 sunt
612 3635 771 3706 nascituri,
801 3634 866 3694 sive
888 3632 995 3707 electi,
1025 3636 1091 3695 sive
1145 3637 1320 3713 potestatis,
1334 3631 1498 3694 secundum
1514 3653 1567 3705 cs,
1592 3633 1748 3711 quaejam
1763 3632 1837 3694 diets

393 3719 520 3799 reprobi.
555 3717 687 3781 Proinde
712 3717 845 3780 nondum
871 3718 991 3781 Christo
1021 3721 1090 3781 sub·
1144 3729 1228 3795 sunt,
1253 3722 1317 3782 fieri
1331 3719 1478 3802 paulatim
1502 3739 1538 3779 ac
1552 3717 1674 3781 taudem
1690 3719 1837 3800 impletun

390 3807 482 3885 jocii,
504 3804 558 3866 sed
573 3825 628 3865 suo
646 3814 779 3886 ternpore
794 3806 983 3886 subjiciendi.
1013 3809 1089 3870 Rur-
1145 3811 1182 3870 iri
1208 3810 1239 3869 iu
1265 3808 1397 3870 adventu
1428 3805 1526 3886 ipsius
1556 3806 1728 3867 novissimo.
1766 3805 1837 3866 Nan

394 3911 445 3956 sus
465 3900 563 3954 autem
590 3894 731 3954 convenit
755 3894 832 3954 hace
853 3896 1002 3955 sententia
1024 3914 1091 3954 cnm
1145 3897 1203 3957 etsi
1229 3914 1284 3954 rex
1311 3896 1462 3974 quispiam
1483 3895 1556 3972 jure
1578 3892 1717 3953 domiuus
1744 3892 1784 3951 sit
1810 3912 1837 3952 a:

393 3981 455 4052 iis,
470 3999 548 4062 quae
568 3980 717 4042 habentur
741 3979 842 4041 lOor.
866 3981 932 4041 15.:
961 3983 1092 4058 Oportet
1145 3983 1284 4061 princeps
1309 3980 1468 4041 rebellium
1491 3979 1692 4050 subditorum,
1719 3997 1779 4038 nou
1801 3987 1837 4038 tu»

392 4067 486 4129 ilium
500 4084 654 4142 reynero,
671 4066 771 4129 donec
783 4075 889 4145 poscat
904 4087 1010 4130 omncs
1024 4070 1091 4129 issi·
1145 4088 1215 4130 meu
1240 4067 1331 4127 habet
1354 4087 1406 4127 eos
1429 4085 1536 4127 revers
1556 4066 1724 4144 subjectos,
1751 4064 1837 4125 dona

393 4156 490 4215 mices
504 4154 560 4214 sub
573 4154 792 4231 padtbosejos.
814 4154 858 4213 n:
871 4158 994 4215 iterum:
1011 4157 1091 4218 &sm
1145 4154 1349 4217 debellaverit
1384 4152 1491 4214 Obiter
1507 4152 1714 4225 admonemus,
1733 4171 1771 4212 ex
1787 4150 1837 4212 bs«

394 4249 501 4302 cutem
515 4241 654 4316 suby‘ccto
667 4241 792 4318 fucriut
813 4241 863 4303 illi
878 4245 997 4317 omnio,
1014 4249 1091 4303 tuuc
1145 4243 1300 4323 Scriptura
1325 4243 1398 4302 sctis
1424 4238 1544 4320 colligi,
1573 4237 1655 4321 quod
1686 4237 1791 4299 videre
1818 4255 1836 4298 s

395 4329 619 4405 stipamine
638 4337 692 4388 etc.
714 4329 1092 4410 Eanamquesiguificaut,
1145 4328 1340 4390 crederenon
1352 4328 1469 4388 omnino
1483 4332 1660 4407 repugnant
1685 4322 1837 4385 oredimus

393 4412 526 4477 noudum
541 4412 770 4476 omuiaGbristo
786 4417 922 4496 subjecte
936 4435 1013 4479 esse.
1037 4415 1090 4477 Se·
1145 4418 1239 4486 enim,
1268 4414 1378 4476 desum
1399 4421 1522 4494 propter
1548 4412 1717 4493 passionem
1741 4414 1837 4472 mortis

394 4504 497 4583 quitur
512 4502 690 4581 objectionis
712 4502 830 4565 solutio.
1145 4503 1241 4582 gloria
1256 4510 1286 4561 ot
1301 4501 1413 4563 bonore
1433 4509 1622 4575 coronatum3
1650 4510 1681 4558 et
1696 4508 1800 4559 umen
1815 4498 1837 4559 is'

1146 4591 1243 4670 ipsum
1252 4588 1417 4649 uosviderc
1426 4595 1551 4648 testatur
1559 4585 1732 4665 Apostolus.
1761 4585 1837 4664 Qus·

438 4677 467 4735 9.
491 4678 576 4739 Eum
596 4684 721 4751 cutem,
748 4678 803 4754 qui
825 4675 967 4752 modico,
994 4693 1091 4752 quom
1145 4674 1296 4757 quomodo
1311 4677 1489 4746 consistant,
1512 4674 1665 4753 explicare
1681 4673 1783 4732 consti
1798 4683 1836 4732 sn

394 4763 502 4840 osupeli
517 4767 697 4826 minoratus
712 4771 762 4825 est.
798 4761 891 4842 Quod
905 4782 997 4843 supro
1012 4761 1092 4824 dixit
1144 4783 1209 4824 mus
1225 4762 1277 4823 lib.
1295 4765 1323 4823 3.
1340 4770 1415 4822 sent
1433 4760 1500 4821 dist
1518 4762 1568 4820 24.

395 4852 553 4931 interpres:
574 4850 677 4929 puolo
696 4853 803 4912 missus
818 4849 859 4909 ob
874 4850 1015 4926 anystis,
1041 4849 1092 4910 bio
1189 4850 1283 4908 Porro
1311 4846 1464 4909 sciendum
1491 4856 1552 4920 eet,
1578 4846 1613 4905 B.
1637 4844 1837 4924 Augustiunn

394 4939 502 5000 vertit:
531 4939 673 5015 modico,
705 4956 801 5017 quom
820 4937 948 5015 αηρεὶίς
978 4955 1046 5002 cum
1061 4938 1093 4998 iu
1145 4943 1221 4996 cout
1233 4935 1355 4995 Maxim.
1370 4933 1420 4995 lib.
1433 4938 1462 4997 3.
1476 4953 1541 5013 cap.
1551 4933 1601 4995 25.
1612 4941 1731 5012 purtem
1744 4932 1836 4994 illam:

395 5023 512 5087 Graeco
541 5023 622 5087 idem
648 5025 807 5107 utrobique
835 5023 964 5107 legatur.
1002 5023 1092 5087 Unde
1140 5030 1277 5102 propser
1297 5026 1479 5100 pontonem
1509 5022 1640 5097 morus,
1670 5029 1837 5083 construcu
