4442 5825
439 593 514 665 020
953 585 1362 644 commoritura

433 765 543 829 beatur
563 783 601 826 cc
623 770 806 846 praeperete
820 764 868 824 rit.
890 762 988 843 Igitur
1012 763 1135 826 meledi-
1183 764 1262 826 tetie.
1286 763 1411 825 Interim
1425 761 1507 838 ride,
1522 762 1549 825 ei
1562 781 1682 843 operae
1702 763 1828 846 pretium
1840 768 1873 827 ri·

436 852 544 913 ctionie
568 851 635 925 filii,
662 867 738 930 quoe
763 857 865 911 menet
885 850 939 911 illo
961 850 1132 912 maledictio
1184 851 1281 925 detur,
1295 850 1439 914 Lerinam
1454 850 1544 932 pluri
1557 850 1618 912 huc
1633 847 1831 913 adferentem.

435 936 570 1003 Judicie:
593 940 653 1012 lte,
668 936 840 1012 maledicti,
857 940 892 998 ia
908 941 1013 1013 iprrem
1029 945 1134 999 acter-
1230 942 1277 1000 16.
1302 941 1542 1015 correptionem
1566 954 1644 999 vera
1672 937 1788 1000 habuit
1811 957 1877 1001 mar

436 1042 527 1099 nam,
547 1023 652 1086 Metth.
669 1023 719 1083 et.
1183 1027 1341 1087 veraniar.
1366 1025 1495 1086 Graeco:
1515 1024 1799 1100 tatemerem
1813 1044 1879 1090 erro

481 1113 528 1173 15.
552 1112 828 1187 Dereliaqueatce
843 1119 962 1172 rectam
980 1114 1066 1172 eiam
1082 1129 1133 1171 er-
1182 1113 1293 1174 iraimit
1303 1113 1457 1190 propriae
1468 1113 1660 1187 inicuitatie
1675 1113 1811 1175 Sensum
1823 1113 1880 1177 rel·

436 1207 601 1260 raecrrmt.
625 1198 694 1260 Hoc
708 1196 811 1259 dicere
832 1197 965 1259 videtur:
992 1199 1064 1270 lior,
1086 1217 1132 1259 ee·
1185 1200 1230 1261 dit
1244 1201 1360 1261 limemi
1383 1201 1496 1261 versio:
1518 1199 1581 1261 Sed
1603 1198 1803 1276 redamatu·
1822 1202 1881 1279 [trit

435 1285 494 1347 mel
509 1283 614 1347 relicto
629 1291 713 1345 recte
727 1286 786 1358 vie,
804 1282 834 1344 id
851 1293 904 1358 eet,
925 1305 997 1346 vere
1013 1294 1044 1346 et
1059 1305 1133 1345 eene
1183 1286 1222 1347 dc
1237 1306 1295 1348 raa
1308 1289 1485 1363 iniquitate
1510 1285 1651 1347 'I'ametei
1663 1287 1715 1349 hic
1727 1288 1761 1349 in
1773 1286 1881 1351 Grcoec

436 1371 550 1434 christi
566 1371 710 1442 doctrine,
728 1372 794 1450 jem
817 1391 877 1432 neu
898 1374 929 1434 io
952 1392 1012 1434 uno
1028 1371 1133 1452 aliquo
1182 1394 1243 1434 non
1258 1384 1318 1434 eet:
1336 1365 1472 1448 ἀδικίας,
1490 1373 1569 1434 utin
1584 1373 1882 1454 pertepreecedmti,

436 1459 577 1539 dogmate
592 1458 767 1534 eoneieter03
783 1456 837 1520 eed
849 1460 954 1538 regeri
966 1479 1019 1539 per
1033 1459 1132 1518 verior
1182 1460 1251 1522 red-z
1268 1452 1470 1539 παρανομίας,
1494 1458 1575 1541 quod
1591 1462 1691 1540 megia
1706 1469 1882 1538 mammer-

436 1565 550 1607 errorer
572 1546 742 1619 doctrinae,
764 1564 843 1604 nune
866 1543 937 1619 lroe,
961 1565 1026 1606 erce
1049 1544 1133 1607 eliud
1181 1551 1300 1609 cionem
1317 1545 1476 1627 significet,
1499 1546 1568 1608 dum
1584 1549 1654 1624 quir
1672 1551 1779 1610 eciem
1794 1548 1882 1630 legen

436 1632 586 1708 docenter,
598 1639 687 1715 preat
698 1632 885 1691 commodum
897 1630 1029 1693 viderint
1041 1651 1130 1711 quee-
1182 1634 1287 1695 violet.
1312 1634 1391 1695 Tele
1403 1634 1480 1695 enim
1497 1643 1562 1694 eret
1572 1645 1739 1712 peccatam
1751 1634 1881 1713 Belum

436 1721 502 1782 eloi.
532 1719 569 1781 ld
596 1717 677 1801 quod
703 1718 853 1797 significet
875 1719 1067 1798 §abjunctum
1093 1720 1133 1782 de
1182 1723 1244 1801 qui,
1268 1723 1388 1801 cognite
1403 1720 1463 1782 Dei
1487 1720 1655 1794 voluntate,
1680 1721 1881 1785 nitebatur

435 1807 563 1868 Boleem
583 1803 764 1884 exemplum.
788 1804 847 1865 Hie
862 1815 1007 1867 consonet
1021 1806 1055 1866 Β.
1072 1805 1096 1865 J
1098 1826 1129 1866 rr·
1182 1810 1371 1869 eontrarium.
1402 1805 1535 1886 Quidem
1557 1808 1771 1886 suspicentur,
1799 1812 1879 1872 inter

436 1892 500 1966 dee,
523 1892 593 1954 dum
610 1913 663 1955 eor
678 1891 830 1971 appellet:
852 1893 959 1954 ridere
975 1897 1130 1954 errantia.
1182 1904 1293 1976 pretem
1310 1916 1369 1956 non
1384 1888 1586 1974 παρανομίας,
1599 1893 1655 1954 eed
1668 1892 1878 1974 παραφρανίας

478 1981 583 2043 secato·
606 1982 692 2041 ciam
715 1978 855 2040 Balaam
878 1999 916 2041 ee
937 1982 1053 2054 Baror,
1076 1983 1132 2057 qai
1182 1982 1302 2062 legieee,
1325 1981 1354 2042 id
1377 1989 1422 2042 eet
1443 1982 1633 2055 dementiae,
1659 2002 1746 2063 qaae
1762 2003 1824 2047 rex
1837 1992 1877 2046 td

436 2067 606 2128 mercedem
635 2066 815 2143 iniquitatis
850 2070 981 2128 amarit.
1030 2067 1132 2146 Hujus
1182 2071 1213 2129 in
1228 2077 1315 2149 perte
1331 2071 1480 2148 sequenti:

436 2173 557 2235 quoque
568 2155 703 2216 meminit
713 2151 822 2226 Judae,
835 2151 954 2214 dicens:
970 2155 1014 2216 Et
1025 2173 1132 2216 errore
1224 2156 1398 2231 Subiupale
1423 2164 1548 2217 matum
1577 2157 1719 2231 animal,
1748 2157 1876 2219 mmet

437 2242 573 2304 Balaam
601 2239 740 2302 mercede
767 2240 858 2318 efferi
879 2250 961 2302 runt.
996 2242 1132 2302 Historia
1182 2261 1255 2303 voce
1278 2243 1420 2320 tequam,
1439 2243 1606 2320 prohibuit
1625 2244 1813 2320 Prophetae
1832 2247 1875 2305 ie·

436 2337 484 2391 ert
497 2328 586 2389 Num.
610 2331 661 2388 22.
677 2330 729 2390 23.
742 2336 771 2386 et
789 2329 848 2399 24..
872 2327 921 2387 ubi
938 2328 1064 2389 Balaam
1083 2328 1131 2388 de·
1181 2333 1372 2407 ripicatiam.
1394 2329 1517 2391 Modum
1542 2330 1745 2410 correptionis
1767 2351 1821 2394 reu
1838 2351 1873 2392 re

436 2416 574 2478 ecribitur
590 2424 624 2476 ut
638 2424 725 2476 vater
740 2434 896 2475 munerum
911 2414 1132 2496 cupidissimos,
1182 2417 1370 2497 dergutionir
1394 2416 1533 2495 explicet
1560 2415 1631 2476 Non
1655 2419 1737 2478 enim
1764 2437 1820 2499 per
1832 2417 1873 2479 ht—

437 2499 513 2564 edeo
529 2512 564 2564 ut
578 2510 701 2582 peretur
724 2509 811 2573 eeeet,
834 2502 860 2561 ri
882 2510 983 2581 parret
1000 2504 1132 2582 impune,
1181 2505 1298 2576 minem,
1314 2502 1366 2564 red
1383 2503 1502 2564 insolito
1519 2523 1555 2563 ec
1569 2502 1725 2582 stupendo
1742 2504 1872 2567 mirceule

436 2608 491 2670 pre
516 2588 653 2650 mercede
676 2586 857 2649 maledicere
887 2589 1018 2668 populo,
1044 2608 1132 2670 quem
1181 2609 1235 2670 per
1245 2589 1405 2670 subjugato
1416 2599 1529 2649 mutum
1541 2608 1578 2650 ac
1587 2588 1751 2669 stupidum
1762 2592 1871 2664 coinel,

436 2675 551 2738 eciebet
567 2698 584 2737 e
599 2676 668 2737 Deo
684 2673 881 2737 benedictum.
906 2675 1005 2756 Quem
1025 2677 1132 2737 Petrus
1182 2676 1321 2738 videlicet
1336 2677 1451 2736 trinam
1462 2675 1593 2737 hamone
1605 2695 1685 2737 rece
1700 2677 1873 2758 loqueretar,

436 2772 526 2824 vocet
540 2764 713 2825 mercedem
737 2763 917 2838 iniquitatis
933 2783 986 2823 sec
1002 2764 1132 2838 injarti·
1182 2765 1261 2823 eicut
1275 2764 1398 2825 historie
1413 2764 1609 2824 Numerarem
1625 2772 1772 2839 teetemr,
1790 2766 1872 2846 proli·

436 2852 510 2926 tiae,
520 2848 652 2910 Graece:
667 2840 800 2923 dictricte,
812 2846 843 2908 id
853 2858 898 2909 eet
906 2859 1044 2925 emerem,
1054 2849 1131 2910 deei-
1184 2851 1262 2913 bitur
1284 2850 1344 2913 icit
1364 2850 1488 2910 Balaam
1512 2870 1531 2909 e
1552 2870 1608 2910 rue
1630 2849 1799 2927 dementia,
1823 2872 1872 2934 qm

436 2937 569 2999 deretem
586 2945 829 3017 etexrpectetem
846 2957 900 3015 pro
917 2958 1006 3019 opere
1019 2940 1133 3017 injusto
1182 2948 1287 3000 contra
1312 2938 1372 2998 Dei
1397 2938 1593 3010 voluntatem,
1619 2941 1759 3001 avaritie
1784 2941 1870 3001 rtimr

435 3025 577 3105 etimpie.
601 3027 696 3085 Hane
709 3027 792 3085 ciam
806 3023 1133 3103 perversam(sicenim
1181 3025 1280 3098 lente,
1308 3023 1554 3105 prolicieeebetur
1578 3024 1616 3085 ed
1640 3025 1871 3088 maledicendum

434 3121 598 3173 voceteem
608 3110 833 3190 eugelueNum.
845 3107 1076 3188 22.),reatavia
1086 3131 1132 3172 rc·
1182 3113 1299 3175 Israeli.
1322 3113 1392 3173 Non
1407 3110 1490 3191 quod
1505 3114 1536 3173 in
1552 3113 1655 3174 verbis
1671 3114 1782 3174 minoe
1797 3114 1872 3176 inerit

435 3198 603 3275 licta‚dicit
614 3198 779 3279 Apostolos
792 3199 864 3259 irtoe
875 3207 1007 3275 recator,
1018 3201 1135 3262 ecilicet
1183 3210 1288 3278 tperto
1313 3199 1504 3278 reprehensio
1526 3199 1593 3278 jam
1619 3198 1698 3261 dicti
1732 3201 1871 3274 criminir.

435 3289 518 3350 illice
529 3287 659 3348 Simonis
676 3285 837 3366 discipulos
852 3306 889 3345 ec
903 3305 1059 3366 sequaces,
1076 3290 1134 3360 cui,
1182 3285 1236 3348 eed
1263 3287 1335 3365 quie
1359 3306 1399 3346 ex
1420 3284 1520 3346 verbie
1541 3286 1608 3364 ejue
1635 3289 1872 3369 expostulaton'it

435 3374 1133 3455 Spiritumermctrrmemereetvenderevolenti‚
1184 3375 1350 3454 intelligere
1374 3372 1478 3434 debuit
1497 3372 1667 3453 Propheta,
1693 3376 1777 3436 viem
1799 3394 1871 3436 ecta

437 3462 515 3525 dixit
535 3460 614 3522 idem
638 3459 817 3541 Apostolus:
841 3461 983 3520 Pecunia
1005 3469 1063 3523 trra
1086 3469 1133 3521 te·
1183 3481 1249 3524 eece
1265 3479 1446 3539 perversam,
1469 3460 1597 3540 Deoque
1620 3464 1824 3538 contrariam
1842 3462 1871 3521 r'r

436 3567 507 3612 cum
530 3551 569 3611 rit
592 3550 628 3610 m
647 3548 872 3625 perditionem,
897 3548 962 3607 Act.
981 3549 1010 3608 8.
1035 3548 1133 3609 lllrrd:
1183 3558 1234 3609 cut
1249 3548 1276 3608 ei
1292 3547 1393 3607 atatim
1409 3545 1446 3606 eb
1462 3546 1571 3625 angelo
1588 3547 1804 3610 denuntiatam
1818 3548 1872 3610 icit

436 3634 927 3716 exBeeor,queeetionemhabet;
940 3653 1008 3694 nem
1019 3634 1133 3697 Graece
1183 3634 1278 3713 Cujus
1301 3635 1391 3694 etiem
1414 3634 1577 3694 ministerio
1601 3655 1664 3694 vox
1679 3634 1831 3698 humum
1841 3636 1871 3696 ti·

436 3734 498 3788 eet:
522 3722 575 3783 τοῦ
596 3716 689 3802 βοαὸρ
697 3768 708 3799 ,
732 3725 831 3800 ipriae
854 3723 976 3798 Boram
1000 3730 1033 3782 ut
1055 3722 1133 3782 filine
1182 3722 1261 3782 mille
1277 3725 1307 3781 in
1323 3740 1374 3780 ore
1389 3721 1496 3781 erinae
1510 3719 1609 3781 iuerat
1623 3740 1643 3779 e
1659 3721 1730 3781 Deo
1746 3720 1871 3784 soma

435 3815 530 3875 Boeor
545 3810 674 3891 intelligi
689 3812 792 3891 poerit.
814 3808 884 3871 lieet
898 3808 1054 3890 Scriptum
1068 3810 1131 3870 No·
1224 3809 1318 3870 Porro
1339 3805 1510 3886 supplenda
1532 3815 1580 3868 eet
1602 3808 1739 3869 αιιιειίίι
1761 3811 1870 3890 conju·

436 3918 583 3963 merorum
609 3906 726 3979 patrem
750 3898 816 3977 ejus
842 3917 902 3958 non
928 3899 1050 3971 Boror,
1078 3896 1133 3957 red
1182 3897 1258 3957 ctio:
1274 3897 1358 3957 Nam
1367 3894 1607 3969 rabiapalcetc„
1625 3914 1720 3975 quem
1734 3895 1873 3959 interdu

435 3991 522 4050 Beer
539 3988 689 4062 nominet;
712 3987 770 4047 niei
791 3983 868 4044 forte
891 3982 1041 4045 binomine
1064 3983 1131 4044 init.
1182 3983 1333 4044 subticent
1346 3990 1377 4043 et
1392 3980 1618 4060 intelligendam
1631 3981 1814 4065 relinquunt
1824 3982 1873 4044 He

435 4076 512 4137 Nem
534 4072 725 4152 Augustinus
748 4080 863 4152 quaest
881 4072 932 4131 48.
956 4089 1047 4152 mper
1069 4071 1131 4131 Nc·
1181 4071 1264 4132 breei
1292 4079 1324 4130 et
1349 4067 1410 4129 elii.
1448 4068 1514 4129 Nec
1539 4069 1568 4128 in
1599 4067 1720 4131 Graece
1749 4069 1872 4132 additor:

435 4179 540 4231 meroe,
563 4161 692 4221 recitene
708 4160 786 4220 bunc
803 4157 886 4217 Petri
907 4157 1017 4230 locum,
1040 4157 1132 4238 legit:
1181 4157 1317 4230 animal,
1339 4156 1381 4217 uti
1397 4175 1454 4217 nec
1475 4153 1557 4234 opud
1571 4154 1700 4228 Bedcm.
1725 4176 1784 4219 nec
1803 4151 1874 4238 opud

435 4248 496 4326 filii
521 4249 625 4320 Beer,
652 4257 804 4327 tamquam
831 4242 911 4305 idem
937 4245 978 4304 rit
998 4245 1078 4306 Beor
1103 4253 1133 4305 et
1182 4244 1372 4323 Gregorium,
1389 4239 1492 4303 Curae
1514 4250 1625 4323 partor.
1642 4252 1721 4323 pert.
1739 4249 1769 4307 a
1784 4242 1872 4304 edne

434 4337 539 4397 Boeor.
576 4332 633 4393 Vel
660 4353 699 4394 ex
726 4331 843 4394 Graeco
871 4338 974 4410 poteri
1004 4331 1133 4413 intelligi
1180 4332 1233 4392 nit
1251 4336 1310 4404 13..
1324 4330 1376 4391 ubi
1392 4328 1471 4389 hune
1486 4328 1583 4390 lecum
1599 4327 1744 4406 adducit5
1759 4329 1874 4411 deniare

435 4430 532 4486 natae
543 4423 579 4482 ia
591 4421 670 4496 loeo,
679 4422 732 4481 eui
742 4437 860 4480 nomen
872 4419 983 4479 Boror.
1000 4418 1037 4480 Id
1050 4415 1132 4498 qnod
1182 4439 1238 4480 nec
1254 4418 1286 4478 in
1301 4416 1439 4478 omnibus
1461 4414 1647 4495 antigraphis
1663 4416 1797 4478 Latinio.
1819 4415 1873 4478 Ner

436 4511 536 4591 placet
550 4506 653 4571 Bedee
667 4515 698 4569 et
711 4507 778 4567 aliie
802 4505 961 4566 nonnullie
984 4505 1038 4567 Fit
1053 4508 1132 4567 enim
1182 4525 1255 4566 eene
1278 4524 1361 4585 opor,
1386 4512 1419 4563 ut
1442 4501 1578 4563 addetur.
1609 4501 1688 4563 Nem
1711 4496 1873 4581 ὕπαζίῃαν,

435 4596 516 4660 illiue
538 4597 597 4657 loci
619 4595 732 4656 mentio
747 4594 841 4654 Dent
856 4594 886 4654 4.
903 4602 934 4653 et
950 4592 1032 4667 olibi,
1057 4604 1129 4654 tem·
1182 4590 1214 4653 id
1229 4601 1275 4653 eet
1292 4590 1468 4667 rotmaro,
1492 4587 1687 4651 robetentive
1709 4594 1874 4652 rumituret

435 4703 525 4768 quem
537 4684 619 4745 urbie
630 4684 662 4743 in
673 4678 798 4741 Macron
814 4682 898 4741 ritae
914 4679 1029 4742 Verum
1041 4680 1133 4760 priori
1182 4680 1306 4741 animal
1321 4676 1464 4753 includit3
1488 4675 1573 4737 velut
1587 4678 1614 4736 ei
1629 4674 1735 4739 dicer:
1755 4683 1874 4754 jamm-

435 4771 610 4843 irrtellectui,
625 4788 714 4851 quem
732 4766 854 4829 eredunt
867 4768 1058 4842 recentiores,
1076 4767 1131 4828 Er·
1182 4775 1259 4829 tam.
1274 4767 1388 4827 Rumor
1411 4765 1442 4824 in
1458 4783 1503 4837 eo,
1526 4761 1610 4843 quod
1626 4761 1750 4826 Graece
1766 4765 1873 4831 bremt

435 4877 545 4931 umus,
561 4856 735 4938 Oejetanne,
751 4853 935 4934 (irrigarem,
949 4853 1087 4917 Ademne
1102 4862 1133 4914 et
1183 4863 1276 4934 etque
1302 4853 1392 4912 etiem
1417 4849 1529 4911 Latine
1550 4848 1718 4931 queedem,
1745 4850 1872 4915 Bedret

435 4946 495 5019 elii,
510 4944 596 5005 levet
611 4942 754 5005 articulus
768 4942 834 5017 τοῦ,
855 4945 907 5023 qui
931 4943 1028 5021 megie
1052 4940 1132 5002 eolat
1183 4940 1329 5021 Gregorio
1341 4934 1592 5017 suffragantibus:
1608 4940 1647 4999 m
1659 4940 1800 5003 hominii
1811 4954 1870 5001 vett

434 5039 589 5117 petentem
611 5031 782 5113 deriguere,
803 5050 893 5114 quem
909 5029 1007 5093 locam
1022 5028 1129 5092 ortivi·
1182 5029 1323 5108 torrem,
1339 5023 1516 5088 meniieetar
1529 5024 1740 5128 Hebraiemcr
1754 5035 1805 5092 ett-
