4442 5825
398 612 470 682 148
916 603 1342 663 coemurssrusncssm.

392 780 548 853 Abrahae,
578 779 699 859 quando
725 780 860 843 obviavit
882 783 910 843 ei
932 781 1088 843 Melclrise·
1141 781 1211 844 dum
1226 778 1450 855 nascendi‚non
1464 777 1739 860 supernaturalem
1752 778 1817 860 quis,

395 868 480 929 decb.
514 868 604 927 Hunc
618 867 728 927 nodum
752 871 793 929 its
807 869 943 930 nonnulli
957 869 1089 941 solvunt,
1143 873 1194 948 qrri
1226 872 1282 931 boc
1307 867 1395 928 modo
1420 870 1568 941 nascitur,
1599 869 1676 928 sicut
1706 863 1819 927 saturni

394 964 428 1016 ut
442 955 551 1027 dicent,
571 955 609 1014 ab
627 958 681 1015 hec
697 955 766 1035 lege
782 957 986 1015 decimanoru-
1008 976 1088 1015 ,rrum
1143 956 1208 1035 lege
1234 953 1377 1016 nascendi
1398 957 1535 1034 superior
1559 963 1621 1025 est,
1647 955 1692 1013 its
1717 961 1746 1012 et
1767 950 1823 1032 legs

394 1050 550 1121 exceptum
572 1040 700 1121 intelligi
730 1043 856 1113 debore,
882 1044 969 1121 cujus
990 1044 1088 1121 figura
1142 1042 1333 1103 decimarum.
1357 1041 1405 1101 Ite
1420 1041 1543 1122 quidam
1559 1060 1620 1099 non
1634 1039 1751 1100 mala.

392 1127 449 1189 luit
477 1129 543 1208 ipse
572 1127 753 1189 decimsrum
789 1137 944 1209 acceptor,
980 1130 1010 1189 id
1041 1142 1089 1188 est
1184 1128 1245 1189 bed
1260 1129 1425 1208 pleniorem
1449 1148 1485 1188 ac
1507 1125 1731 1207 profundiorem
1751 1123 1825 1203 hs'p

392 1214 553 1277 Christum.
1141 1216 1318 1292 objectionis
1341 1215 1533 1286 solutionem,
1561 1222 1666 1294 utpote
1690 1220 1825 1290 sumpts!

435 1301 547 1374 Aliter,
562 1321 599 1361 ac
613 1310 714 1363 nostro
725 1302 843 1381 judicio
858 1301 984 1373 doctius,
997 1301 1090 1361 solvit
1142 1319 1181 1361 ex
1195 1303 1325 1381 mystica
1340 1302 1456 1363 ratione
1480 1299 1705 1371 decimationis,
1728 1296 1827 1358 indue

392 1390 579 1468 Augustinus
595 1387 646 1449 lib.
664 1391 712 1450 10.
729 1389 767 1449 de
778 1388 891 1450 Genea.
905 1388 944 1448 ad
960 1388 1003 1450 lit.
1021 1407 1086 1467 cap.
1140 1388 1328 1467 Augustinus
1344 1388 1446 1448 eudem
1461 1387 1543 1461 loco,
1565 1386 1668 1447 verbis
1691 1382 1826 1464 sequuti·

393 1478 443 1538 29.
479 1475 654 1555 Respondet
672 1478 769 1551 onim,
795 1497 855 1537 nen
879 1477 920 1535 ita
936 1474 1088 1536 Christum
1141 1475 1214 1545 bus,
1229 1475 1280 1534 ubi
1295 1477 1353 1536 ait:
1370 1477 1443 1535 Non
1458 1482 1563 1534 autem
1580 1480 1611 1533 et
1624 1473 1680 1532 ille
1695 1470 1740 1531 ibi
1755 1470 1827 1531 deci·

391 1565 424 1623 in
444 1562 551 1623 lumbis
574 1561 714 1624 Abrabae
735 1562 844 1635 inisse,
866 1564 944 1622 eieut
957 1563 1033 1622 Levi
1057 1568 1088 1620 et
1141 1568 1246 1620 mutus
1262 1567 1322 1636 est,
1346 1565 1437 1638 cujus
1458 1579 1533 1621 caro
1555 1560 1631 1621 inde
1646 1575 1716 1620 non
1730 1558 1826 1636 [aaa

391 1658 527 1710 caeteros
542 1649 683 1709 Abrahae
694 1658 838 1729 posteros.
861 1650 945 1710 Nam
953 1692 964 1723 ,
980 1649 1086 1726 iuquit,
1141 1666 1207 1706 rem
1223 1648 1383 1723 uulneris,
1398 1647 1452 1708 sed
1467 1651 1636 1707 materiam
1654 1644 1826 1706 maim

390 1737 564 1798 secundum
586 1739 744 1797 rationem
764 1737 948 1796 seminalem
964 1735 1008 1794 ibi
1021 1736 1088 1811 fait
1141 1738 1192 1794 nis
1206 1737 1315 1795 traete
1339 1738 1506 1796 Nemeum
1524 1737 1594 1810 ipsa
1610 1720 1825 1793 decimationi

390 1824 481 1898 Levi,
497 1841 561 1898 qua
575 1825 701 1884 ratione
714 1842 775 1899 per
791 1823 991 1884 concubitum
1008 1839 1087 1880 vcn-
1137 1819 1427 1897 praefigurandam
1451 1821 1643 1881 medicinam
1664 1821 1825 1894 prmissa.

393 1917 485 1971 tunes
499 1916 568 1969 crat
582 1912 619 1970 in
633 1918 768 1969 matrem
774 1933 786 1988 ,-
802 1910 975 1971 seeundum
990 1926 1087 1984 quam
1140 1908 1223 1966 illud
1248 1911 1283 1968 in
1311 1909 1459 1970 Abrahae
1485 1925 1582 1968 coesse
1607 1905 1824 1975 decimabatur,

390 1998 549 2058 rationem
565 2015 631 2057 non
647 1997 691 2055 ibi
706 2004 774 2056 erut
791 1999 904 2059 Obsius·
925 2012 1008 2054 caro.
1045 1994 1087 2053 Et
1140 1995 1225 2071 quod
1240 1996 1432 2071 curabatur,·
1447 2013 1514 2055 non
1529 1994 1624 2068 illesd,
1639 1992 1730 2054 unde
1744 2007 1825 2051 curs·

390 2092 583 2165 postpauca:
613 2084 694 2144 Levi
709 2087 744 2144 in
767 2083 881 2143 lumbis
900 2082 966 2159 suit
982 2082 1087 2140 Abru-
1141 2082 1251 2155 batur,
1268 2090 1302 2141 et
1315 2101 1393 2163 quae
1409 2091 1585 2161 sequuntur.
1608 2080 1657 2140 Ex
1672 2078 1823 2160 quibusin-

391 2171 636 2232 lacescendum
659 2173 944 2247 concupiscentium
968 2186 1087 2227 carna·
1140 2167 1302 2246 colligitur,
1320 2169 1400 2229 solos
1415 2168 1483 2228 illos
1496 2166 1640 2227 Abrahae
1656 2164 1824 2245 posterosis

391 2259 452 2319 lem
458 2280 471 2334 ,·
487 2259 628 2320 Christus
638 2265 744 2319 autem
756 2257 926 2318 secundum
938 2255 1087 2315 substen-
1140 2275 1176 2316 eo
1208 2254 1370 2316 decimatos
1399 2258 1508 2330 lubae,
1538 2262 1569 2314 et
1597 2251 1824 2313 benedictione·

391 2349 470 2406 tiam
499 2346 705 2422 corporalem.
755 2347 833 2406 &sm
867 2347 950 2404 enim
982 2345 1022 2401 sit
1050 2345 1087 2402 in
1141 2346 1302 2423 accepisse,
1329 2346 1381 2425 qui
1404 2341 1566 2404 secundum
1594 2340 1748 2402 carnalem
1768 2355 1823 2400 en·

390 2434 508 2494 semine
523 2439 552 2492 et
566 2432 699 2492 visibilis
713 2433 931 2508 corpulentia,
955 2437 985 2488 et
999 2430 1087 2490 invi·
1140 2435 1357 2512 cupiscentiam
1372 2450 1411 2491 ex
1426 2450 1461 2490 eo
1477 2431 1586 2509 geniti,
1614 2429 1749 2508 ideoque
1770 2442 1824 2515 μ·

390 2519 490 2580 sibilis
524 2522 627 2593 ratio,
663 2525 835 2594 ulnamque
871 2521 1012 2578 cucurrit
1048 2534 1087 2577 cu·
1140 2528 1208 2581 cato
1232 2540 1268 2580 ec
1289 2517 1447 2580 maledieto
1471 2518 1610 2592 obnoxii,
1637 2518 1830 2580 deeimstien

391 2605 572 2680 Abrabasn,
604 2606 653 2665 uel
669 2607 777 2664 -etiam
807 2621 845 2664 ce
873 2607 943 2679 ipso
970 2604 1085 2678 Adam,
1140 2616 1289 2686 eguerunt
1304 2614 1406 2667 contra
1422 2605 1559 2686 culpam,
1579 2613 1610 2666 et
1623 2606 1822 2669 benedictioni

389 2692 548 2769 usquead
563 2708 678 2767 corpses
692 2691 828 2764 Mariae,
845 2692 922 2766 quia
938 2696 968 2749 et
982 2693 1086 2766 ipsum
1140 2704 1245 2754 cantra
1259 2691 1508 2754 maledictionem.
1545 2693 1620 2755 Ideo
1643 2694 1822 2778 namquedt

391 2794 427 2839 eo
455 2778 550 2837 modo
579 2784 763 2853 conceptum
800 2784 830 2836 et
858 2783 1001 2837 exortum
1033 2786 1086 2838 eet.
1140 2783 1233 2840 cimae
1266 2779 1411 2840 secerdoti
1441 2780 1621 2852 offeruntur,
1645 2788 1682 2841 nt
1711 2784 1763 2846 ille
1780 2798 1822 2865 μ·

393 2866 535 2928 Obrimus
564 2871 670 2925 auten
700 2863 856 2925 visibilem
881 2865 988 2924 earnis
1013 2866 1086 2925 sub·
1139 2869 1269 2946 pcccatis
1305 2867 1488 2928 offerentium
1528 2866 1717 2950 deprecetur
1762 2870 1821 2935 01

391 2952 544 3013 mannam
570 2949 608 3011 de
635 2969 732 3011 carne
769 2951 908 3025 Virginis
937 2953 1085 3029 compen
1139 2957 1230 3034 igitur
1265 2951 1402 3013 Christus
1432 2954 1525 3014 solam
1564 2958 1666 3018 earnis
1703 2959 1820 3021 substet*

390 3041 475 3099 ratio
498 3055 574 3098 vero
596 3040 809 3113 conceptionis
832 3040 899 3111 ejus
921 3055 988 3097 non
1003 3056 1024 3096 a
1038 3059 1085 3100 se·
1140 3042 1212 3101 tiam
1239 3061 1276 3101 ex
1306 3040 1459 3101 Abraham
1486 3043 1624 3113 ueremi,
1655 3064 1718 3106 non
1746 3047 1820 3108 stin

391 3127 477 3185 mine
495 3124 599 3199 uirili,
615 3125 669 3184 sed
683 3125 775 3200 lonae
790 3124 886 3183 aliter
900 3141 938 3182 ac
953 3124 1086 3202 desuper
1139 3129 1245 3187 vitium
1275 3129 1374 3186 carnis
1403 3126 1474 3187 inde
1502 3131 1703 3201 conuenerit,
1718 3125 1720 3130 ’
1733 3133 1820 3210 ube!

391 3214 487 3273 uenit
510 3210 597 3271 Haec
613 3219 645 3271 et
657 3210 746 3291 plura
757 3229 793 3270 eo
808 3209 875 3270 loeo
887 3212 1084 3288 Augustinus.
1139 3233 1195 3274 nec
1213 3212 1379 3273 decimatus
1403 3215 1434 3274 in
1449 3213 1600 3274 Abraham
1623 3213 1766 3279 dicendus
1779 3219 1818 3288 d

434 3298 545 3358 Verum
562 3297 688 3361 instabis
701 3296 814 3371 adbuc,
831 3303 860 3356 et
875 3315 1014 3375 quaeres,
1032 3319 1086 3360 cur
1138 3321 1193 3361 nec
1212 3299 1421 3361 benedictione
1442 3298 1588 3373 donatus,
1614 3301 1712 3364 nihilo
1732 3302 1819 3384 mag!

391 3384 529 3446 Christus
544 3384 582 3444 ob
598 3382 627 3443 id
643 3384 748 3444 saltem
771 3404 831 3444 non
846 3384 942 3463 possit
958 3381 1016 3444 dici
1032 3386 1084 3446 de·
1139 3406 1229 3465 qusm
1252 3384 1397 3447 dicendus
1419 3387 1460 3445 sit
1480 3388 1511 3447 in
1527 3385 1624 3446 Adam
1647 3390 1817 3465 puevnss

390 3472 516 3532 cimatus
531 3471 561 3529 iu
577 3469 746 3542 Abraham,
762 3471 832 3549 quis
848 3470 880 3529 in
895 3468 1003 3529 lumbis
1019 3473 1085 3551 ejus
1138 3482 1203 3546 tus,
1233 3473 1264 3532 in
1293 3473 1381 3551 eujus
1409 3472 1511 3532 itidem
1538 3471 1651 3534 lumbis
1678 3473 1819 3537 md-

389 3558 446 3618 fnit
470 3555 632 3617 secundum
659 3555 841 3634 corporalem
868 3554 1084 3633 substantiam
1139 3559 1322 3638 corporalem
1347 3558 1558 3631 substantiam,
1585 3577 1647 3620 non
1674 3560 1818 3624 secundm

391 3640 638 3722 qnandoquidem
660 3642 718 3702 hee
738 3643 853 3702 ratione
874 3659 945 3700 vere
967 3650 995 3702 et
1017 3664 1083 3724 pro·
1140 3646 1289 3706 ramalem
1319 3644 1588 3723 concupiscentiam
1625 3643 1695 3708 fuit
1746 3647 1819 3710 ΠΙ

388 3731 455 3809 prie
469 3736 593 3789 vocetur
607 3727 688 3787 filius
703 3727 843 3788 Abrabae
858 3728 964 3787 blattb.
983 3733 1024 3802 1.‚
1055 3738 1085 3791 et
1139 3732 1299 3811 Augustini
1324 3733 1548 3810 responsionem
1572 3731 1705 3811 probant
1729 3743 1760 3796 et
1780 3747 1818 3794 ea·

390 3833 492 3876 semen
516 3815 581 3894 ojus
596 3814 674 3876 Gen.
691 3816 740 3876 22.
760 3823 790 3875 st
805 3812 871 3874 Gal.
890 3817 934 3886 3.,
961 3817 1040 3876 sicut
1055 3828 1086 3877 et
1138 3818 1253 3898 plicant
1266 3818 1358 3896 Hngo
1373 3818 1546 3879 Victorinus
1568 3817 1620 3879 lib.
1637 3823 1667 3881 2.
1687 3819 1727 3881 do
1739 3835 1817 3881 m

390 3900 470 3961 filius
481 3898 583 3962 David
595 3899 675 3981 apud
688 3900 908 3980 Evmgelisme
924 3908 955 3960 ot
969 3901 1085 3964 fructus
1138 3906 1259 3976 mentis,
1286 3923 1351 3983 cap.
1379 3904 1424 3977 b..
1449 3913 1481 3965 ct
1506 3904 1618 3965 Petrus
1647 3902 1820 3968 Lombsrd!

390 3989 507 4050 ventris
521 3988 587 4067 ejus
600 3988 710 4049 Psalm.
725 3986 818 4048 131.?
833 3986 882 4047 Ad
895 3986 952 4048 hoe
963 4009 1082 4069 respon·
1138 3990 1235 4052 libb.
1259 3997 1332 4050 sent.
1356 3987 1422 4050 dist
1446 3992 1492 4062 3.,
1518 3998 1549 4052 et
1570 3994 1819 4055 communiter-ss·

391 4072 443 4134 det
466 4074 603 4155 quidem,
633 4073 783 4134 Christum
805 4073 916 4134 ideirco
937 4095 997 4137 non
1018 4095 1085 4137 esse
1140 4084 1273 4156 qnuntur
1288 4075 1457 4137 scholastici
1473 4076 1620 4139 doctores.

391 4158 569 4221 decimatum
599 4162 629 4220 in
651 4159 819 4233 Abrabam,
846 4161 926 4220 sieut
950 4170 1085 4223 caeteros
1182 4162 1241 4224 Sed
1262 4165 1438 4244 priusquam
1460 4163 1691 4243 progrediamur
1711 4167 1743 4228 in
1757 4181 1818 4227 sol·

391 4246 458 4325 ejus
482 4246 575 4318 filios,
605 4248 677 4324 quia
706 4266 766 4308 neu
788 4249 832 4308 sic
858 4250 977 4309 omnino
1003 4249 1084 4309 filius
1139 4250 1293 4321 monterio,
1308 4248 1490 4310 removenda
1505 4250 1714 4331 eatquaodam
1729 4252 1818 4314 hasa

390 4332 533 4393 Abrabae
548 4333 619 4405 luit,
633 4342 669 4394 ut
683 4334 810 4410 caeteri3
836 4343 942 4412 utpote
958 4338 1084 4414 quinon
1137 4338 1261 4396 ticorum
1284 4336 1427 4416 objectio,
1454 4354 1544 4416 quem
1565 4357 1604 4398 ex
1625 4332 1818 4417 Apostolofl

389 4420 485 4482 solum
501 4421 563 4480 nuti
577 4417 688 4480 ineunt
702 4439 741 4480 ex
763 4422 815 4492 iis,
840 4439 916 4501 quos
930 4421 1084 4483 Abrabam
1137 4420 1357 4483 Melchisedech
1379 4423 1543 4484 disserente
1561 4434 1687 4488 movent
1701 4415 1819 4488 (law

389 4528 445 4589 per
459 4506 651 4567 concubitum
666 4508 850 4587 procreavit,
874 4526 977 4568 verum
993 4509 1084 4569 etiam
1138 4512 1181 4569 cis
1195 4506 1341 4569 adversus
1357 4509 1535 4588 sucrificium
1550 4508 1683 4585 Missae,
1706 4507 1824 4593 quod»

360 4609 364 4616 ·
390 4614 409 4653 a
435 4593 578 4674 proximis
604 4593 779 4671 parentibus
802 4595 859 4674 ipsi
881 4594 970 4656 simili
996 4594 1084 4655 modo
1137 4594 1275 4656 Ecclesia
1297 4596 1413 4675 jugiter
1435 4595 1613 4657 celebratur.
1651 4597 1729 4660 (ium
1829 4589 1830 4594 ¹

390 4681 502 4760 geniti3
531 4678 609 4762 quod
626 4698 645 4738 a
663 4678 783 4740 Christo
804 4680 936 4742 alienum
959 4690 1014 4740 est.
1053 4681 1085 4741 Ie
1138 4681 1344 4743 Ostbolieasit
1358 4683 1696 4755 doctrins‚sacrificium
1706 4685 1785 4748 boc¹
1822 4711 1824 4718 ·

391 4768 469 4826 enim
486 4770 542 4827 etsi
557 4776 645 4828 uatus
661 4767 700 4826 sit
714 4787 752 4828 ex
766 4776 861 4827 matre
878 4786 931 4847 por
946 4768 1082 4829 concubi·
1137 4769 1303 4828 institntum
1315 4770 1460 4831 schristo
1471 4772 1502 4830 in
1514 4768 1818 4854 ultimecoeneqnes

390 4859 454 4913 tum
469 4863 638 4933 procreata,
666 4873 726 4915 non
740 4862 842 4914 temen
856 4854 922 4933 ipse
937 4872 975 4914 ex
991 4873 1026 4914 es
1041 4856 1083 4914 sic
1137 4852 1175 4915 do
1187 4854 1241 4915 sub
1254 4856 1410 4934 speciebus
1419 4859 1506 4936 panis
1518 4866 1548 4916 et
1559 4858 1620 4917 viui
1629 4877 1739 4937 corpus
1746 4871 1819 4920 aun

389 4941 507 5019 genitus
522 4948 577 5001 eat.
600 4940 723 5001 Summa
737 4941 939 5020 responsionis
955 4951 1016 5014 eet,
1032 4939 1081 5001 de·
1137 4949 1167 5001 et
1179 4944 1352 5020 sanguinem
1368 4943 1436 5004 Deo
1452 4942 1534 5002 Patri
1547 4942 1664 5016 obtulit,
1680 4945 1820 5027 temque&

388 5026 533 5090 chum
546 5028 722 5091 servitutem
743 5027 830 5107 aoqtd
843 5028 1007 5089 naturalem
1022 5047 1083 5088 mo
1137 5025 1275 5090 umrdos
1283 5028 1448 5091 secundum
1456 5029 1591 5091 ordinem
1602 5025 1822 5102 Hulehissdd
