<?xml version="1.0" encoding="UTF-8"?>
<!DOCTYPE html PUBLIC "-//W3C//DTD XHTML 1.0 Transitional//EN"
    "http://www.w3.org/TR/xhtml1/DTD/xhtml1-transitional.dtd">
<html xmlns="http://www.w3.org/1999/xhtml" xml:lang="en" lang="en">
 <head>
  <title>
</title>
<meta http-equiv="Content-Type" content="text/html;charset=utf-8" />
  <meta name='ocr-system' content='tesseract 3.04.00' />
  <meta name='ocr-capabilities' content='ocr_page ocr_carea ocr_par ocr_line ocrx_word'/>
</head>
<body>
  <div class='ocr_page' id='page_1' title='image "./guilielmiestiii01estigoog_0573.png"; bbox 0 0 4442 5825; ppageno 0'>
   <div class='ocr_carea' id='block_1_1' title="bbox 620 590 1634 676">
    <p class='ocr_par' dir='ltr' id='par_1_1' title="bbox 620 590 1634 676">
     <span class='ocr_line' id='line_1_1' title="bbox 620 590 1634 676; baseline 0.008 -22"><span class='ocrx_word' id='word_1_1' title='bbox 620 590 781 656; x_wconf 79' lang='lat' dir='ltr'>mrsromr</span> <span class='ocrx_word' id='word_1_2' title='bbox 798 598 815 655; x_wconf 85' lang='lat'>1.</span> <span class='ocrx_word' id='word_1_3' title='bbox 833 599 920 655; x_wconf 78' lang='lat' dir='ltr'>essu</span> <span class='ocrx_word' id='word_1_4' title='bbox 937 598 1032 654; x_wconf 73' lang='lat' dir='ltr'>reret.</span> <span class='ocrx_word' id='word_1_5' title='bbox 1053 596 1137 653; x_wconf 76' lang='lat' dir='ltr'>uses,</span> <span class='ocrx_word' id='word_1_6' title='bbox 1158 601 1196 654; x_wconf 84' lang='lat' dir='ltr'>u.</span> <span class='ocrx_word' id='word_1_7' title='bbox 1562 597 1634 676; x_wconf 71' lang='lat'>563</span> 
     </span>
    </p>
   </div>
   <div class='ocr_carea' id='block_1_2' title="bbox 370 774 1649 5122">
    <p class='ocr_par' dir='ltr' id='par_1_2' title="bbox 370 774 1649 5122">
     <span class='ocr_line' id='line_1_2' title="bbox 371 774 1636 856; baseline -0.001 -16"><span class='ocrx_word' id='word_1_8' title='bbox 371 779 888 856; x_wconf 71' lang='lat' dir='ltr'>mouersirecloquiaDetvrrie</span> <span class='ocrx_word' id='word_1_9' title='bbox 942 781 1074 853; x_wconf 74' lang='lat' dir='ltr'>nistret,</span> <span class='ocrx_word' id='word_1_10' title='bbox 1102 774 1237 838; x_wconf 74' lang='lat' dir='ltr'>Graece:</span> <span class='ocrx_word' id='word_1_11' title='bbox 1262 775 1414 855; x_wconf 79' lang='grc' dir='ltr'><strong>χορηγεῖ,</strong></span> <span class='ocrx_word' id='word_1_12' title='bbox 1444 777 1636 855; x_wconf 80' lang='lat' dir='ltr'>suppeditet,</span> 
     </span>
     <span class='ocr_line' id='line_1_3' title="bbox 389 862 1638 941; baseline -0.001 -14"><span class='ocrx_word' id='word_1_13' title='bbox 389 865 450 927; x_wconf 85' lang='lat' dir='ltr'>Vel</span> <span class='ocrx_word' id='word_1_14' title='bbox 464 867 527 927; x_wconf 81' lang='lat' dir='ltr'>Dei</span> <span class='ocrx_word' id='word_1_15' title='bbox 534 910 544 941; x_wconf 88' lang='lat'><em>‚</em></span> <span class='ocrx_word' id='word_1_16' title='bbox 569 876 602 925; x_wconf 87' lang='lat' dir='ltr'>ut</span> <span class='ocrx_word' id='word_1_17' title='bbox 624 867 768 926; x_wconf 77' lang='lat' dir='ltr'>materiae</span> <span class='ocrx_word' id='word_1_18' title='bbox 792 873 824 926; x_wconf 84' lang='lat' dir='ltr'>et</span> <span class='ocrx_word' id='word_1_19' title='bbox 839 865 887 925; x_wconf 87' lang='lat' dir='ltr'>ob·</span> <span class='ocrx_word' id='word_1_20' title='bbox 941 866 1179 940; x_wconf 81' lang='lat' dir='ltr'>subministret,</span> <span class='ocrx_word' id='word_1_21' title='bbox 1202 864 1327 925; x_wconf 86' lang='lat' dir='ltr'>verbum</span> <span class='ocrx_word' id='word_1_22' title='bbox 1351 862 1502 925; x_wconf 86' lang='lat' dir='ltr'>diversum</span> <span class='ocrx_word' id='word_1_23' title='bbox 1527 866 1566 926; x_wconf 84' lang='lat' dir='ltr'>sb</span> <span class='ocrx_word' id='word_1_24' title='bbox 1593 886 1638 940; x_wconf 81' lang='lat' dir='ltr'>eo,</span> 
     </span>
     <span class='ocr_line' id='line_1_4' title="bbox 371 946 1637 1033; baseline -0.001 -19"><span class='ocrx_word' id='word_1_25' title='bbox 371 961 399 1027; x_wconf 77' lang='lat' dir='ltr'>rt,</span> <span class='ocrx_word' id='word_1_26' title='bbox 421 962 456 1013; x_wconf 82' lang='lat' dir='ltr'>ut</span> <span class='ocrx_word' id='word_1_27' title='bbox 470 972 622 1013; x_wconf 89' lang='lat' dir='ltr'>sermones</span> <span class='ocrx_word' id='word_1_28' title='bbox 644 954 704 1012; x_wconf 85' lang='lat' dir='ltr'>sint</span> <span class='ocrx_word' id='word_1_29' title='bbox 718 952 756 1013; x_wconf 90' lang='lat' dir='ltr'>de</span> <span class='ocrx_word' id='word_1_30' title='bbox 771 954 837 1013; x_wconf 90' lang='lat' dir='ltr'>Deo</span> <span class='ocrx_word' id='word_1_31' title='bbox 853 973 888 1012; x_wconf 83' lang='lat' dir='ltr'>so</span> <span class='ocrx_word' id='word_1_32' title='bbox 942 951 1023 1032; x_wconf 91' lang='lat' dir='ltr'>quod</span> <span class='ocrx_word' id='word_1_33' title='bbox 1040 951 1131 1033; x_wconf 85' lang='lat' dir='ltr'>psulo</span> <span class='ocrx_word' id='word_1_34' title='bbox 1147 960 1218 1013; x_wconf 80' lang='lat' dir='ltr'>ante</span> <span class='ocrx_word' id='word_1_35' title='bbox 1233 951 1340 1012; x_wconf 80' lang='lat' dir='ltr'>vortit:</span> <span class='ocrx_word' id='word_1_36' title='bbox 1367 946 1637 1013; x_wconf 67' lang='lat' dir='ltr'>administremus.</span> 
     </span>
     <span class='ocr_line' id='line_1_5' title="bbox 371 1038 1638 1119; baseline -0.001 -19"><span class='ocrx_word' id='word_1_37' title='bbox 371 1041 430 1115; x_wconf 89' lang='lat' dir='ltr'>nie,</span> <span class='ocrx_word' id='word_1_38' title='bbox 457 1059 516 1100; x_wconf 90' lang='lat' dir='ltr'>non</span> <span class='ocrx_word' id='word_1_39' title='bbox 540 1039 578 1100; x_wconf 93' lang='lat' dir='ltr'>de</span> <span class='ocrx_word' id='word_1_40' title='bbox 600 1041 730 1119; x_wconf 86' lang='lat' dir='ltr'>negotiis</span> <span class='ocrx_word' id='word_1_41' title='bbox 752 1041 888 1099; x_wconf 85' lang='lat' dir='ltr'>terrenis.</span> <span class='ocrx_word' id='word_1_42' title='bbox 942 1038 1144 1101; x_wconf 76' lang='lat' dir='ltr'><strong>oecumenius</strong></span> <span class='ocrx_word' id='word_1_43' title='bbox 1169 1039 1248 1099; x_wconf 82' lang='lat' dir='ltr'>hunc</span> <span class='ocrx_word' id='word_1_44' title='bbox 1277 1045 1392 1118; x_wconf 82' lang='lat' dir='ltr'>purtem</span> <span class='ocrx_word' id='word_1_45' title='bbox 1422 1041 1638 1118; x_wconf 81' lang='lat' dir='ltr'>interpretetur</span> 
     </span>
     <span class='ocr_line' id='line_1_6' title="bbox 381 1124 1637 1203; baseline 0 -16"><span class='ocrx_word' id='word_1_46' title='bbox 381 1125 442 1187; x_wconf 85' lang='lat' dir='ltr'>Vel</span> <span class='ocrx_word' id='word_1_47' title='bbox 465 1129 543 1203; x_wconf 79' lang='lat' dir='ltr'>Dei,</span> <span class='ocrx_word' id='word_1_48' title='bbox 570 1135 606 1186; x_wconf 88' lang='lat' dir='ltr'>ut</span> <span class='ocrx_word' id='word_1_49' title='bbox 627 1129 758 1187; x_wconf 80' lang='lat' dir='ltr'>auctoris</span> <span class='ocrx_word' id='word_1_50' title='bbox 781 1146 816 1185; x_wconf 85' lang='lat' dir='ltr'>oc</span> <span class='ocrx_word' id='word_1_51' title='bbox 838 1125 887 1185; x_wconf 89' lang='lat' dir='ltr'>do·</span> <span class='ocrx_word' id='word_1_52' title='bbox 941 1125 978 1187; x_wconf 92' lang='lat' dir='ltr'>de</span> <span class='ocrx_word' id='word_1_53' title='bbox 994 1127 1159 1199; x_wconf 80' lang='lat' dir='ltr'>alimentis,</span> <span class='ocrx_word' id='word_1_54' title='bbox 1175 1125 1302 1203; x_wconf 77' lang='lat' dir='ltr'>aliisque</span> <span class='ocrx_word' id='word_1_55' title='bbox 1316 1124 1468 1200; x_wconf 85' lang='lat' dir='ltr'>subsidiis,</span> <span class='ocrx_word' id='word_1_56' title='bbox 1484 1127 1515 1186; x_wconf 88' lang='lat' dir='ltr'>in</span> <span class='ocrx_word' id='word_1_57' title='bbox 1530 1125 1637 1187; x_wconf 82' lang='lat' dir='ltr'>fratres</span> 
     </span>
     <span class='ocr_line' id='line_1_7' title="bbox 371 1209 1638 1295; baseline -0.001 -21"><span class='ocrx_word' id='word_1_58' title='bbox 371 1232 572 1291; x_wconf 81' lang='lat' dir='ltr'>escrmones3</span> <span class='ocrx_word' id='word_1_59' title='bbox 583 1214 673 1293; x_wconf 82' lang='lat' dir='ltr'>juxto</span> <span class='ocrx_word' id='word_1_60' title='bbox 687 1212 761 1273; x_wconf 86' lang='lat' dir='ltr'>illud</span> <span class='ocrx_word' id='word_1_61' title='bbox 776 1213 887 1273; x_wconf 82' lang='lat' dir='ltr'>Psslm.</span> <span class='ocrx_word' id='word_1_62' title='bbox 939 1231 1088 1295; x_wconf 81' lang='lat' dir='ltr'><strong>pauperes</strong></span> <span class='ocrx_word' id='word_1_63' title='bbox 1104 1210 1263 1292; x_wconf 75' lang='lat' dir='ltr'><strong>erogandis</strong></span> <span class='ocrx_word' id='word_1_64' title='bbox 1279 1230 1332 1291; x_wconf 91' lang='lat' dir='ltr'>pro</span> <span class='ocrx_word' id='word_1_65' title='bbox 1347 1209 1435 1272; x_wconf 92' lang='lat' dir='ltr'>modo</span> <span class='ocrx_word' id='word_1_66' title='bbox 1451 1210 1638 1287; x_wconf 74' lang='lat' dir='ltr'><strong>facultatum,</strong></span> 
     </span>
     <span class='ocr_line' id='line_1_8' title="bbox 371 1297 1636 1380; baseline 0.001 -21"><span class='ocrx_word' id='word_1_67' title='bbox 371 1301 556 1361; x_wconf 74' lang='lat' dir='ltr'>inundabit</span> <span class='ocrx_word' id='word_1_68' title='bbox 581 1300 708 1360; x_wconf 79' lang='lat' dir='ltr'>verbum</span> <span class='ocrx_word' id='word_1_69' title='bbox 725 1301 886 1375; x_wconf 72' lang='lat' dir='ltr'>evonqeli-</span> <span class='ocrx_word' id='word_1_70' title='bbox 942 1318 1017 1380; x_wconf 86' lang='lat' dir='ltr'>ques</span> <span class='ocrx_word' id='word_1_71' title='bbox 1032 1300 1119 1360; x_wconf 85' lang='lat' dir='ltr'>Deus</span> <span class='ocrx_word' id='word_1_72' title='bbox 1135 1297 1227 1359; x_wconf 77' lang='lat' dir='ltr'>dedit</span> <span class='ocrx_word' id='word_1_73' title='bbox 1261 1298 1346 1359; x_wconf 82' lang='lat' dir='ltr'>Bude</span> <span class='ocrx_word' id='word_1_74' title='bbox 1368 1299 1538 1378; x_wconf 71' lang='lat' dir='ltr'>generalem</span> <span class='ocrx_word' id='word_1_75' title='bbox 1554 1299 1636 1361; x_wconf 85' lang='lat' dir='ltr'>edhi-</span> 
     </span>
     <span class='ocr_line' id='line_1_9' title="bbox 371 1384 1636 1466; baseline 0 -20"><span class='ocrx_word' id='word_1_76' title='bbox 371 1390 469 1448; x_wconf 77' lang='lat' dir='ltr'>r&#39;rtute</span> <span class='ocrx_word' id='word_1_77' title='bbox 485 1388 596 1448; x_wconf 79' lang='lat' dir='ltr'>molto.</span> <span class='ocrx_word' id='word_1_78' title='bbox 631 1387 681 1447; x_wconf 82' lang='lat' dir='ltr'>Sic</span> <span class='ocrx_word' id='word_1_79' title='bbox 697 1386 829 1466; x_wconf 79' lang='lat' dir='ltr'>Prosper</span> <span class='ocrx_word' id='word_1_80' title='bbox 843 1389 886 1447; x_wconf 87' lang='lat' dir='ltr'>in·</span> <span class='ocrx_word' id='word_1_81' title='bbox 940 1387 992 1447; x_wconf 87' lang='lat' dir='ltr'>bet</span> <span class='ocrx_word' id='word_1_82' title='bbox 1004 1387 1248 1447; x_wconf 81' lang='lat' dir='ltr'>commentorium</span> <span class='ocrx_word' id='word_1_83' title='bbox 1262 1384 1450 1465; x_wconf 84' lang='lat' dir='ltr'>hujusmodi:</span> <span class='ocrx_word' id='word_1_84' title='bbox 1468 1386 1571 1446; x_wconf 79' lang='lat' dir='ltr'>&#39;Pente</span> <span class='ocrx_word' id='word_1_85' title='bbox 1583 1386 1636 1447; x_wconf 87' lang='lat' dir='ltr'>hu·</span> 
     </span>
     <span class='ocr_line' id='line_1_10' title="bbox 392 1471 1639 1554; baseline 0.001 -21"><span class='ocrx_word' id='word_1_86' title='bbox 392 1475 489 1554; x_wconf 81' lang='lat' dir='ltr'>Epist.</span> <span class='ocrx_word' id='word_1_87' title='bbox 513 1475 553 1536; x_wconf 82' lang='lat' dir='ltr'>sd</span> <span class='ocrx_word' id='word_1_88' title='bbox 576 1473 808 1533; x_wconf 79' lang='lat' dir='ltr'>Demetriadem.</span> <span class='ocrx_word' id='word_1_89' title='bbox 846 1475 888 1534; x_wconf 80' lang='lat' dir='ltr'>Et</span> <span class='ocrx_word' id='word_1_90' title='bbox 940 1473 1041 1533; x_wconf 88' lang='lat' dir='ltr'>milius</span> <span class='ocrx_word' id='word_1_91' title='bbox 1064 1471 1220 1552; x_wconf 80' lang='lat' dir='ltr'>impendet</span> <span class='ocrx_word' id='word_1_92' title='bbox 1245 1473 1372 1554; x_wconf 88' lang='lat' dir='ltr'>quisque</span> <span class='ocrx_word' id='word_1_93' title='bbox 1393 1474 1527 1553; x_wconf 83' lang='lat' dir='ltr'>proximo</span> <span class='ocrx_word' id='word_1_94' title='bbox 1550 1492 1639 1534; x_wconf 88' lang='lat' dir='ltr'>omne</span> 
     </span>
     <span class='ocr_line' id='line_1_11' title="bbox 375 1557 1639 1641; baseline 0 -20"><span class='ocrx_word' id='word_1_95' title='bbox 375 1561 553 1623; x_wconf 79' lang='lat' dir='ltr'>videturhic</span> <span class='ocrx_word' id='word_1_96' title='bbox 567 1561 738 1620; x_wconf 87' lang='lat' dir='ltr'>intellectus</span> <span class='ocrx_word' id='word_1_97' title='bbox 750 1578 787 1619; x_wconf 81' lang='lat' dir='ltr'>en</span> <span class='ocrx_word' id='word_1_98' title='bbox 801 1569 887 1639; x_wconf 84' lang='lat' dir='ltr'>perte</span> <span class='ocrx_word' id='word_1_99' title='bbox 940 1561 1067 1632; x_wconf 90' lang='lat' dir='ltr'>bonum,</span> <span class='ocrx_word' id='word_1_100' title='bbox 1092 1558 1174 1639; x_wconf 89' lang='lat' dir='ltr'>quod</span> <span class='ocrx_word' id='word_1_101' title='bbox 1198 1566 1314 1638; x_wconf 83' lang='lat' dir='ltr'>potest,</span> <span class='ocrx_word' id='word_1_102' title='bbox 1337 1558 1456 1641; x_wconf 79' lang='lat' dir='ltr'>quaudo</span> <span class='ocrx_word' id='word_1_103' title='bbox 1472 1557 1639 1621; x_wconf 68' lang='lat' dir='ltr'>certissime</span> 
     </span>
     <span class='ocr_line' id='line_1_12' title="bbox 371 1646 1637 1728; baseline -0.003 -18"><span class='ocrx_word' id='word_1_104' title='bbox 371 1648 406 1710; x_wconf 80' lang='lat' dir='ltr'>Si</span> <span class='ocrx_word' id='word_1_105' title='bbox 428 1650 497 1726; x_wconf 80' lang='lat' dir='ltr'>quie</span> <span class='ocrx_word' id='word_1_106' title='bbox 515 1652 694 1722; x_wconf 79' lang='lat' dir='ltr'>ministret,</span> <span class='ocrx_word' id='word_1_107' title='bbox 722 1654 886 1724; x_wconf 79' lang='lat' dir='ltr'>tamquam</span> <span class='ocrx_word' id='word_1_108' title='bbox 941 1651 1038 1722; x_wconf 83' lang='lat' dir='ltr'>novit,</span> <span class='ocrx_word' id='word_1_109' title='bbox 1061 1646 1142 1728; x_wconf 89' lang='lat' dir='ltr'>quod</span> <span class='ocrx_word' id='word_1_110' title='bbox 1166 1654 1293 1706; x_wconf 84' lang='lat' dir='ltr'>ssemet</span> <span class='ocrx_word' id='word_1_111' title='bbox 1315 1648 1381 1726; x_wconf 88' lang='lat' dir='ltr'>ipso</span> <span class='ocrx_word' id='word_1_112' title='bbox 1395 1667 1456 1707; x_wconf 91' lang='lat' dir='ltr'>uon</span> <span class='ocrx_word' id='word_1_113' title='bbox 1471 1653 1571 1727; x_wconf 86' lang='lat' dir='ltr'>potest</span> <span class='ocrx_word' id='word_1_114' title='bbox 1585 1646 1637 1707; x_wconf 84' lang='lat' dir='ltr'>hs-</span> 
     </span>
     <span class='ocr_line' id='line_1_13' title="bbox 371 1731 1303 1813; baseline 0 -21"><span class='ocrx_word' id='word_1_115' title='bbox 371 1754 377 1792; x_wconf 85' lang='lat' dir='ltr'>r</span> <span class='ocrx_word' id='word_1_116' title='bbox 382 1779 392 1809; x_wconf 90' lang='lat'><em>,</em></span> <span class='ocrx_word' id='word_1_117' title='bbox 431 1754 527 1812; x_wconf 80' lang='lat' dir='ltr'>quam</span> <span class='ocrx_word' id='word_1_118' title='bbox 557 1735 762 1795; x_wconf 74' lang='lat' dir='ltr'>administrat</span> <span class='ocrx_word' id='word_1_119' title='bbox 791 1735 886 1795; x_wconf 80' lang='lat' dir='ltr'>Deus.</span> <span class='ocrx_word' id='word_1_120' title='bbox 940 1734 1029 1806; x_wconf 81' lang='lat' dir='ltr'>bere,</span> <span class='ocrx_word' id='word_1_121' title='bbox 1044 1732 1125 1813; x_wconf 91' lang='lat' dir='ltr'>quod</span> <span class='ocrx_word' id='word_1_122' title='bbox 1140 1731 1303 1813; x_wconf 80' lang='lat' dir='ltr'>impendet.</span> 
     </span>
     <span class='ocr_line' id='line_1_14' title="bbox 371 1819 1639 1902; baseline 0 -22"><span class='ocrx_word' id='word_1_123' title='bbox 371 1830 400 1881; x_wconf 86' lang='lat' dir='ltr'>ut</span> <span class='ocrx_word' id='word_1_124' title='bbox 423 1822 589 1902; x_wconf 85' lang='lat' dir='ltr'>loquentis,</span> <span class='ocrx_word' id='word_1_125' title='bbox 610 1821 641 1882; x_wconf 91' lang='lat' dir='ltr'>id</span> <span class='ocrx_word' id='word_1_126' title='bbox 664 1829 711 1881; x_wconf 90' lang='lat' dir='ltr'>est</span> <span class='ocrx_word' id='word_1_127' title='bbox 726 1840 887 1894; x_wconf 84' lang='lat' dir='ltr'>sermones,</span> <span class='ocrx_word' id='word_1_128' title='bbox 984 1821 1096 1882; x_wconf 87' lang='lat' dir='ltr'>Verum</span> <span class='ocrx_word' id='word_1_129' title='bbox 1122 1822 1194 1900; x_wconf 83' lang='lat' dir='ltr'>quie</span> <span class='ocrx_word' id='word_1_130' title='bbox 1217 1819 1256 1880; x_wconf 91' lang='lat' dir='ltr'>de</span> <span class='ocrx_word' id='word_1_131' title='bbox 1277 1819 1484 1900; x_wconf 68' lang='lat' dir='ltr'>peculiaribus</span> <span class='ocrx_word' id='word_1_132' title='bbox 1506 1819 1591 1881; x_wconf 89' lang='lat' dir='ltr'>donis</span> <span class='ocrx_word' id='word_1_133' title='bbox 1607 1829 1639 1882; x_wconf 91' lang='lat' dir='ltr'>et</span> 
     </span>
     <span class='ocr_line' id='line_1_15' title="bbox 385 1906 1634 1989; baseline 0.001 -22"><span class='ocrx_word' id='word_1_134' title='bbox 385 1908 533 1989; x_wconf 88' lang='lat' dir='ltr'>loquitur,</span> <span class='ocrx_word' id='word_1_135' title='bbox 549 1918 602 1969; x_wconf 85' lang='lat' dir='ltr'>not</span> <span class='ocrx_word' id='word_1_136' title='bbox 616 1909 735 1968; x_wconf 86' lang='lat' dir='ltr'>locutus</span> <span class='ocrx_word' id='word_1_137' title='bbox 752 1915 803 1968; x_wconf 85' lang='lat' dir='ltr'>est.</span> <span class='ocrx_word' id='word_1_138' title='bbox 836 1907 887 1968; x_wconf 87' lang='lat' dir='ltr'>Sic</span> <span class='ocrx_word' id='word_1_139' title='bbox 941 1907 1043 1968; x_wconf 86' lang='lat' dir='ltr'>officiis</span> <span class='ocrx_word' id='word_1_140' title='bbox 1059 1908 1124 1987; x_wconf 81' lang='lat' dir='ltr'>ugit</span> <span class='ocrx_word' id='word_1_141' title='bbox 1137 1906 1193 1967; x_wconf 90' lang='lat' dir='ltr'>hoc</span> <span class='ocrx_word' id='word_1_142' title='bbox 1208 1906 1274 1966; x_wconf 92' lang='lat' dir='ltr'>loco</span> <span class='ocrx_word' id='word_1_143' title='bbox 1290 1907 1324 1965; x_wconf 93' lang='grc' dir='ltr'>Β.</span> <span class='ocrx_word' id='word_1_144' title='bbox 1339 1907 1464 1981; x_wconf 89' lang='lat' dir='ltr'>Petrus,</span> <span class='ocrx_word' id='word_1_145' title='bbox 1492 1907 1634 1988; x_wconf 77' lang='lat' dir='ltr'>quemod-</span> 
     </span>
     <span class='ocr_line' id='line_1_16' title="bbox 371 1994 1637 2076; baseline 0.002 -21"><span class='ocrx_word' id='word_1_146' title='bbox 371 1998 395 2056; x_wconf 81' lang='lat' dir='ltr'>ri</span> <span class='ocrx_word' id='word_1_147' title='bbox 416 1997 530 2075; x_wconf 76' lang='lat' dir='ltr'>possim</span> <span class='ocrx_word' id='word_1_148' title='bbox 555 1996 741 2076; x_wconf 78' lang='lat' dir='ltr'>accipiuntur</span> <span class='ocrx_word' id='word_1_149' title='bbox 762 1998 792 2054; x_wconf 91' lang='lat' dir='ltr'>in</span> <span class='ocrx_word' id='word_1_150' title='bbox 807 1995 885 2055; x_wconf 84' lang='lat' dir='ltr'>Scri·</span> <span class='ocrx_word' id='word_1_151' title='bbox 940 1995 1060 2055; x_wconf 88' lang='lat' dir='ltr'>modum</span> <span class='ocrx_word' id='word_1_152' title='bbox 1078 2003 1108 2054; x_wconf 87' lang='lat' dir='ltr'>et</span> <span class='ocrx_word' id='word_1_153' title='bbox 1122 1994 1238 2055; x_wconf 86' lang='lat' dir='ltr'>Peulus</span> <span class='ocrx_word' id='word_1_154' title='bbox 1261 1994 1336 2053; x_wconf 91' lang='lat' dir='ltr'>locis</span> <span class='ocrx_word' id='word_1_155' title='bbox 1355 2003 1425 2054; x_wconf 85' lang='lat' dir='ltr'>ente</span> <span class='ocrx_word' id='word_1_156' title='bbox 1441 1996 1554 2056; x_wconf 80' lang='lat' dir='ltr'>citetis:</span> <span class='ocrx_word' id='word_1_157' title='bbox 1576 2014 1637 2058; x_wconf 68' lang='lat' dir='ltr'>mo</span> 
     </span>
     <span class='ocr_line' id='line_1_17' title="bbox 371 2080 1636 2162; baseline -0.001 -18"><span class='ocrx_word' id='word_1_158' title='bbox 371 2085 453 2144; x_wconf 81' lang='lat' dir='ltr'>Rom.</span> <span class='ocrx_word' id='word_1_159' title='bbox 472 2085 516 2155; x_wconf 84' lang='grc'>3.,</span> <span class='ocrx_word' id='word_1_160' title='bbox 531 2090 562 2143; x_wconf 84' lang='lat' dir='ltr'>et</span> <span class='ocrx_word' id='word_1_161' title='bbox 578 2084 608 2142; x_wconf 90' lang='lat' dir='ltr'>in</span> <span class='ocrx_word' id='word_1_162' title='bbox 625 2082 760 2141; x_wconf 79' lang='lat' dir='ltr'>Psalmis.</span> <span class='ocrx_word' id='word_1_163' title='bbox 941 2081 1000 2141; x_wconf 90' lang='lat' dir='ltr'>lius</span> <span class='ocrx_word' id='word_1_164' title='bbox 1019 2081 1164 2162; x_wconf 80' lang='lat' dir='ltr'>accipitur</span> <span class='ocrx_word' id='word_1_165' title='bbox 1178 2080 1252 2141; x_wconf 82' lang='lat' dir='ltr'>baec</span> <span class='ocrx_word' id='word_1_166' title='bbox 1273 2099 1343 2161; x_wconf 85' lang='lat' dir='ltr'>pers</span> <span class='ocrx_word' id='word_1_167' title='bbox 1361 2082 1483 2162; x_wconf 87' lang='lat' dir='ltr'>proprie</span> <span class='ocrx_word' id='word_1_168' title='bbox 1497 2081 1536 2143; x_wconf 90' lang='lat' dir='ltr'>dc</span> <span class='ocrx_word' id='word_1_169' title='bbox 1550 2083 1636 2143; x_wconf 85' lang='lat' dir='ltr'>mini·</span> 
     </span>
     <span class='ocr_line' id='line_1_18' title="bbox 371 2167 1637 2249; baseline 0 -19"><span class='ocrx_word' id='word_1_170' title='bbox 371 2172 456 2231; x_wconf 82' lang='lat' dir='ltr'>lrium</span> <span class='ocrx_word' id='word_1_171' title='bbox 479 2189 620 2230; x_wconf 86' lang='lat' dir='ltr'>sensuum</span> <span class='ocrx_word' id='word_1_172' title='bbox 644 2170 756 2249; x_wconf 89' lang='lat' dir='ltr'>primus</span> <span class='ocrx_word' id='word_1_173' title='bbox 779 2188 886 2248; x_wconf 86' lang='lat' dir='ltr'>suppo·</span> <span class='ocrx_word' id='word_1_174' title='bbox 941 2171 1048 2241; x_wconf 82' lang='lat' dir='ltr'>storiis,</span> <span class='ocrx_word' id='word_1_175' title='bbox 1075 2186 1155 2247; x_wconf 90' lang='lat' dir='ltr'>quee</span> <span class='ocrx_word' id='word_1_176' title='bbox 1171 2170 1200 2227; x_wconf 91' lang='lat' dir='ltr'>in</span> <span class='ocrx_word' id='word_1_177' title='bbox 1217 2167 1358 2227; x_wconf 74' lang='lat' dir='ltr'>Ecclesia</span> <span class='ocrx_word' id='word_1_178' title='bbox 1373 2177 1525 2248; x_wconf 82' lang='lat' dir='ltr'>geruntur,</span> <span class='ocrx_word' id='word_1_179' title='bbox 1553 2178 1584 2230; x_wconf 81' lang='lat' dir='ltr'>st</span> <span class='ocrx_word' id='word_1_180' title='bbox 1597 2169 1637 2230; x_wconf 81' lang='lat' dir='ltr'>nd</span> 
     </span>
     <span class='ocr_line' id='line_1_19' title="bbox 371 2254 1637 2334; baseline -0.002 -15"><span class='ocrx_word' id='word_1_181' title='bbox 371 2278 424 2319; x_wconf 89' lang='lat' dir='ltr'>eno</span> <span class='ocrx_word' id='word_1_182' title='bbox 448 2259 597 2318; x_wconf 87' lang='lat' dir='ltr'>sermonis.</span> <span class='ocrx_word' id='word_1_183' title='bbox 634 2257 712 2316; x_wconf 83' lang='lat' dir='ltr'>Nam</span> <span class='ocrx_word' id='word_1_184' title='bbox 735 2254 808 2315; x_wconf 92' lang='lat' dir='ltr'>illud</span> <span class='ocrx_word' id='word_1_185' title='bbox 829 2275 887 2316; x_wconf 91' lang='lat' dir='ltr'>uon</span> <span class='ocrx_word' id='word_1_186' title='bbox 941 2256 1173 2316; x_wconf 80' lang='lat' dir='ltr'>ecclesiasticum</span> <span class='ocrx_word' id='word_1_187' title='bbox 1190 2256 1340 2334; x_wconf 86' lang='lat' dir='ltr'>pertinent</span> <span class='ocrx_word' id='word_1_188' title='bbox 1355 2254 1562 2331; x_wconf 71' lang='lat' dir='ltr'>hierarchiam,</span> <span class='ocrx_word' id='word_1_189' title='bbox 1585 2274 1637 2317; x_wconf 77' lang='lat' dir='ltr'>cu·</span> 
     </span>
     <span class='ocr_line' id='line_1_20' title="bbox 371 2339 1639 2425; baseline -0.002 -20"><span class='ocrx_word' id='word_1_190' title='bbox 371 2345 548 2425; x_wconf 84' lang='lat' dir='ltr'>stelligitur,</span> <span class='ocrx_word' id='word_1_191' title='bbox 565 2360 655 2424; x_wconf 82' lang='lat' dir='ltr'>quum</span> <span class='ocrx_word' id='word_1_192' title='bbox 671 2342 752 2423; x_wconf 90' lang='lat' dir='ltr'>quod</span> <span class='ocrx_word' id='word_1_193' title='bbox 768 2341 805 2401; x_wconf 87' lang='lat' dir='ltr'>de</span> <span class='ocrx_word' id='word_1_194' title='bbox 821 2342 887 2402; x_wconf 90' lang='lat' dir='ltr'>Deo</span> <span class='ocrx_word' id='word_1_195' title='bbox 936 2345 1118 2423; x_wconf 88' lang='lat' dir='ltr'>juscumque</span> <span class='ocrx_word' id='word_1_196' title='bbox 1133 2360 1169 2401; x_wconf 83' lang='lat' dir='ltr'>en</span> <span class='ocrx_word' id='word_1_197' title='bbox 1183 2344 1245 2401; x_wconf 87' lang='lat' dir='ltr'>sint</span> <span class='ocrx_word' id='word_1_198' title='bbox 1266 2339 1376 2421; x_wconf 73' lang='lat' dir='ltr'>gredm</span> <span class='ocrx_word' id='word_1_199' title='bbox 1401 2352 1432 2403; x_wconf 89' lang='lat' dir='ltr'>et</span> <span class='ocrx_word' id='word_1_200' title='bbox 1445 2343 1578 2420; x_wconf 85' lang='lat' dir='ltr'>ordinis;</span> <span class='ocrx_word' id='word_1_201' title='bbox 1603 2352 1639 2404; x_wconf 87' lang='lat' dir='ltr'>ut</span> 
     </span>
     <span class='ocr_line' id='line_1_21' title="bbox 371 2428 1637 2511; baseline 0 -19"><span class='ocrx_word' id='word_1_202' title='bbox 371 2432 423 2492; x_wconf 89' lang='lat' dir='ltr'>bus</span> <span class='ocrx_word' id='word_1_203' title='bbox 447 2432 566 2491; x_wconf 80' lang='lat' dir='ltr'>divinis.</span> <span class='ocrx_word' id='word_1_204' title='bbox 602 2428 759 2491; x_wconf 83' lang='lat' dir='ltr'>Secundus</span> <span class='ocrx_word' id='word_1_205' title='bbox 782 2448 887 2491; x_wconf 81' lang='lat' dir='ltr'>seusus</span> <span class='ocrx_word' id='word_1_206' title='bbox 941 2432 1174 2511; x_wconf 79' lang='lat' dir='ltr'>Episcoporum,</span> <span class='ocrx_word' id='word_1_207' title='bbox 1201 2428 1464 2508; x_wconf 85' lang='lat' dir='ltr'>presbyterorum,</span> <span class='ocrx_word' id='word_1_208' title='bbox 1488 2432 1637 2492; x_wconf 86' lang='lat' dir='ltr'>ministro·</span> 
     </span>
     <span class='ocr_line' id='line_1_22' title="bbox 371 2515 1638 2598; baseline 0.001 -19"><span class='ocrx_word' id='word_1_209' title='bbox 371 2519 490 2597; x_wconf 77' lang='lat' dir='ltr'>uidem3</span> <span class='ocrx_word' id='word_1_210' title='bbox 514 2537 616 2578; x_wconf 88' lang='lat' dir='ltr'>verum</span> <span class='ocrx_word' id='word_1_211' title='bbox 639 2519 744 2577; x_wconf 88' lang='lat' dir='ltr'>tertius</span> <span class='ocrx_word' id='word_1_212' title='bbox 767 2515 888 2576; x_wconf 83' lang='lat' dir='ltr'>videtur</span> <span class='ocrx_word' id='word_1_213' title='bbox 941 2538 1022 2590; x_wconf 86' lang='lat' dir='ltr'>rum,</span> <span class='ocrx_word' id='word_1_214' title='bbox 1048 2516 1099 2596; x_wconf 91' lang='lat' dir='ltr'>qui</span> <span class='ocrx_word' id='word_1_215' title='bbox 1122 2515 1171 2574; x_wconf 83' lang='lat' dir='ltr'>vel</span> <span class='ocrx_word' id='word_1_216' title='bbox 1196 2515 1332 2588; x_wconf 74' lang='lat' dir='ltr'>diaconi,</span> <span class='ocrx_word' id='word_1_217' title='bbox 1360 2515 1409 2576; x_wconf 87' lang='lat' dir='ltr'>vel</span> <span class='ocrx_word' id='word_1_218' title='bbox 1435 2515 1638 2598; x_wconf 67' lang='lat' dir='ltr'>hypodiaconi</span> 
     </span>
     <span class='ocr_line' id='line_1_23' title="bbox 371 2601 1639 2685; baseline 0.001 -19"><span class='ocrx_word' id='word_1_219' title='bbox 371 2615 480 2667; x_wconf 69' lang='lat' dir='ltr'>notetus</span> <span class='ocrx_word' id='word_1_220' title='bbox 496 2627 514 2665; x_wconf 84' lang='lat' dir='ltr'><strong>a</strong></span> <span class='ocrx_word' id='word_1_221' title='bbox 529 2605 562 2664; x_wconf 93' lang='lat' dir='ltr'>B.</span> <span class='ocrx_word' id='word_1_222' title='bbox 577 2605 684 2677; x_wconf 87' lang='lat' dir='ltr'>Betro,</span> <span class='ocrx_word' id='word_1_223' title='bbox 708 2616 737 2664; x_wconf 84' lang='lat' dir='ltr'>et</span> <span class='ocrx_word' id='word_1_224' title='bbox 759 2603 888 2685; x_wconf 84' lang='lat' dir='ltr'>explice-</span> <span class='ocrx_word' id='word_1_225' title='bbox 942 2611 1027 2678; x_wconf 84' lang='lat' dir='ltr'>sunt,</span> <span class='ocrx_word' id='word_1_226' title='bbox 1049 2602 1097 2663; x_wconf 86' lang='lat' dir='ltr'>vel</span> <span class='ocrx_word' id='word_1_227' title='bbox 1115 2601 1226 2663; x_wconf 87' lang='lat' dir='ltr'>ordinis</span> <span class='ocrx_word' id='word_1_228' title='bbox 1246 2621 1283 2663; x_wconf 80' lang='lat' dir='ltr'>nc</span> <span class='ocrx_word' id='word_1_229' title='bbox 1303 2601 1463 2665; x_wconf 83' lang='lat' dir='ltr'>functionis</span> <span class='ocrx_word' id='word_1_230' title='bbox 1478 2604 1639 2685; x_wconf 83' lang='lat' dir='ltr'>cujuslibet</span> 
     </span>
     <span class='ocr_line' id='line_1_24' title="bbox 371 2688 1638 2772; baseline 0 -18"><span class='ocrx_word' id='word_1_231' title='bbox 371 2715 392 2754; x_wconf 73' lang='lat' dir='ltr'>rc</span> <span class='ocrx_word' id='word_1_232' title='bbox 414 2692 552 2752; x_wconf 91' lang='lat' dir='ltr'>modum:</span> <span class='ocrx_word' id='word_1_233' title='bbox 578 2691 610 2752; x_wconf 78' lang='lat' dir='ltr'>Si</span> <span class='ocrx_word' id='word_1_234' title='bbox 633 2692 705 2771; x_wconf 88' lang='lat' dir='ltr'>quis</span> <span class='ocrx_word' id='word_1_235' title='bbox 729 2693 888 2770; x_wconf 77' lang='lat' dir='ltr'>accepite</span> <span class='ocrx_word' id='word_1_236' title='bbox 942 2690 1100 2752; x_wconf 82' lang='lat' dir='ltr'>inferioris.</span> <span class='ocrx_word' id='word_1_237' title='bbox 1136 2689 1226 2749; x_wconf 86' lang='lat' dir='ltr'>Hunc</span> <span class='ocrx_word' id='word_1_238' title='bbox 1242 2688 1429 2750; x_wconf 87' lang='lat' dir='ltr'>intellectum</span> <span class='ocrx_word' id='word_1_239' title='bbox 1444 2693 1539 2772; x_wconf 83' lang='lat' dir='ltr'>exigit</span> <span class='ocrx_word' id='word_1_240' title='bbox 1552 2691 1638 2754; x_wconf 83' lang='lat' dir='ltr'>loeus</span> 
     </span>
     <span class='ocr_line' id='line_1_25' title="bbox 371 2775 1637 2859; baseline -0.001 -20"><span class='ocrx_word' id='word_1_241' title='bbox 371 2800 414 2839; x_wconf 86' lang='lat' dir='ltr'>sm</span> <span class='ocrx_word' id='word_1_242' title='bbox 444 2780 621 2840; x_wconf 81' lang='lat' dir='ltr'>elocutionis</span> <span class='ocrx_word' id='word_1_243' title='bbox 651 2779 717 2838; x_wconf 86' lang='lat' dir='ltr'>eive</span> <span class='ocrx_word' id='word_1_244' title='bbox 744 2779 888 2839; x_wconf 89' lang='lat' dir='ltr'>sermonis</span> <span class='ocrx_word' id='word_1_245' title='bbox 941 2780 997 2840; x_wconf 84' lang='lat' dir='ltr'>iste</span> <span class='ocrx_word' id='word_1_246' title='bbox 1013 2777 1141 2839; x_wconf 74' lang='lat' dir='ltr'>collatus</span> <span class='ocrx_word' id='word_1_247' title='bbox 1157 2797 1221 2837; x_wconf 89' lang='lat' dir='ltr'>cum</span> <span class='ocrx_word' id='word_1_248' title='bbox 1238 2777 1307 2837; x_wconf 84' lang='lat' dir='ltr'>eliis</span> <span class='ocrx_word' id='word_1_249' title='bbox 1327 2775 1541 2859; x_wconf 86' lang='lat' dir='ltr'>duobusspud</span> <span class='ocrx_word' id='word_1_250' title='bbox 1556 2778 1637 2840; x_wconf 77' lang='lat' dir='ltr'>Pou-</span> 
     </span>
     <span class='ocr_line' id='line_1_26' title="bbox 370 2863 1637 2947; baseline 0 -20"><span class='ocrx_word' id='word_1_251' title='bbox 370 2866 430 2927; x_wconf 85' lang='lat' dir='ltr'>nde</span> <span class='ocrx_word' id='word_1_252' title='bbox 438 2876 514 2940; x_wconf 86' lang='lat' dir='ltr'>sunt,</span> <span class='ocrx_word' id='word_1_253' title='bbox 527 2884 605 2947; x_wconf 75' lang='lat' dir='ltr'>quoe</span> <span class='ocrx_word' id='word_1_254' title='bbox 612 2864 726 2926; x_wconf 86' lang='lat' dir='ltr'>Paulus</span> <span class='ocrx_word' id='word_1_255' title='bbox 734 2873 888 2926; x_wconf 79' lang='lat' dir='ltr'>enumeret</span> <span class='ocrx_word' id='word_1_256' title='bbox 940 2865 1015 2938; x_wconf 86' lang='lat' dir='ltr'>lum,</span> <span class='ocrx_word' id='word_1_257' title='bbox 1032 2864 1127 2926; x_wconf 79' lang='lat' dir='ltr'>altero</span> <span class='ocrx_word' id='word_1_258' title='bbox 1143 2863 1230 2924; x_wconf 83' lang='lat' dir='ltr'>Rom.</span> <span class='ocrx_word' id='word_1_259' title='bbox 1249 2867 1314 2925; x_wconf 71' lang='lat' dir='ltr'>ln:</span> <span class='ocrx_word' id='word_1_260' title='bbox 1337 2865 1411 2927; x_wconf 80' lang='lat' dir='ltr'>Siue</span> <span class='ocrx_word' id='word_1_261' title='bbox 1424 2868 1637 2929; x_wconf 73' lang='lat' dir='ltr'>ministerium</span> 
     </span>
     <span class='ocr_line' id='line_1_27' title="bbox 371 2951 1638 3029; baseline 0.002 -17"><span class='ocrx_word' id='word_1_262' title='bbox 371 2962 389 3013; x_wconf 75' lang='lat' dir='ltr'>rt</span> <span class='ocrx_word' id='word_1_263' title='bbox 404 2959 417 3014; x_wconf 89' lang='lat'>1</span> <span class='ocrx_word' id='word_1_264' title='bbox 434 2955 500 3015; x_wconf 78' lang='lat' dir='ltr'>Cor.</span> <span class='ocrx_word' id='word_1_265' title='bbox 519 2958 582 3013; x_wconf 70' lang='lat'>12:</span> <span class='ocrx_word' id='word_1_266' title='bbox 598 2971 699 3013; x_wconf 80' lang='lat' dir='ltr'>sermo</span> <span class='ocrx_word' id='word_1_267' title='bbox 714 2956 889 3029; x_wconf 74' lang='lat' dir='ltr'>sapientiae</span> <span class='ocrx_word' id='word_1_268' title='bbox 941 2957 977 3013; x_wconf 83' lang='lat' dir='ltr'>iu</span> <span class='ocrx_word' id='word_1_269' title='bbox 993 2951 1206 3013; x_wconf 80' lang='lat' dir='ltr'>ministrando</span> <span class='ocrx_word' id='word_1_270' title='bbox 1215 2973 1226 3028; x_wconf 91' lang='lat'>,·</span> <span class='ocrx_word' id='word_1_271' title='bbox 1246 2951 1340 3012; x_wconf 81' lang='lat' dir='ltr'>altero</span> <span class='ocrx_word' id='word_1_272' title='bbox 1355 2953 1441 3014; x_wconf 84' lang='lat' dir='ltr'>Rom.</span> <span class='ocrx_word' id='word_1_273' title='bbox 1460 2956 1526 3016; x_wconf 70' lang='lat'>122</span> <span class='ocrx_word' id='word_1_274' title='bbox 1542 2956 1638 3017; x_wconf 73' lang='lat' dir='ltr'>Dent·</span> 
     </span>
     <span class='ocr_line' id='line_1_28' title="bbox 370 3041 1638 3117; baseline 0 -16"><span class='ocrx_word' id='word_1_275' title='bbox 370 3061 396 3117; x_wconf 81' lang='lat' dir='ltr'>e,</span> <span class='ocrx_word' id='word_1_276' title='bbox 413 3042 534 3103; x_wconf 79' lang='lat' dir='ltr'>donum</span> <span class='ocrx_word' id='word_1_277' title='bbox 550 3041 752 3116; x_wconf 79' lang='lat' dir='ltr'>Prophettoe,</span> <span class='ocrx_word' id='word_1_278' title='bbox 769 3041 888 3101; x_wconf 82' lang='lat' dir='ltr'>doetri-</span> <span class='ocrx_word' id='word_1_279' title='bbox 940 3044 1042 3102; x_wconf 62' lang='lat' dir='ltr'>moues</span> <span class='ocrx_word' id='word_1_280' title='bbox 1053 3041 1327 3101; x_wconf 78' lang='lat' dir='ltr'>ministrationum</span> <span class='ocrx_word' id='word_1_281' title='bbox 1339 3048 1423 3116; x_wconf 79' lang='lat' dir='ltr'>runt,</span> <span class='ocrx_word' id='word_1_282' title='bbox 1437 3041 1519 3102; x_wconf 77' lang='lat' dir='ltr'>idem</span> <span class='ocrx_word' id='word_1_283' title='bbox 1531 3047 1638 3104; x_wconf 70' lang='lat' dir='ltr'>cirtem</span> 
     </span>
     <span class='ocr_line' id='line_1_29' title="bbox 371 3122 1637 3205; baseline 0.002 -18"><span class='ocrx_word' id='word_1_284' title='bbox 371 3132 530 3203; x_wconf 82' lang='lat' dir='ltr'>rtotiouic,</span> <span class='ocrx_word' id='word_1_285' title='bbox 547 3122 841 3203; x_wconf 79' lang='lat' dir='ltr'>interpretatiouie),</span> <span class='ocrx_word' id='word_1_286' title='bbox 858 3133 889 3187; x_wconf 81' lang='lat' dir='ltr'>et</span> <span class='ocrx_word' id='word_1_287' title='bbox 941 3130 1107 3189; x_wconf 78' lang='lat' dir='ltr'>Dominus.</span> <span class='ocrx_word' id='word_1_288' title='bbox 1131 3126 1242 3205; x_wconf 76' lang='lat' dir='ltr'>Itaque</span> <span class='ocrx_word' id='word_1_289' title='bbox 1253 3144 1357 3186; x_wconf 87' lang='lat' dir='ltr'>sensus</span> <span class='ocrx_word' id='word_1_290' title='bbox 1369 3134 1428 3189; x_wconf 86' lang='lat' dir='ltr'>est:</span> <span class='ocrx_word' id='word_1_291' title='bbox 1449 3128 1481 3189; x_wconf 80' lang='lat' dir='ltr'>Si</span> <span class='ocrx_word' id='word_1_292' title='bbox 1493 3130 1540 3189; x_wconf 88' lang='lat' dir='ltr'>cui</span> <span class='ocrx_word' id='word_1_293' title='bbox 1552 3130 1637 3189; x_wconf 90' lang='lat' dir='ltr'>mini·</span> 
     </span>
     <span class='ocr_line' id='line_1_30' title="bbox 371 3212 1637 3293; baseline 0 -17"><span class='ocrx_word' id='word_1_294' title='bbox 371 3214 419 3276; x_wconf 90' lang='lat' dir='ltr'>odi</span> <span class='ocrx_word' id='word_1_295' title='bbox 441 3235 548 3277; x_wconf 87' lang='lat' dir='ltr'>munus</span> <span class='ocrx_word' id='word_1_296' title='bbox 571 3215 683 3293; x_wconf 80' lang='lat' dir='ltr'>aliquis</span> <span class='ocrx_word' id='word_1_297' title='bbox 703 3217 733 3274; x_wconf 86' lang='lat' dir='ltr'>iu</span> <span class='ocrx_word' id='word_1_298' title='bbox 749 3215 889 3273; x_wconf 79' lang='lat' dir='ltr'>Ecclesia</span> <span class='ocrx_word' id='word_1_299' title='bbox 940 3216 1064 3275; x_wconf 87' lang='lat' dir='ltr'>sterium</span> <span class='ocrx_word' id='word_1_300' title='bbox 1076 3212 1200 3291; x_wconf 78' lang='lat' dir='ltr'>aliquod</span> <span class='ocrx_word' id='word_1_301' title='bbox 1209 3213 1358 3291; x_wconf 90' lang='lat' dir='ltr'>publicum</span> <span class='ocrx_word' id='word_1_302' title='bbox 1372 3215 1550 3276; x_wconf 82' lang='lat' dir='ltr'>inllcclesie</span> <span class='ocrx_word' id='word_1_303' title='bbox 1560 3235 1637 3276; x_wconf 90' lang='lat' dir='ltr'>com·</span> 
     </span>
     <span class='ocr_line' id='line_1_31' title="bbox 371 3298 1638 3382; baseline -0.001 -20"><span class='ocrx_word' id='word_1_304' title='bbox 371 3323 386 3362; x_wconf 88' lang='lat' dir='ltr'>s</span> <span class='ocrx_word' id='word_1_305' title='bbox 414 3301 555 3381; x_wconf 81' lang='lat' dir='ltr'>loquetur</span> <span class='ocrx_word' id='word_1_306' title='bbox 577 3298 620 3378; x_wconf 88' lang='lat' dir='ltr'>(id</span> <span class='ocrx_word' id='word_1_307' title='bbox 644 3303 721 3361; x_wconf 88' lang='lat' dir='ltr'>enim</span> <span class='ocrx_word' id='word_1_308' title='bbox 748 3300 888 3381; x_wconf 89' lang='lat' dir='ltr'>supplcn·</span> <span class='ocrx_word' id='word_1_309' title='bbox 941 3299 1061 3361; x_wconf 82' lang='lat' dir='ltr'>missurn</span> <span class='ocrx_word' id='word_1_310' title='bbox 1078 3308 1132 3370; x_wconf 85' lang='lat' dir='ltr'>eet,</span> <span class='ocrx_word' id='word_1_311' title='bbox 1148 3307 1331 3379; x_wconf 83' lang='lat' dir='ltr'>exsequetur</span> <span class='ocrx_word' id='word_1_312' title='bbox 1343 3300 1417 3360; x_wconf 91' lang='lat' dir='ltr'>illud</span> <span class='ocrx_word' id='word_1_313' title='bbox 1429 3310 1583 3382; x_wconf 80' lang='lat' dir='ltr'>temquum</span> <span class='ocrx_word' id='word_1_314' title='bbox 1599 3319 1638 3363; x_wconf 81' lang='lat' dir='ltr'>ex</span> 
     </span>
     <span class='ocr_line' id='line_1_32' title="bbox 371 3382 1638 3469; baseline 0 -20"><span class='ocrx_word' id='word_1_315' title='bbox 371 3389 558 3451; x_wconf 83' lang='lat' dir='ltr'>mndmodum</span> <span class='ocrx_word' id='word_1_316' title='bbox 574 3388 695 3468; x_wconf 87' lang='lat' dir='ltr'>supplet</span> <span class='ocrx_word' id='word_1_317' title='bbox 710 3388 787 3469; x_wconf 85' lang='lat' dir='ltr'>Syre</span> <span class='ocrx_word' id='word_1_318' title='bbox 802 3406 887 3467; x_wconf 83' lang='lat' dir='ltr'>pern·</span> <span class='ocrx_word' id='word_1_319' title='bbox 941 3391 1053 3449; x_wconf 87' lang='lat' dir='ltr'>virtute</span> <span class='ocrx_word' id='word_1_320' title='bbox 1072 3405 1125 3446; x_wconf 90' lang='lat' dir='ltr'>seu</span> <span class='ocrx_word' id='word_1_321' title='bbox 1148 3386 1254 3447; x_wconf 88' lang='lat' dir='ltr'>robore</span> <span class='ocrx_word' id='word_1_322' title='bbox 1276 3382 1357 3463; x_wconf 82' lang='lat' dir='ltr'>(nem</span> <span class='ocrx_word' id='word_1_323' title='bbox 1382 3388 1412 3447; x_wconf 91' lang='lat' dir='ltr'>id</span> <span class='ocrx_word' id='word_1_324' title='bbox 1436 3387 1555 3449; x_wconf 78' lang='lat' dir='ltr'>Graeco</span> <span class='ocrx_word' id='word_1_325' title='bbox 1577 3408 1638 3451; x_wconf 84' lang='lat' dir='ltr'>vox</span> 
     </span>
     <span class='ocr_line' id='line_1_33' title="bbox 371 3467 1639 3558; baseline 0 -22"><span class='ocrx_word' id='word_1_326' title='bbox 371 3497 499 3555; x_wconf 78' lang='lat' dir='ltr'>uuquam</span> <span class='ocrx_word' id='word_1_327' title='bbox 522 3476 583 3537; x_wconf 85' lang='lat' dir='ltr'>Dei</span> <span class='ocrx_word' id='word_1_328' title='bbox 606 3494 774 3546; x_wconf 83' lang='lat' dir='ltr'>sermones,</span> <span class='ocrx_word' id='word_1_329' title='bbox 802 3475 889 3553; x_wconf 87' lang='lat' dir='ltr'>cujus</span> <span class='ocrx_word' id='word_1_330' title='bbox 940 3467 1048 3552; x_wconf 76' lang='grc' dir='ltr'>ἰσχύος</span> <span class='ocrx_word' id='word_1_331' title='bbox 1063 3468 1232 3552; x_wconf 78' lang='lat' dir='ltr'>significet),</span> <span class='ocrx_word' id='word_1_332' title='bbox 1255 3474 1336 3554; x_wconf 91' lang='lat' dir='ltr'>quod</span> <span class='ocrx_word' id='word_1_333' title='bbox 1352 3476 1438 3535; x_wconf 90' lang='lat' dir='ltr'>Deus</span> <span class='ocrx_word' id='word_1_334' title='bbox 1458 3475 1639 3558; x_wconf 81' lang='lat' dir='ltr'>suppeditet,</span> 
     </span>
     <span class='ocr_line' id='line_1_34' title="bbox 371 3561 1640 3636; baseline 0 -14"><span class='ocrx_word' id='word_1_335' title='bbox 371 3566 446 3623; x_wconf 64' lang='lat' dir='ltr'>tione</span> <span class='ocrx_word' id='word_1_336' title='bbox 470 3566 603 3625; x_wconf 89' lang='lat' dir='ltr'>minister</span> <span class='ocrx_word' id='word_1_337' title='bbox 626 3571 670 3621; x_wconf 88' lang='lat' dir='ltr'>est</span> <span class='ocrx_word' id='word_1_338' title='bbox 692 3571 722 3622; x_wconf 88' lang='lat' dir='ltr'>et</span> <span class='ocrx_word' id='word_1_339' title='bbox 740 3563 888 3636; x_wconf 83' lang='lat' dir='ltr'>vicarius3</span> <span class='ocrx_word' id='word_1_340' title='bbox 941 3563 997 3622; x_wconf 85' lang='lat' dir='ltr'>hoo</span> <span class='ocrx_word' id='word_1_341' title='bbox 1023 3569 1083 3634; x_wconf 85' lang='lat' dir='ltr'>est,</span> <span class='ocrx_word' id='word_1_342' title='bbox 1106 3561 1149 3619; x_wconf 72' lang='lat' dir='ltr'>itu</span> <span class='ocrx_word' id='word_1_343' title='bbox 1174 3568 1292 3633; x_wconf 86' lang='lat' dir='ltr'>seucte,</span> <span class='ocrx_word' id='word_1_344' title='bbox 1316 3563 1432 3623; x_wconf 86' lang='lat' dir='ltr'>sincere</span> <span class='ocrx_word' id='word_1_345' title='bbox 1451 3571 1483 3624; x_wconf 84' lang='lat' dir='ltr'>et</span> <span class='ocrx_word' id='word_1_346' title='bbox 1507 3563 1640 3625; x_wconf 85' lang='lat' dir='ltr'>fideliter</span> 
     </span>
     <span class='ocr_line' id='line_1_35' title="bbox 371 3646 1639 3731; baseline 0.001 -21"><span class='ocrx_word' id='word_1_347' title='bbox 371 3660 431 3722; x_wconf 86' lang='lat' dir='ltr'>ret,</span> <span class='ocrx_word' id='word_1_348' title='bbox 459 3649 539 3730; x_wconf 90' lang='lat' dir='ltr'>quod</span> <span class='ocrx_word' id='word_1_349' title='bbox 555 3647 647 3709; x_wconf 75' lang='lat' dir='ltr'>verbo</span> <span class='ocrx_word' id='word_1_350' title='bbox 663 3650 737 3722; x_wconf 80' lang='lat' dir='ltr'>Dei¹</span> <span class='ocrx_word' id='word_1_351' title='bbox 753 3647 803 3709; x_wconf 83' lang='lat' dir='ltr'>vel</span> <span class='ocrx_word' id='word_1_352' title='bbox 819 3649 889 3707; x_wconf 79' lang='lat' dir='ltr'>scri·</span> <span class='ocrx_word' id='word_1_353' title='bbox 943 3658 1081 3710; x_wconf 82' lang='lat' dir='ltr'>exercent</span> <span class='ocrx_word' id='word_1_354' title='bbox 1092 3664 1168 3725; x_wconf 87' lang='lat' dir='ltr'>opus</span> <span class='ocrx_word' id='word_1_355' title='bbox 1181 3646 1237 3707; x_wconf 89' lang='lat' dir='ltr'>sibi</span> <span class='ocrx_word' id='word_1_356' title='bbox 1249 3648 1425 3726; x_wconf 88' lang='lat' dir='ltr'>injunctum,</span> <span class='ocrx_word' id='word_1_357' title='bbox 1436 3659 1472 3710; x_wconf 86' lang='lat' dir='ltr'>ut</span> <span class='ocrx_word' id='word_1_358' title='bbox 1482 3658 1639 3731; x_wconf 73' lang='lat' dir='ltr'>appetent,</span> 
     </span>
     <span class='ocr_line' id='line_1_36' title="bbox 371 3735 1639 3817; baseline 0.003 -22"><span class='ocrx_word' id='word_1_359' title='bbox 371 3737 482 3810; x_wconf 83' lang='lat' dir='ltr'>redito,</span> <span class='ocrx_word' id='word_1_360' title='bbox 506 3757 564 3797; x_wconf 92' lang='lat' dir='ltr'>non</span> <span class='ocrx_word' id='word_1_361' title='bbox 587 3738 625 3795; x_wconf 90' lang='lat' dir='ltr'>eit</span> <span class='ocrx_word' id='word_1_362' title='bbox 649 3745 889 3797; x_wconf 82' lang='lat' dir='ltr'>consentaneum.</span> <span class='ocrx_word' id='word_1_363' title='bbox 943 3737 1042 3796; x_wconf 88' lang='lat' dir='ltr'>Deum</span> <span class='ocrx_word' id='word_1_364' title='bbox 1065 3736 1095 3794; x_wconf 93' lang='lat' dir='ltr'>iu</span> <span class='ocrx_word' id='word_1_365' title='bbox 1120 3752 1175 3793; x_wconf 89' lang='lat' dir='ltr'>suo</span> <span class='ocrx_word' id='word_1_366' title='bbox 1196 3735 1332 3795; x_wconf 85' lang='lat' dir='ltr'>ministro</span> <span class='ocrx_word' id='word_1_367' title='bbox 1354 3746 1491 3816; x_wconf 85' lang='lat' dir='ltr'>potenter</span> <span class='ocrx_word' id='word_1_368' title='bbox 1514 3737 1639 3817; x_wconf 79' lang='lat' dir='ltr'>operari,</span> 
     </span>
     <span class='ocr_line' id='line_1_37' title="bbox 372 3819 1322 3901; baseline -0.002 -18"><span class='ocrx_word' id='word_1_369' title='bbox 372 3843 443 3884; x_wconf 92' lang='lat' dir='ltr'>num</span> <span class='ocrx_word' id='word_1_370' title='bbox 474 3832 641 3883; x_wconf 81' lang='lat' dir='ltr'>commenta</span> <span class='ocrx_word' id='word_1_371' title='bbox 671 3822 792 3893; x_wconf 77' lang='lat' dir='ltr'>docent,</span> <span class='ocrx_word' id='word_1_372' title='bbox 831 3843 890 3882; x_wconf 87' lang='lat' dir='ltr'>non</span> <span class='ocrx_word' id='word_1_373' title='bbox 944 3823 1057 3894; x_wconf 85' lang='lat' dir='ltr'>etfiet‚</span> <span class='ocrx_word' id='word_1_374' title='bbox 1073 3819 1155 3901; x_wconf 92' lang='lat' dir='ltr'>quod</span> <span class='ocrx_word' id='word_1_375' title='bbox 1173 3823 1322 3899; x_wconf 86' lang='lat' dir='ltr'>sequitur:</span> 
     </span>
     <span class='ocr_line' id='line_1_38' title="bbox 370 3907 1643 3987; baseline 0.004 -18"><span class='ocrx_word' id='word_1_376' title='bbox 370 3911 430 3970; x_wconf 70' lang='lat' dir='ltr'>suls</span> <span class='ocrx_word' id='word_1_377' title='bbox 446 3911 564 3982; x_wconf 82' lang='lat' dir='ltr'>referet,</span> <span class='ocrx_word' id='word_1_378' title='bbox 580 3930 639 3969; x_wconf 89' lang='lat' dir='ltr'>non</span> <span class='ocrx_word' id='word_1_379' title='bbox 653 3911 771 3970; x_wconf 83' lang='lat' dir='ltr'>inutiles</span> <span class='ocrx_word' id='word_1_380' title='bbox 783 3916 892 3968; x_wconf 80' lang='lat' dir='ltr'>tractet</span> <span class='ocrx_word' id='word_1_381' title='bbox 993 3910 1033 3969; x_wconf 76' lang='lat' dir='ltr'>m</span> <span class='ocrx_word' id='word_1_382' title='bbox 1062 3911 1097 3968; x_wconf 82' lang='lat' dir='ltr'>in</span> <span class='ocrx_word' id='word_1_383' title='bbox 1128 3907 1273 3968; x_wconf 75' lang='lat' dir='ltr'>erunibus</span> <span class='ocrx_word' id='word_1_384' title='bbox 1302 3911 1529 3987; x_wconf 71' lang='lat' dir='ltr'>donrrrr&#39;flcctur</span> <span class='ocrx_word' id='word_1_385' title='bbox 1554 3915 1643 3974; x_wconf 80' lang='lat' dir='ltr'>Deus</span> 
     </span>
     <span class='ocr_line' id='line_1_39' title="bbox 371 3995 1640 4078; baseline 0.002 -21"><span class='ocrx_word' id='word_1_386' title='bbox 371 4017 402 4071; x_wconf 71' lang='grc' dir='ltr'>ες</span> <span class='ocrx_word' id='word_1_387' title='bbox 426 3995 479 4057; x_wconf 92' lang='lat' dir='ltr'>sed</span> <span class='ocrx_word' id='word_1_388' title='bbox 495 3998 553 4057; x_wconf 91' lang='lat' dir='ltr'>Dei</span> <span class='ocrx_word' id='word_1_389' title='bbox 568 3995 758 4057; x_wconf 85' lang='lat' dir='ltr'>voluntatem</span> <span class='ocrx_word' id='word_1_390' title='bbox 775 4015 811 4055; x_wconf 84' lang='lat' dir='ltr'>ex</span> <span class='ocrx_word' id='word_1_391' title='bbox 829 3995 889 4054; x_wconf 86' lang='lat' dir='ltr'>elo·</span> <span class='ocrx_word' id='word_1_392' title='bbox 940 4014 1002 4073; x_wconf 81' lang='lat' dir='ltr'>per</span> <span class='ocrx_word' id='word_1_393' title='bbox 1031 3999 1143 4058; x_wconf 82' lang='lat' dir='ltr'>Jesum</span> <span class='ocrx_word' id='word_1_394' title='bbox 1176 3996 1342 4056; x_wconf 77' lang='lat' dir='ltr'>Christum.</span> <span class='ocrx_word' id='word_1_395' title='bbox 1390 3999 1640 4078; x_wconf 75' lang='lat' dir='ltr'>Houoriflcctur,</span> 
     </span>
     <span class='ocr_line' id='line_1_40' title="bbox 374 4071 1643 4161; baseline 0.004 -18"><span class='ocrx_word' id='word_1_396' title='bbox 374 4087 399 4143; x_wconf 90' lang='lat' dir='ltr'>is</span> <span class='ocrx_word' id='word_1_397' title='bbox 415 4086 581 4160; x_wconf 71' lang='lat' dir='ltr'>annuntiet.</span> <span class='ocrx_word' id='word_1_398' title='bbox 618 4083 664 4143; x_wconf 82' lang='lat' dir='ltr'>Ita</span> <span class='ocrx_word' id='word_1_399' title='bbox 681 4085 821 4143; x_wconf 87' lang='lat' dir='ltr'>convenit</span> <span class='ocrx_word' id='word_1_400' title='bbox 836 4082 892 4141; x_wconf 86' lang='lat' dir='ltr'>hoc</span> <span class='ocrx_word' id='word_1_401' title='bbox 946 4082 1077 4144; x_wconf 81' lang='lat' dir='ltr'>Graece:</span> <span class='ocrx_word' id='word_1_402' title='bbox 1096 4071 1271 4158; x_wconf 74' lang='grc' dir='ltr'>δοξάζηται,</span> <span class='ocrx_word' id='word_1_403' title='bbox 1288 4084 1491 4161; x_wconf 71' lang='lat' dir='ltr'>plorifleetur.</span> <span class='ocrx_word' id='word_1_404' title='bbox 1516 4091 1557 4150; x_wconf 79' lang='lat' dir='ltr'>In</span> <span class='ocrx_word' id='word_1_405' title='bbox 1573 4107 1643 4149; x_wconf 85' lang='lat' dir='ltr'>oru-</span> 
     </span>
     <span class='ocr_line' id='line_1_41' title="bbox 371 4166 1644 4256; baseline 0.005 -26"><span class='ocrx_word' id='word_1_406' title='bbox 371 4172 489 4231; x_wconf 79' lang='lat' dir='ltr'>nPetri</span> <span class='ocrx_word' id='word_1_407' title='bbox 504 4190 570 4229; x_wconf 90' lang='lat' dir='ltr'>cum</span> <span class='ocrx_word' id='word_1_408' title='bbox 593 4169 644 4230; x_wconf 89' lang='lat' dir='ltr'>illo</span> <span class='ocrx_word' id='word_1_409' title='bbox 659 4171 786 4230; x_wconf 80' lang='lat' dir='ltr'>Paulino</span> <span class='ocrx_word' id='word_1_410' title='bbox 805 4169 891 4228; x_wconf 91' lang='lat' dir='ltr'>Rom.</span> <span class='ocrx_word' id='word_1_411' title='bbox 945 4170 1055 4242; x_wconf 78' lang='lat' dir='ltr'>nibus,</span> <span class='ocrx_word' id='word_1_412' title='bbox 1087 4166 1239 4247; x_wconf 86' lang='lat' dir='ltr'>intelligo:</span> <span class='ocrx_word' id='word_1_413' title='bbox 1270 4171 1320 4243; x_wconf 91' lang='lat' dir='ltr'>iis,</span> <span class='ocrx_word' id='word_1_414' title='bbox 1351 4193 1430 4251; x_wconf 83' lang='lat' dir='ltr'>queo</span> <span class='ocrx_word' id='word_1_415' title='bbox 1445 4177 1543 4256; x_wconf 73' lang='lat' dir='ltr'>agitis.</span> <span class='ocrx_word' id='word_1_416' title='bbox 1587 4177 1644 4236; x_wconf 84' lang='lat' dir='ltr'>Est</span> 
     </span>
     <span class='ocr_line' id='line_1_42' title="bbox 371 4255 1643 4337; baseline 0.006 -20"><span class='ocrx_word' id='word_1_417' title='bbox 371 4259 585 4335; x_wconf 80' lang='lat' dir='ltr'>Prophetiam,</span> <span class='ocrx_word' id='word_1_418' title='bbox 602 4258 775 4319; x_wconf 77' lang='lat' dir='ltr'>secuudum</span> <span class='ocrx_word' id='word_1_419' title='bbox 791 4259 892 4315; x_wconf 81' lang='lat' dir='ltr'>satio·</span> <span class='ocrx_word' id='word_1_420' title='bbox 947 4258 1024 4316; x_wconf 79' lang='lat' dir='ltr'>enim</span> <span class='ocrx_word' id='word_1_421' title='bbox 1051 4255 1193 4335; x_wconf 76' lang='lat' dir='ltr'>generale</span> <span class='ocrx_word' id='word_1_422' title='bbox 1220 4270 1414 4337; x_wconf 77' lang='lat' dir='ltr'>praeceptum</span> <span class='ocrx_word' id='word_1_423' title='bbox 1445 4260 1550 4324; x_wconf 78' lang='lat' dir='ltr'>lcor.</span> <span class='ocrx_word' id='word_1_424' title='bbox 1579 4263 1643 4323; x_wconf 81' lang='lat'>10.:</span> 
     </span>
     <span class='ocr_line' id='line_1_43' title="bbox 408 4343 1645 4423; baseline 0.005 -19"><span class='ocrx_word' id='word_1_425' title='bbox 408 4344 553 4404; x_wconf 86' lang='lat' dir='ltr'>Nonnulli</span> <span class='ocrx_word' id='word_1_426' title='bbox 577 4346 620 4403; x_wconf 86' lang='lat' dir='ltr'>sic</span> <span class='ocrx_word' id='word_1_427' title='bbox 636 4352 807 4423; x_wconf 86' lang='lat' dir='ltr'>exponunt:</span> <span class='ocrx_word' id='word_1_428' title='bbox 834 4343 893 4401; x_wconf 84' lang='lat' dir='ltr'>Lo·</span> <span class='ocrx_word' id='word_1_429' title='bbox 947 4346 1020 4405; x_wconf 80' lang='lat' dir='ltr'>Siue</span> <span class='ocrx_word' id='word_1_430' title='bbox 1036 4343 1250 4417; x_wconf 78' lang='lat' dir='ltr'>manducatis,</span> <span class='ocrx_word' id='word_1_431' title='bbox 1267 4346 1332 4405; x_wconf 80' lang='lat' dir='ltr'>sive</span> <span class='ocrx_word' id='word_1_432' title='bbox 1348 4346 1461 4422; x_wconf 69' lang='lat' dir='ltr'>bitere,</span> <span class='ocrx_word' id='word_1_433' title='bbox 1477 4352 1542 4411; x_wconf 82' lang='lat' dir='ltr'>siue</span> <span class='ocrx_word' id='word_1_434' title='bbox 1553 4349 1645 4410; x_wconf 80' lang='lat' dir='ltr'>uliud</span> 
     </span>
     <span class='ocr_line' id='line_1_44' title="bbox 371 4429 1645 4514; baseline 0.007 -24"><span class='ocrx_word' id='word_1_435' title='bbox 371 4450 487 4510; x_wconf 81' lang='lat' dir='ltr'>mquam</span> <span class='ocrx_word' id='word_1_436' title='bbox 504 4432 563 4491; x_wconf 91' lang='lat' dir='ltr'>Dei</span> <span class='ocrx_word' id='word_1_437' title='bbox 591 4451 759 4502; x_wconf 83' lang='lat' dir='ltr'>sermones,</span> <span class='ocrx_word' id='word_1_438' title='bbox 786 4429 816 4490; x_wconf 93' lang='lat' dir='ltr'>id</span> <span class='ocrx_word' id='word_1_439' title='bbox 840 4439 893 4502; x_wconf 84' lang='lat' dir='ltr'>est,</span> <span class='ocrx_word' id='word_1_440' title='bbox 950 4430 1026 4507; x_wconf 80' lang='lat' dir='ltr'>quid</span> <span class='ocrx_word' id='word_1_441' title='bbox 1040 4431 1165 4508; x_wconf 72' lang='lat' dir='ltr'>fucitis:</span> <span class='ocrx_word' id='word_1_442' title='bbox 1190 4433 1299 4491; x_wconf 83' lang='lat' dir='ltr'>omnia</span> <span class='ocrx_word' id='word_1_443' title='bbox 1310 4435 1346 4493; x_wconf 81' lang='lat' dir='ltr'>r&#39;n</span> <span class='ocrx_word' id='word_1_444' title='bbox 1361 4434 1497 4510; x_wconf 68' lang='lat' dir='ltr'>pluriam</span> <span class='ocrx_word' id='word_1_445' title='bbox 1513 4438 1576 4498; x_wconf 78' lang='lat' dir='ltr'>Dei</span> <span class='ocrx_word' id='word_1_446' title='bbox 1588 4438 1645 4514; x_wconf 76' lang='lat' dir='ltr'>su·</span> 
     </span>
     <span class='ocr_line' id='line_1_45' title="bbox 383 4517 1644 4605; baseline 0.006 -27"><span class='ocrx_word' id='word_1_447' title='bbox 383 4528 414 4578; x_wconf 90' lang='lat' dir='ltr'>et</span> <span class='ocrx_word' id='word_1_448' title='bbox 429 4525 533 4578; x_wconf 86' lang='lat' dir='ltr'>sancte</span> <span class='ocrx_word' id='word_1_449' title='bbox 559 4525 668 4579; x_wconf 79' lang='lat' dir='ltr'>tractet</span> <span class='ocrx_word' id='word_1_450' title='bbox 690 4518 808 4597; x_wconf 81' lang='lat' dir='ltr'>eloquin</span> <span class='ocrx_word' id='word_1_451' title='bbox 825 4517 893 4586; x_wconf 89' lang='lat' dir='ltr'>Dei,</span> <span class='ocrx_word' id='word_1_452' title='bbox 949 4521 1015 4577; x_wconf 80' lang='lat' dir='ltr'>cite.</span> <span class='ocrx_word' id='word_1_453' title='bbox 1038 4517 1116 4575; x_wconf 88' lang='lat' dir='ltr'>Nem</span> <span class='ocrx_word' id='word_1_454' title='bbox 1132 4518 1184 4596; x_wconf 89' lang='lat' dir='ltr'>qui</span> <span class='ocrx_word' id='word_1_455' title='bbox 1199 4527 1310 4591; x_wconf 86' lang='lat' dir='ltr'>totum,</span> <span class='ocrx_word' id='word_1_456' title='bbox 1333 4522 1414 4601; x_wconf 88' lang='lat' dir='ltr'>quod</span> <span class='ocrx_word' id='word_1_457' title='bbox 1429 4541 1549 4598; x_wconf 87' lang='lat' dir='ltr'>sumus,</span> <span class='ocrx_word' id='word_1_458' title='bbox 1575 4544 1644 4605; x_wconf 90' lang='lat' dir='ltr'>pos·</span> 
     </span>
     <span class='ocr_line' id='line_1_46' title="bbox 381 4604 1647 4692; baseline 0.006 -28"><span class='ocrx_word' id='word_1_459' title='bbox 381 4625 440 4665; x_wconf 93' lang='lat' dir='ltr'>non</span> <span class='ocrx_word' id='word_1_460' title='bbox 463 4626 549 4665; x_wconf 86' lang='lat' dir='ltr'>suum</span> <span class='ocrx_word' id='word_1_461' title='bbox 574 4625 642 4665; x_wconf 90' lang='lat' dir='ltr'>esse</span> <span class='ocrx_word' id='word_1_462' title='bbox 667 4604 810 4675; x_wconf 87' lang='lat' dir='ltr'>verbum,</span> <span class='ocrx_word' id='word_1_463' title='bbox 841 4604 894 4663; x_wconf 90' lang='lat' dir='ltr'>sed</span> <span class='ocrx_word' id='word_1_464' title='bbox 950 4622 1050 4663; x_wconf 87' lang='lat' dir='ltr'>sumus</span> <span class='ocrx_word' id='word_1_465' title='bbox 1066 4605 1237 4682; x_wconf 83' lang='lat' dir='ltr'>elegimus,</span> <span class='ocrx_word' id='word_1_466' title='bbox 1253 4624 1272 4664; x_wconf 82' lang='lat' dir='ltr'>n</span> <span class='ocrx_word' id='word_1_467' title='bbox 1286 4605 1355 4668; x_wconf 90' lang='lat' dir='ltr'>Deo</span> <span class='ocrx_word' id='word_1_468' title='bbox 1370 4607 1526 4682; x_wconf 79' lang='lat' dir='ltr'>hebemus,</span> <span class='ocrx_word' id='word_1_469' title='bbox 1542 4612 1647 4692; x_wconf 86' lang='lat' dir='ltr'>utique</span> 
     </span>
     <span class='ocr_line' id='line_1_47' title="bbox 371 4689 1645 4771; baseline 0.007 -21"><span class='ocrx_word' id='word_1_470' title='bbox 371 4690 381 4750; x_wconf 94' lang='lat' dir='ltr'>l</span> <span class='ocrx_word' id='word_1_471' title='bbox 411 4692 571 4771; x_wconf 76' lang='lat' dir='ltr'>diupenset.</span> <span class='ocrx_word' id='word_1_472' title='bbox 610 4692 671 4752; x_wconf 84' lang='lat' dir='ltr'>Ubi</span> <span class='ocrx_word' id='word_1_473' title='bbox 699 4690 894 4751; x_wconf 86' lang='lat' dir='ltr'>nibilominus</span> <span class='ocrx_word' id='word_1_474' title='bbox 950 4690 987 4749; x_wconf 83' lang='lat' dir='ltr'>nd</span> <span class='ocrx_word' id='word_1_475' title='bbox 1005 4691 1071 4769; x_wconf 87' lang='lat' dir='ltr'>ejus</span> <span class='ocrx_word' id='word_1_476' title='bbox 1087 4689 1213 4768; x_wconf 83' lang='lat' dir='ltr'>glorium</span> <span class='ocrx_word' id='word_1_477' title='bbox 1234 4691 1341 4753; x_wconf 82' lang='lat' dir='ltr'>eudem</span> <span class='ocrx_word' id='word_1_478' title='bbox 1358 4697 1457 4756; x_wconf 83' lang='lat' dir='ltr'>omnia</span> <span class='ocrx_word' id='word_1_479' title='bbox 1472 4696 1581 4759; x_wconf 76' lang='lat' dir='ltr'>referre</span> <span class='ocrx_word' id='word_1_480' title='bbox 1597 4697 1645 4759; x_wconf 93' lang='lat' dir='ltr'>de·</span> 
     </span>
     <span class='ocr_line' id='line_1_48' title="bbox 371 4777 1647 4860; baseline 0.005 -20"><span class='ocrx_word' id='word_1_481' title='bbox 371 4780 430 4840; x_wconf 82' lang='lat' dir='ltr'>Dei</span> <span class='ocrx_word' id='word_1_482' title='bbox 444 4780 532 4839; x_wconf 82' lang='lat' dir='ltr'>tertio</span> <span class='ocrx_word' id='word_1_483' title='bbox 552 4777 639 4838; x_wconf 91' lang='lat' dir='ltr'>modo</span> <span class='ocrx_word' id='word_1_484' title='bbox 656 4777 829 4857; x_wconf 79' lang='lat' dir='ltr'>supradicto</span> <span class='ocrx_word' id='word_1_485' title='bbox 846 4798 890 4837; x_wconf 86' lang='lat' dir='ltr'>ne·</span> <span class='ocrx_word' id='word_1_486' title='bbox 949 4777 1062 4837; x_wconf 88' lang='lat' dir='ltr'>bemus.</span> <span class='ocrx_word' id='word_1_487' title='bbox 1108 4778 1354 4854; x_wconf 74' lang='lat' dir='ltr'>Houoriflcotur</span> <span class='ocrx_word' id='word_1_488' title='bbox 1389 4800 1462 4860; x_wconf 75' lang='lat' dir='ltr'>cryc</span> <span class='ocrx_word' id='word_1_489' title='bbox 1495 4786 1582 4846; x_wconf 71' lang='lat' dir='ltr'>Dour</span> <span class='ocrx_word' id='word_1_490' title='bbox 1610 4788 1647 4847; x_wconf 83' lang='lat' dir='ltr'>in</span> 
     </span>
     <span class='ocr_line' id='line_1_49' title="bbox 950 4864 1646 4948; baseline 0.014 -26"><span class='ocrx_word' id='word_1_491' title='bbox 950 4864 1069 4924; x_wconf 79' lang='lat' dir='ltr'>actibus</span> <span class='ocrx_word' id='word_1_492' title='bbox 1095 4865 1231 4938; x_wconf 79' lang='lat' dir='ltr'>nostrie,</span> <span class='ocrx_word' id='word_1_493' title='bbox 1260 4869 1302 4927; x_wconf 84' lang='lat' dir='ltr'>eit</span> <span class='ocrx_word' id='word_1_494' title='bbox 1329 4867 1421 4943; x_wconf 84' lang='lat' dir='ltr'>Beds,</span> <span class='ocrx_word' id='word_1_495' title='bbox 1448 4889 1519 4931; x_wconf 82' lang='lat' dir='ltr'>cum</span> <span class='ocrx_word' id='word_1_496' title='bbox 1542 4890 1646 4948; x_wconf 77' lang='lat' dir='ltr'>omne,</span> 
     </span>
     <span class='ocr_line' id='line_1_50' title="bbox 372 4951 1646 5027; baseline 0.007 -16"><span class='ocrx_word' id='word_1_497' title='bbox 372 4954 552 5025; x_wconf 77' lang='lat' dir='ltr'>ministrat,</span> <span class='ocrx_word' id='word_1_498' title='bbox 577 4957 742 5027; x_wconf 78' lang='lat' dir='ltr'>toroquom</span> <span class='ocrx_word' id='word_1_499' title='bbox 767 4968 805 5011; x_wconf 76' lang='lat' dir='ltr'>ex</span> <span class='ocrx_word' id='word_1_500' title='bbox 828 4951 895 5010; x_wconf 82' lang='lat' dir='ltr'>uir·</span> <span class='ocrx_word' id='word_1_501' title='bbox 950 4952 1106 5027; x_wconf 79' lang='lat' dir='ltr'>quidquid</span> <span class='ocrx_word' id='word_1_502' title='bbox 1123 4951 1200 5011; x_wconf 79' lang='lat' dir='ltr'>berre</span> <span class='ocrx_word' id='word_1_503' title='bbox 1216 4957 1246 5009; x_wconf 83' lang='lat' dir='ltr'>et</span> <span class='ocrx_word' id='word_1_504' title='bbox 1260 4955 1435 5018; x_wconf 78' lang='lat' dir='ltr'>secundum</span> <span class='ocrx_word' id='word_1_505' title='bbox 1451 4959 1646 5021; x_wconf 69' lang='lat' dir='ltr'>uoluntatem</span> 
     </span>
     <span class='ocr_line' id='line_1_51' title="bbox 372 5037 1649 5122; baseline 0.006 -22"><span class='ocrx_word' id='word_1_506' title='bbox 372 5058 404 5100; x_wconf 88' lang='lat' dir='ltr'>m</span> <span class='ocrx_word' id='word_1_507' title='bbox 428 5038 636 5099; x_wconf 80' lang='lat' dir='ltr'>administrat</span> <span class='ocrx_word' id='word_1_508' title='bbox 651 5040 745 5098; x_wconf 81' lang='lat' dir='ltr'>Deus.</span> <span class='ocrx_word' id='word_1_509' title='bbox 782 5037 896 5096; x_wconf 71' lang='lat' dir='ltr'>Adme—</span> <span class='ocrx_word' id='word_1_510' title='bbox 951 5042 1016 5113; x_wconf 75' lang='lat' dir='ltr'>cjur</span> <span class='ocrx_word' id='word_1_511' title='bbox 1035 5039 1193 5114; x_wconf 67' lang='lat' dir='ltr'>fecimus,</span> <span class='ocrx_word' id='word_1_512' title='bbox 1210 5057 1278 5103; x_wconf 81' lang='lat' dir='ltr'>uon</span> <span class='ocrx_word' id='word_1_513' title='bbox 1300 5042 1359 5102; x_wconf 80' lang='lat' dir='ltr'>hoc</span> <span class='ocrx_word' id='word_1_514' title='bbox 1380 5046 1497 5106; x_wconf 77' lang='lat' dir='ltr'>nostris</span> <span class='ocrx_word' id='word_1_515' title='bbox 1517 5047 1649 5122; x_wconf 81' lang='lat' dir='ltr'>meritis,</span> 
     </span>
    </p>
   </div>
   <div class='ocr_carea' id='block_1_3' title="bbox 1368 5143 1439 5209">
    <p class='ocr_par' dir='ltr' id='par_1_3' title="bbox 1368 5143 1439 5209">
     <span class='ocr_line' id='line_1_52' title="bbox 1368 5143 1439 5209; baseline -0.028 0"><span class='ocrx_word' id='word_1_516' title='bbox 1368 5150 1408 5209; x_wconf 75' lang='lat'>36</span> <span class='ocrx_word' id='word_1_517' title='bbox 1422 5143 1439 5178; x_wconf 63' lang='lat'>&#39;³</span> 
     </span>
    </p>
   </div>
   <div class='ocr_carea' id='block_1_4' title="bbox 0 0 2229 5825">
    <p class='ocr_par' dir='ltr' id='par_1_4' title="bbox 0 0 2229 5825">
     <span class='ocr_line' id='line_1_53' title="bbox 0 0 2229 5825; baseline 0 0"><span class='ocrx_word' id='word_1_518' title='bbox 0 0 2229 5825; x_wconf 95' lang='lat' dir='ltr'> </span> 
     </span>
    </p>
   </div>
  </div>
 </body>
</html>
