4442 5825
401 602 475 671 σῃ
938 591 1351 650 oorrnrrmnrnrcmn

440 771 631 852 Quamquam
667 777 767 851 potest
801 763 863 832 hic*
877 770 964 832 locus
993 772 1092 850 eecipi
1146 791 1248 834 eorum
1275 770 1410 832 libidine.
1448 770 1573 833 Deinde
1598 777 1631 831 et
1657 767 1768 831 Erech.
1795 771 1838 832 lb

399 859 569 939 specialiter
590 858 628 919 de
650 859 710 918 Dei
729 860 860 937 justitie,
887 858 1034 918 scelerum
1063 868 1093 918 et
1146 858 1214 939 Quo
1237 859 1302 919 loco
1327 861 1475 920 Dominus
1497 856 1672 920 Jerusalem
1696 876 1754 937 per
1775 856 1838 917 Pro

395 953 584 1028 peccetorum
600 945 728 1018 vindice,
752 964 842 1025 quern
857 944 925 1005 Nou
940 944 1091 1025 preedice·
1144 946 1265 1025 phetem
1288 949 1330 1007 sic
1351 946 1530 1026 alloquitur:
1560 947 1656 1019 Eece,
1681 945 1760 1004 iaec
1782 944 1842 1021 Μ

395 1033 457 1105 het,
472 1042 630 1093 exstruens
641 1052 749 1105 arcam,
762 1053 798 1092 ec
809 1032 960 1112 profitens,
973 1040 1092 1111 propter
1144 1036 1300 1111 iniquitas
1307 1033 1473 1108 Sodomae,
1489 1035 1607 1093 sororis
1623 1040 1719 1092 tuoe:
1733 1048 1842 1107 euper-

397 1119 610 1180 exuberentem
630 1119 783 1179 hominurn
811 1118 956 1179 melitium
982 1121 1092 1180 instare
1145 1120 1209 1194 bio,
1232 1124 1385 1181 saturitas
1396 1121 1506 1197 parcis,
1527 1126 1558 1180 et
1573 1119 1843 1193 abundantium

395 1206 506 1266 mundo
521 1205 828 1284 superabundantium
851 1225 1014 1287 aquarum,
1035 1226 1092 1266 nec
1145 1207 1656 1284 otiumipriurettiliorumejur5
1671 1213 1841 1267 ueram

396 1293 434 1353 eh
457 1293 516 1352 illis
540 1294 679 1372 cuiquem
702 1302 787 1354 extre
809 1313 919 1367 urcem,
941 1311 1032 1372 quem
1047 1292 1091 1352 ia·
1145 1311 1242 1371 epeeto
1258 1303 1287 1355 et
1299 1297 1439 1371 pauperi
1454 1313 1522 1356 nore
1535 1293 1753 1370 porripeborst
1767 1303 1819 1354 ete

394 1378 539 1453 bricebet,
556 1379 697 1458 effugium
713 1379 862 1441 futurum..
881 1378 1030 1457 Congruit
1045 1380 1092 1440 hic
1187 1381 1380 1458 Exemplum
1403 1400 1522 1457 eorum,
1547 1385 1601 1457 qui
1625 1384 1727 1457 impie
1743 1382 1840 1440 recturi

395 1485 500 1526 mneos
530 1486 597 1526 oum
629 1487 673 1541 co,
704 1466 785 1547 quod
816 1469 855 1527 de
885 1468 952 1526 Noe
982 1466 1091 1526 dicitur
1144 1477 1238 1542 eunt,
1272 1488 1406 1544 ponens.
1450 1469 1667 1544 Exemplum,
1706 1488 1771 1528 non
1799 1466 1841 1527 hir

394 1552 475 1614 Heb.
494 1557 559 1614 11.:
580 1554 643 1612 Per
658 1573 755 1631 quem
772 1551 906 1629 (orcam)
922 1555 1091 1616 damnauit
1145 1555 1262 1616 Graece
1277 1564 1338 1614 eet:
1354 1550 1560 1633 trepidetque,
1577 1554 1649 1615 sed:
1665 1546 1842 1629 tectaque

394 1642 561 1701 mundum.
585 1639 665 1701 Vide
681 1643 748 1720 ejus
764 1640 821 1702 loci
837 1643 1090 1701 commentarium.
1143 1641 1203 1702 Pro
1224 1662 1284 1721 quo
1307 1643 1387 1721 upml
1414 1642 1529 1703 Judem
1557 1641 1688 1721 legitur:
1717 1634 1840 1717 deique,

394 1725 432 1787 In
455 1746 491 1788 eu
514 1748 601 1807 porro
628 1729 798 1788 custodiuit
819 1729 912 1800 Deus,
939 1728 969 1787 id
993 1736 1048 1799 est,
1073 1746 1091 1785 e
1145 1730 1292 1808 simplex,
1308 1736 1345 1790 ut
1358 1729 1528 1804 intelltpoe,
1545 1731 1589 1788 eit
1604 1730 1767 1801 Erramus,
1780 1746 1842 1789 nos

396 1813 510 1874 diluvio
537 1816 671 1875 servavit
697 1823 845 1876 octavum
866 1817 955 1889 Noe',
982 1813 1014 1874 id
1040 1826 1091 1886 est,
1145 1818 1333 1893 exemplum,
1352 1816 1436 1893 quod
1452 1818 1594 1890 imiteris,
1611 1817 1667 1878 red
1683 1815 1774 1893 quod
1788 1814 1842 1875 od·

397 1901 495 1981 ipsum
507 1903 572 1962 Nou
588 1921 655 1961 cum
671 1912 785 1982 septem
801 1902 886 1978 aliis3
903 1922 979 1981 quoe
995 1903 1091 1963 sinon
1143 1911 1288 1977 moneat,
1316 1903 1394 1980 quid
1419 1907 1460 1963 stt
1485 1904 1668 1963 viteredum.
1708 1903 1841 1963 'l'emetsi

394 2008 496 2048 omnes
511 2008 567 2050 sue
576 1990 697 2068 justitia
708 1992 842 2050 servavit
853 1986 934 2064 (nam
946 1990 1091 2049 incertum
1144 1990 1218 2050 illud
1242 1991 1361 2051 Emerui
1387 1989 1545 2052 discrimen
1568 1992 1647 2050 inter
1674 2009 1732 2051 eae
1758 2007 1841 2049 voces

397 2082 452 2147 eat,
467 2095 507 2136 en
523 2094 625 2136 omnes
636 2077 711 2154 justi
726 2072 858 2152 inerint),
874 2076 978 2138 doneti
992 2083 1091 2134 umen
1144 2099 1203 2138 nou
1219 2088 1266 2137 eet
1281 2085 1468 2157 perpetuum.
1495 2077 1594 2138 Sentit
1610 2087 1716 2137 entem
1728 2076 1841 2148 Petrus,

394 2170 464 2223 sunt
476 2163 620 2242 ipsiNoti,
632 2174 666 2222 ut
678 2164 807 2244 principi
819 2165 958 2233 familiae,
970 2173 1091 2242 propter
1142 2166 1244 2225 Deum
1274 2165 1417 2225 statuisse
1452 2166 1590 2225 civitatee
1623 2163 1695 2224 illas
1725 2183 1787 2225 non
1813 2164 1841 2223 iu

395 2249 462 2327 ejus
484 2252 631 2329 insignem
650 2251 808 2329 justitium,
834 2272 870 2311 eo
892 2251 1035 2310 reserveti
1058 2251 1091 2308 in
1143 2251 1316 2330 exemplum
1343 2250 1485 2330 vulgere3
1515 2251 1679 2330 quomodo,
1712 2252 1767 2330 qni
1793 2269 1839 2331 pu·

395 2339 590 2398 seminarium
605 2339 709 2398 mundi
722 2337 825 2398 futuri.
1144 2338 1231 2399 blicis
1261 2338 1417 2418 suppliciis
1448 2338 1639 2411 efficiuntur,
1669 2346 1838 2399 etntuuntur

438 2425 607 2485 Diluuim
635 2426 757 2487 mundo
787 2427 959 2500 impiorum
990 2423 1089 2484 indu·
1143 2425 1290 2504 exemplu,
1314 2444 1353 2485 ne
1376 2426 1487 2486 ceeteri
1512 2424 1624 2485 similis
1640 2425 1840 2498 committent,

393 2529 475 2572 ceree.
506 2511 642 2572 Graece:
669 2503 800 2585 ἐπάξας,
817 2530 888 2573 eum
903 2511 1088 2584 induxisset,
1142 2513 1196 2573 sed
1221 2516 1256 2572 in
1284 2512 1464 2588 exemplum
1490 2517 1651 2588 typicum,
1678 2510 1838 2572 secundun

393 2597 497 2671 idest,
523 2598 664 2659 inducere
679 2601 841 2679 coepisset
871 2598 1089 2659 Munderim·
1142 2601 1212 2672 hoo,
1236 2599 1317 2678 quod
1332 2599 1520 2659 aitPeulns:
1552 2600 1672 2660 Omnis
1689 2603 1728 2659 tre
1742 2599 1839 2675 tipuru

388 2687 521 2761 piorum
545 2696 610 2745 eret
633 2706 728 2762 genus
744 2686 903 2746 humanum
919 2685 1001 2744 illius
1017 2695 1086 2744 tern-
1142 2686 1368 2761 eorsttnpebortt
1384 2685 1458 2757 illie,
1488 2684 1663 2746 1cor.10.
1696 2686 1778 2746 Nem
1790 2704 1834 2765 per

391 2772 485 2851 poris,
497 2773 580 2852 qnod
593 2781 698 2846 totum,
711 2773 814 2852 peucie
827 2773 973 2850 exeeptis,
988 2791 1007 2830 e
1017 2790 1089 2831 vore
1142 2774 1225 2833 illem
1240 2773 1424 2852 punitionem
1445 2773 1629 2845 horribilem,
1652 2771 1709 2833 eed
1732 2782 1836 2850 tempo·

392 2861 510 2938 pieteto
524 2867 697 2919 recesserat
1141 2859 1246 2933 uelem,
1262 2860 1347 2920 velut
1357 2879 1414 2940 per
1424 2860 1561 2940 typicum
1573 2858 1736 2938 quoddam
1747 2878 1833 2920 exem

437 2948 466 3005 6.
497 2947 540 3005 Et
566 2950 708 3008 civitatee
730 2946 941 3008 Sodomorum
968 2953 997 3006 et
1026 2945 1088 3007 Go-
1143 2948 1223 3025 plum
1236 2947 1409 3025 significate
1421 2946 1480 3007 luit
1489 2956 1618 3007 aeterne
1630 2967 1744 3026 poene,
1756 2947 1834 3024 longe

391 3033 634 3093 morrbaeorum
643 3037 679 3095 irs
687 3038 826 3094 cinerem
834 3033 990 3109 redipene,
1000 3051 1089 3093 ever·
1142 3033 1372 3104 formidabilior,
1399 3052 1476 3111 quae
1501 3044 1604 3094 menet
1627 3034 1771 3094 homines
1789 3036 1831 3093 im

391 3121 480 3180 tiore
491 3120 668 3181 damnauit.
685 3122 821 3182 Tertium
835 3121 1012 3200 exemplum.
1029 3119 1090 3179 Ubi
1142 3122 1217 3201 pios,
1237 3121 1415 3197 praesertim
1431 3121 1597 3199 impietetis
1614 3122 1786 3200 magistros

390 3223 495 3266 rursus
511 3208 676 3286 particule:
707 3211 744 3284 ri,
768 3206 933 3288 repetenda
948 3214 1000 3277 eet,
1025 3225 1088 3266 ora·
1187 3209 1215 3267 7.
1245 3209 1289 3267 Et
1305 3211 1426 3281 ,iustum
1447 3207 1509 3268 Lot
1531 3223 1724 3282 oppressum
1746 3228 1768 3268 o
1786 3224 1831 3268 st·

391 3293 473 3353 tione
495 3293 592 3354 edhuc
616 3294 773 3375 pendente.
803 3295 884 3354 Nota
905 3304 951 3353 est
965 3293 1090 3353 historie
1140 3294 1320 3372 feodorum
1346 3296 1471 3367 injurio
1496 3311 1534 3354 cc
1564 3294 1738 3356 luxuriem
1766 3311 1830 3355 eor·

391 3376 465 3440 Gen.
485 3384 533 3442 19.
563 3382 665 3461 Atque
686 3383 775 3459 hujus
799 3380 929 3459 exempli
954 3380 1090 3439 meminit
1144 3383 1321 3441 versatione
1355 3383 1481 3455 eripuit.
1536 3378 1687 3441 Nonnihil
1726 3381 1831 3442 veneni

392 3468 481 3526 etiem
505 3465 605 3529 Judee
634 3472 666 3528 in
687 3486 742 3527 sue
765 3467 915 3547 Epistola.
955 3466 1088 3527 Gomor·
1142 3467 1243 3527 Letiui
1268 3466 1405 3541 codicem
1432 3486 1500 3527 nem
1523 3468 1556 3526 iu
1570 3467 1760 3545 quibusdam
1773 3485 1830 3548 pro:

391 3554 575 3628 rhaeorum,
608 3555 743 3617 Graece:
777 3554 982 3626 Gomorrhoe,
1013 3571 1086 3630 quo·
1142 3557 1279 3629 injurio,
1296 3553 1449 3613 scribitur:
1473 3555 1607 3627 trejecto,
1624 3556 1655 3613 in
1670 3555 1757 3616 eliis:
1781 3556 1831 3613 im·

392 3639 481 3701 modo
505 3641 643 3702 dixerut:
666 3641 887 3713 Sodomorum,
911 3660 971 3699 non
994 3636 1086 3699 Sodo-
1138 3640 1268 3717 pudico.
1299 3640 1364 3701 Nec
1380 3640 1497 3712 desunt,
1518 3642 1549 3699 in
1565 3639 1677 3719 quibua
1696 3661 1770 3722 pror
1788 3642 1830 3700 in·

391 3746 556 3789 meeorum.
586 3727 665 3788 Nem
688 3728 842 3788 civitatum
864 3727 985 3787 nomine
1010 3735 1087 3798 sunt,
1137 3730 1229 3801 jurio
1245 3746 1284 3787 oc
1304 3726 1446 3800 luxurio,
1474 3734 1591 3787 tentum
1615 3726 1754 3806 legetur:
1780 3731 1830 3786 ire·

392 3813 524 3875 Sodoma
540 3814 665 3894 plurele,
684 3823 715 3873 et
731 3813 899 3875 Gomorrha
914 3811 1087 3890 singultum
1138 3814 1270 3890 pudiea.
1301 3812 1390 3893 Quae
1414 3813 1502 3874 lectio
1524 3812 1595 3892 plus
1611 3813 1685 3875 eliis
1703 3814 1832 3878 convenil

390 3905 532 3982 quamvis
558 3911 590 3961 et
615 3900 691 3961 illud
717 3920 841 3961 numero
866 3898 1026 3980 singulari,
1058 3908 1089 3959 et
1142 3920 1207 3961 curu
1221 3901 1353 3970 Graecis,
1369 3919 1451 3979 quee
1466 3899 1654 3961 eichebent:
1669 3902 1832 3977 Eum

390 3987 448 4048 hoc
463 3988 572 4065 plureli
588 3989 740 4049 interdurn
763 3987 888 4066 legetur.
918 3989 987 4047 Hae
1007 3989 1087 4050 civi·
1141 3988 1202 4048 Lot
1220 4004 1404 4063 oppressum
1418 3981 1496 4063 (sivo
1511 3990 1568 4063 qui
1583 3979 1831 4063 opprimebatur)

391 4082 471 4134 totee
486 4093 553 4134 cum
569 4076 636 4136 eliis
652 4073 778 4145 duabus,
793 4073 912 4135 Ademe
924 4072 1086 4135 etSehoim
1141 4092 1162 4134 a
1177 4074 1380 4151 nefariorum
1392 4077 1428 4135 ire
1439 4074 1572 4134 loreioio
1583 4079 1831 4144 concertatione.

391 4157 471 4238 (uam
486 4163 594 4239 quinte
605 4162 710 4242 Segor,
723 4160 912 4243 Pentapolim
924 4160 1087 4239 complens,
1141 4163 1267 4236 eripuit.
1313 4162 1354 4221 Et
1383 4180 1487 4221 seusus
1517 4168 1581 4234 est,
1625 4161 1709 4234 Lot,
1749 4163 1832 4222 viru·

392 4249 464 4309 dete
489 4249 545 4307 fuit
568 4248 707 4326 precibus
741 4257 771 4308 et
793 4249 903 4309 meritis
925 4244 1016 4322 Lot),
1043 4250 1086 4306 in·
1136 4249 1269 4326 justum,
1303 4268 1390 4327 quem
1421 4246 1465 4307 illi
1494 4246 1604 4307 nefarii
1634 4267 1672 4307 uc
1703 4246 1832 4330 degitiori

389 4335 463 4395 colis
487 4354 588 4394 oerum
613 4355 649 4395 ec
670 4337 761 4395 totius
786 4336 916 4413 regionis
944 4334 1087 4412 sulphure
1140 4334 1274 4395 homines
1296 4355 1350 4414 por
1371 4333 1563 4395 libidinosum
1579 4353 1667 4395 suem
1684 4352 1830 4398 convent·

389 4423 505 4500 etigne
520 4422 649 4482 coelitus
665 4422 794 4481 demisso
818 4422 1011 4498 consumptis,
1034 4439 1086 4480 re·
1140 4421 1248 4480 tionem
1270 4424 1405 4500 graviter
1427 4420 1610 4499 affligebant,
1639 4442 1678 4482 ec
1701 4423 1830 4485 velutla·

389 4508 499 4569 doetus
521 4512 557 4568 in
579 4512 716 4569 cinerem
739 4503 797 4580 (est
819 4508 896 4566 eninr
920 4508 951 4566 in
968 4505 1085 4566 Graeco
1139 4507 1212 4567 bore
1229 4518 1368 4568 enectum
1383 4509 1564 4585 letigsbant,
1587 4510 1694 4570 missis
1719 4512 1760 4572 ed
1774 4525 1830 4571 eun

388 4597 579 4675 participium
607 4597 755 4656 aoriston:
790 4584 968 4668 τεφρώσας)
997 4612 1086 4653 ever·
1139 4594 1256 4673 ungulis
1284 4597 1345 4655 suis
1372 4596 1457 4654 Deus
1482 4595 1606 4673 eripuit,
1634 4615 1674 4655 ne
1699 4593 1830 4658 eumill'u

387 4685 476 4743 riom
491 4702 544 4743 eeu
562 4682 759 4743 subversione
775 4680 1010 4752 condemnauit,
1029 4680 1087 4739 hoc
1140 4681 1343 4741 involveretur
1383 4679 1532 4742 incendio.
1581 4686 1758 4745 Justttiorrt
1780 4682 1832 4744 let

388 4777 444 4841 eet,
459 4767 597 4829 funditus
612 4767 773 4828 evertendo
789 4767 915 4844 punivit.
942 4764 988 4825 Ob
1007 4786 1086 4844 quae
1137 4769 1212 4826 entia
1239 4766 1430 4829 commendet
1455 4767 1637 4845 Scriptum,
1667 4768 1751 4850 quod
1775 4787 1829 4831 eun

387 4864 514 4932 peccete
544 4856 588 4915 sic
622 4854 745 4931 punitae
776 4850 896 4923 fuerint,
925 4853 1085 4929 Scriptura
1138 4854 1290 4914 Abraham
1312 4873 1450 4935 egressus
1475 4852 1622 4915 lueritde
1637 4865 1723 4919 terra
1735 4856 1828 4918 neuu-

387 4959 448 5001 non
470 4942 573 5002 tacuit
604 4941 738 5000 Primum
762 4936 836 4998 Gen.
855 4941 904 5000 12.
927 4948 958 4999 et
982 4940 1029 4999 18.
1054 4949 1087 4999 et
1139 4941 1210 5001 tetis
1237 4961 1327 5013 suec,
1355 4941 1431 5003 Gen.
1460 4942 1525 5016 13.;
1556 4942 1643 5022 quod
1668 4944 1753 5006 aolus
1772 4960 1827 5003 cun

388 5029 455 5102 19„
486 5027 538 5088 ubi
566 5026 604 5086 de
634 5024 873 5105 inhospitalitate
901 5036 933 5087 et
961 5025 1086 5088 intende
1137 5047 1233 5107 parve
1247 5026 1363 5089 familie
1377 5037 1516 5090 servetur
1531 5026 1572 5092 de
1586 5029 1732 5094 incendio
1746 5029 1827 5094 Sed*
