<?xml version="1.0" encoding="UTF-8"?>
<!DOCTYPE html PUBLIC "-//W3C//DTD XHTML 1.0 Transitional//EN"
    "http://www.w3.org/TR/xhtml1/DTD/xhtml1-transitional.dtd">
<html xmlns="http://www.w3.org/1999/xhtml" xml:lang="en" lang="en">
 <head>
  <title>
</title>
<meta http-equiv="Content-Type" content="text/html;charset=utf-8" />
  <meta name='ocr-system' content='tesseract 3.04.00' />
  <meta name='ocr-capabilities' content='ocr_page ocr_carea ocr_par ocr_line ocrx_word'/>
</head>
<body>
  <div class='ocr_page' id='page_1' title='image "./missing/guilielmiestiii01estigoog/guilielmiestiii01estigoog_0501.png"; bbox 0 0 4442 5825; ppageno 0'>
   <div class='ocr_carea' id='block_1_1' title="bbox 766 605 1795 674">
    <p class='ocr_par' dir='ltr' id='par_1_1' title="bbox 766 605 1795 674">
     <span class='ocr_line' id='line_1_1' title="bbox 766 605 1795 674; baseline -0.006 -7"><span class='ocrx_word' id='word_1_1' title='bbox 766 610 930 667; x_wconf 72' lang='lat' dir='ltr'><strong>El’lSTllth</strong></span> <span class='ocrx_word' id='word_1_2' title='bbox 946 612 965 665; x_wconf 91' lang='lat' dir='ltr'><strong>l.</strong></span> <span class='ocrx_word' id='word_1_3' title='bbox 983 609 1071 665; x_wconf 75' lang='lat' dir='ltr'><strong>steti</strong></span> <span class='ocrx_word' id='word_1_4' title='bbox 1086 608 1183 665; x_wconf 71' lang='lat' dir='ltr'><strong>refut</strong></span> <span class='ocrx_word' id='word_1_5' title='bbox 1218 605 1302 661; x_wconf 68' lang='lat' dir='ltr'><strong>lm.</strong></span> <span class='ocrx_word' id='word_1_6' title='bbox 1320 607 1344 659; x_wconf 81' lang='lat' dir='ltr'><strong>b.</strong></span> <span class='ocrx_word' id='word_1_7' title='bbox 1362 605 1387 658; x_wconf 78' lang='grc'><strong>4.</strong></span> <span class='ocrx_word' id='word_1_8' title='bbox 1723 606 1795 674; x_wconf 67' lang='grc'><strong>401</strong></span> 
     </span>
    </p>
   </div>
   <div class='ocr_carea' id='block_1_2' title="bbox 369 777 1800 5125">
    <p class='ocr_par' dir='ltr' id='par_1_2' title="bbox 369 777 1800 5125">
     <span class='ocr_line' id='line_1_2' title="bbox 369 777 1797 867; baseline -0.007 -20"><span class='ocrx_word' id='word_1_9' title='bbox 369 784 479 861; x_wconf 72' lang='lat' dir='ltr'><strong>sellsts3</strong></span> <span class='ocrx_word' id='word_1_10' title='bbox 502 786 679 849; x_wconf 85' lang='lat' dir='ltr'><strong>nominatim</strong></span> <span class='ocrx_word' id='word_1_11' title='bbox 704 796 826 867; x_wconf 90' lang='lat' dir='ltr'><strong>prepter</strong></span> <span class='ocrx_word' id='word_1_12' title='bbox 850 786 945 861; x_wconf 88' lang='lat' dir='ltr'><strong>illud,</strong></span> <span class='ocrx_word' id='word_1_13' title='bbox 969 787 1050 867; x_wconf 86' lang='lat' dir='ltr'><strong>qued</strong></span> <span class='ocrx_word' id='word_1_14' title='bbox 1105 789 1154 849; x_wconf 86' lang='lat' dir='ltr'><strong>lb.</strong></span> <span class='ocrx_word' id='word_1_15' title='bbox 1181 794 1212 846; x_wconf 89' lang='lat' dir='ltr'><strong>et</strong></span> <span class='ocrx_word' id='word_1_16' title='bbox 1236 787 1252 845; x_wconf 92' lang='lat'>1</span> <span class='ocrx_word' id='word_1_17' title='bbox 1276 782 1383 843; x_wconf 84' lang='lat' dir='ltr'><strong>Thess.</strong></span> <span class='ocrx_word' id='word_1_18' title='bbox 1406 782 1436 840; x_wconf 82' lang='lat'><strong>4.</strong></span> <span class='ocrx_word' id='word_1_19' title='bbox 1473 777 1584 859; x_wconf 79' lang='lat' dir='ltr'><strong>Itaque</strong></span> <span class='ocrx_word' id='word_1_20' title='bbox 1609 795 1716 839; x_wconf 89' lang='lat' dir='ltr'><strong>seusus</strong></span> <span class='ocrx_word' id='word_1_21' title='bbox 1742 778 1797 838; x_wconf 91' lang='lat' dir='ltr'><strong>iste</strong></span> 
     </span>
     <span class='ocr_line' id='line_1_3' title="bbox 369 866 1796 956; baseline -0.009 -18"><span class='ocrx_word' id='word_1_22' title='bbox 369 872 504 952; x_wconf 61' lang='lat' dir='ltr'><strong>meliert</strong></span> <span class='ocrx_word' id='word_1_23' title='bbox 1102 871 1269 956; x_wconf 72' lang='lat' dir='ltr'><strong>probabilis</strong></span> <span class='ocrx_word' id='word_1_24' title='bbox 1286 876 1347 945; x_wconf 81' lang='lat' dir='ltr'><strong>est3</strong></span> <span class='ocrx_word' id='word_1_25' title='bbox 1370 867 1489 927; x_wconf 75' lang='lat' dir='ltr'><strong>emetri</strong></span> <span class='ocrx_word' id='word_1_26' title='bbox 1504 866 1596 945; x_wconf 89' lang='lat' dir='ltr'><strong>prior,</strong></span> <span class='ocrx_word' id='word_1_27' title='bbox 1613 866 1666 943; x_wconf 89' lang='lat' dir='ltr'><strong>qui</strong></span> <span class='ocrx_word' id='word_1_28' title='bbox 1681 872 1796 945; x_wconf 85' lang='lat' dir='ltr'><strong>purtem</strong></span> 
     </span>
     <span class='ocr_line' id='line_1_4' title="bbox 398 953 1797 1039; baseline -0.007 -19"><span class='ocrx_word' id='word_1_29' title='bbox 398 960 461 1039; x_wconf 78' lang='lat' dir='ltr'><strong>Qui</strong></span> <span class='ocrx_word' id='word_1_30' title='bbox 481 960 654 1021; x_wconf 72' lang='grc' dir='ltr'><strong>οοοιωάυηι</strong></span> <span class='ocrx_word' id='word_1_31' title='bbox 679 961 933 1022; x_wconf 80' lang='lat' dir='ltr'><strong>misericordium</strong></span> <span class='ocrx_word' id='word_1_32' title='bbox 959 979 1050 1021; x_wconf 82' lang='lat' dir='ltr'><strong>ossam</strong></span> <span class='ocrx_word' id='word_1_33' title='bbox 1103 957 1289 1021; x_wconf 85' lang='lat' dir='ltr'><strong>hancrefert</strong></span> <span class='ocrx_word' id='word_1_34' title='bbox 1304 953 1482 1016; x_wconf 76' lang='lat' dir='ltr'><strong>adverbum</strong></span> <span class='ocrx_word' id='word_1_35' title='bbox 1497 954 1708 1029; x_wconf 72' lang='lat' dir='ltr'><strong>rcpcucraeit,</strong></span> <span class='ocrx_word' id='word_1_36' title='bbox 1731 971 1797 1029; x_wconf 79' lang='lat' dir='ltr'><strong>ger·</strong></span> 
     </span>
     <span class='ocr_line' id='line_1_5' title="bbox 369 1037 1798 1123; baseline -0.007 -15"><span class='ocrx_word' id='word_1_37' title='bbox 369 1064 509 1123; x_wconf 72' lang='lat' dir='ltr'><strong>mertem</strong></span> <span class='ocrx_word' id='word_1_38' title='bbox 533 1052 734 1123; x_wconf 71' lang='lat' dir='ltr'><strong>necucroutt</strong></span> <span class='ocrx_word' id='word_1_39' title='bbox 754 1066 813 1109; x_wconf 85' lang='lat' dir='ltr'><strong>uos</strong></span> <span class='ocrx_word' id='word_1_40' title='bbox 835 1051 869 1108; x_wconf 84' lang='lat' dir='ltr'><strong>iu</strong></span> <span class='ocrx_word' id='word_1_41' title='bbox 891 1066 977 1123; x_wconf 86' lang='lat' dir='ltr'><strong>spem</strong></span> <span class='ocrx_word' id='word_1_42' title='bbox 1002 1050 1051 1108; x_wconf 91' lang='lat' dir='ltr'><strong>oi·</strong></span> <span class='ocrx_word' id='word_1_43' title='bbox 1104 1046 1219 1107; x_wconf 80' lang='lat' dir='ltr'><strong>munior</strong></span> <span class='ocrx_word' id='word_1_44' title='bbox 1229 1043 1357 1104; x_wconf 82' lang='lat' dir='ltr'><strong>videtur.</strong></span> <span class='ocrx_word' id='word_1_45' title='bbox 1380 1041 1432 1101; x_wconf 87' lang='lat' dir='ltr'><strong>Sic</strong></span> <span class='ocrx_word' id='word_1_46' title='bbox 1442 1040 1522 1102; x_wconf 89' lang='lat' dir='ltr'><strong>enim</strong></span> <span class='ocrx_word' id='word_1_47' title='bbox 1535 1047 1565 1099; x_wconf 91' lang='lat' dir='ltr'><strong>et</strong></span> <span class='ocrx_word' id='word_1_48' title='bbox 1577 1037 1655 1099; x_wconf 77' lang='lat' dir='ltr'><strong>intre</strong></span> <span class='ocrx_word' id='word_1_49' title='bbox 1667 1037 1798 1118; x_wconf 88' lang='lat' dir='ltr'><strong>loquitur</strong></span> 
     </span>
     <span class='ocr_line' id='line_1_6' title="bbox 369 1125 1798 1213; baseline -0.008 -18"><span class='ocrx_word' id='word_1_50' title='bbox 369 1150 440 1195; x_wconf 83' lang='lat' dir='ltr'><strong>essu.</strong></span> <span class='ocrx_word' id='word_1_51' title='bbox 462 1130 552 1195; x_wconf 83' lang='lat' dir='ltr'><strong>Hsec</strong></span> <span class='ocrx_word' id='word_1_52' title='bbox 573 1135 712 1213; x_wconf 86' lang='lat' dir='ltr'><strong>quamvis</strong></span> <span class='ocrx_word' id='word_1_53' title='bbox 731 1136 820 1194; x_wconf 87' lang='lat' dir='ltr'><strong>etiem</strong></span> <span class='ocrx_word' id='word_1_54' title='bbox 836 1134 874 1195; x_wconf 94' lang='lat' dir='ltr'><strong>de</strong></span> <span class='ocrx_word' id='word_1_55' title='bbox 889 1136 956 1195; x_wconf 91' lang='lat' dir='ltr'><strong>Deo</strong></span> <span class='ocrx_word' id='word_1_56' title='bbox 971 1134 1050 1194; x_wconf 78' lang='lat' dir='ltr'><strong>Filio</strong></span> <span class='ocrx_word' id='word_1_57' title='bbox 1104 1135 1218 1194; x_wconf 84' lang='lat' dir='ltr'><strong>Beetus</strong></span> <span class='ocrx_word' id='word_1_58' title='bbox 1234 1132 1344 1190; x_wconf 91' lang='lat' dir='ltr'><strong>Petrus</strong></span> <span class='ocrx_word' id='word_1_59' title='bbox 1363 1147 1428 1207; x_wconf 86' lang='lat' dir='ltr'><strong>cap.</strong></span> <span class='ocrx_word' id='word_1_60' title='bbox 1446 1132 1484 1201; x_wconf 86' lang='grc'><strong>3.,</strong></span> <span class='ocrx_word' id='word_1_61' title='bbox 1505 1125 1618 1198; x_wconf 91' lang='lat' dir='ltr'><strong>dicens,</strong></span> <span class='ocrx_word' id='word_1_62' title='bbox 1641 1125 1798 1201; x_wconf 82' lang='lat' dir='ltr'><strong>baptismo</strong></span> 
     </span>
     <span class='ocr_line' id='line_1_7' title="bbox 369 1215 1797 1294; baseline -0.006 -12"><span class='ocrx_word' id='word_1_63' title='bbox 369 1238 428 1281; x_wconf 80' lang='lat' dir='ltr'><strong>rere</strong></span> <span class='ocrx_word' id='word_1_64' title='bbox 441 1222 510 1293; x_wconf 80' lang='lat' dir='ltr'><strong>siut,</strong></span> <span class='ocrx_word' id='word_1_65' title='bbox 525 1228 641 1281; x_wconf 85' lang='lat' dir='ltr'><strong>constat</strong></span> <span class='ocrx_word' id='word_1_66' title='bbox 654 1222 918 1282; x_wconf 85' lang='lat' dir='ltr'><strong>temenadDeum</strong></span> <span class='ocrx_word' id='word_1_67' title='bbox 928 1222 1050 1282; x_wconf 77' lang='lat' dir='ltr'><strong>Patrem</strong></span> <span class='ocrx_word' id='word_1_68' title='bbox 1103 1238 1162 1282; x_wconf 79' lang='lat' dir='ltr'><strong>oser</strong></span> <span class='ocrx_word' id='word_1_69' title='bbox 1186 1219 1292 1279; x_wconf 85' lang='lat' dir='ltr'><strong>coleos</strong></span> <span class='ocrx_word' id='word_1_70' title='bbox 1318 1217 1426 1294; x_wconf 67' lang='lat' dir='ltr'><strong>fucere</strong></span> <span class='ocrx_word' id='word_1_71' title='bbox 1450 1231 1510 1291; x_wconf 85' lang='lat' dir='ltr'><strong>pcr</strong></span> <span class='ocrx_word' id='word_1_72' title='bbox 1534 1215 1797 1273; x_wconf 70' lang='lat' dir='ltr'><strong>resurrectionem</strong></span> 
     </span>
     <span class='ocr_line' id='line_1_8' title="bbox 369 1299 1797 1388; baseline -0.006 -21"><span class='ocrx_word' id='word_1_73' title='bbox 369 1305 514 1367; x_wconf 61' lang='lat' dir='ltr'><strong>merenda</strong></span> <span class='ocrx_word' id='word_1_74' title='bbox 538 1326 619 1382; x_wconf 90' lang='lat' dir='ltr'><strong>esse,</strong></span> <span class='ocrx_word' id='word_1_75' title='bbox 644 1307 683 1368; x_wconf 94' lang='lat' dir='ltr'><strong>de</strong></span> <span class='ocrx_word' id='word_1_76' title='bbox 709 1328 770 1388; x_wconf 91' lang='lat' dir='ltr'><strong>quo</strong></span> <span class='ocrx_word' id='word_1_77' title='bbox 793 1308 922 1369; x_wconf 75' lang='lat' dir='ltr'><strong>dixerat:</strong></span> <span class='ocrx_word' id='word_1_78' title='bbox 945 1310 1050 1370; x_wconf 82' lang='lat' dir='ltr'><strong>Bene·</strong></span> <span class='ocrx_word' id='word_1_79' title='bbox 1103 1306 1180 1369; x_wconf 87' lang='lat' dir='ltr'><strong>Jesu</strong></span> <span class='ocrx_word' id='word_1_80' title='bbox 1208 1303 1330 1364; x_wconf 79' lang='lat' dir='ltr'>Christi.</span> <span class='ocrx_word' id='word_1_81' title='bbox 1368 1304 1470 1383; x_wconf 87' lang='lat' dir='ltr'><strong>Atque</strong></span> <span class='ocrx_word' id='word_1_82' title='bbox 1496 1299 1545 1360; x_wconf 92' lang='lat' dir='ltr'><strong>hic</strong></span> <span class='ocrx_word' id='word_1_83' title='bbox 1574 1318 1679 1360; x_wconf 92' lang='lat' dir='ltr'><strong>sensus</strong></span> <span class='ocrx_word' id='word_1_84' title='bbox 1705 1301 1797 1359; x_wconf 86' lang='lat' dir='ltr'><strong>etiem</strong></span> 
     </span>
     <span class='ocr_line' id='line_1_9' title="bbox 371 1390 1776 1475; baseline -0.006 -20"><span class='ocrx_word' id='word_1_85' title='bbox 371 1390 460 1455; x_wconf 70' lang='lat' dir='ltr'><strong>item</strong></span> <span class='ocrx_word' id='word_1_86' title='bbox 474 1395 563 1455; x_wconf 76' lang='lat' dir='ltr'><strong>Deos</strong></span> <span class='ocrx_word' id='word_1_87' title='bbox 577 1402 631 1455; x_wconf 86' lang='lat' dir='ltr'><strong>etc.</strong></span> <span class='ocrx_word' id='word_1_88' title='bbox 654 1394 724 1474; x_wconf 75' lang='lat' dir='ltr'><strong>Qui,</strong></span> <span class='ocrx_word' id='word_1_89' title='bbox 746 1397 852 1475; x_wconf 89' lang='lat' dir='ltr'><strong>iuquit,</strong></span> <span class='ocrx_word' id='word_1_90' title='bbox 875 1415 942 1454; x_wconf 91' lang='lat' dir='ltr'><strong>cum</strong></span> <span class='ocrx_word' id='word_1_91' title='bbox 957 1397 999 1454; x_wconf 91' lang='lat' dir='ltr'><strong>sit</strong></span> <span class='ocrx_word' id='word_1_92' title='bbox 1013 1395 1050 1455; x_wconf 86' lang='lat' dir='ltr'><strong>eb</strong></span> <span class='ocrx_word' id='word_1_93' title='bbox 1104 1391 1184 1475; x_wconf 83' lang='lat' dir='ltr'><strong>epud</strong></span> <span class='ocrx_word' id='word_1_94' title='bbox 1201 1395 1378 1470; x_wconf 70' lang='lat' dir='ltr'><strong>interpretes</strong></span> <span class='ocrx_word' id='word_1_95' title='bbox 1397 1390 1495 1468; x_wconf 77' lang='lat' dir='ltr'><strong>magis</strong></span> <span class='ocrx_word' id='word_1_96' title='bbox 1510 1392 1647 1466; x_wconf 88' lang='lat' dir='ltr'><strong>receptus</strong></span> <span class='ocrx_word' id='word_1_97' title='bbox 1662 1394 1718 1446; x_wconf 88' lang='lat' dir='ltr'><strong>est.</strong></span> <span class='ocrx_word' id='word_1_98' title='bbox 1771 1438 1776 1447; x_wconf 90' lang='lat'><strong>.</strong></span> 
     </span>
     <span class='ocr_line' id='line_1_10' title="bbox 373 1473 1798 1549; baseline -0.006 -8"><span class='ocrx_word' id='word_1_99' title='bbox 373 1488 479 1541; x_wconf 69' lang='lat' dir='ltr'><strong>sabroe</strong></span> <span class='ocrx_word' id='word_1_100' title='bbox 496 1480 587 1541; x_wconf 80' lang='lat' dir='ltr'><strong>Peter</strong></span> <span class='ocrx_word' id='word_1_101' title='bbox 600 1481 722 1542; x_wconf 82' lang='lat' dir='ltr'><strong>Domini</strong></span> <span class='ocrx_word' id='word_1_102' title='bbox 743 1483 836 1541; x_wconf 86' lang='lat' dir='ltr'><strong>nestri</strong></span> <span class='ocrx_word' id='word_1_103' title='bbox 851 1481 926 1541; x_wconf 78' lang='lat' dir='ltr'><strong>besu</strong></span> <span class='ocrx_word' id='word_1_104' title='bbox 941 1480 1052 1541; x_wconf 79' lang='lat' dir='ltr'><strong>Christi</strong></span> <span class='ocrx_word' id='word_1_105' title='bbox 1148 1481 1177 1539; x_wconf 83' lang='lat'><strong>4.</strong></span> <span class='ocrx_word' id='word_1_106' title='bbox 1200 1482 1241 1539; x_wconf 85' lang='lat' dir='ltr'><strong>Iu</strong></span> <span class='ocrx_word' id='word_1_107' title='bbox 1263 1476 1490 1537; x_wconf 82' lang='lat' dir='ltr'><strong>haereditatem</strong></span> <span class='ocrx_word' id='word_1_108' title='bbox 1513 1473 1798 1549; x_wconf 59' lang='lat' dir='ltr'><strong>incorruptibilem,</strong></span> 
     </span>
     <span class='ocr_line' id='line_1_11' title="bbox 373 1560 1798 1649; baseline -0.006 -22"><span class='ocrx_word' id='word_1_109' title='bbox 373 1586 414 1649; x_wconf 83' lang='lat' dir='ltr'><strong>per</strong></span> <span class='ocrx_word' id='word_1_110' title='bbox 426 1576 572 1640; x_wconf 79' lang='lat' dir='ltr'><strong>mtursm,</strong></span> <span class='ocrx_word' id='word_1_111' title='bbox 588 1588 644 1628; x_wconf 88' lang='lat' dir='ltr'><strong>nes</strong></span> <span class='ocrx_word' id='word_1_112' title='bbox 655 1570 687 1628; x_wconf 89' lang='lat' dir='ltr'><strong>in</strong></span> <span class='ocrx_word' id='word_1_113' title='bbox 698 1576 835 1647; x_wconf 87' lang='lat' dir='ltr'><strong>tempore</strong></span> <span class='ocrx_word' id='word_1_114' title='bbox 847 1568 928 1627; x_wconf 87' lang='lat' dir='ltr'><strong>filies</strong></span> <span class='ocrx_word' id='word_1_115' title='bbox 941 1567 1052 1628; x_wconf 86' lang='lat' dir='ltr'><strong>hebere</strong></span> <span class='ocrx_word' id='word_1_116' title='bbox 1105 1575 1135 1627; x_wconf 86' lang='lat' dir='ltr'><strong>et</strong></span> <span class='ocrx_word' id='word_1_117' title='bbox 1150 1567 1442 1627; x_wconf 77' lang='lat' dir='ltr'><strong>incontaminatum</strong></span> <span class='ocrx_word' id='word_1_118' title='bbox 1458 1569 1488 1621; x_wconf 92' lang='lat' dir='ltr'><strong>ct</strong></span> <span class='ocrx_word' id='word_1_119' title='bbox 1502 1560 1798 1620; x_wconf 83' lang='lat' dir='ltr'><strong>immarcescibilem.</strong></span> 
     </span>
     <span class='ocr_line' id='line_1_12' title="bbox 373 1648 1800 1737; baseline -0.005 -23"><span class='ocrx_word' id='word_1_120' title='bbox 373 1652 453 1715; x_wconf 82' lang='lat' dir='ltr'><strong>uluit</strong></span> <span class='ocrx_word' id='word_1_121' title='bbox 475 1672 530 1734; x_wconf 90' lang='lat' dir='ltr'><strong>per</strong></span> <span class='ocrx_word' id='word_1_122' title='bbox 550 1652 748 1737; x_wconf 83' lang='lat' dir='ltr'><strong>adeptionem.</strong></span> <span class='ocrx_word' id='word_1_123' title='bbox 772 1653 847 1715; x_wconf 85' lang='lat' dir='ltr'><strong>Cum</strong></span> <span class='ocrx_word' id='word_1_124' title='bbox 871 1656 948 1715; x_wconf 88' lang='lat' dir='ltr'><strong>euim</strong></span> <span class='ocrx_word' id='word_1_125' title='bbox 972 1674 1051 1716; x_wconf 91' lang='lat' dir='ltr'><strong>esse·</strong></span> <span class='ocrx_word' id='word_1_126' title='bbox 1105 1652 1276 1734; x_wconf 83' lang='lat' dir='ltr'><strong>Explicatis</strong></span> <span class='ocrx_word' id='word_1_127' title='bbox 1298 1660 1344 1713; x_wconf 88' lang='lat' dir='ltr'><strong>est</strong></span> <span class='ocrx_word' id='word_1_128' title='bbox 1366 1650 1446 1710; x_wconf 88' lang='lat' dir='ltr'><strong>illius</strong></span> <span class='ocrx_word' id='word_1_129' title='bbox 1464 1648 1577 1728; x_wconf 78' lang='lat' dir='ltr'><strong>partiat</strong></span> <span class='ocrx_word' id='word_1_130' title='bbox 1597 1650 1800 1723; x_wconf 75' lang='lat' dir='ltr'><strong>rcpcucrceit</strong></span> 
     </span>
     <span class='ocr_line' id='line_1_13' title="bbox 374 1733 1798 1823; baseline -0.005 -22"><span class='ocrx_word' id='word_1_131' title='bbox 374 1740 471 1802; x_wconf 76' lang='lat' dir='ltr'><strong>ursin</strong></span> <span class='ocrx_word' id='word_1_132' title='bbox 487 1740 621 1820; x_wconf 89' lang='lat' dir='ltr'><strong>peccatis</strong></span> <span class='ocrx_word' id='word_1_133' title='bbox 635 1742 739 1821; x_wconf 75' lang='lat' dir='ltr'><strong>geniti,</strong></span> <span class='ocrx_word' id='word_1_134' title='bbox 758 1751 790 1802; x_wconf 91' lang='lat' dir='ltr'><strong>et</strong></span> <span class='ocrx_word' id='word_1_135' title='bbox 803 1762 858 1823; x_wconf 88' lang='lat' dir='ltr'><strong>per</strong></span> <span class='ocrx_word' id='word_1_136' title='bbox 874 1742 930 1802; x_wconf 91' lang='lat' dir='ltr'><strong>hoc</strong></span> <span class='ocrx_word' id='word_1_137' title='bbox 946 1751 1052 1802; x_wconf 84' lang='lat' dir='ltr'><strong>nature</strong></span> <span class='ocrx_word' id='word_1_138' title='bbox 1105 1760 1165 1802; x_wconf 78' lang='lat' dir='ltr'><strong>uos</strong></span> <span class='ocrx_word' id='word_1_139' title='bbox 1178 1743 1215 1802; x_wconf 81' lang='lat' dir='ltr'><strong>iu</strong></span> <span class='ocrx_word' id='word_1_140' title='bbox 1229 1758 1314 1815; x_wconf 83' lang='lat' dir='ltr'><strong>spcm</strong></span> <span class='ocrx_word' id='word_1_141' title='bbox 1330 1739 1447 1810; x_wconf 85' lang='lat' dir='ltr'><strong>civem,</strong></span> <span class='ocrx_word' id='word_1_142' title='bbox 1472 1733 1630 1813; x_wconf 85' lang='lat' dir='ltr'><strong>eidemque</strong></span> <span class='ocrx_word' id='word_1_143' title='bbox 1647 1735 1798 1795; x_wconf 85' lang='lat' dir='ltr'><strong>cohaeret.</strong></span> 
     </span>
     <span class='ocr_line' id='line_1_14' title="bbox 371 1823 1798 1905; baseline -0.004 -18"><span class='ocrx_word' id='word_1_144' title='bbox 371 1824 415 1887; x_wconf 70' lang='lat' dir='ltr'>ffi</span> <span class='ocrx_word' id='word_1_145' title='bbox 432 1828 496 1888; x_wconf 84' lang='lat' dir='ltr'><strong>irae</strong></span> <span class='ocrx_word' id='word_1_146' title='bbox 519 1848 556 1887; x_wconf 91' lang='lat' dir='ltr'><strong>ac</strong></span> <span class='ocrx_word' id='word_1_147' title='bbox 576 1828 680 1888; x_wconf 88' lang='lat' dir='ltr'><strong>mertis</strong></span> <span class='ocrx_word' id='word_1_148' title='bbox 702 1836 859 1889; x_wconf 85' lang='lat' dir='ltr'><strong>aeternus:</strong></span> <span class='ocrx_word' id='word_1_149' title='bbox 882 1848 992 1890; x_wconf 82' lang='lat' dir='ltr'><strong>novem</strong></span> <span class='ocrx_word' id='word_1_150' title='bbox 1016 1848 1052 1888; x_wconf 95' lang='lat' dir='ltr'><strong>ac</strong></span> <span class='ocrx_word' id='word_1_151' title='bbox 1106 1828 1184 1888; x_wconf 85' lang='lat' dir='ltr'><strong>Nem</strong></span> <span class='ocrx_word' id='word_1_152' title='bbox 1206 1829 1284 1888; x_wconf 90' lang='lat' dir='ltr'><strong>sicut</strong></span> <span class='ocrx_word' id='word_1_153' title='bbox 1306 1825 1467 1905; x_wconf 73' lang='lat' dir='ltr'><strong>generatio,</strong></span> <span class='ocrx_word' id='word_1_154' title='bbox 1494 1823 1536 1882; x_wconf 86' lang='lat' dir='ltr'><strong>ita</strong></span> <span class='ocrx_word' id='word_1_155' title='bbox 1559 1829 1588 1880; x_wconf 92' lang='lat' dir='ltr'><strong>et</strong></span> <span class='ocrx_word' id='word_1_156' title='bbox 1610 1823 1798 1899; x_wconf 67' lang='lat' dir='ltr'><strong>regeneratio</strong></span> 
     </span>
     <span class='ocr_line' id='line_1_15' title="bbox 375 1906 1800 1996; baseline -0.005 -21"><span class='ocrx_word' id='word_1_157' title='bbox 375 1912 522 1975; x_wconf 73' lang='lat' dir='ltr'><strong>mudum</strong></span> <span class='ocrx_word' id='word_1_158' title='bbox 547 1914 634 1975; x_wconf 84' lang='lat' dir='ltr'><strong>nobie</strong></span> <span class='ocrx_word' id='word_1_159' title='bbox 656 1916 688 1975; x_wconf 90' lang='lat' dir='ltr'><strong>in</strong></span> <span class='ocrx_word' id='word_1_160' title='bbox 712 1915 859 1993; x_wconf 90' lang='lat' dir='ltr'><strong>baptismo</strong></span> <span class='ocrx_word' id='word_1_161' title='bbox 884 1912 981 1996; x_wconf 83' lang='lat' dir='ltr'><strong>(qnod</strong></span> <span class='ocrx_word' id='word_1_162' title='bbox 1006 1924 1053 1975; x_wconf 92' lang='lat' dir='ltr'><strong>est</strong></span> <span class='ocrx_word' id='word_1_163' title='bbox 1105 1915 1235 1975; x_wconf 84' lang='lat' dir='ltr'><strong>liliorum</strong></span> <span class='ocrx_word' id='word_1_164' title='bbox 1250 1921 1313 1986; x_wconf 78' lang='lat' dir='ltr'><strong>est3</strong></span> <span class='ocrx_word' id='word_1_165' title='bbox 1334 1911 1388 1971; x_wconf 82' lang='lat' dir='ltr'><strong>filii</strong></span> <span class='ocrx_word' id='word_1_166' title='bbox 1409 1919 1508 1969; x_wconf 88' lang='lat' dir='ltr'><strong>eutem</strong></span> <span class='ocrx_word' id='word_1_167' title='bbox 1524 1906 1677 1969; x_wconf 82' lang='lat' dir='ltr'><strong>hseredes.</strong></span> <span class='ocrx_word' id='word_1_168' title='bbox 1700 1908 1800 1969; x_wconf 90' lang='lat' dir='ltr'><strong>Decet</strong></span> 
     </span>
     <span class='ocr_line' id='line_1_16' title="bbox 375 1996 1798 2082; baseline -0.004 -21"><span class='ocrx_word' id='word_1_169' title='bbox 375 1998 514 2061; x_wconf 80' lang='lat' dir='ltr'><strong>lsrrcrurn</strong></span> <span class='ocrx_word' id='word_1_170' title='bbox 534 2003 735 2063; x_wconf 83' lang='lat' dir='ltr'><strong>renovationis</strong></span> <span class='ocrx_word' id='word_1_171' title='bbox 757 2022 793 2062; x_wconf 89' lang='lat' dir='ltr'><strong>ac</strong></span> <span class='ocrx_word' id='word_1_172' title='bbox 808 2003 1051 2082; x_wconf 71' lang='lat' dir='ltr'><strong>regenerationis,</strong></span> <span class='ocrx_word' id='word_1_173' title='bbox 1105 2022 1187 2082; x_wconf 82' lang='lat' dir='ltr'><strong>erge,</strong></span> <span class='ocrx_word' id='word_1_174' title='bbox 1212 2002 1251 2061; x_wconf 87' lang='lat' dir='ltr'><strong>ed</strong></span> <span class='ocrx_word' id='word_1_175' title='bbox 1273 2019 1362 2081; x_wconf 84' lang='lat' dir='ltr'><strong>quum</strong></span> <span class='ocrx_word' id='word_1_176' title='bbox 1385 1997 1603 2058; x_wconf 84' lang='lat' dir='ltr'><strong>heereditstem</strong></span> <span class='ocrx_word' id='word_1_177' title='bbox 1629 1996 1798 2075; x_wconf 75' lang='lat' dir='ltr'><strong>regenerati</strong></span> 
     </span>
     <span class='ocr_line' id='line_1_17' title="bbox 370 2084 1800 2171; baseline -0.004 -22"><span class='ocrx_word' id='word_1_178' title='bbox 370 2086 425 2149; x_wconf 70' lang='lat' dir='ltr'><strong>‘tit</strong></span> <span class='ocrx_word' id='word_1_179' title='bbox 438 2084 481 2164; x_wconf 77' lang='grc'><strong>3.)</strong></span> <span class='ocrx_word' id='word_1_180' title='bbox 496 2088 624 2149; x_wconf 84' lang='lat' dir='ltr'><strong>contulit</strong></span> <span class='ocrx_word' id='word_1_181' title='bbox 638 2091 834 2162; x_wconf 72' lang='lat' dir='ltr'><strong>nativitatem,</strong></span> <span class='ocrx_word' id='word_1_182' title='bbox 850 2110 907 2171; x_wconf 82' lang='lat' dir='ltr'><strong>qua</strong></span> <span class='ocrx_word' id='word_1_183' title='bbox 924 2109 979 2150; x_wconf 92' lang='lat' dir='ltr'><strong>nos</strong></span> <span class='ocrx_word' id='word_1_184' title='bbox 994 2090 1051 2150; x_wconf 91' lang='lat' dir='ltr'><strong>sibi</strong></span> <span class='ocrx_word' id='word_1_185' title='bbox 1104 2091 1215 2164; x_wconf 85' lang='lat' dir='ltr'><strong>simus3</strong></span> <span class='ocrx_word' id='word_1_186' title='bbox 1240 2095 1269 2146; x_wconf 89' lang='lat' dir='ltr'><strong>et</strong></span> <span class='ocrx_word' id='word_1_187' title='bbox 1283 2104 1391 2147; x_wconf 90' lang='lat' dir='ltr'><strong>sensus</strong></span> <span class='ocrx_word' id='word_1_188' title='bbox 1401 2093 1465 2144; x_wconf 88' lang='lat' dir='ltr'><strong>est:</strong></span> <span class='ocrx_word' id='word_1_189' title='bbox 1481 2084 1685 2163; x_wconf 75' lang='lat' dir='ltr'><strong>Regensravit</strong></span> <span class='ocrx_word' id='word_1_190' title='bbox 1700 2102 1753 2142; x_wconf 91' lang='lat' dir='ltr'><strong>nes</strong></span> <span class='ocrx_word' id='word_1_191' title='bbox 1768 2084 1800 2143; x_wconf 91' lang='lat' dir='ltr'><strong>in</strong></span> 
     </span>
     <span class='ocr_line' id='line_1_18' title="bbox 375 2168 1799 2257; baseline -0.002 -24"><span class='ocrx_word' id='word_1_192' title='bbox 375 2172 539 2253; x_wconf 68' lang='lat' dir='ltr'><strong>lpdgenuit</strong></span> <span class='ocrx_word' id='word_1_193' title='bbox 547 2175 635 2247; x_wconf 87' lang='lat' dir='ltr'><strong>tilios,</strong></span> <span class='ocrx_word' id='word_1_194' title='bbox 651 2184 756 2256; x_wconf 91' lang='lat' dir='ltr'><strong>utpote</strong></span> <span class='ocrx_word' id='word_1_195' title='bbox 767 2196 821 2257; x_wconf 91' lang='lat' dir='ltr'><strong>per</strong></span> <span class='ocrx_word' id='word_1_196' title='bbox 832 2177 978 2254; x_wconf 79' lang='lat' dir='ltr'><strong>justitium</strong></span> <span class='ocrx_word' id='word_1_197' title='bbox 993 2176 1050 2237; x_wconf 89' lang='lat' dir='ltr'><strong>sibi</strong></span> <span class='ocrx_word' id='word_1_198' title='bbox 1104 2196 1188 2256; x_wconf 89' lang='lat' dir='ltr'><strong>spem</strong></span> <span class='ocrx_word' id='word_1_199' title='bbox 1210 2176 1301 2245; x_wconf 83' lang='lat' dir='ltr'><strong>vites,</strong></span> <span class='ocrx_word' id='word_1_200' title='bbox 1324 2191 1401 2253; x_wconf 88' lang='lat' dir='ltr'><strong>quae</strong></span> <span class='ocrx_word' id='word_1_201' title='bbox 1422 2173 1488 2230; x_wconf 83' lang='lat' dir='ltr'><strong>vita</strong></span> <span class='ocrx_word' id='word_1_202' title='bbox 1510 2179 1558 2230; x_wconf 89' lang='lat' dir='ltr'><strong>eet</strong></span> <span class='ocrx_word' id='word_1_203' title='bbox 1575 2168 1744 2231; x_wconf 71' lang='lat' dir='ltr'><strong>haereditas</strong></span> <span class='ocrx_word' id='word_1_204' title='bbox 1759 2169 1799 2230; x_wconf 84' lang='lat' dir='ltr'><strong>sd</strong></span> 
     </span>
     <span class='ocr_line' id='line_1_19' title="bbox 377 2255 1797 2340; baseline -0.004 -17"><span class='ocrx_word' id='word_1_205' title='bbox 377 2260 491 2335; x_wconf 60' lang='lat' dir='ltr'><strong>similem</strong></span> <span class='ocrx_word' id='word_1_206' title='bbox 513 2261 607 2340; x_wconf 90' lang='lat' dir='ltr'><strong>idque</strong></span> <span class='ocrx_word' id='word_1_207' title='bbox 621 2265 657 2323; x_wconf 83' lang='lat' dir='ltr'><strong>iu</strong></span> <span class='ocrx_word' id='word_1_208' title='bbox 679 2282 764 2340; x_wconf 84' lang='lat' dir='ltr'><strong>spem</strong></span> <span class='ocrx_word' id='word_1_209' title='bbox 782 2267 898 2339; x_wconf 81' lang='lat' dir='ltr'><strong>vivont,</strong></span> <span class='ocrx_word' id='word_1_210' title='bbox 922 2267 996 2337; x_wconf 84' lang='lat' dir='ltr'><strong>sive,</strong></span> <span class='ocrx_word' id='word_1_211' title='bbox 1018 2272 1052 2323; x_wconf 93' lang='lat' dir='ltr'><strong>ut</strong></span> <span class='ocrx_word' id='word_1_212' title='bbox 1103 2283 1159 2323; x_wconf 90' lang='lat' dir='ltr'><strong>nes</strong></span> <span class='ocrx_word' id='word_1_213' title='bbox 1175 2270 1209 2321; x_wconf 91' lang='lat' dir='ltr'><strong>ut</strong></span> <span class='ocrx_word' id='word_1_214' title='bbox 1227 2260 1307 2320; x_wconf 83' lang='lat' dir='ltr'><strong>tilios</strong></span> <span class='ocrx_word' id='word_1_215' title='bbox 1330 2268 1527 2338; x_wconf 59' lang='lat' dir='ltr'><strong>perventor-u</strong></span> <span class='ocrx_word' id='word_1_216' title='bbox 1550 2255 1731 2330; x_wconf 80' lang='lat' dir='ltr'><strong>haeredites,</strong></span> <span class='ocrx_word' id='word_1_217' title='bbox 1753 2258 1797 2317; x_wconf 91' lang='lat' dir='ltr'><strong>in·</strong></span> 
     </span>
     <span class='ocr_line' id='line_1_20' title="bbox 374 2344 1799 2431; baseline -0.004 -24"><span class='ocrx_word' id='word_1_218' title='bbox 374 2344 436 2427; x_wconf 72' lang='lat' dir='ltr'><strong>legit</strong></span> <span class='ocrx_word' id='word_1_219' title='bbox 456 2349 644 2428; x_wconf 75' lang='lat' dir='ltr'><strong>Augustinus</strong></span> <span class='ocrx_word' id='word_1_220' title='bbox 665 2350 716 2410; x_wconf 90' lang='lat' dir='ltr'><strong>lib.</strong></span> <span class='ocrx_word' id='word_1_221' title='bbox 735 2355 762 2409; x_wconf 90' lang='lat'><strong>1.</strong></span> <span class='ocrx_word' id='word_1_222' title='bbox 785 2349 822 2410; x_wconf 89' lang='lat' dir='ltr'><strong>de</strong></span> <span class='ocrx_word' id='word_1_223' title='bbox 843 2360 956 2431; x_wconf 80' lang='lat' dir='ltr'><strong>peccet.</strong></span> <span class='ocrx_word' id='word_1_224' title='bbox 980 2370 1050 2410; x_wconf 81' lang='lat' dir='ltr'><strong>mer.</strong></span> <span class='ocrx_word' id='word_1_225' title='bbox 1104 2370 1212 2430; x_wconf 87' lang='lat' dir='ltr'><strong>quam,</strong></span> <span class='ocrx_word' id='word_1_226' title='bbox 1242 2345 1510 2421; x_wconf 80' lang='lat' dir='ltr'><strong>incorruptibilis,</strong></span> <span class='ocrx_word' id='word_1_227' title='bbox 1542 2344 1615 2423; x_wconf 87' lang='lat' dir='ltr'><strong>quia</strong></span> <span class='ocrx_word' id='word_1_228' title='bbox 1643 2345 1799 2424; x_wconf 90' lang='lat' dir='ltr'><strong>corrumpi,</strong></span> 
     </span>
     <span class='ocr_line' id='line_1_21' title="bbox 375 2430 1798 2519; baseline -0.004 -24"><span class='ocrx_word' id='word_1_229' title='bbox 375 2452 427 2513; x_wconf 80' lang='lat' dir='ltr'><strong>esp</strong></span> <span class='ocrx_word' id='word_1_230' title='bbox 440 2436 501 2507; x_wconf 72' lang='lat' dir='ltr'><strong>bl,</strong></span> <span class='ocrx_word' id='word_1_231' title='bbox 519 2439 556 2495; x_wconf 80' lang='lat' dir='ltr'><strong>iu</strong></span> <span class='ocrx_word' id='word_1_232' title='bbox 570 2454 655 2513; x_wconf 79' lang='lat' dir='ltr'><strong>rpem</strong></span> <span class='ocrx_word' id='word_1_233' title='bbox 671 2440 755 2497; x_wconf 83' lang='lat' dir='ltr'><strong>vitae</strong></span> <span class='ocrx_word' id='word_1_234' title='bbox 770 2444 920 2498; x_wconf 81' lang='lat' dir='ltr'><strong>aeternae</strong></span> <span class='ocrx_word' id='word_1_235' title='bbox 928 2462 940 2515; x_wconf 94' lang='lat'><strong>,·</strong></span> <span class='ocrx_word' id='word_1_236' title='bbox 963 2438 1051 2519; x_wconf 87' lang='lat' dir='ltr'><strong>qussi</strong></span> <span class='ocrx_word' id='word_1_237' title='bbox 1105 2437 1210 2515; x_wconf 91' lang='lat' dir='ltr'><strong>perire,</strong></span> <span class='ocrx_word' id='word_1_238' title='bbox 1226 2443 1257 2495; x_wconf 90' lang='lat' dir='ltr'><strong>et</strong></span> <span class='ocrx_word' id='word_1_239' title='bbox 1268 2432 1359 2494; x_wconf 91' lang='lat' dir='ltr'><strong>semel</strong></span> <span class='ocrx_word' id='word_1_240' title='bbox 1375 2431 1476 2492; x_wconf 82' lang='lat' dir='ltr'><strong>hsbite</strong></span> <span class='ocrx_word' id='word_1_241' title='bbox 1488 2430 1600 2491; x_wconf 78' lang='lat' dir='ltr'><strong>suferri</strong></span> <span class='ocrx_word' id='word_1_242' title='bbox 1610 2450 1670 2491; x_wconf 94' lang='lat' dir='ltr'><strong>nen</strong></span> <span class='ocrx_word' id='word_1_243' title='bbox 1682 2438 1798 2511; x_wconf 73' lang='lat' dir='ltr'><strong>petest,</strong></span> 
     </span>
     <span class='ocr_line' id='line_1_22' title="bbox 374 2516 1798 2604; baseline -0.001 -24"><span class='ocrx_word' id='word_1_244' title='bbox 374 2516 456 2581; x_wconf 81' lang='lat' dir='ltr'><strong>dicct:</strong></span> <span class='ocrx_word' id='word_1_245' title='bbox 477 2522 574 2583; x_wconf 77' lang='lat' dir='ltr'><strong>Facta</strong></span> <span class='ocrx_word' id='word_1_246' title='bbox 589 2522 676 2583; x_wconf 91' lang='lat' dir='ltr'><strong>nobis</strong></span> <span class='ocrx_word' id='word_1_247' title='bbox 691 2524 854 2584; x_wconf 83' lang='lat' dir='ltr'><strong>certissime</strong></span> <span class='ocrx_word' id='word_1_248' title='bbox 876 2545 931 2604; x_wconf 91' lang='lat' dir='ltr'><strong>spe</strong></span> <span class='ocrx_word' id='word_1_249' title='bbox 948 2542 1050 2584; x_wconf 87' lang='lat' dir='ltr'><strong>conse·</strong></span> <span class='ocrx_word' id='word_1_250' title='bbox 1103 2533 1135 2583; x_wconf 91' lang='lat' dir='ltr'><strong>et</strong></span> <span class='ocrx_word' id='word_1_251' title='bbox 1150 2523 1409 2582; x_wconf 78' lang='lat' dir='ltr'><strong>incontaminate</strong></span> <span class='ocrx_word' id='word_1_252' title='bbox 1430 2521 1496 2578; x_wconf 82' lang='lat' dir='ltr'><strong>sire</strong></span> <span class='ocrx_word' id='word_1_253' title='bbox 1518 2516 1798 2590; x_wconf 80' lang='lat' dir='ltr'><strong>incenteminsbilis,</strong></span> 
     </span>
     <span class='ocr_line' id='line_1_23' title="bbox 373 2604 1798 2691; baseline -0.003 -22"><span class='ocrx_word' id='word_1_254' title='bbox 373 2606 497 2687; x_wconf 66' lang='lat' dir='ltr'><strong>mdes</strong></span> <span class='ocrx_word' id='word_1_255' title='bbox 511 2611 595 2669; x_wconf 80' lang='lat' dir='ltr'><strong>vitas</strong></span> <span class='ocrx_word' id='word_1_256' title='bbox 609 2617 757 2680; x_wconf 87' lang='lat' dir='ltr'><strong>ssternee,</strong></span> <span class='ocrx_word' id='word_1_257' title='bbox 779 2620 931 2691; x_wconf 77' lang='lat' dir='ltr'><strong>temquum</strong></span> <span class='ocrx_word' id='word_1_258' title='bbox 946 2613 1050 2673; x_wconf 78' lang='lat' dir='ltr'><strong>heere</strong></span> <span class='ocrx_word' id='word_1_259' title='bbox 1105 2612 1179 2686; x_wconf 78' lang='lat' dir='ltr'><strong>quie</strong></span> <span class='ocrx_word' id='word_1_260' title='bbox 1194 2608 1292 2669; x_wconf 80' lang='lat' dir='ltr'><strong>nullus</strong></span> <span class='ocrx_word' id='word_1_261' title='bbox 1314 2605 1419 2667; x_wconf 88' lang='lat' dir='ltr'><strong>sordes</strong></span> <span class='ocrx_word' id='word_1_262' title='bbox 1435 2613 1486 2666; x_wconf 83' lang='lat' dir='ltr'><strong>sut</strong></span> <span class='ocrx_word' id='word_1_263' title='bbox 1500 2604 1634 2664; x_wconf 73' lang='lat' dir='ltr'><strong>macules</strong></span> <span class='ocrx_word' id='word_1_264' title='bbox 1650 2604 1798 2665; x_wconf 77' lang='lat' dir='ltr'><strong>admittit:</strong></span> 
     </span>
     <span class='ocr_line' id='line_1_24' title="bbox 373 2691 1798 2779; baseline -0.001 -24"><span class='ocrx_word' id='word_1_265' title='bbox 373 2691 461 2755; x_wconf 77' lang='lat' dir='ltr'><strong>liutto</strong></span> <span class='ocrx_word' id='word_1_266' title='bbox 476 2694 549 2756; x_wconf 78' lang='lat' dir='ltr'><strong>filiis</strong></span> <span class='ocrx_word' id='word_1_267' title='bbox 571 2697 744 2776; x_wconf 85' lang='lat' dir='ltr'><strong>premissae,</strong></span> <span class='ocrx_word' id='word_1_268' title='bbox 767 2708 859 2778; x_wconf 88' lang='lat' dir='ltr'><strong>etque</strong></span> <span class='ocrx_word' id='word_1_269' title='bbox 873 2718 911 2758; x_wconf 83' lang='lat' dir='ltr'><strong>ex</strong></span> <span class='ocrx_word' id='word_1_270' title='bbox 926 2699 1050 2779; x_wconf 90' lang='lat' dir='ltr'><strong>premis·</strong></span> <span class='ocrx_word' id='word_1_271' title='bbox 1105 2699 1178 2759; x_wconf 85' lang='lat' dir='ltr'><strong>Neu</strong></span> <span class='ocrx_word' id='word_1_272' title='bbox 1193 2700 1277 2757; x_wconf 87' lang='lat' dir='ltr'><strong>cuim</strong></span> <span class='ocrx_word' id='word_1_273' title='bbox 1290 2693 1424 2755; x_wconf 82' lang='lat' dir='ltr'><strong>introbit</strong></span> <span class='ocrx_word' id='word_1_274' title='bbox 1439 2696 1475 2753; x_wconf 84' lang='lat' dir='ltr'><strong>iu</strong></span> <span class='ocrx_word' id='word_1_275' title='bbox 1486 2711 1555 2753; x_wconf 86' lang='lat' dir='ltr'><strong>cam</strong></span> <span class='ocrx_word' id='word_1_276' title='bbox 1571 2691 1696 2770; x_wconf 81' lang='lat' dir='ltr'><strong>aliquid</strong></span> <span class='ocrx_word' id='word_1_277' title='bbox 1708 2693 1798 2753; x_wconf 82' lang='lat' dir='ltr'><strong>coiu-</strong></span> 
     </span>
     <span class='ocr_line' id='line_1_25' title="bbox 375 2779 1797 2863; baseline -0.001 -23"><span class='ocrx_word' id='word_1_278' title='bbox 375 2781 448 2842; x_wconf 86' lang='lat' dir='ltr'><strong>siene</strong></span> <span class='ocrx_word' id='word_1_279' title='bbox 461 2781 589 2843; x_wconf 85' lang='lat' dir='ltr'><strong>debitae.</strong></span> <span class='ocrx_word' id='word_1_280' title='bbox 613 2784 704 2863; x_wconf 81' lang='lat' dir='ltr'><strong>Quod</strong></span> <span class='ocrx_word' id='word_1_281' title='bbox 719 2792 815 2844; x_wconf 90' lang='lat' dir='ltr'><strong>tetum</strong></span> <span class='ocrx_word' id='word_1_282' title='bbox 829 2786 991 2846; x_wconf 76' lang='lat' dir='ltr'><strong>immensus</strong></span> <span class='ocrx_word' id='word_1_283' title='bbox 1007 2793 1052 2844; x_wconf 91' lang='lat' dir='ltr'><strong>est</strong></span> <span class='ocrx_word' id='word_1_284' title='bbox 1105 2788 1293 2861; x_wconf 71' lang='lat' dir='ltr'><strong>quinetiam,</strong></span> <span class='ocrx_word' id='word_1_285' title='bbox 1320 2781 1416 2861; x_wconf 76' lang='lat' dir='ltr'><strong>Apoc.</strong></span> <span class='ocrx_word' id='word_1_286' title='bbox 1439 2782 1490 2840; x_wconf 74' lang='lat' dir='ltr'><strong>ll.</strong></span> <span class='ocrx_word' id='word_1_287' title='bbox 1520 2779 1579 2839; x_wconf 91' lang='lat' dir='ltr'><strong>Vel</strong></span> <span class='ocrx_word' id='word_1_288' title='bbox 1606 2780 1706 2859; x_wconf 91' lang='lat' dir='ltr'><strong>potius</strong></span> <span class='ocrx_word' id='word_1_289' title='bbox 1729 2779 1797 2839; x_wconf 92' lang='lat' dir='ltr'><strong>ideo</strong></span> 
     </span>
     <span class='ocr_line' id='line_1_26' title="bbox 371 2866 1799 2956; baseline -0.003 -26"><span class='ocrx_word' id='word_1_290' title='bbox 371 2869 600 2931; x_wconf 74' lang='lat' dir='ltr'><strong>uiscriwrdicc.</strong></span> <span class='ocrx_word' id='word_1_291' title='bbox 629 2870 699 2932; x_wconf 84' lang='lat' dir='ltr'><strong>Non</strong></span> <span class='ocrx_word' id='word_1_292' title='bbox 713 2870 762 2933; x_wconf 90' lang='lat' dir='ltr'><strong>hic</strong></span> <span class='ocrx_word' id='word_1_293' title='bbox 777 2892 795 2933; x_wconf 86' lang='lat' dir='ltr'><strong>e</strong></span> <span class='ocrx_word' id='word_1_294' title='bbox 811 2873 932 2952; x_wconf 83' lang='lat' dir='ltr'><strong>negotio</strong></span> <span class='ocrx_word' id='word_1_295' title='bbox 948 2872 1052 2956; x_wconf 65' lang='lat' dir='ltr'><strong>solutis</strong></span> <span class='ocrx_word' id='word_1_296' title='bbox 1105 2870 1349 2942; x_wconf 73' lang='lat' dir='ltr'><strong>incontaminate,</strong></span> <span class='ocrx_word' id='word_1_297' title='bbox 1372 2867 1454 2948; x_wconf 91' lang='lat' dir='ltr'><strong>quod</strong></span> <span class='ocrx_word' id='word_1_298' title='bbox 1478 2870 1543 2947; x_wconf 85' lang='lat' dir='ltr'><strong>ipsa</strong></span> <span class='ocrx_word' id='word_1_299' title='bbox 1566 2868 1595 2927; x_wconf 93' lang='lat' dir='ltr'><strong>in</strong></span> <span class='ocrx_word' id='word_1_300' title='bbox 1611 2885 1644 2928; x_wconf 92' lang='lat' dir='ltr'><strong>se</strong></span> <span class='ocrx_word' id='word_1_301' title='bbox 1663 2868 1704 2928; x_wconf 91' lang='lat' dir='ltr'><strong>sit</strong></span> <span class='ocrx_word' id='word_1_302' title='bbox 1718 2866 1799 2928; x_wconf 90' lang='lat' dir='ltr'><strong>omui</strong></span> 
     </span>
     <span class='ocr_line' id='line_1_27' title="bbox 371 2951 1798 3040; baseline -0.002 -24"><span class='ocrx_word' id='word_1_303' title='bbox 371 2955 746 3036; x_wconf 65' lang='lat' dir='ltr'><strong>inpliciterexcluduntur</strong></span> <span class='ocrx_word' id='word_1_304' title='bbox 761 2961 874 3031; x_wconf 85' lang='lat' dir='ltr'><strong>merite,</strong></span> <span class='ocrx_word' id='word_1_305' title='bbox 888 2959 970 3040; x_wconf 89' lang='lat' dir='ltr'><strong>quod</strong></span> <span class='ocrx_word' id='word_1_306' title='bbox 986 2959 1053 3019; x_wconf 81' lang='lat' dir='ltr'><strong>vult</strong></span> <span class='ocrx_word' id='word_1_307' title='bbox 1106 2979 1145 3020; x_wconf 84' lang='lat' dir='ltr'><strong>ex</strong></span> <span class='ocrx_word' id='word_1_308' title='bbox 1170 2968 1254 3038; x_wconf 87' lang='lat' dir='ltr'><strong>perte</strong></span> <span class='ocrx_word' id='word_1_309' title='bbox 1280 2958 1447 3038; x_wconf 83' lang='lat' dir='ltr'><strong>purissime,</strong></span> <span class='ocrx_word' id='word_1_310' title='bbox 1473 2953 1545 3015; x_wconf 89' lang='lat' dir='ltr'><strong>nihil</strong></span> <span class='ocrx_word' id='word_1_311' title='bbox 1568 2954 1689 3027; x_wconf 82' lang='lat' dir='ltr'><strong>hebens,</strong></span> <span class='ocrx_word' id='word_1_312' title='bbox 1717 2951 1798 3035; x_wconf 89' lang='lat' dir='ltr'><strong>quod</strong></span> 
     </span>
     <span class='ocr_line' id='line_1_28' title="bbox 371 3039 1798 3127; baseline -0.001 -23"><span class='ocrx_word' id='word_1_313' title='bbox 371 3039 520 3118; x_wconf 60' lang='lat' dir='ltr'><strong>bdsiuuu</strong></span> <span class='ocrx_word' id='word_1_314' title='bbox 544 3044 598 3104; x_wconf 91' lang='lat' dir='ltr'><strong>sed</strong></span> <span class='ocrx_word' id='word_1_315' title='bbox 615 3046 683 3123; x_wconf 81' lang='lat' dir='ltr'><strong>ipse</strong></span> <span class='ocrx_word' id='word_1_316' title='bbox 706 3048 797 3106; x_wconf 90' lang='lat' dir='ltr'><strong>etiem</strong></span> <span class='ocrx_word' id='word_1_317' title='bbox 817 3048 922 3107; x_wconf 87' lang='lat' dir='ltr'><strong>merite</strong></span> <span class='ocrx_word' id='word_1_318' title='bbox 938 3049 1052 3127; x_wconf 83' lang='lat' dir='ltr'><strong>gratiss</strong></span> <span class='ocrx_word' id='word_1_319' title='bbox 1106 3044 1244 3107; x_wconf 82' lang='lat' dir='ltr'><strong>offendet.</strong></span> <span class='ocrx_word' id='word_1_320' title='bbox 1289 3043 1558 3105; x_wconf 85' lang='lat' dir='ltr'><strong>Immurccecibilis</strong></span> <span class='ocrx_word' id='word_1_321' title='bbox 1587 3042 1718 3123; x_wconf 86' lang='lat' dir='ltr'><strong>denique</strong></span> <span class='ocrx_word' id='word_1_322' title='bbox 1743 3049 1798 3116; x_wconf 88' lang='lat' dir='ltr'><strong>est,</strong></span> 
     </span>
     <span class='ocr_line' id='line_1_29' title="bbox 371 3130 1800 3215; baseline 0.001 -26"><span class='ocrx_word' id='word_1_323' title='bbox 371 3130 624 3191; x_wconf 79' lang='lat' dir='ltr'><strong>stuiecricerdise</strong></span> <span class='ocrx_word' id='word_1_324' title='bbox 645 3132 781 3212; x_wconf 81' lang='lat' dir='ltr'><strong>eligentis</strong></span> <span class='ocrx_word' id='word_1_325' title='bbox 796 3134 853 3194; x_wconf 91' lang='lat' dir='ltr'><strong>Dei</strong></span> <span class='ocrx_word' id='word_1_326' title='bbox 870 3143 993 3214; x_wconf 79' lang='lat' dir='ltr'><strong>accepts</strong></span> <span class='ocrx_word' id='word_1_327' title='bbox 1008 3134 1051 3193; x_wconf 87' lang='lat' dir='ltr'><strong>fe·</strong></span> <span class='ocrx_word' id='word_1_328' title='bbox 1106 3136 1179 3215; x_wconf 88' lang='lat' dir='ltr'><strong>quis</strong></span> <span class='ocrx_word' id='word_1_329' title='bbox 1204 3134 1339 3212; x_wconf 83' lang='lat' dir='ltr'><strong>vigorem</strong></span> <span class='ocrx_word' id='word_1_330' title='bbox 1364 3151 1450 3191; x_wconf 90' lang='lat' dir='ltr'><strong>suum</strong></span> <span class='ocrx_word' id='word_1_331' title='bbox 1476 3150 1512 3190; x_wconf 86' lang='lat' dir='ltr'><strong>ac</strong></span> <span class='ocrx_word' id='word_1_332' title='bbox 1533 3131 1677 3210; x_wconf 73' lang='lat' dir='ltr'><strong>gretiam,</strong></span> <span class='ocrx_word' id='word_1_333' title='bbox 1707 3132 1800 3192; x_wconf 79' lang='lat' dir='ltr'><strong>instet</strong></span> 
     </span>
     <span class='ocr_line' id='line_1_30' title="bbox 371 3216 1798 3297; baseline 0.001 -20"><span class='ocrx_word' id='word_1_334' title='bbox 371 3225 469 3278; x_wconf 76' lang='lat' dir='ltr'><strong>rentur.</strong></span> <span class='ocrx_word' id='word_1_335' title='bbox 492 3216 564 3278; x_wconf 81' lang='lat' dir='ltr'><strong>Neu</strong></span> <span class='ocrx_word' id='word_1_336' title='bbox 585 3220 663 3278; x_wconf 89' lang='lat' dir='ltr'><strong>euim</strong></span> <span class='ocrx_word' id='word_1_337' title='bbox 687 3220 794 3280; x_wconf 88' lang='lat' dir='ltr'><strong>electio</strong></span> <span class='ocrx_word' id='word_1_338' title='bbox 815 3228 916 3281; x_wconf 87' lang='lat' dir='ltr'><strong>estex</strong></span> <span class='ocrx_word' id='word_1_339' title='bbox 931 3222 1052 3294; x_wconf 91' lang='lat' dir='ltr'><strong>meritis,</strong></span> <span class='ocrx_word' id='word_1_340' title='bbox 1106 3221 1252 3283; x_wconf 83' lang='lat' dir='ltr'><strong>amaranti</strong></span> <span class='ocrx_word' id='word_1_341' title='bbox 1274 3219 1365 3290; x_wconf 86' lang='lat' dir='ltr'><strong>floris,</strong></span> <span class='ocrx_word' id='word_1_342' title='bbox 1388 3236 1505 3297; x_wconf 91' lang='lat' dir='ltr'><strong>semper</strong></span> <span class='ocrx_word' id='word_1_343' title='bbox 1528 3218 1647 3292; x_wconf 90' lang='lat' dir='ltr'><strong>retinet,</strong></span> <span class='ocrx_word' id='word_1_344' title='bbox 1668 3227 1701 3277; x_wconf 92' lang='lat' dir='ltr'><strong>ut</strong></span> <span class='ocrx_word' id='word_1_345' title='bbox 1715 3216 1798 3278; x_wconf 91' lang='lat' dir='ltr'><strong>nulle</strong></span> 
     </span>
     <span class='ocr_line' id='line_1_31' title="bbox 371 3303 1799 3385; baseline 0 -21"><span class='ocrx_word' id='word_1_346' title='bbox 371 3303 536 3365; x_wconf 63' lang='lat' dir='ltr'><strong>almerita</strong></span> <span class='ocrx_word' id='word_1_347' title='bbox 551 3323 590 3364; x_wconf 83' lang='lat' dir='ltr'><strong>ex</strong></span> <span class='ocrx_word' id='word_1_348' title='bbox 604 3305 761 3367; x_wconf 87' lang='lat' dir='ltr'><strong>electione.</strong></span> <span class='ocrx_word' id='word_1_349' title='bbox 1105 3326 1245 3383; x_wconf 82' lang='lat' dir='ltr'><strong>umquem</strong></span> <span class='ocrx_word' id='word_1_350' title='bbox 1275 3314 1411 3384; x_wconf 89' lang='lat' dir='ltr'><strong>tempore</strong></span> <span class='ocrx_word' id='word_1_351' title='bbox 1440 3306 1608 3385; x_wconf 87' lang='lat' dir='ltr'><strong>possessori</strong></span> <span class='ocrx_word' id='word_1_352' title='bbox 1643 3303 1799 3366; x_wconf 78' lang='lat' dir='ltr'><strong>festidium</strong></span> 
     </span>
     <span class='ocr_line' id='line_1_32' title="bbox 403 3389 1798 3473; baseline 0.001 -21"><span class='ocrx_word' id='word_1_353' title='bbox 403 3391 465 3452; x_wconf 85' lang='lat' dir='ltr'><strong>Pcr</strong></span> <span class='ocrx_word' id='word_1_354' title='bbox 485 3396 747 3454; x_wconf 80' lang='lat' dir='ltr'><strong>resecrrcctiencm</strong></span> <span class='ocrx_word' id='word_1_355' title='bbox 772 3399 853 3458; x_wconf 82' lang='lat' dir='ltr'><strong>Jcset</strong></span> <span class='ocrx_word' id='word_1_356' title='bbox 867 3389 993 3457; x_wconf 66' lang='lat' dir='ltr'><strong>&#39;Christi</strong></span> <span class='ocrx_word' id='word_1_357' title='bbox 1015 3413 1053 3456; x_wconf 76' lang='lat' dir='ltr'><strong>etc</strong></span> <span class='ocrx_word' id='word_1_358' title='bbox 1105 3393 1278 3455; x_wconf 77' lang='lat' dir='ltr'><strong>taediumve</strong></span> <span class='ocrx_word' id='word_1_359' title='bbox 1304 3392 1455 3473; x_wconf 81' lang='lat' dir='ltr'><strong>subrepet.</strong></span> <span class='ocrx_word' id='word_1_360' title='bbox 1478 3391 1536 3451; x_wconf 88' lang='lat' dir='ltr'><strong>His</strong></span> <span class='ocrx_word' id='word_1_361' title='bbox 1560 3392 1703 3471; x_wconf 87' lang='lat' dir='ltr'><strong>epithetis</strong></span> <span class='ocrx_word' id='word_1_362' title='bbox 1722 3393 1798 3453; x_wconf 84' lang='lat' dir='ltr'><strong>buc·</strong></span> 
     </span>
     <span class='ocr_line' id='line_1_33' title="bbox 372 3477 1798 3561; baseline -0.001 -22"><span class='ocrx_word' id='word_1_363' title='bbox 372 3481 500 3539; x_wconf 74' lang='lat' dir='ltr'><strong>ronse.</strong></span> <span class='ocrx_word' id='word_1_364' title='bbox 522 3478 629 3538; x_wconf 90' lang='lat' dir='ltr'><strong>Potest</strong></span> <span class='ocrx_word' id='word_1_365' title='bbox 649 3480 726 3541; x_wconf 88' lang='lat' dir='ltr'><strong>haec</strong></span> <span class='ocrx_word' id='word_1_366' title='bbox 744 3501 814 3561; x_wconf 87' lang='lat' dir='ltr'><strong>pers</strong></span> <span class='ocrx_word' id='word_1_367' title='bbox 829 3481 933 3542; x_wconf 76' lang='lat' dir='ltr'><strong>referri</strong></span> <span class='ocrx_word' id='word_1_368' title='bbox 948 3481 998 3541; x_wconf 85' lang='lat' dir='ltr'><strong>vel</strong></span> <span class='ocrx_word' id='word_1_369' title='bbox 1013 3480 1052 3540; x_wconf 86' lang='lat' dir='ltr'><strong>sd</strong></span> <span class='ocrx_word' id='word_1_370' title='bbox 1105 3482 1224 3542; x_wconf 79' lang='lat' dir='ltr'><strong>sedites</strong></span> <span class='ocrx_word' id='word_1_371' title='bbox 1239 3480 1293 3540; x_wconf 80' lang='lat' dir='ltr'><strong>ills</strong></span> <span class='ocrx_word' id='word_1_372' title='bbox 1315 3479 1453 3540; x_wconf 90' lang='lat' dir='ltr'><strong>coelestis</strong></span> <span class='ocrx_word' id='word_1_373' title='bbox 1475 3477 1654 3542; x_wconf 89' lang='lat' dir='ltr'><strong>discernitur</strong></span> <span class='ocrx_word' id='word_1_374' title='bbox 1676 3480 1714 3540; x_wconf 86' lang='lat' dir='ltr'><strong>eh</strong></span> <span class='ocrx_word' id='word_1_375' title='bbox 1729 3480 1798 3539; x_wconf 87' lang='lat' dir='ltr'><strong>hae-</strong></span> 
     </span>
     <span class='ocr_line' id='line_1_34' title="bbox 372 3565 1799 3646; baseline 0.001 -20"><span class='ocrx_word' id='word_1_376' title='bbox 372 3565 498 3626; x_wconf 67' lang='lat' dir='ltr'><strong>meum:</strong></span> <span class='ocrx_word' id='word_1_377' title='bbox 520 3569 731 3641; x_wconf 76' lang='lat' dir='ltr'><strong>rcpcucrccit,</strong></span> <span class='ocrx_word' id='word_1_378' title='bbox 753 3568 802 3628; x_wconf 84' lang='lat' dir='ltr'><strong>vel</strong></span> <span class='ocrx_word' id='word_1_379' title='bbox 824 3569 879 3628; x_wconf 86' lang='lat' dir='ltr'><strong>ad:</strong></span> <span class='ocrx_word' id='word_1_380' title='bbox 902 3588 987 3645; x_wconf 87' lang='lat' dir='ltr'><strong>spem</strong></span> <span class='ocrx_word' id='word_1_381' title='bbox 1002 3572 1052 3629; x_wconf 88' lang='lat' dir='ltr'><strong>vi·</strong></span> <span class='ocrx_word' id='word_1_382' title='bbox 1099 3568 1284 3629; x_wconf 79' lang='lat' dir='ltr'><strong>reditatibus</strong></span> <span class='ocrx_word' id='word_1_383' title='bbox 1305 3569 1445 3640; x_wconf 87' lang='lat' dir='ltr'><strong>terrenis,</strong></span> <span class='ocrx_word' id='word_1_384' title='bbox 1468 3565 1507 3625; x_wconf 83' lang='lat' dir='ltr'><strong>sd</strong></span> <span class='ocrx_word' id='word_1_385' title='bbox 1529 3583 1606 3646; x_wconf 82' lang='lat' dir='ltr'><strong>ques</strong></span> <span class='ocrx_word' id='word_1_386' title='bbox 1628 3586 1698 3628; x_wconf 93' lang='lat' dir='ltr'><strong>sues</strong></span> <span class='ocrx_word' id='word_1_387' title='bbox 1720 3566 1799 3628; x_wconf 82' lang='lat' dir='ltr'><strong>filies</strong></span> 
     </span>
     <span class='ocr_line' id='line_1_35' title="bbox 372 3651 1798 3737; baseline 0.001 -25"><span class='ocrx_word' id='word_1_388' title='bbox 372 3665 443 3712; x_wconf 75' lang='lat' dir='ltr'><strong>m.</strong></span> <span class='ocrx_word' id='word_1_389' title='bbox 460 3651 498 3713; x_wconf 67' lang='lat' dir='ltr'><strong>fii</strong></span> <span class='ocrx_word' id='word_1_390' title='bbox 514 3651 560 3712; x_wconf 75' lang='lat' dir='ltr'><strong>ed</strong></span> <span class='ocrx_word' id='word_1_391' title='bbox 582 3655 664 3734; x_wconf 89' lang='lat' dir='ltr'><strong>prius</strong></span> <span class='ocrx_word' id='word_1_392' title='bbox 683 3654 807 3728; x_wconf 80' lang='lat' dir='ltr'><strong>referes,</strong></span> <span class='ocrx_word' id='word_1_393' title='bbox 830 3656 1052 3735; x_wconf 77' lang='lat' dir='ltr'><strong>significabitur,</strong></span> <span class='ocrx_word' id='word_1_394' title='bbox 1105 3665 1251 3737; x_wconf 76' lang='lat' dir='ltr'><strong>generunt</strong></span> <span class='ocrx_word' id='word_1_395' title='bbox 1272 3665 1374 3735; x_wconf 85' lang='lat' dir='ltr'><strong>petros</strong></span> <span class='ocrx_word' id='word_1_396' title='bbox 1394 3652 1540 3716; x_wconf 76' lang='lat' dir='ltr'><strong>ceruales.</strong></span> <span class='ocrx_word' id='word_1_397' title='bbox 1574 3653 1692 3714; x_wconf 87' lang='lat' dir='ltr'><strong>Harum</strong></span> <span class='ocrx_word' id='word_1_398' title='bbox 1718 3654 1798 3715; x_wconf 89' lang='lat' dir='ltr'><strong>enim</strong></span> 
     </span>
     <span class='ocr_line' id='line_1_36' title="bbox 372 3739 1799 3823; baseline 0.001 -25"><span class='ocrx_word' id='word_1_399' title='bbox 372 3741 604 3800; x_wconf 71' lang='lat' dir='ltr'><strong>numectioneu</strong></span> <span class='ocrx_word' id='word_1_400' title='bbox 630 3739 740 3802; x_wconf 75' lang='lat' dir='ltr'><strong>Christi</strong></span> <span class='ocrx_word' id='word_1_401' title='bbox 768 3763 786 3802; x_wconf 86' lang='lat' dir='ltr'><strong>e</strong></span> <span class='ocrx_word' id='word_1_402' title='bbox 807 3753 903 3803; x_wconf 81' lang='lat' dir='ltr'><strong>morte</strong></span> <span class='ocrx_word' id='word_1_403' title='bbox 931 3762 1052 3803; x_wconf 85' lang='lat' dir='ltr'><strong>ceusem</strong></span> <span class='ocrx_word' id='word_1_404' title='bbox 1105 3743 1189 3804; x_wconf 89' lang='lat' dir='ltr'><strong>nulle</strong></span> <span class='ocrx_word' id='word_1_405' title='bbox 1197 3753 1253 3815; x_wconf 82' lang='lat' dir='ltr'><strong>est,</strong></span> <span class='ocrx_word' id='word_1_406' title='bbox 1266 3762 1343 3823; x_wconf 86' lang='lat' dir='ltr'><strong>quus</strong></span> <span class='ocrx_word' id='word_1_407' title='bbox 1354 3763 1413 3802; x_wconf 93' lang='lat' dir='ltr'><strong>non</strong></span> <span class='ocrx_word' id='word_1_408' title='bbox 1422 3743 1520 3822; x_wconf 88' lang='lat' dir='ltr'><strong>perire</strong></span> <span class='ocrx_word' id='word_1_409' title='bbox 1532 3747 1563 3800; x_wconf 91' lang='lat' dir='ltr'><strong>et</strong></span> <span class='ocrx_word' id='word_1_410' title='bbox 1574 3741 1696 3816; x_wconf 78' lang='lat' dir='ltr'><strong>suferri,</strong></span> <span class='ocrx_word' id='word_1_411' title='bbox 1707 3739 1799 3814; x_wconf 87' lang='lat' dir='ltr'><strong>nulls,</strong></span> 
     </span>
     <span class='ocr_line' id='line_1_37' title="bbox 372 3829 1799 3910; baseline 0.001 -23"><span class='ocrx_word' id='word_1_412' title='bbox 372 3835 562 3887; x_wconf 62' lang='lat' dir='ltr'><strong>uueabrse</strong></span> <span class='ocrx_word' id='word_1_413' title='bbox 582 3831 823 3907; x_wconf 80' lang='lat' dir='ltr'><strong>regenerstionis‚</strong></span> <span class='ocrx_word' id='word_1_414' title='bbox 846 3850 906 3910; x_wconf 89' lang='lat' dir='ltr'><strong>que</strong></span> <span class='ocrx_word' id='word_1_415' title='bbox 921 3850 939 3889; x_wconf 83' lang='lat' dir='ltr'><strong>u</strong></span> <span class='ocrx_word' id='word_1_416' title='bbox 957 3837 1053 3890; x_wconf 89' lang='lat' dir='ltr'><strong>morte</strong></span> <span class='ocrx_word' id='word_1_417' title='bbox 1105 3850 1186 3910; x_wconf 81' lang='lat' dir='ltr'><strong>quse</strong></span> <span class='ocrx_word' id='word_1_418' title='bbox 1222 3850 1281 3891; x_wconf 92' lang='lat' dir='ltr'><strong>non</strong></span> <span class='ocrx_word' id='word_1_419' title='bbox 1318 3830 1491 3889; x_wconf 85' lang='lat' dir='ltr'><strong>sordescere</strong></span> <span class='ocrx_word' id='word_1_420' title='bbox 1530 3835 1560 3887; x_wconf 88' lang='lat' dir='ltr'><strong>st</strong></span> <span class='ocrx_word' id='word_1_421' title='bbox 1597 3829 1799 3900; x_wconf 73' lang='lat' dir='ltr'><strong>contaminari,</strong></span> 
     </span>
     <span class='ocr_line' id='line_1_38' title="bbox 372 3914 1799 3995; baseline 0.003 -23"><span class='ocrx_word' id='word_1_422' title='bbox 372 3914 473 3992; x_wconf 77' lang='lat' dir='ltr'><strong>peceati</strong></span> <span class='ocrx_word' id='word_1_423' title='bbox 502 3916 687 3993; x_wconf 81' lang='lat' dir='ltr'><strong>resurgimus</strong></span> <span class='ocrx_word' id='word_1_424' title='bbox 713 3916 751 3975; x_wconf 82' lang='lat' dir='ltr'><strong>sd</strong></span> <span class='ocrx_word' id='word_1_425' title='bbox 777 3918 872 3977; x_wconf 82' lang='lat' dir='ltr'><strong>vitem</strong></span> <span class='ocrx_word' id='word_1_426' title='bbox 900 3917 1051 3994; x_wconf 78' lang='lat' dir='ltr'><strong>justitiae:</strong></span> <span class='ocrx_word' id='word_1_427' title='bbox 1105 3917 1197 3987; x_wconf 81' lang='lat' dir='ltr'><strong>nulls,</strong></span> <span class='ocrx_word' id='word_1_428' title='bbox 1221 3937 1301 3995; x_wconf 86' lang='lat' dir='ltr'><strong>quse</strong></span> <span class='ocrx_word' id='word_1_429' title='bbox 1315 3937 1374 3977; x_wconf 91' lang='lat' dir='ltr'><strong>nen</strong></span> <span class='ocrx_word' id='word_1_430' title='bbox 1398 3914 1520 3976; x_wconf 87' lang='lat' dir='ltr'><strong>tandem</strong></span> <span class='ocrx_word' id='word_1_431' title='bbox 1540 3916 1688 3977; x_wconf 87' lang='lat' dir='ltr'><strong>vilescere</strong></span> <span class='ocrx_word' id='word_1_432' title='bbox 1702 3916 1799 3995; x_wconf 87' lang='lat' dir='ltr'><strong>pessit</strong></span> 
     </span>
     <span class='ocr_line' id='line_1_39' title="bbox 372 3997 1320 4083; baseline 0.003 -23"><span class='ocrx_word' id='word_1_433' title='bbox 372 3997 544 4062; x_wconf 73' lang='lat' dir='ltr'><strong>beemots</strong></span> <span class='ocrx_word' id='word_1_434' title='bbox 555 4004 638 4062; x_wconf 81' lang='lat' dir='ltr'><strong>cuim</strong></span> <span class='ocrx_word' id='word_1_435' title='bbox 647 4010 782 4078; x_wconf 80' lang='lat' dir='ltr'><strong>propter</strong></span> <span class='ocrx_word' id='word_1_436' title='bbox 793 4004 1052 4079; x_wconf 67' lang='lat' dir='ltr'><strong>iustificatieucm</strong></span> <span class='ocrx_word' id='word_1_437' title='bbox 1105 4012 1136 4064; x_wconf 90' lang='lat' dir='ltr'><strong>et</strong></span> <span class='ocrx_word' id='word_1_438' title='bbox 1152 4003 1320 4083; x_wconf 84' lang='lat' dir='ltr'><strong>displicere.</strong></span> 
     </span>
     <span class='ocr_line' id='line_1_40' title="bbox 372 4087 1797 4169; baseline 0.002 -21"><span class='ocrx_word' id='word_1_439' title='bbox 372 4094 511 4163; x_wconf 67' lang='lat' dir='ltr'><strong>tubum,</strong></span> <span class='ocrx_word' id='word_1_440' title='bbox 532 4088 620 4149; x_wconf 82' lang='lat' dir='ltr'><strong>Rom.</strong></span> <span class='ocrx_word' id='word_1_441' title='bbox 635 4090 664 4148; x_wconf 86' lang='lat'><strong>4.</strong></span> <span class='ocrx_word' id='word_1_442' title='bbox 689 4087 785 4165; x_wconf 80' lang='lat' dir='ltr'><strong>Cuius</strong></span> <span class='ocrx_word' id='word_1_443' title='bbox 808 4099 908 4150; x_wconf 89' lang='lat' dir='ltr'><strong>autem</strong></span> <span class='ocrx_word' id='word_1_444' title='bbox 931 4092 1052 4169; x_wconf 81' lang='lat' dir='ltr'><strong>generis</strong></span> <span class='ocrx_word' id='word_1_445' title='bbox 1149 4092 1378 4152; x_wconf 77' lang='lat' dir='ltr'><strong>Cemcruotcm</strong></span> <span class='ocrx_word' id='word_1_446' title='bbox 1401 4092 1437 4150; x_wconf 88' lang='lat' dir='ltr'><strong>iu</strong></span> <span class='ocrx_word' id='word_1_447' title='bbox 1459 4090 1551 4150; x_wconf 84' lang='lat' dir='ltr'><strong>coelis</strong></span> <span class='ocrx_word' id='word_1_448' title='bbox 1566 4093 1601 4149; x_wconf 81' lang='lat' dir='ltr'><strong>in</strong></span> <span class='ocrx_word' id='word_1_449' title='bbox 1618 4089 1712 4151; x_wconf 85' lang='lat' dir='ltr'><strong>cobis.</strong></span> <span class='ocrx_word' id='word_1_450' title='bbox 1735 4090 1797 4151; x_wconf 78' lang='lat' dir='ltr'><strong>&#39;Ad-</strong></span> 
     </span>
     <span class='ocr_line' id='line_1_41' title="bbox 372 4173 1796 4256; baseline 0.003 -22"><span class='ocrx_word' id='word_1_451' title='bbox 372 4189 448 4234; x_wconf 67' lang='grc' dir='ltr'><strong>οπο</strong></span> <span class='ocrx_word' id='word_1_452' title='bbox 469 4177 524 4248; x_wconf 90' lang='lat' dir='ltr'><strong>sit,</strong></span> <span class='ocrx_word' id='word_1_453' title='bbox 546 4173 589 4234; x_wconf 85' lang='lat' dir='ltr'><strong>ed</strong></span> <span class='ocrx_word' id='word_1_454' title='bbox 611 4195 678 4234; x_wconf 89' lang='lat' dir='ltr'><strong>eum</strong></span> <span class='ocrx_word' id='word_1_455' title='bbox 701 4175 798 4236; x_wconf 91' lang='lat' dir='ltr'><strong>locum</strong></span> <span class='ocrx_word' id='word_1_456' title='bbox 821 4177 909 4237; x_wconf 88' lang='lat' dir='ltr'><strong>Peuli</strong></span> <span class='ocrx_word' id='word_1_457' title='bbox 931 4176 1052 4256; x_wconf 88' lang='lat' dir='ltr'><strong>plenius</strong></span> <span class='ocrx_word' id='word_1_458' title='bbox 1105 4177 1164 4237; x_wconf 91' lang='lat' dir='ltr'><strong>dit:</strong></span> <span class='ocrx_word' id='word_1_459' title='bbox 1195 4185 1414 4238; x_wconf 77' lang='lat' dir='ltr'><strong>conterentem</strong></span> <span class='ocrx_word' id='word_1_460' title='bbox 1442 4178 1477 4236; x_wconf 83' lang='lat' dir='ltr'><strong>in</strong></span> <span class='ocrx_word' id='word_1_461' title='bbox 1503 4178 1612 4251; x_wconf 83' lang='lat' dir='ltr'><strong>coelis,</strong></span> <span class='ocrx_word' id='word_1_462' title='bbox 1644 4186 1677 4236; x_wconf 91' lang='lat' dir='ltr'><strong>ut</strong></span> <span class='ocrx_word' id='word_1_463' title='bbox 1704 4179 1796 4256; x_wconf 90' lang='lat' dir='ltr'><strong>hujus</strong></span> 
     </span>
     <span class='ocr_line' id='line_1_42' title="bbox 372 4259 1797 4342; baseline 0.004 -22"><span class='ocrx_word' id='word_1_464' title='bbox 372 4259 539 4342; x_wconf 73' lang='lat' dir='ltr'><strong>uplicatnm</strong></span> <span class='ocrx_word' id='word_1_465' title='bbox 564 4263 708 4339; x_wconf 88' lang='lat' dir='ltr'><strong>reperies.</strong></span> <span class='ocrx_word' id='word_1_466' title='bbox 739 4263 793 4324; x_wconf 81' lang='lat' dir='ltr'><strong>Sin</strong></span> <span class='ocrx_word' id='word_1_467' title='bbox 816 4273 914 4324; x_wconf 84' lang='lat' dir='ltr'><strong>eutem</strong></span> <span class='ocrx_word' id='word_1_468' title='bbox 937 4265 1051 4325; x_wconf 76' lang='lat' dir='ltr'><strong>referes</strong></span> <span class='ocrx_word' id='word_1_469' title='bbox 1103 4263 1299 4325; x_wconf 78' lang='lat' dir='ltr'><strong>haereditetis</strong></span> <span class='ocrx_word' id='word_1_470' title='bbox 1322 4262 1533 4324; x_wconf 82' lang='lat' dir='ltr'><strong>excellentium</strong></span> <span class='ocrx_word' id='word_1_471' title='bbox 1556 4264 1646 4324; x_wconf 90' lang='lat' dir='ltr'><strong>simul</strong></span> <span class='ocrx_word' id='word_1_472' title='bbox 1665 4273 1696 4325; x_wconf 90' lang='lat' dir='ltr'><strong>et</strong></span> <span class='ocrx_word' id='word_1_473' title='bbox 1709 4268 1797 4326; x_wconf 91' lang='lat' dir='ltr'><strong>certi-</strong></span> 
     </span>
     <span class='ocr_line' id='line_1_43' title="bbox 372 4343 1799 4431; baseline 0.004 -25"><span class='ocrx_word' id='word_1_474' title='bbox 372 4343 502 4424; x_wconf 79' lang='lat' dir='ltr'><strong>rdepom</strong></span> <span class='ocrx_word' id='word_1_475' title='bbox 529 4351 654 4421; x_wconf 82' lang='lat' dir='ltr'><strong>viuum,</strong></span> <span class='ocrx_word' id='word_1_476' title='bbox 681 4349 742 4410; x_wconf 84' lang='lat' dir='ltr'><strong>tels</strong></span> <span class='ocrx_word' id='word_1_477' title='bbox 763 4352 834 4422; x_wconf 85' lang='lat' dir='ltr'><strong>erit,</strong></span> <span class='ocrx_word' id='word_1_478' title='bbox 858 4350 940 4430; x_wconf 89' lang='lat' dir='ltr'><strong>quod</strong></span> <span class='ocrx_word' id='word_1_479' title='bbox 962 4352 1051 4412; x_wconf 81' lang='lat' dir='ltr'><strong>dicit:</strong></span> <span class='ocrx_word' id='word_1_480' title='bbox 1104 4350 1239 4413; x_wconf 89' lang='lat' dir='ltr'><strong>tudinem</strong></span> <span class='ocrx_word' id='word_1_481' title='bbox 1268 4351 1414 4412; x_wconf 72' lang='lat' dir='ltr'><strong>declaret:</strong></span> <span class='ocrx_word' id='word_1_482' title='bbox 1463 4349 1688 4426; x_wconf 84' lang='lat' dir='ltr'><strong>excellentium,</strong></span> <span class='ocrx_word' id='word_1_483' title='bbox 1726 4354 1799 4431; x_wconf 79' lang='lat' dir='ltr'><strong>quie</strong></span> 
     </span>
     <span class='ocr_line' id='line_1_44' title="bbox 372 4427 1798 4514; baseline 0.003 -18"><span class='ocrx_word' id='word_1_484' title='bbox 372 4427 444 4514; x_wconf 68' lang='lat' dir='ltr'><strong>lpum</strong></span> <span class='ocrx_word' id='word_1_485' title='bbox 460 4435 559 4497; x_wconf 88' lang='lat' dir='ltr'><strong>-uehis</strong></span> <span class='ocrx_word' id='word_1_486' title='bbox 580 4435 653 4495; x_wconf 79' lang='lat' dir='ltr'><strong>lecit</strong></span> <span class='ocrx_word' id='word_1_487' title='bbox 674 4437 757 4497; x_wconf 85' lang='lat' dir='ltr'><strong>vitae</strong></span> <span class='ocrx_word' id='word_1_488' title='bbox 779 4445 922 4498; x_wconf 81' lang='lat' dir='ltr'><strong>aeternus</strong></span> <span class='ocrx_word' id='word_1_489' title='bbox 944 4446 973 4497; x_wconf 91' lang='lat' dir='ltr'><strong>et</strong></span> <span class='ocrx_word' id='word_1_490' title='bbox 997 4440 1049 4496; x_wconf 92' lang='lat' dir='ltr'><strong>im·</strong></span> <span class='ocrx_word' id='word_1_491' title='bbox 1104 4438 1245 4498; x_wconf 90' lang='lat' dir='ltr'><strong>coelestis</strong></span> <span class='ocrx_word' id='word_1_492' title='bbox 1260 4449 1321 4514; x_wconf 84' lang='lat' dir='ltr'><strong>est3</strong></span> <span class='ocrx_word' id='word_1_493' title='bbox 1345 4437 1560 4510; x_wconf 85' lang='lat' dir='ltr'><strong>certitudinem,</strong></span> <span class='ocrx_word' id='word_1_494' title='bbox 1578 4439 1651 4510; x_wconf 74' lang='lat' dir='ltr'><strong>outo</strong></span> <span class='ocrx_word' id='word_1_495' title='bbox 1667 4440 1697 4497; x_wconf 91' lang='lat' dir='ltr'><strong>in</strong></span> <span class='ocrx_word' id='word_1_496' title='bbox 1713 4438 1798 4500; x_wconf 90' lang='lat' dir='ltr'><strong>coele</strong></span> 
     </span>
     <span class='ocr_line' id='line_1_45' title="bbox 373 4523 1799 4604; baseline 0.003 -24"><span class='ocrx_word' id='word_1_497' title='bbox 373 4523 488 4583; x_wconf 73' lang='lat' dir='ltr'><strong>seruth</strong></span> <span class='ocrx_word' id='word_1_498' title='bbox 519 4541 574 4601; x_wconf 88' lang='lat' dir='ltr'><strong>per</strong></span> <span class='ocrx_word' id='word_1_499' title='bbox 605 4525 854 4584; x_wconf 85' lang='lat' dir='ltr'><strong>resurrectionem</strong></span> <span class='ocrx_word' id='word_1_500' title='bbox 883 4525 955 4584; x_wconf 87' lang='lat' dir='ltr'><strong>Filii</strong></span> <span class='ocrx_word' id='word_1_501' title='bbox 994 4526 1051 4598; x_wconf 89' lang='lat' dir='ltr'><strong>sui,</strong></span> <span class='ocrx_word' id='word_1_502' title='bbox 1103 4534 1308 4599; x_wconf 84' lang='lat' dir='ltr'><strong>conservetur,</strong></span> <span class='ocrx_word' id='word_1_503' title='bbox 1331 4546 1390 4586; x_wconf 92' lang='lat' dir='ltr'><strong>nen</strong></span> <span class='ocrx_word' id='word_1_504' title='bbox 1414 4527 1442 4585; x_wconf 92' lang='lat' dir='ltr'><strong>in</strong></span> <span class='ocrx_word' id='word_1_505' title='bbox 1467 4534 1555 4584; x_wconf 90' lang='lat' dir='ltr'><strong>terru.</strong></span> <span class='ocrx_word' id='word_1_506' title='bbox 1578 4525 1750 4604; x_wconf 72' lang='lat' dir='ltr'><strong>Tamquam</strong></span> <span class='ocrx_word' id='word_1_507' title='bbox 1773 4526 1799 4584; x_wconf 90' lang='lat' dir='ltr'><strong>si</strong></span> 
     </span>
     <span class='ocr_line' id='line_1_46' title="bbox 373 4611 1798 4686; baseline 0.001 -16"><span class='ocrx_word' id='word_1_508' title='bbox 373 4623 444 4684; x_wconf 69' lang='lat' dir='ltr'><strong>tenu</strong></span> <span class='ocrx_word' id='word_1_509' title='bbox 460 4615 589 4669; x_wconf 79' lang='lat' dir='ltr'><strong>smerte</strong></span> <span class='ocrx_word' id='word_1_510' title='bbox 611 4611 809 4670; x_wconf 81' lang='lat' dir='ltr'><strong>resuscitavit</strong></span> <span class='ocrx_word' id='word_1_511' title='bbox 831 4613 869 4671; x_wconf 85' lang='lat' dir='ltr'><strong>ed</strong></span> <span class='ocrx_word' id='word_1_512' title='bbox 892 4614 985 4670; x_wconf 81' lang='lat' dir='ltr'><strong>vitum</strong></span> <span class='ocrx_word' id='word_1_513' title='bbox 1001 4631 1049 4671; x_wconf 82' lang='lat' dir='ltr'><strong>se·</strong></span> <span class='ocrx_word' id='word_1_514' title='bbox 1103 4611 1199 4671; x_wconf 86' lang='lat' dir='ltr'><strong>dicat:</strong></span> <span class='ocrx_word' id='word_1_515' title='bbox 1218 4612 1400 4673; x_wconf 78' lang='lat' dir='ltr'><strong>Haereditss</strong></span> <span class='ocrx_word' id='word_1_516' title='bbox 1415 4620 1514 4672; x_wconf 80' lang='lat' dir='ltr'><strong>restra</strong></span> <span class='ocrx_word' id='word_1_517' title='bbox 1528 4613 1635 4671; x_wconf 92' lang='lat' dir='ltr'><strong>intuto</strong></span> <span class='ocrx_word' id='word_1_518' title='bbox 1651 4620 1712 4686; x_wconf 82' lang='lat' dir='ltr'><strong>est3</strong></span> <span class='ocrx_word' id='word_1_519' title='bbox 1727 4631 1798 4672; x_wconf 81' lang='lat' dir='ltr'><strong>nem</strong></span> 
     </span>
     <span class='ocr_line' id='line_1_47' title="bbox 373 4696 1799 4777; baseline 0.001 -21"><span class='ocrx_word' id='word_1_520' title='bbox 373 4705 469 4756; x_wconf 69' lang='lat' dir='ltr'><strong>mm</strong></span> <span class='ocrx_word' id='word_1_521' title='bbox 496 4704 529 4756; x_wconf 91' lang='lat' dir='ltr'><strong>et</strong></span> <span class='ocrx_word' id='word_1_522' title='bbox 554 4696 759 4756; x_wconf 76' lang='lat' dir='ltr'><strong>immortalem.</strong></span> <span class='ocrx_word' id='word_1_523' title='bbox 794 4696 944 4777; x_wconf 75' lang='lat' dir='ltr'><strong>Quoniam</strong></span> <span class='ocrx_word' id='word_1_524' title='bbox 969 4700 1048 4759; x_wconf 88' lang='lat' dir='ltr'><strong>enim</strong></span> <span class='ocrx_word' id='word_1_525' title='bbox 1103 4698 1186 4776; x_wconf 83' lang='lat' dir='ltr'><strong>apud</strong></span> <span class='ocrx_word' id='word_1_526' title='bbox 1213 4699 1309 4759; x_wconf 87' lang='lat' dir='ltr'><strong>Deum</strong></span> <span class='ocrx_word' id='word_1_527' title='bbox 1341 4698 1523 4768; x_wconf 87' lang='lat' dir='ltr'><strong>custoditur,</strong></span> <span class='ocrx_word' id='word_1_528' title='bbox 1552 4716 1570 4756; x_wconf 90' lang='lat' dir='ltr'><strong>e</strong></span> <span class='ocrx_word' id='word_1_529' title='bbox 1596 4697 1682 4776; x_wconf 88' lang='lat' dir='ltr'><strong>eujus</strong></span> <span class='ocrx_word' id='word_1_530' title='bbox 1709 4718 1799 4760; x_wconf 90' lang='lat' dir='ltr'><strong>manu</strong></span> 
     </span>
     <span class='ocr_line' id='line_1_48' title="bbox 373 4773 1798 4864; baseline 0.003 -22"><span class='ocrx_word' id='word_1_531' title='bbox 373 4773 491 4844; x_wconf 68' lang='lat' dir='ltr'><strong>brutus</strong></span> <span class='ocrx_word' id='word_1_532' title='bbox 513 4784 698 4859; x_wconf 78' lang='lat' dir='ltr'><strong>resurrexit,</strong></span> <span class='ocrx_word' id='word_1_533' title='bbox 722 4791 752 4842; x_wconf 91' lang='lat' dir='ltr'><strong>et</strong></span> <span class='ocrx_word' id='word_1_534' title='bbox 776 4805 830 4845; x_wconf 89' lang='lat' dir='ltr'><strong>uos</strong></span> <span class='ocrx_word' id='word_1_535' title='bbox 854 4805 1049 4863; x_wconf 80' lang='lat' dir='ltr'><strong>resurgemus,</strong></span> <span class='ocrx_word' id='word_1_536' title='bbox 1095 4805 1190 4845; x_wconf 79' lang='lat' dir='ltr'><strong>¹tresue</strong></span> <span class='ocrx_word' id='word_1_537' title='bbox 1214 4795 1314 4864; x_wconf 91' lang='lat' dir='ltr'><strong>potest</strong></span> <span class='ocrx_word' id='word_1_538' title='bbox 1336 4788 1460 4862; x_wconf 88' lang='lat' dir='ltr'><strong>eripere.</strong></span> <span class='ocrx_word' id='word_1_539' title='bbox 1482 4783 1584 4862; x_wconf 53' lang='lat' dir='ltr'><strong>¹§Quod</strong></span> <span class='ocrx_word' id='word_1_540' title='bbox 1607 4794 1638 4844; x_wconf 92' lang='lat' dir='ltr'><strong>et</strong></span> <span class='ocrx_word' id='word_1_541' title='bbox 1654 4784 1798 4846; x_wconf 91' lang='lat' dir='ltr'><strong>Dominus</strong></span> 
     </span>
     <span class='ocr_line' id='line_1_49' title="bbox 373 4872 1797 4951; baseline 0.002 -23"><span class='ocrx_word' id='word_1_542' title='bbox 373 4873 578 4950; x_wconf 55' lang='lat' dir='ltr'><strong>lqueeaput</strong></span> <span class='ocrx_word' id='word_1_543' title='bbox 588 4872 760 4949; x_wconf 83' lang='lat' dir='ltr'><strong>praecessit,</strong></span> <span class='ocrx_word' id='word_1_544' title='bbox 777 4872 909 4931; x_wconf 86' lang='lat' dir='ltr'><strong>membra</strong></span> <span class='ocrx_word' id='word_1_545' title='bbox 923 4891 1049 4950; x_wconf 82' lang='lat' dir='ltr'><strong>sequen·</strong></span> <span class='ocrx_word' id='word_1_546' title='bbox 1104 4873 1134 4930; x_wconf 92' lang='lat' dir='ltr'><strong>iu</strong></span> <span class='ocrx_word' id='word_1_547' title='bbox 1152 4873 1319 4951; x_wconf 79' lang='lat' dir='ltr'><strong>Evangelio</strong></span> <span class='ocrx_word' id='word_1_548' title='bbox 1335 4872 1527 4950; x_wconf 74' lang='lat' dir='ltr'><strong>significavit,</strong></span> <span class='ocrx_word' id='word_1_549' title='bbox 1553 4875 1594 4930; x_wconf 84' lang='lat' dir='ltr'><strong>its</strong></span> <span class='ocrx_word' id='word_1_550' title='bbox 1610 4872 1797 4950; x_wconf 69' lang='lat' dir='ltr'><strong>praecipiens</strong></span> 
     </span>
     <span class='ocr_line' id='line_1_50' title="bbox 373 4947 1799 5039; baseline 0.002 -23"><span class='ocrx_word' id='word_1_551' title='bbox 373 4947 408 5016; x_wconf 66' lang='lat' dir='ltr'><strong>m.</strong></span> <span class='ocrx_word' id='word_1_552' title='bbox 425 4955 588 5018; x_wconf 78' lang='lat' dir='ltr'><strong>flucenim</strong></span> <span class='ocrx_word' id='word_1_553' title='bbox 604 4965 783 5034; x_wconf 64' lang='lat' dir='ltr'><strong>argumento</strong></span> <span class='ocrx_word' id='word_1_554' title='bbox 795 4957 913 5018; x_wconf 71' lang='lat' dir='ltr'><strong>Persius</strong></span> <span class='ocrx_word' id='word_1_555' title='bbox 929 4977 1051 5039; x_wconf 86' lang='lat' dir='ltr'><strong>quoque</strong></span> <span class='ocrx_word' id='word_1_556' title='bbox 1103 4959 1212 5020; x_wconf 76' lang='lat' dir='ltr'><strong>Hstth.</strong></span> <span class='ocrx_word' id='word_1_557' title='bbox 1229 4963 1275 5021; x_wconf 84' lang='lat' dir='ltr'><strong>e:</strong></span> <span class='ocrx_word' id='word_1_558' title='bbox 1293 4961 1519 5020; x_wconf 77' lang='lat' dir='ltr'><strong>Thesaurizctc</strong></span> <span class='ocrx_word' id='word_1_559' title='bbox 1536 4957 1622 5019; x_wconf 86' lang='lat' dir='ltr'><strong>vebis</strong></span> <span class='ocrx_word' id='word_1_560' title='bbox 1638 4959 1799 5019; x_wconf 75' lang='lat' dir='ltr'><strong>tbmeesoe</strong></span> 
     </span>
     <span class='ocr_line' id='line_1_51' title="bbox 373 5044 1796 5125; baseline 0.001 -17"><span class='ocrx_word' id='word_1_561' title='bbox 373 5045 929 5108; x_wconf 70' lang='lat' dir='ltr'><strong>mutuum-neruorum-cstruit</strong></span> <span class='ocrx_word' id='word_1_562' title='bbox 946 5044 1050 5107; x_wconf 73' lang='lat' dir='ltr'><strong>liber.</strong></span> <span class='ocrx_word' id='word_1_563' title='bbox 1104 5048 1141 5110; x_wconf 85' lang='lat' dir='ltr'><strong>iu</strong></span> <span class='ocrx_word' id='word_1_564' title='bbox 1156 5047 1796 5125; x_wconf 73' lang='lat' dir='ltr'><strong>ceclu,·esbi·useereusrupe,·ucetsc·tiuce</strong></span> 
     </span>
    </p>
   </div>
   <div class='ocr_carea' id='block_1_3' title="bbox 0 0 2228 5825">
    <p class='ocr_par' dir='ltr' id='par_1_3' title="bbox 0 0 2228 5825">
     <span class='ocr_line' id='line_1_52' title="bbox 0 0 2228 5825; baseline 0 0"><span class='ocrx_word' id='word_1_565' title='bbox 0 0 2228 5825; x_wconf 95' lang='lat' dir='ltr'><strong> </strong></span> 
     </span>
    </p>
   </div>
  </div>
 </body>
</html>
