4442 5825
776 586 941 642 mistum
958 585 1180 641 1111111108.
1215 585 1300 640 ttae.
1319 587 1361 640 st.
1705 587 1779 657 319

365 765 517 836 *mac
531 771 566 825 ut
575 762 640 825 lere
652 783 755 825 omnes
766 762 944 844 Prophetae,
957 765 1034 823 sicut
1082 761 1210 842 pellibus
1233 760 1384 841 adaptatis
1400 768 1429 820 et
1444 761 1577 820 consutis
1600 757 1715 819 fiebant
1728 775 1779 836 pe·

365 838 451 908 *tar
494 849 627 912 Christus
654 850 760 912 biattb.
789 853 818 913 5.
844 861 875 910 et
901 851 974 908 Luc.
1004 854 1031 911 6.
1083 850 1175 912 nuiss
1190 851 1344 921 victoriae,
1368 855 1399 906 et
1415 848 1475 907 alia
1489 847 1621 926 tegmina
1641 846 1687 918 iis,
1704 862 1780 925 quos

365 932 609 998 *tentationes
626 936 791 1018 aliquando
804 939 880 997 sumi
892 958 946 1016 pre
959 957 1031 1015 quo·
1082 938 1249 996 necessitas
1275 933 1404 1014 cogebat
1430 944 1517 994 extra
1538 932 1627 992 urbes
1652 930 1708 991 sub
1731 931 1781 991 dio

365 1027 525 1104 *gemere
553 1025 760 1096 afflictionum,
790 1022 952 1084 ostendunt
980 1022 1032 1083 illc
1083 1022 1203 1102 degere.
1232 1021 1319 1098 Quod
1337 1030 1466 1082 testatur
1481 1019 1569 1081 Philo
1586 1019 1664 1080 libro
1680 1016 1718 1079 de
1733 1018 1777 1076 vi·

365 1101 446 1164 dmi
469 1110 747 1172 vertebram:
783 1113 842 1173 Vos
863 1113 950 1184 estis,
978 1112 1033 1187 qui
1084 1110 1190 1169 ctimis.
1219 1106 1536 1188 Respicit—Apostolus
1552 1106 1590 1166 ad
1607 1105 1780 1186 propbetas,
1826 1095 1844 1117 ‘

365 1197 555 1281 marinis
589 1217 709 1258 mecum
739 1201 776 1258 in
805 1197 1034 1258 tentationibus
1084 1197 1270 1274 potissimum
1293 1194 1333 1255 ad
1347 1193 1456 1267 Elium,
1481 1201 1511 1255 et
1525 1194 1611 1274 pallii
1627 1193 1693 1271 ejus
1710 1191 1781 1252 bae·

367 1287 441 1349 mi
465 1291 493 1341 et
511 1285 561 1345 illa
582 1284 648 1346 Jac.
673 1291 717 1345 1.:
749 1286 849 1346 Omne
877 1285 1032 1360 caudium
1083 1282 1184 1342 redem
1193 1283 1353 1342 Elisaeum.
1367 1281 1579 1361 Nampallium
1588 1277 1781 1340 eliaam.

374 1360 532 1446 ultimate,
558 1390 629 1432 eum
651 1374 688 1432 ι’νι
712 1374 903 1432 tentationes
925 1372 1035 1430 varias
1084 1372 1264 1448 interpretes
1287 1360 1433 1447 μηλωτὴν
1455 1375 1566 1428 vocant
1590 1372 1609 1430 3
1632 1367 1708 1443 Reg.
1731 1365 1781 1425 19.

379 1450 525 1518 bedentis.
1083 1466 1112 1515 ct
1133 1456 1243 1533 dReg.
1268 1457 1297 1514 2.
1328 1454 1418 1515 Unde
1440 1452 1521 1534 apud
1544 1452 1719 1533 Origenem,
1748 1456 1781 1512 in

410 1537 522 1604 Alienae
544 1551 590 1604 est
609 1543 776 1624 scrupulus,
800 1544 950 1625 quomodo
965 1563 1035 1623 pars
1083 1542 1207 1602 bomilia
1229 1551 1316 1601 sexte
1339 1541 1377 1601 de
1400 1540 1535 1614 diversis,
1561 1539 1671 1601 dicitnr
1693 1537 1781 1599 Elias

373 1624 713 1713 ficamsitgeneralis,
728 1651 765 1692 ac
780 1639 915 1691 caeteras
931 1629 1033 1690 videa·
1083 1630 1145 1690 ictu
1174 1627 1304 1689 melotae
1330 1628 1496 1690 Jordsnem
1522 1628 1682 1688 transiisse
1719 1624 1781 1706 Qui

365 1700 413 1779 lh
427 1717 583 1797 conplecti,
609 1719 689 1778 inter
715 1737 768 1778 cae
796 1725 1033 1777 connumeretur.
1083 1718 1173 1778 etiam
1188 1719 1209 1777 4
1223 1717 1298 1794 Reg.
1317 1722 1344 1775 1.
1360 1724 1486 1777 vocatur
1500 1715 1588 1776 bomo
1604 1713 1727 1794 pilosus,
1749 1721 1781 1774 et

365 1778 440 1873 vUatis
453 1824 506 1863 non
521 1804 622 1865 abere
637 1805 826 1883 suspicantur
841 1805 986 1864 Erasmus
1003 1811 1034 1863 et
1082 1823 1160 1864 aona
1190 1803 1317 1881 pellicea
1345 1805 1496 1864 accinctus
1526 1803 1666 1877 renibus3
1701 1819 1781 1881 quae

365 1886 407 1951 &i
418 1890 541 1971 quidam,
560 1909 627 1952 esse
642 1889 835 1969 adjectitiam,
850 1900 884 1950 nt
898 1892 1033 1970 primum,
1082 1910 1142 1950 non
1158 1898 1218 1948 tam
1235 1889 1274 1949 de
1293 1889 1388 1949 barba
1403 1898 1435 1949 et
1450 1910 1543 1963 coms,
1568 1909 1660 1968 quam
1676 1889 1713 1949 de
1727 1906 1779 1948 ve·

365 1970 417 2039 h
431 1977 494 2038 loco
509 1970 709 2055 ἐπρίσθησαν,
726 1981 800 2038 secti
814 1984 898 2053 sunt,
916 1978 1032 2056 imperi·
1083 1977 1179 2036 stibus
1215 1975 1410 2055 intelligenda
1447 1975 1581 2037 Galenus
1619 1977 1778 2036 existimat

365 2066 552 2145 bquispism
565 2063 868 2126 substitueritrccem
879 2066 1033 2135 notiorem,
1084 2061 1224 2123 Clemens
1239 2063 1392 2124 Romanus
1414 2064 1445 2123 in
1467 2065 1563 2144 epist,
1590 2082 1682 2143 quam
1697 2061 1782 2123 dedit

365 2168 402 2213 stc
422 2153 545 2212 multum
572 2149 763 2211 dissimilem:
792 2142 1032 2230 incipietque,
1083 2149 1121 2209 ad
1138 2147 1318 2222 Corinthios,
1342 2151 1454 2210 citante
1470 2149 1629 2210 Clemente
1645 2149 1777 2211 Alexan·

365 2242 454 2301 tatoti
468 2244 563 2314 sunt,·
587 2237 698 2299 deinde
712 2249 905 2319 praepostera
921 2235 1031 2297 scriba·
1082 2234 1169 2295 drino
1194 2236 1243 2294 lib.
1267 2238 1295 2296 4.
1320 2237 1439 2309 Strom,
1465 2237 1536 2296 hnic
1552 2237 1691 2316 Apostoli
1713 2237 1780 2295 loco

365 2343 405 2387 n
433 2325 592 2404 diligentia
621 2319 713 2401 (sicut
738 2327 770 2386 in
795 2324 865 2385 aliie
891 2319 1034 2400 vidimus)
1082 2322 1166 2382 velut
1181 2322 1326 2396 alludens,
1350 2324 1394 2383 its
1416 2323 1535 2384 scribit:
1559 2326 1697 2401 Propter·
1718 2341 1780 2400 pa·

365 2418 468 2492 taque
491 2410 584 2471 dictio
605 2411 696 2471 fuerit
718 2412 749 2471 in
769 2419 885 2472 textum
905 2419 1033 2490 recepta.
1082 2412 1228 2469 tientiem
1251 2410 1394 2487 attidem
1418 2415 1454 2471 ia
1476 2411 1615 2486 pellibus
1637 2413 1781 2487 caprinis

365 2496 439 2579 lum
461 2500 664 2575 conjecturam
686 2497 773 2558 nobis
788 2497 974 2578 probabilem
989 2498 1031 2558 ia-
1083 2505 1112 2555 et
1136 2500 1249 2570 ovinis,
1278 2504 1307 2556 et
1328 2515 1367 2558 eae
1390 2498 1583 2558 camelorum
1603 2499 1681 2574 pilia
1702 2515 1780 2558 con·

365 2586 422 2648 lut
450 2583 685 2664 chrysostomus
716 2592 747 2645 et
776 2583 1033 2664 Theophylactus‚
1082 2587 1174 2644 testie
1199 2584 1334 2644 vestibus
1359 2585 1624 2659 ambulaverunt,
1649 2603 1780 2661 praece·

365 2673 395 2753 pi
414 2681 533 2754 partem
560 2671 638 2732 hanc
660 2691 718 2731 non
741 2671 981 2751 interpretentur,
1004 2679 1034 2730 et
1081 2670 1190 2730 dentes
1211 2688 1345 2746 recisum
1364 2672 1489 2733 Christi.
1513 2674 1658 2732 Dicimus
1673 2679 1780 2734 autem

365 2758 467 2843 ydaac
491 2760 599 2830 versio,
624 2776 703 2835 quae
725 2777 785 2817 non
800 2759 944 2837 agnoscit.
967 2757 1033 2816 Nec
1082 2757 1190 2818 Elium
1213 2765 1243 2817 et
1265 2759 1440 2833 Eiiaceum,
1463 2760 1656 2819 Ezechielem
1672 2766 1702 2819 et
1716 2762 1780 2823 Je-

365 2842 447 2921 ltttt,
469 2844 553 2926 quod
574 2843 656 2924 apud
674 2843 891 2925 Hieronymum
907 2844 1033 2924 legatur,
1082 2862 1201 2903 amnem
1215 2846 1395 2922 propbetas.
1418 2845 1547 2906 Sicilie.
1569 2847 1673 2919 Porro,
1697 2845 1781 2926 quod

365 2933 519 2996 cibantem
542 2934 572 2992 in
587 2931 781 2992 Matthaeum.
805 2932 880 2992 Nam
905 2931 969 2991 illic
991 2930 1032 2991 di·
1082 2932 1245 3011 Apostolus
1261 2934 1350 2992 dicit:
1366 2935 1570 3008 circuierunt,
1587 2932 1617 2993 id
1633 2944 1678 2995 eet
1694 2933 1779 2993 ober-

365 3027 426 3082 bo
440 3020 508 3081 loco
525 3018 650 3097 legitur:
677 3019 832 3094 lapidati
853 3026 938 3092 reat,
961 3027 1032 3079 tea·
1083 3028 1196 3091 ranrnt,
1220 3019 1285 3079 loca
1301 3019 1602 3092 subinde-mutantes,
1619 3020 1779 3100 significat,

365 3108 401 3168 ff
418 3114 505 3180 tuat,
528 3108 645 3165 urrati
665 3112 748 3165 eunt.
773 3104 862 3185 Quod
877 3107 973 3186 ipsum
989 3107 1031 3165 in·
1083 3124 1135 3165 eos
1162 3126 1220 3165 non
1246 3106 1388 3166 babuisse
1414 3117 1510 3167 cartas
1537 3105 1641 3182 sedes;
1665 3107 1714 3166 val
1741 3105 1779 3165 ob

365 3188 487 3266 ideae,
512 3211 623 3272 vagum
639 3199 670 3252 et
684 3191 879 3251 adventitium
902 3210 968 3253 esse
983 3211 1034 3251 vo·
1083 3189 1188 3270 lugam
1211 3196 1435 3270 persecutionis,
1462 3203 1496 3253 ut
1510 3193 1549 3254 de
1563 3193 1632 3254 Elis
1647 3200 1780 3267 constat3

365 3277 485 3342 Mum.
1083 3277 1134 3339 vel
1165 3278 1246 3357 qued
1276 3281 1416 3339 viverent
1447 3289 1481 3339 ut
1511 3280 1659 3360 peregrini
1688 3297 1781 3359 super

384 3365 426 3428 itt
438 3368 593 3428 maricae
608 3363 710 3439 eladii
731 3368 850 3425 mortui
864 3372 946 3426 sunt.
971 3363 1033 3424 He·
1085 3374 1203 3424 terram.

365 3453 488 3514 nisurus
510 3472 565 3532 pro
588 3470 634 3523 co,
661 3448 743 3529 quod
766 3449 894 3512 diceret:
919 3450 1035 3515 Gladio
1127 3452 1274 3526 licentes,
1297 3454 1483 3527 capusticti,
1504 3453 1627 3531 afflicti.
1650 3452 1782 3515 Possunt

365 3540 435 3601 ulti
446 3547 530 3600 suat.
553 3539 655 3616 Hujus
679 3537 833 3616 complura
849 3548 920 3598 sunt
934 3556 1033 3598 exom-
1086 3536 1160 3598 haec
1173 3538 1224 3597 vol
1239 3537 1276 3599 de
1292 3538 1405 3610 iisdem,
1428 3539 1478 3599 vel
1495 3538 1532 3598 de
1548 3539 1675 3599 diversis
1691 3538 1778 3600 intel-

365 3620 409 3701 βε
441 3624 621 3686 Sacerdotes
646 3625 678 3683 in
704 3623 791 3685 Nube
817 3622 891 3685 Saul
916 3624 1034 3695 occidit,
1086 3623 1148 3704 ligi.
1181 3625 1328 3700 quates,
1357 3624 1475 3687 Graece
1502 3618 1722 3704 ὑστερούμενοι,
1749 3624 1780 3686 id

365 3715 495 3792 *nque
507 3711 662 3771 civitatem
670 3709 816 3789 percussit
828 3713 858 3770 in
869 3731 921 3771 ors
933 3709 1035 3790 gladii,
1086 3719 1135 3771 est
1149 3711 1300 3787 destituti,
1323 3714 1462 3773 nimirum
1484 3732 1542 3791 ope
1565 3733 1601 3772 ac
1623 3713 1711 3773 rebus
1731 3732 1781 3774 ne·

365 3795 453 3878 issep
468 3799 535 3873 223
566 3796 734 3875 Prophetas
762 3796 883 3857 Domini
905 3795 1035 3858 Jeaabel
1086 3798 1236 3873 cessariis;
1267 3799 1351 3860 velut
1374 3799 1476 3859 David
1502 3798 1622 3877 lugiens
1650 3800 1723 3861 Saul
1750 3807 1781 3861 et

365 3883 502 3957 Mecit,
515 3884 620 3963 3Reg.
634 3886 700 3958 19.;
716 3880 873 3943 Manasses
889 3883 1036 3963 sanguine
1086 3882 1279 3958 Absalonem,
1293 3906 1329 3946 cc
1342 3885 1473 3945 ciborum
1487 3887 1643 3964 penuriam
1658 3886 1780 3967 patiens,

365 3971 462 4032 noxio
483 3971 615 4051 replevit
629 3968 802 4031 Jerusalem
819 3988 915 4049 usque
938 3969 977 4029 ad
993 3988 1035 4040 oe,
1085 3989 1163 4048 quoe
1188 3971 1276 4031 modo
1304 3975 1381 4051 petit
1402 3972 1441 4032 ab
1464 3971 1659 4033 Achimelech
1684 3992 1780 4033 sacer·

365 4051 450 4145 tlteg.
466 4058 534 4134 21.;
578 4057 683 4117 Uriam
710 4074 832 4135 quoque
854 4055 1036 4136 Prophetam
1085 4057 1166 4129 dote,
1182 4058 1270 4118 modo
1287 4079 1305 4117 a
1321 4058 1418 4118 Nabal
1434 4056 1627 4119 Carmelitai
1641 4060 1717 4140 Reg.
1731 4063 1780 4121 21.

365 4157 410 4222 μ
422 4162 484 4225 quo
495 4144 672 4207 Miebaeam
688 4140 774 4219 lapsu
786 4144 949 4203 memoriae
964 4143 1035 4202 scri·
1086 4153 1117 4203 et
1132 4145 1191 4217 25,
1215 4144 1289 4204 alias
1312 4154 1411 4206 autern
1427 4166 1446 4205 a
1461 4145 1533 4206 Sibe
1549 4165 1637 4206 servo
1653 4147 1781 4227 aliisque

365 4238 464 4304 mut
489 4227 740 4312 Theopbylactus
766 4238 796 4289 et
821 4226 1035 4303 Oecumenius)
1086 4231 1218 4290 externis
1242 4234 1378 4311 accipere
1400 4235 1517 4312 cogitur
1537 4237 1556 4293 2
1579 4233 1655 4314 Reg.
1680 4236 1728 4294 16.
1751 4241 1782 4293 et

365 4311 441 4392 Mic
462 4319 611 4396 pereusmt
629 4334 683 4376 rex
699 4314 833 4386 Joakirn,
855 4313 968 4375 Jerem.
986 4317 1035 4377 26.
1087 4317 1136 4376 17.
1166 4317 1242 4379 Item
1268 4318 1368 4390 Elias,
1400 4338 1489 4399 quem
1517 4318 1610 4379 fames
1637 4319 1781 4399 compulit

381 4402 587 4466 Bicertierttat
611 4406 649 4463 iss
671 4402 809 4478 mecm,
837 4406 873 4461 in
897 4402 1034 4479 pellibus
1085 4404 1262 4480 primumad
1275 4425 1389 4477 corvos,
1405 4404 1515 4466 deinde
1533 4405 1780 4487 adSareptanam

365 4493 488 4568 quate.
513 4492 643 4564 Melete,
669 4487 786 4551 Graece
807 4482 947 4568 μηλωτὴ,
972 4491 1031 4568 sig·
1085 4489 1241 4551 mulierem
1257 4513 1310 4571 pro
1330 4493 1393 4551 vita
1409 4491 1604 4553 sustentanda
1619 4492 1780 4572 coningere

365 4573 440 4638 ficet
465 4578 589 4640 ovinam
612 4574 736 4657 pellem,
766 4594 819 4635 sen
842 4577 941 4654 potius
964 4595 1034 4636 oxu·
1086 4576 1196 4656 3Reg.
1216 4582 1262 4637 17.
1294 4579 1430 4658 Itemque
1452 4578 1551 4639 Judss
1567 4579 1780 4651 blachabaeus,

365 4661 430 4736 hm,
452 4664 510 4725 boc
526 4673 581 4736 est,
603 4662 713 4743 pellem
730 4680 854 4742 corpere
870 4661 1033 4723 detractam
1086 4664 1219 4743 quicum
1240 4665 1326 4724 sociis
1345 4667 1422 4726 iuter
1444 4665 1525 4726 feras
1549 4667 1641 4725 ritem
1657 4665 1779 4745 degens,

365 4767 478 4814 neum
489 4750 578 4825 lenm
590 4750 726 4811 nimirum
736 4750 827 4810 simili
836 4746 1034 4821 derivatione,
1083 4748 1166 4810 foeni
1182 4750 1247 4810 cibo
1263 4751 1442 4813 vescebatur
1458 4754 1476 4811 2
1493 4751 1630 4811 Macbab.
1648 4752 1676 4812 5.
1708 4757 1779 4814 Aa·

365 4847 401 4900 Ι
426 4830 539 4916 hosti]
569 4837 667 4898 leonis
696 4838 840 4896 exuvicm
877 4835 1033 4915 significat.
1082 4838 1224 4913 puaticti,
1248 4836 1365 4898 Graece
1387 4831 1572 4914 θλιβόμενοι,
1594 4838 1624 4896 16
1648 4847 1694 4901 eet
1716 4860 1779 4900 aa·

365 4920 415 4988 b
427 4920 528 5004 μῆλον
540 4921 668 4986 Graecis
680 4924 756 4984 inter
767 4922 828 4983 alia
843 4924 931 4983 etiarn
948 4942 1033 4982 ovem
1082 4927 1193 5000 pusilis
1204 4928 1325 5000 pressi,-
1340 4933 1373 4985 ut
1390 4924 1499 4996 David,
1515 4924 1636 5004 quando
1652 4948 1671 4986 a
1686 4926 1779 4989 Saule

365 5008 497 5092 hibent
533 5010 586 5072 Ex
608 5010 704 5072 ovinis
725 5018 828 5070 autern
850 5018 881 5069 et
903 5010 1033 5090 caprinis
1083 5019 1250 5071 coarctatus
1269 5009 1454 5092 desperabat,
1476 5030 1510 5071 se
1532 5013 1779 5097 peasacmere,
