4442 5825
1067 494 1085 525 't'

581 540 747 627 missorii
762 570 850 627 ιιιιι
867 570 980 627 siconi
1014 570 1099 627 rme.
1116 572 1140 626 e.
1160 573 1185 626 s.
1539 576 1615 650 440

361 791 371 824 ,
397 747 511 810 Psalm.
536 752 607 812 144.
641 750 807 811 Delectore
830 751 866 811 irs
920 748 994 810 dore
1009 748 1123 810 sseeuli
1142 748 1269 829 gloriam
1291 751 1338 811 sni
1353 752 1445 830 regni.
1468 749 1532 811 Aut
1545 769 1616 811 mo·

361 835 477 897 tdobit
499 836 557 897 tibi
578 839 747 914 petitiones
762 836 866 897 sordis
914 840 1020 912 jerem
1036 836 1180 915 intellige,
1205 856 1259 910 ea,
1286 857 1377 916 quam
1399 836 1499 914 dedit3
1526 840 1616 918 quasi

370 923 422 986 36.
919 922 1015 985 diost:
1039 922 1176 986 Gratiam
1193 933 1264 985 ante
1288 923 1390 985 dotem
1406 925 1539 1005 augebit,
1561 925 1617 985 ali·

361 1010 461 1071 soaitio
475 1010 638 1091 perspieua
657 1019 713 1085 est,
729 1017 759 1068 et
774 1029 864 1089 quam
919 1008 992 1090 quid
1014 1008 1053 1071 ad
1076 1029 1144 1070 eom
1167 1010 1305 1090 adjiciet,
1327 1012 1473 1090 majorem
1496 1030 1563 1072 eam
1585 1022 1617 1072 et

361 1095 432 1157 letur
444 1096 603 1158 inhaerere
617 1097 772 1157 contextui
785 1099 863 1177 Apo·
919 1096 1145 1158 cumulatiorem
1171 1097 1285 1159 reddet
1329 1097 1387 1158 Oui
1409 1099 1512 1160 sensui
1538 1099 1616 1160 beno

361 1184 371 1244 i
394 1193 424 1244 et
447 1184 608 1264 sequentia
627 1185 720 1265 probe
744 1202 864 1263 respon·
918 1186 1063 1264 congruit,
1084 1185 1168 1263 quod
1183 1185 1336 1265 sequitur:

361 1289 390 1332 »x
414 1269 596 1330 docebimus
621 1269 734 1330 Eodem
754 1269 865 1330 redibit
961 1272 1099 1346 Propter
1127 1272 1212 1350 quod
1238 1271 1332 1332 dieite
1363 1273 1449 1332 Deus
1472 1270 1616 1348 superbis

361 1356 567 1437 ifleriptnram
582 1356 720 1417 dieamus
734 1357 865 1436 intelligi
917 1359 1042 1432 resistit,
1068 1358 1240 1419 humilibus
1261 1366 1367 1420 autem
1390 1358 1448 1418 dat
1466 1361 1616 1434 pretium.

361 1440 414 1503 tuit
428 1444 579 1504 insinuata
600 1444 796 1522 insuperiori
813 1442 865 1503 illa
917 1445 1056 1520 Propter
1070 1445 1167 1522 quod,
1184 1464 1291 1524 nempe
1306 1444 1546 1525 significandum,
1562 1445 1615 1505 di·

361 1552 378 1589 ιι
408 1532 538 1605 Perseo,
565 1539 595 1590 st
620 1548 688 1591 nora
714 1533 863 1606 accipitis.
917 1533 960 1590 eit
974 1531 1057 1591 Deus
1072 1531 1125 1591 vel
1139 1533 1301 1611 Scriptura
1325 1532 1436 1592 Totam
1451 1532 1530 1592 hona
1545 1550 1613 1612 pur·

361 1627 467 1677 serat:
495 1616 654 1690 Miramini,
671 1635 724 1676 vos
740 1637 800 1676 non
815 1636 862 1676 oe·
917 1626 977 1677 tem
1002 1617 1112 1679 Graeci
1135 1619 1257 1698 quidam
1284 1620 1403 1679 oodiees
1425 1619 1614 1699 praetermit-

361 1723 375 1763 n
397 1702 553 1784 Scriptura
575 1724 660 1765 saera
686 1705 776 1764 toties
798 1723 865 1783 pro·
917 1712 991 1764 tunt
1015 1702 1216 1765 Oeeumenius
1243 1725 1364 1786 quoque
1388 1725 1448 1766 nou
1471 1707 1614 1785 interpre-

361 1791 468 1851 sntibus
495 1789 726 1852 exauditionem.
765 1790 863 1862 Unde,
917 1799 1004 1864 tatur,
1024 1810 1081 1851 nee
1096 1793 1127 1851 iu
1142 1811 1199 1853 sua
1221 1794 1362 1853 versione
1383 1791 1507 1853 exhibet
1522 1793 1613 1852 Ilraa-

361 1877 473 1957 puitur:
490 1896 524 1939 so
541 1877 724 1955 quodmodo
739 1881 862 1954 petatis,
916 1897 991 1952 mne,
1015 1878 1067 1958 qui
1091 1887 1120 1938 et
1140 1881 1321 1959 suspicatur,
1347 1877 1517 1940 astudioso
1541 1897 1613 1960 qno·

361 1963 508 2043 :plicetur
520 1962 674 2024 addendo:
691 1972 728 2025 ut
738 1967 775 2024 ire
786 1982 863 2025 eon·
917 1967 996 2045 piam
1028 1972 1202 2026 annotatam
1228 1968 1260 2027 in
1285 1968 1422 2046 margine
1451 1985 1491 2027 ex
1517 1966 1613 2046 Epist

361 2072 367 2109 ι
391 2056 503 2112 vatris
524 2053 698 2126 insumatis,
723 2052 765 2111 ita
785 2071 864 2112 nuno
916 2052 999 2112 Petri
1016 2053 1122 2133 priore,
1145 2072 1211 2133 sep.
1227 2054 1266 2126 b,
1290 2051 1342 2113 ubi
1365 2053 1471 2113 eadam
1485 2050 1614 2114 habetur

361 2138 486 2200 daretur
507 2137 565 2198 hae
580 2147 682 2217 parte:
709 2139 760 2198 Ao
775 2141 863 2200 invi·
916 2141 1075 2209 sententio,
1096 2148 1203 2220 postes
1217 2144 1248 2199 in
1262 2147 1433 2200 eontsxtnm
1448 2141 1613 2220 irrepsisse.
1637 2200 1647 2221 ,
1691 2138 1693 2145 ’

361 2227 672 2303 spissitapiritusete.
696 2224 786 2305 Quod
797 2227 862 2304 jem
916 2224 1030 2286 Verum
1057 2224 1119 2286 illie
1145 2247 1204 2286 non
1227 2235 1273 2286 est
1294 2225 1448 2287 additum:
1475 2228 1614 2304 Propter

361 2312 447 2372 itioeo
460 2315 650 2392 interpretati
662 2331 782 2388 sumus3
799 2313 863 2372 sive
916 2313 1002 2389 quod
1027 2313 1111 2372 dicit
1145 2313 1247 2374 Latini
1269 2332 1372 2374 omnes
1394 2323 1425 2372 et
1448 2313 1558 2394 legunt,
1584 2322 1614 2374 et

361 2398 466 2460 »iritum
478 2398 665 2479 intelligatur
680 2399 795 2461 enimus
810 2399 861 2459 ho·
916 2401 1161 2479 interpretantur.
1188 2399 1311 2460 Habent
1325 2409 1355 2460 et
1369 2399 1480 2461 Graeoi
1495 2399 1612 2461 eodioes

361 2495 494 2559 ravotus,
518 2487 584 2547 sive
607 2487 731 2566 spiritus
752 2485 862 2557 mundi,
916 2485 1002 2546 multi
1014 2506 1049 2547 ae
1059 2488 1177 2558 vetusti,
1192 2495 1223 2546 et
1235 2506 1273 2547 ex
1285 2486 1333 2547 bis
1346 2485 1493 2548 editiones
1501 2485 1614 2548 Aldina

361 2570 408 2632 lus
422 2578 438 2633 1
453 2571 521 2633 Gor.
534 2575 578 2631 *λε
595 2575 659 2634 Νοι
674 2580 780 2633 autem
794 2590 863 2633 oon
916 2580 948 2632 et
959 2574 1189 2652 complutensis.
1205 2573 1282 2635 Nam
1294 2571 1332 2633 de
1344 2571 1456 2633 Aldina
1467 2575 1612 2634 Erasmus

361 2662 427 2733 ojus
448 2660 564 2721 mundi
578 2664 774 2736 accerrimum
797 2661 863 2720 sive
917 2660 981 2739 ipse
1004 2659 1130 2732 fetatur,
1155 2659 1284 2740 ideoque
1305 2660 1336 2721 in
1359 2679 1414 2720 sua
1435 2661 1611 2742 paraphrasi

364 2748 442 2807 itane
466 2749 496 2807 iu
511 2746 608 2820 nobis,
632 2746 671 2807 de
694 2765 755 2828 quo
777 2747 862 2807 Rom.
916 2748 1096 2808 sententiam
1118 2747 1197 2807 bane
1223 2748 1361 2808 restitnit.
1396 2747 1540 2828 Denique
1562 2745 1614 2808 dat

361 2834 611 2913 eoncupiscentia,
637 2833 675 2893 ab
703 2836 768 2914 ipso
796 2843 863 2893 ortu
916 2851 982 2895 eam
1004 2834 1100 2914 Syrus
1123 2835 1277 2915 interpres.
1301 2833 1390 2895 Unde
1411 2853 1473 2894 non
1494 2833 1612 2895 dubita·

363 2920 440 2982 dons
455 2920 544 2982 Adue
558 2921 641 2993 filiis,
658 2929 688 2981 et
704 2924 735 2980 in
751 2921 796 2982 eis
812 2939 861 2981 ox·
915 2940 989 2993 mus,
1006 2923 1079 3001 quin
1094 2941 1113 2981 o
1127 2921 1163 2982 B.
1179 2922 1297 2983 Jaeobo
1313 2924 1426 3003 scripta
1439 2921 1540 2983 fuerit
1556 2920 1612 2985 oe-

361 3009 431 3079 erio,
448 3027 526 3087 quae
538 3008 670 3068 militent
681 3010 712 3068 in
723 3007 862 3069 membris
916 3011 1065 3069 sationem
1095 3009 1164 3088 ejus
1201 3008 1483 3088 praetermittendae
1515 3008 1611 3071 inisse

384 3113 477 3174 snpra
499 3094 681 3155 dictumest.
705 3094 768 3175 Qui
784 3114 861 3154 eom·
915 3103 998 3173 puto,
1025 3093 1108 3175 quod
1132 3096 1271 3155 similiter
1292 3095 1411 3156 desinat
1433 3115 1501 3157 eum
1524 3105 1612 3177 parte

361 3189 403 3242 sat
417 3180 592 3255 HesselanI,
614 3181 757 3261 idemque
775 3181 862 3242 nobis
914 3183 1133 3261 praecedente,
1156 3202 1237 3261 quae
1262 3201 1309 3243 ros
1331 3182 1459 3243 scribam
1483 3185 1612 3245 osoitan·

362 3268 543 3349 sprobatur.
915 3277 975 3328 tem
990 3267 1106 3340 fefellit,
1123 3277 1166 3342 nt,
1183 3270 1300 3329 omissis
1316 3269 1420 3330 verbio
1436 3268 1554 3343 mediis,
1570 3268 1611 3331 ad

361 3363 531 3417 smautrm
546 3355 760 3431 datoratiom.
780 3354 862 3416 Gro·
914 3358 1074 3435 sequentia
1097 3357 1246 3417 transiret
1281 3355 1360 3416 'Pele
1382 3354 1455 3437 qnid
1477 3357 1555 3417 enim
1582 3369 1612 3418 et

361 3492 364 3501 .
389 3444 421 3501 in
443 3442 610 3521 seripturis
634 3441 863 3521 ‘comprehendit
915 3441 992 3502 alias
1007 3440 1064 3502 fuit
1080 3463 1098 3503 a
1114 3442 1202 3504 nobis
1219 3442 1420 3503 obseruatum.

361 3549 378 3588 n
402 3531 565 3609 gratuitum
589 3536 618 3587 et
633 3528 784 3605 solutore,
808 3548 863 3589 nea
958 3529 1126 3608 Desumpta
1142 3542 1187 3591 est
1203 3537 1302 3589 autem
1318 3529 1469 3590 sententia
1485 3548 1524 3590 ex
1539 3530 1612 3592 Pro-

361 3636 408 3676 >eo
430 3614 645 3695 recipiendum.
670 3614 731 3695 Qui
746 3623 861 3695 partem
914 3615 1028 3676 verbiis
1039 3615 1217 3688 Salomonis,
1229 3636 1295 3695 eap.
1308 3617 1346 3686 3..
1355 3616 1445 3694 juxta
1457 3618 1611 3699 antiquam

363 3702 554 3763 secedentem
570 3701 607 3762 de
622 3704 730 3782 spiritu
745 3701 804 3761 Dei
819 3704 860 3760 iu·
913 3701 1148 3776 translationem,
1174 3704 1273 3764 nteit
1294 3702 1388 3776 Beda,
1410 3701 1442 3763 id
1465 3711 1513 3764 ost
1534 3722 1608 3776 eam,

361 3809 374 3863 ·,
391 3789 512 3850 hicnon
529 3788 674 3849 laborant.
698 3790 777 3849 Nom
789 3807 861 3849 eun·
914 3809 1005 3870 quam
1025 3791 1114 3870 primi
1137 3810 1177 3851 ex
1198 3788 1339 3850 Hebraeo
1361 3792 1495 3849 leserunt
1517 3792 1606 3851 iuter·

361 3896 388 3936 m
403 3877 433 3936 in
449 3876 506 3937 hoo
521 3884 607 3956 parte
622 3874 860 3936 commodissimo
913 3886 1012 3957 pratea
1024 3876 1134 3947 Lxx,
1149 3878 1207 3936 uisi
1222 3875 1303 3956 quod
1319 3875 1366 3935 bio
1378 3867 1395 3934 ὁ
1408 3870 1495 3952 θεὸς,
1509 3879 1607 3951 Deos,

386 3962 446 4043 Qui
468 3982 542 4023 vero
562 3962 599 4022 de
621 3963 728 4042 spiritu
751 3963 860 4021 vitioso
914 3965 944 4023 in
958 3963 1132 4024 Proverbiis
1144 3958 1257 4041 κύριος,
1275 3964 1443 4039 Dominus,
1460 3962 1609 4025 scribitur.

361 4070 376 4109 n
391 4057 556 4129 exponunt,
580 4068 641 4118 eos,
665 4068 787 4109 neeesse
803 4056 860 4119 est,
914 4049 1010 4129 Atqui
1027 4067 1065 4110 ex
1076 4049 1219 4111 Hebraeo
1234 4054 1279 4110 sie
1293 4050 1447 4110 transtulit
1458 4069 1525 4112 eam
1538 4051 1609 4112 Hie·

361 4156 463 4197 serere
476 4138 666 4216 suppositum
679 4136 779 4196 verbi:
796 4136 860 4194 dot.
913 4156 1073 4215 ronymus:
1085 4138 1156 4213 lpse
1169 4138 1298 4197 deludet
1308 4137 1463 4213 illusores,
1477 4145 1507 4200 rt
1516 4157 1612 4200 mort·

372 4221 531 4306 Seripturo
546 4224 587 4282 sit
601 4221 725 4282 verbum
742 4223 806 4295 Dei,
823 4231 860 4296 et,
914 4226 1009 4283 suetis
1023 4223 1114 4283 debit
1128 4228 1276 4300 pretium.
1300 4222 1391 4303 Quod
1408 4235 1507 4286 tamen
1522 4244 1612 4287 sonan

361 4328 421 4371 :ure
436 4310 589 4391 promittit,
613 4311 679 4390 ipsa
693 4309 780 4369 Deus
795 4328 859 4388 pro·
914 4330 974 4370 non
1000 4319 1047 4370 est
1072 4310 1232 4372 diversum.
1267 4310 1347 4370 Nam
1372 4312 1517 4373 illusores
1544 4314 1610 4373 sive

361 4396 437 4457 ebio
452 4395 687 4475 subintelligitur
703 4398 799 4471 Deus,
815 4404 860 4455 ut·
914 4397 1069 4457 derisores
1091 4398 1182 4458 iidem
1205 4406 1282 4471 sunt,
1306 4399 1359 4476 qui
1375 4399 1511 4476 superbi.
1534 4397 1612 4459 Indo

377 4485 549 4545 nominatus
575 4482 633 4543 ibi:
664 4483 750 4543 dieat
775 4485 861 4544 ›Sori-
915 4485 991 4543 enim
1008 4486 1076 4563 quis
1097 4484 1189 4544 alium
1205 4484 1316 4557 irridet,
1339 4485 1419 4545 unde
1433 4504 1467 4545 se
1483 4484 1535 4545 illo
1551 4504 1610 4544 me·

361 4570 452 4631 slieet
477 4569 589 4631 divina.
625 4567 729 4639 Certe,
756 4571 860 4649 inquit,
914 4570 1017 4630 liorem
1032 4579 1162 4650 reputat.
1185 4574 1346 4633 Mansueti
1369 4591 1491 4652 qnoque
1505 4580 1536 4631 et
1550 4571 1611 4632 bu·

361 4657 482 4731 remisit,
498 4660 523 4717 si
537 4657 615 4717 bene
626 4666 757 4735 rogetur,
772 4668 862 4735 atque
915 4659 1002 4719 miles
1024 4656 1115 4718 iidem
1138 4658 1202 4720 iere
1217 4661 1248 4719 in
1263 4658 1427 4737 seripturis
1439 4655 1610 4739 intelligun-

361 4742 448 4806 eorde
467 4744 573 4825 petitio
597 4752 697 4803 vestre
713 4742 861 4823 procedat,
914 4752 968 4804 tur.
991 4746 1119 4806 Resistit
1142 4754 1240 4806 autem
1265 4747 1352 4806 Deus
1366 4746 1518 4823 superbis,
1540 4744 1611 4806 dnm

361 4848 433 4892 ram
461 4830 551 4890 dabit
572 4832 722 4906 qratiam,
751 4829 861 4901 idest,
915 4850 967 4892 eoa
976 4830 1123 4904 humiliat,
1135 4840 1166 4893 et
1174 4830 1358 4893 humiliando
1372 4832 1611 4912 contemptibiles

361 4919 447 4980 ibnst
472 4916 586 4995 majora
611 4918 728 4997 petitis3
751 4926 783 4977 nt
809 4937 862 4996 pro
915 4916 1030 4993 reddit3
1070 4917 1151 4998 quod
1181 4918 1332 4998 proprium
1361 4926 1408 4977 est
1438 4917 1611 4981 deridentis.

361 5003 454 5066 isatis
476 5004 654 5081 coelestem,
681 5024 737 5084 pro
761 5002 861 5085 splen·
916 5004 1064 5068 Convenit
1093 5013 1194 5068 tamen
1229 5006 1396 5067 essaenos·
1423 5006 1611 5083 vocobulum,

361 5120 581 5165 tutum.
1361 5109 1405 5172 Ἠ
