4442 5825
418 605 465 675 2⁶
932 597 1300 656 cusuursuusucsr.
1316 600 1337 654 1.

414 771 524 837 dicitur
536 769 682 852 ⁴splendor
695 769 811 851 glorias
824 771 935 846 Patris,
951 773 1113 835 ostendunt
1206 774 1249 837 At
1269 794 1342 837 vero
1365 776 1431 837 aliis
1453 777 1606 858 plerisque
1627 779 1724 858 magis
1752 777 1865 858 placat,

415 877 484 927 sum
506 878 526 920 a
546 858 639 922 Patre
663 856 824 939 procedere
850 860 916 919 sine
937 863 1111 939 mutatione,
1165 862 1338 936 essentiam,
1364 883 1454 945 quam
1478 857 1582 924 οὐσίαν
1609 863 1719 928 Graeci
1744 873 1865 938 vocam,

415 947 566 1027 passione,
587 945 688 1018 fluxu,
718 943 852 1023 deiectu3
883 948 1058 1028 etquidem
1072 950 1110 1010 ab
1163 947 1221 1010 hoc
1236 951 1355 1010 nomine
1376 951 1548 1029 significari.
1586 952 1664 1012 Nam
1685 952 1864 1032 hypostasis

415 1040 547 1094 aeterno.
580 1032 634 1095 Sol
655 1031 735 1092 euim
757 1032 896 1094 emittens
914 1034 1032 1095 radium
1047 1036 1111 1096 uul-
1164 1034 1374 1114 adpersonam
1386 1036 1865 1118 significandamnondum,qnum

414 1118 476 1187 laur
490 1119 604 1198 patitur
616 1120 823 1194 mutationem,
838 1141 898 1180 uon
913 1122 1035 1195 fluxum,
1051 1142 1113 1183 non
1164 1121 1239 1182 haee
1264 1123 1410 1184 scriberet
1435 1125 1616 1203 Apostolus,
1642 1132 1710 1187 erat
1735 1144 1792 1187 usu
1816 1143 1863 1185 re·

416 1205 567 1268 &lectum
581 1206 710 1268 luminis.
747 1204 856 1286 Neque
875 1227 946 1268 vero
962 1207 1112 1270 radiuma
1165 1216 1270 1289 cepta,
1293 1209 1345 1272 vel
1368 1211 1434 1290 ipso
1449 1211 1635 1291 Hieronymo
1651 1220 1744 1286 teste,
1767 1230 1865 1292 quum

416 1312 450 1354 se
464 1301 651 1355 emanantem
666 1301 802 1373 tempore
820 1293 985 1356 antecedit:
1011 1297 1070 1356 imo
1086 1298 1113 1358 si
1165 1297 1209 1357 ait
1229 1297 1260 1356 iu
1282 1296 1418 1376 Epistola
1432 1302 1615 1372 memorata,
1637 1297 1678 1358 ds
1692 1299 1791 1359 tribus
1805 1298 1863 1377 hy·

415 1379 463 1442 rol
481 1387 622 1441 aeternus
649 1388 743 1455 osset,
768 1381 886 1441 radium
908 1381 1033 1442 haberet
1053 1381 1111 1443 sihi
1164 1383 1335 1461 posteribus
1372 1385 1511 1464 loquens:
1548 1387 1610 1464 (lui
1648 1403 1763 1463 quoae
1801 1389 1864 1445 iata

415 1473 613 1528 coaetunum.
647 1465 832 1546 Quanquam
847 1466 966 1529 videtur
981 1468 1112 1548 Aposto·
1165 1469 1309 1544 Apostoli
1320 1470 1517 1547 prodidere?
1543 1475 1619 1550 (luia
1640 1491 1743 1534 accus
1757 1474 1864 1547 mopi-

414 1551 463 1615 lus
477 1553 535 1617 hcc
550 1552 659 1633 elogio,
674 1573 735 1634 quo
751 1553 846 1613 filium
857 1562 947 1615 vocat
960 1556 1111 1630 splendo-
1164 1561 1383 1632 strepentium
1398 1559 1521 1619 Paulus
1542 1560 1621 1621 burc
1639 1559 1771 1620 docuit?
1800 1559 1863 1619 De·

414 1658 483 1701 scm
495 1640 620 1716 plotius
632 1642 736 1716 patris
743 1684 754 1715 ,
774 1642 963 1720 potissimum
980 1643 1112 1704 voluisse
1165 1642 1257 1723 nique
1273 1641 1363 1717 addit,
1378 1654 1472 1705 totam
1487 1644 1688 1706 saecularium
1708 1645 1865 1706 literarum

413 1727 586 1808 siguificare
607 1729 830 1807 processionem
852 1729 929 1791 Filio
952 1731 1111 1809 propriam,
1165 1729 1297 1790 scholam
1311 1730 1386 1792 nihil
1408 1730 1490 1792 aliud
1505 1723 1669 1791 ὑπόστασιν
1685 1733 1744 1793 nisi
1759 1723 1863 1791 οὐσίαι

415 1834 476 1896 qua
489 1814 625 1875 nimirum
641 1835 660 1874 a
674 1813 765 1875 Patre
780 1815 923 1893 gignitur,
938 1826 972 1875 ut
985 1817 1112 1877 verbum
1165 1818 1292 1878 novisse.
1316 1816 1406 1897 Quod
1421 1820 1584 1879 etiamnum
1597 1817 1686 1879 hodie
1699 1818 1788 1880 nobie
1803 1819 1862 1879 La·

417 1922 437 1962 a
450 1909 555 1961 mente
595 1900 662 1961 Hoc
678 1909 727 1960 est
740 1903 833 1975 enim,
856 1903 887 1965 in
901 1911 1011 1964 natura
1025 1903 1111 1965 intel·
1165 1904 1236 1963 tiuis
1251 1903 1377 1976 accidit,
1393 1905 1504 1984 quibua
1515 1905 1693 1966 edomatio
1704 1904 1770 1966 iere
1782 1904 1865 1965 idem

413 1987 550 2060 lectuali‚
566 1986 758 2066 splendorem
774 2009 792 2049 a
808 1988 954 2061 claritate,
969 1990 1112 2052 etlumen
1166 1997 1226 2064 est,
1242 1990 1324 2069 quod
1339 1991 1484 2068 esseutia;
1505 1990 1576 2052 licet
1591 2001 1723 2066 veteres,
1739 2001 1774 2052 ut
1789 1990 1863 2063 dixi,

382 2114 386 2122 ·
413 2094 433 2137 a
458 2075 570 2137 lumine
595 2073 767 2153 procedere.
804 2073 875 2154 Qua
901 2075 1111 2156 explicatione,
1165 2075 1204 2136 de
1231 2076 1349 2139 nomine
1378 2077 1565 2140 substautias
1593 2099 1655 2139 nou
1682 2098 1743 2140 uuo
1773 2078 1865 2139 modo

414 2160 516 2223 verbis
531 2181 551 2222 s
572 2161 710 2240 symbolo
734 2162 763 2222 N
766 2164 870 2222 ieaeno
892 2165 1039 2244 acceptis,
1062 2165 1111 2226 hie
1165 2162 1276 2223 luerint
1291 2163 1389 2223 locuti.
1427 2165 1485 2224 His
1500 2164 1595 2239 adde,
1610 2164 1692 2245 quod
1707 2166 1805 2244 Syrus
1820 2166 1864 2225 iu·

414 2249 509 2311 ntitur
523 2246 767 2327 chrysostomus.
1165 2257 1281 2329 terpres
1305 2250 1517 2312 σὺαιασιιπιιπ
1546 2253 1746 2328 hypostaseos
1771 2252 1864 2313 vertit

457 2335 563 2396 Altera
573 2335 749 2416 metaphora
759 2344 814 2409 est,
827 2354 888 2415 qua
901 2336 1010 2399 Filium
1023 2346 1113 2398 vocat
1165 2339 1335 2412 imupiasm
1351 2342 1511 2399 ιιιαιιόίαι.

413 2421 551 2500 {luuram
568 2421 765 2484 substantioe
779 2424 895 2485 Putris.
932 2425 991 2485 Pro
1006 2425 1112 2502 lipara
1206 2422 1302 2485 Juxta
1326 2424 1405 2485 hanc
1431 2427 1637 2504 acceptionem
1666 2423 1863 2497 substantiae,

415 2507 530 2577 (lmese
544 2518 590 2570 est
604 2499 784 2587 χαράκτηρ;
801 2508 884 2590 qnod
895 2509 948 2571 alii
960 2519 1112 2573 verterunt
1164 2509 1262 2570 Filius
1278 2519 1324 2578 est
1346 2511 1442 2591 figura
1463 2520 1494 2572 et
1515 2530 1660 2592 expressa
1675 2513 1776 2591 imago
1793 2509 1862 2571 sub·

415 2614 592 2672 samaram
618 2599 808 2672 imopinem,
836 2597 888 2656 alii
917 2599 1111 2674 insculptam
1164 2598 1293 2658 stantiae
1308 2597 1423 2670 Patris,
1445 2599 1518 2678 qnia
1540 2601 1584 2659 sio
1604 2598 1724 2659 Patrem
1739 2615 1861 2678 reprae-

412 2682 564 2761 futmum.
601 2682 661 2743 Pro
690 2684 867 2745 substantia
883 2687 967 2746 'sero
994 2682 1112 2747 Graece
1164 2692 1278 2757 santet,
1306 2692 1340 2744 ut
1361 2687 1494 2745 essentia
1510 2705 1571 2746 sou
1590 2692 1697 2747 natura
1711 2684 1814 2745 Patris
1830 2685 1862 2745 iu

414 2767 526 2849 legitur
541 2762 724 2845 ὑπόστασιζς
748 2771 833 2851 cujus
855 2771 997 2834 vocabuli
1020 2773 1051 2832 iu
1066 2791 1110 2832 re·
1163 2769 1229 2848 ipso
1253 2770 1473 2849 perfectissime
1504 2772 1644 2833 reluceat
1683 2770 1774 2832 Unde
1803 2790 1864 2831 non

415 2855 471 2922 bis
484 2855 610 2929 divinis,
631 2855 711 2936 apud
728 2865 844 2921 veteres
860 2858 1041 2938 Theologos,
1056 2858 1110 2919 du·
1164 2864 1211 2919 est
1228 2877 1421 2939 consequeus,
1442 2858 1533 2920 aliam
1556 2877 1622 2920 esse
1636 2857 1737 2919 Patria
1759 2875 1861 2919 essem

415 2942 488 3025 plez
516 2952 564 3005 est
591 2945 782 3023 significatio,
812 2947 891 3007 siout
919 2956 952 3007 et
980 2945 1112 3009 Latinae
1164 2946 1244 3019 tiam,
1260 2945 1349 3006 aliam
1357 2943 1443 3006 Filii:
1459 2953 1666 3026 repraesentat
1677 2944 1864 3007 suimFiliua

414 3033 498 3094 vocis
526 3030 712 3093 meantia.
751 3032 813 3092 Aut
842 3032 921 3094 enim
951 3033 1112 3095 amentiam
1165 3033 1324 3092 essentiam
1339 3033 1439 3093 Patris
1453 3042 1544 3111 prout
1561 3034 1592 3094 iu
1607 3032 1700 3094 Patre
1717 3040 1780 3108 est;
1802 3051 1865 3093 uon

415 3117 585 3199 siguificat,
611 3127 663 3179 aut
677 3119 917 3194 subsistentiam,
939 3120 971 3181 id
986 3128 1033 3182 est
1046 3140 1110 3201 pere
1165 3132 1254 3198 prout
1268 3121 1300 3179 in
1315 3121 1433 3198 seipso:
1460 3120 1532 3180 licet
1553 3117 1663 3180 eadem
1677 3121 1719 3178 sit
1732 3118 1865 3180 mentia

416 3225 528 3268 sonam.
574 3205 645 3286 Qua
673 3205 714 3267 de
742 3226 775 3267 re
803 3204 1111 3269 usserunt-Basilius
1166 3206 1264 3265 Patris
1287 3218 1318 3266 st
1339 3206 1422 3267 Filii.
1457 3203 1615 3286 Quomodo
1636 3225 1692 3268 nos
1714 3201 1864 3267 Catholici

415 3294 511 3373 Epist
534 3293 586 3354 43.
612 3290 652 3354 ed
674 3290 765 3373 Greg.
789 3292 964 3373 Nyssanurn
989 3293 1111 3355 fratrem
1165 3290 1293 3354 fatemur
1321 3291 1541 3354 Eucharistiam
1573 3311 1641 3354 esse
1670 3291 1798 3371 figuram
1827 3309 1865 3351 aa

416 3399 519 3452 suurn,
549 3380 672 3442 Hieron
690 3381 731 3442 ⁴in
755 3381 849 3461 lipist
876 3381 915 3442 ad
944 3381 1112 3443 Damasum
1166 3382 1283 3458 signum
1300 3383 1432 3460 corporis
1447 3377 1572 3458 christu
1588 3399 1655 3440 cum
1668 3380 1735 3457 ipsa
1747 3379 1786 3438 sit
1797 3397 1862 3439 eor·

416 3485 496 3534 unm.
513 3466 580 3541 57,
601 3466 813 3530 Theodoretns
834 3471 867 3531 iu
886 3469 982 3549 primo
997 3468 1066 3530 dial.
1082 3475 1114 3529 et
1166 3485 1222 3545 pus
1238 3465 1359 3527 Christi.
1393 3466 1477 3529 Nihil
1499 3469 1579 3528 euim
1601 3473 1684 3528 vetat
1698 3462 1779 3524 idem
1795 3483 1865 3527 esse

415 3553 622 3616 Damascenus
643 3553 696 3615 lib.
719 3555 748 3615 3.
771 3554 809 3616 de
832 3554 892 3616 fide
912 3576 977 3636 cap.
992 3558 1022 3615 4.
1038 3564 1068 3616 et
1084 3558 1111 3617 6.
1166 3553 1284 3631 signum
1298 3554 1345 3613 sui
1359 3555 1469 3636 ipsine,
1492 3554 1666 3634 praesertim
1689 3553 1715 3613 si
1733 3553 1866 3631 seipsum

415 3642 454 3702 lit
482 3641 604 3721 quidem
633 3641 777 3713 Basilius,
806 3662 922 3703 necnon
949 3641 1114 3721 Gregorius
1166 3640 1576 3721 significetacrepraeseutet
1591 3648 1737 3720 quatenus
1747 3640 1867 3699 ratione

416 3727 576 3808 Nysaeuas
591 3747 611 3788 a
625 3726 856 3808 'l'heophylscto
873 3730 992 3803 citatus,
1010 3739 1040 3790 ct
1054 3726 1112 3790 (la-
1167 3726 1318 3788 diversum
1333 3736 1393 3805 est,
1410 3736 1444 3788 ut
1459 3728 1490 3788 in
1501 3727 1693 3789 llnoharistia
1707 3725 1865 3803 contingit.

412 3816 534 3894 jetauus
561 3815 593 3876 in
608 3816 838 3889 commentario,
863 3835 920 3896 per
934 3814 1113 3895 hypostasin
1166 3813 1218 3874 Sic
1239 3833 1310 3894 ergo
1331 3815 1429 3876 Filius
1452 3814 1527 3887 Dei,
1551 3813 1715 3876 secundum
1733 3811 1865 3892 Aposto-

415 3900 473 3964 bcc
498 3901 565 3962 loco
587 3921 746 3980 personam
778 3903 883 3964 volunt
908 3902 1055 3983 intelligi,
1081 3910 1115 3962 ut
1167 3900 1244 3972 lum,
1271 3921 1333 3961 nou
1354 3901 1474 3981 quidem
1495 3901 1542 3963 sui
1564 3901 1658 3981 ipsius
1681 3906 1728 3959 est
1745 3901 1865 3973 insono,

414 3987 513 4054 illim
528 3986 650 4050 dicatur
664 3988 831 4063 character,
848 3989 879 4050 id
895 3997 954 4062 est,
971 4008 1114 4069 expressa
1167 3984 1220 4047 sed
1234 3986 1429 4050 mansues
1443 3988 1568 4048 Putria:
1588 3988 1619 4048 in
1635 3994 1782 4065 quantum
1799 3985 1868 4063 ejus

415 4077 654 4158 repraesentatio
672 4095 732 4137 non
755 4077 919 4151 essentise,
942 4076 996 4138 sed
1011 4096 1111 4156 perso·
1167 4073 1380 4148 substantiam,
1395 4092 1475 4152 quae
1490 4073 1596 4134 eadem
1607 4074 1719 4151 inipso
1735 4079 1798 4144 est,
1814 4090 1866 4132 ae·

414 4181 475 4223 uae
489 4163 598 4225 Patris.
622 4163 702 4225 Nam
717 4163 850 4224 urentia
869 4164 991 4243 utrique
1006 4161 1112 4224 eadem
1165 4168 1251 4226 terna
1272 4162 1467 4239 generatione
1489 4160 1528 4221 ab
1547 4159 1599 4220 illo
1614 4159 1673 4220 sibi
1688 4159 1867 4237 impressam

416 4256 478 4326 est,
500 4269 649 4330 personae
670 4248 834 4311 seeundum
854 4249 1016 4311 amentiam
1032 4250 1111 4312 simi·
1167 4245 1385 4327 perfectissime
1412 4246 1514 4309 refert
1551 4246 1618 4305 Nec
1647 4246 1765 4306 obstant
1796 4242 1867 4304 hnic

415 4334 468 4397 les.
489 4336 573 4398 Huic
587 4336 757 4398 sententiae
767 4336 903 4397 nonnihil
914 4335 1019 4396 lavere
1030 4334 1111 4397 vide·
1166 4334 1340 4414 hypostasis
1365 4334 1579 4413 significationi
1600 4330 1663 4394 alia
1686 4331 1753 4392 loca
1774 4329 1867 4408 hujus

415 4431 481 4497 tur,
495 4421 577 4503 quod
591 4414 760 4490 ὑπόστασις
776 4424 806 4484 in
822 4421 879 4483 bae
894 4421 999 4483 eadem
1015 4421 1113 4502 Epist
1168 4419 1333 4500 Epistolae,
1348 4440 1430 4503 quac
1445 4419 1592 4499 producta
1606 4426 1685 4490 suut,
1700 4419 1755 4478 ssd
1770 4415 1867 4495 magis

417 4530 483 4591 sap.
499 4515 528 4573 3.
544 4516 575 4572 et
591 4513 656 4583 11„
682 4512 823 4590 quamvis
846 4509 1040 4581 translatitie,
1067 4509 1114 4570 sic
1167 4507 1357 4569 conveniunt.
1394 4508 1471 4568 Nam
1494 4507 1526 4567 iu
1546 4505 1608 4566 illis
1629 4503 1784 4565 tanslatio
1807 4522 1869 4564 nou

415 4594 1114 4677 tamauusnrpatur,utmagisaumsubslsteutia,
1168 4602 1216 4656 est
1229 4603 1349 4673 sumpta
1367 4616 1386 4655 a
1408 4613 1551 4675 persons,
1573 4590 1626 4654 sed
1648 4611 1667 4652 a
1689 4591 1868 4660 substantia,

416 4702 509 4762 quam
530 4704 598 4745 cum
620 4684 751 4745 essentia
776 4684 940 4745 convenire
958 4680 1112 4750 uideatur.
1167 4681 1200 4742 id
1213 4689 1262 4743 est
1275 4700 1309 4742 re
1323 4701 1376 4761 per
1392 4701 1425 4741 se
1440 4681 1642 4749 subsistente,
1664 4679 1731 4738 sive
1746 4696 1784 4738 es
1799 4675 1867 4755 pln-

415 4769 516 4832 Verba
526 4773 634 4851 prioris
645 4771 705 4833 loci
715 4779 799 4831 sunt:
815 4771 850 4834 Si
861 4778 969 4833 tames
983 4771 1114 4832 initium
1168 4769 1251 4831 ribus
1266 4766 1521 4831 communicabilis
1535 4768 1589 4841 sit,
1610 4766 1676 4828 sive
1691 4783 1760 4825 nou.
1799 4763 1869 4825 Hoc

414 4856 610 4922 anomaeos
626 4864 692 4935 clas
704 4877 803 4936 usquc
818 4859 862 4918 od
873 4858 971 4935 finem
986 4856 1115 4933 timum
1169 4864 1269 4919 autem
1291 4857 1409 4937 absque
1423 4853 1517 4915 dnbio
1536 4853 1631 4914 etiam
1651 4851 1685 4912 iu
1703 4850 1868 4913 essentiam

414 4947 617 5008 reseramus
632 4945 930 5026 Verbaposterioris:
943 4945 1115 5008 Eatoutsm
1169 4946 1327 5023 competit,
1341 4943 1472 5005 maxime
1486 4938 1627 5000 divinam.

415 5030 492 5115 μοι
505 5032 741 5110 sperandorum
755 5034 934 5116 ιαόιισιιόισ
952 5043 1070 5112 raama,
1171 5079 1195 5092 ..
1218 5029 1291 5093 lam
1326 5027 1410 5112 quod
1445 5024 1582 5092 nonnulli
1617 5029 1867 5092 mmmcctatores
