4442 5825
659 614 822 670 semotas
838 613 879 668 su
897 615 1063 671 mamus.
1098 616 1183 672 VERS.
1205 620 1244 673 1⁷.
1264 621 1304 675 l&
1628 628 1700 698 841

371 811 434 867 reo,
450 790 532 873 quod
543 790 644 854 Jacob
655 791 776 867 iecerat,
793 811 860 853 cum
877 812 948 871 pac·
1003 793 1126 875 quidem
1142 795 1267 856 alteram
1286 795 1526 859 benedictionem
1540 799 1699 876 minoremq

371 877 582 959 rbstnpuieest,
598 880 698 940 statim
710 887 862 959 tamquam
876 881 948 940 Pro·
1002 880 1054 941 sod
1070 902 1131 942 non
1146 882 1237 952 illam,
1252 903 1328 964 quae
1344 886 1530 965 primogeniti
1547 896 1620 945 eret.
1637 885 1698 965 Qui

371 965 584 1035 animadvertit,
606 987 668 1026 rem
685 986 703 1026 a
718 966 784 1026 Deo
800 966 874 1047 geri,
898 987 947 1028 vo·
1001 969 1149 1048 posterior
1173 989 1278 1029 sensus
1304 969 1409 1031 melior
1432 980 1479 1032 est
1504 974 1613 1050 priore.
1638 973 1699 1033 Per

371 1072 405 1112 er
425 1052 505 1113 bunc
527 1052 647 1113 modum
664 1052 830 1125 ostendere,
852 1064 949 1114 ratum
1003 1065 1099 1116 utrum
1107 1075 1162 1135 que
1176 1067 1274 1116 nmen
1291 1056 1410 1119 abunde
1430 1059 1539 1119 satisfit
1552 1056 1698 1120 Novatia·

371 1157 414 1199 ere
435 1158 623 1218 responsum,
648 1139 729 1219 qnod
749 1139 819 1199 olim
834 1140 948 1202 Rebec·
1001 1146 1053 1213 nie,
1077 1145 1217 1221 qnoniam
1234 1145 1316 1203 Esau
1332 1165 1387 1205 uec
1401 1164 1502 1206 veram
1518 1147 1580 1226 egis
1597 1147 1698 1225 poeni·

371 1226 410 1285 uri
434 1228 528 1305 ipsius
543 1246 577 1287 se
592 1227 762 1287 consulenti
778 1225 949 1288 reddiderat
1002 1231 1136 1304 tentiam,
1157 1250 1213 1290 nec
1228 1231 1294 1289 Deo
1309 1230 1498 1292 reconciliari
1520 1232 1698 1313 quaerebat,

371 1315 539 1372 seminantis
552 1312 606 1373 filii
618 1315 748 1374 minoris.
773 1314 822 1373 lta
838 1313 947 1375 docent
1002 1315 1053 1375 sed
1069 1323 1190 1376 terreno
1207 1326 1323 1377 tautum
1340 1317 1551 1381 benedictione
1567 1319 1664 1399 potiri.

373 1418 437 1459 mas
453 1410 482 1460 et
498 1399 636 1461 Lirsnus.
1044 1402 1148 1463 Potest
1163 1413 1263 1463 autem
1276 1413 1306 1462 et
1316 1404 1404 1465 aliter
1416 1405 1465 1466 hic
1477 1407 1561 1466 locus
1578 1405 1699 1484 exponi,

378 1490 488 1564 quaeri
510 1497 620 1568 posset,
647 1509 685 1550 an
708 1491 790 1550 Esau
817 1487 906 1546 luerit
929 1508 947 1548 ιι
1000 1498 1035 1547 ut
1050 1492 1232 1567 poenitentia
1247 1510 1305 1548 non
1321 1490 1359 1551 ad
1376 1492 1470 1560 Esau,
1485 1490 1538 1554 sed
1554 1491 1592 1553 sd
1608 1493 1698 1554 Isaac

371 1573 515 1654 probetne
535 1594 571 1634 ex
586 1578 718 1653 meritis3
742 1574 821 1656 quod
839 1593 876 1634 ex
892 1573 949 1635 boc
999 1574 1155 1647 referatur,
1180 1577 1235 1635 lroc
1257 1596 1364 1638 sensu:
1392 1578 1462 1639 Non
1484 1582 1584 1661 potuit
1607 1580 1697 1659 impe-

371 1658 472 1720 nidam
502 1682 676 1722 asseverare
704 1664 845 1722 nituntur.
883 1662 945 1722 Sed
1000 1669 1094 1735 trare,
1126 1672 1160 1722 ut
1188 1673 1275 1733 pstor
1301 1668 1482 1725 sententiam
1512 1672 1695 1741 retractaret,

371 1749 547 1808 locationem
570 1747 778 1822 discussimus,
802 1768 869 1808 curn
887 1757 945 1810 tra·
1000 1750 1118 1810 etiamsi
1141 1771 1209 1811 cum
1232 1749 1377 1831 lacrymis
1400 1772 1476 1821 earn,
1498 1754 1548 1812 vel
1570 1750 1695 1813 benedi·

371 1833 945 1907 teillsverbudedacobetEscudicta,
999 1838 1139 1906 ctionem,
1163 1836 1213 1897 vel
1236 1841 1337 1915 potius
1359 1841 1528 1900 sententiae
1552 1847 1696 1919 paternae

373 1942 400 1979 .:
433 1922 510 1982 biam
535 1923 680 1984 nondum
704 1927 775 1984 nati
799 1926 944 2001 fuissent,
998 1924 1245 1996 retractationem,
1261 1928 1469 2005 quaesivisset.
1501 1926 1578 1985 Nam
1593 1927 1695 2004 poeni·

371 2008 450 2086 qnid
465 2008 540 2070 boni
555 2012 688 2085 epissent
703 2018 760 2070 out
775 2012 853 2069 moti
869 2018 924 2071 etc.
998 2020 1062 2071 tere
1078 2014 1108 2070 in
1126 2010 1287 2091 scripturis
1309 2014 1457 2092 accipitur
1475 2013 1623 2073 interdum
1640 2033 1695 2092 pro

392 2098 478 2155 enirn
504 2099 630 2158 inuenit
654 2101 871 2174 poenitentiae
897 2099 946 2156 lo·
999 2116 1044 2167 oo,
1064 2097 1146 2178 quod
1171 2109 1218 2157 est
1241 2096 1355 2157 iactum
1378 2109 1431 2160 aut
1453 2100 1630 2159 sententiam
1649 2120 1694 2161 re·

371 2200 552 2259 aramqucm
576 2203 646 2244 cum
664 2187 812 2261 lacrymis
835 2187 945 2261 inqui·
998 2191 1135 2256 tractare,
1160 2186 1250 2245 etiarn
1274 2186 1391 2266 absquo
1407 2186 1625 2265 significatione
1641 2185 1692 2247 do·

371 2288 426 2329 rm.
451 2269 511 2329 Hic
534 2274 640 2331 tertius
664 2279 711 2331 est
734 2272 816 2332 locus
832 2290 944 2345 eorum,
998 2269 1067 2330 loris
1090 2270 1129 2330 do
1150 2275 1320 2352 praeterito.
1348 2277 1450 2353 Atque
1475 2272 1551 2332 banc
1574 2274 1692 2352 exposi-

371 2358 418 2415 ‚im
447 2376 483 2415 ex
511 2356 567 2417 bac
589 2358 726 2438 Epistola
752 2358 945 2438 depromptos
998 2359 1108 2418 tionem
1132 2359 1261 2420 arbitror
1283 2378 1350 2419 esse
1376 2360 1510 2420 maxime
1536 2367 1691 2420 consente-

371 2444 411 2503 mi
439 2441 607 2505 Catholicis
638 2446 812 2523 objecerunt
842 2453 944 2506 contra
997 2465 1083 2504 neam
1100 2444 1244 2504 historiae
1259 2445 1400 2520 Genesis,
1417 2447 1467 2506 ubi
1483 2443 1522 2504 de
1539 2447 1689 2526 poeniten·

371 2530 458 2591 atiani
482 2532 641 2613 lapsorum.
671 2531 758 2593 Unde
781 2542 811 2593 et
831 2531 941 2592 Luthe·
997 2533 1040 2591 tia
1065 2532 1150 2593 Esau
1180 2531 1254 2591 nibil
1285 2553 1429 2612 expresso
1458 2531 1609 2611 proditum
1636 2542 1690 2593 est

371 2617 463 2691 oniam
477 2618 861 2699 bisverbispoenitcntinm
875 2618 943 2679 tolli
998 2618 1086 2698 Quod
1110 2629 1210 2679 autem
1231 2621 1327 2698 patris
1351 2620 1574 2701 poenitentiam,
1598 2639 1690 2699 quem

396 2702 474 2764 banc
493 2706 662 2786 Epistulam
679 2725 696 2765 e
711 2726 828 2767 cantone
845 2726 942 2767 sacro·
997 2704 1067 2778 dixi,
1084 2706 1262 2786 requisierit,
1286 2726 1340 2766 nec
1355 2718 1456 2768 nmen
1473 2706 1542 2767 ullis
1557 2714 1610 2766 aut
1625 2727 1689 2785 pre·

371 2810 468 2851 rorum
485 2794 617 2853 sustulit.
634 2791 696 2852 Sed
711 2792 815 2853 horum
832 2813 943 2873 pravus
997 2792 1090 2860 cibus,
1115 2807 1168 2851 aut
1190 2793 1330 2868 lacrymis
1346 2816 1411 2855 osan
1436 2795 1568 2872 potnerit
1592 2804 1688 2854 extor-

371 2887 418 2940 tus
441 2878 531 2941 facile
554 2878 709 2941 refellitur.
732 2881 809 2941 Nam
830 2881 854 2943 si
876 2901 939 2942 sen·
996 2897 1097 2957 quere,
1114 2887 1243 2941 testatur
1257 2891 1360 2961 aperte
1375 2883 1538 2961 Scriptura,
1555 2901 1689 2957 narrans,

371 2985 399 3026 re
413 2965 539 3027 volunt:
566 2967 648 3027 Esau
665 2988 723 3029 non
740 2970 854 3028 invenit
870 2989 941 3030 enee
995 2966 1084 3026 Isaac
1099 2966 1212 3027 dixisse
1228 2964 1266 3027 de
1281 2968 1395 3030 Jacob:
1422 2970 1634 3043 Benedicta,
1659 2975 1688 3029 ct

371 3053 449 3113 ntiae
466 3053 572 3126 locum,
589 3073 650 3135 qua
666 3055 801 3115 nimirum
818 3054 854 3115 de
870 3076 940 3117 ven·
995 3056 1055 3112 erit
1077 3054 1267 3126 benedictus,
1293 3054 1322 3115 id
1347 3067 1401 3129 eet,
1429 3058 1605 3118 sententiam
1628 3075 1690 3117 uon

371 3139 547 3221 miogenitis,
571 3153 669 3222 etper
691 3142 939 3203 bocamissabe·
994 3152 1091 3217 muto;
1123 3140 1236 3202 valebit
1266 3142 1453 3212 benedictio,
1485 3164 1576 3223 quam
1606 3140 1687 3204 dedi.

372 3248 419 3301 ne,
435 3228 539 3300 doluit,
555 3230 693 3310 quamvis
707 3232 941 3311 eampocniten·
993 3228 1088 3289 Juxta
1103 3229 1181 3287 hanc
1196 3230 1414 3308 expositionem
1438 3231 1532 3291 multo
1552 3231 1617 3307 jam
1631 3230 1686 3290 mi·

371 3335 405 3375 m
427 3315 570 3396 lacrymis
593 3317 804 3396 quaesivisset,
831 3316 861 3376 id
885 3329 940 3392 cst,
992 3336 1047 3374 nus
1073 3326 1248 3395 argumento
1270 3316 1508 3377 Novatianorum
1535 3316 1618 3376 locus
1640 3335 1686 3377 re-

373 3403 504 3484 prol'nsis
528 3402 669 3484 lacrymis
692 3412 858 3478 testaretur,
882 3405 941 3465 sibi
992 3401 1148 3481 linquitur.
1172 3402 1310 3484 Denique
1337 3423 1440 3464 sensus
1462 3403 1512 3463 bic
1535 3405 1615 3463 clare
1636 3422 1685 3464 ex·

377 3489 461 3568 quod
480 3491 611 3551 fecerat:
634 3490 872 3571 respondebitur,
894 3493 937 3551 id·
990 3488 1084 3570 plicat
1112 3497 1228 3568 partem
1265 3492 1400 3572 proxime
1438 3488 1686 3569 praecedentem:

370 3579 565 3638 cenitentiam
589 3578 691 3651 Esau,
726 3580 862 3657 quamvis
895 3579 936 3638 la·
991 3577 1179 3653 reprobatus
1194 3584 1245 3637 est.

371 3683 427 3736 sm,
459 3684 518 3723 non
551 3665 646 3725 fuisse
672 3663 850 3737 admissam,
881 3684 938 3726 nec
1034 3663 1104 3723 Huc
1125 3683 1224 3743 nsque
1246 3663 1284 3723 sd
1307 3664 1532 3725 sanctimoniam
1547 3663 1684 3724 exlrorts·

410 3753 438 3810 ei
478 3751 634 3824 attulisse,
669 3753 743 3832 quic
777 3772 836 3812 non
871 3772 937 3832 pro·
990 3749 1154 3831 linquam
1177 3751 1264 3811 nobis
1284 3750 1522 3811 concludendam
1543 3750 1686 3832 relinquit

371 3855 409 3897 ex
432 3858 535 3899 amore
559 3839 637 3911 Dei,
669 3858 758 3919 quern
786 3838 936 3918 peccando
989 3835 1162 3916 hujusmodi
1175 3836 1432 3919 epilogo:Fugite
1444 3858 1513 3917 ergo
1525 3857 1585 3897 non
1596 3834 1685 3898 modo

371 3931 417 3994 st,
440 3926 495 3987 sed
517 3943 555 3985 ox
579 3924 743 4004 cupiditate
766 3926 936 4005 temporalis
989 3921 1227 3998 luminationem,
1239 3924 1292 3985 sed
1301 3925 1685 4004 etgastrimargiaevitium,

371 4010 451 4084 stiae,
473 4031 565 4092 quam
582 4033 617 4073 ex
639 4010 845 4073 benedictione
868 4032 935 4092 spe·
991 4020 1022 4072 et
1051 4032 1167 4074 omnem
1199 4011 1386 4091 voluptatum
1417 4007 1684 4093 intemperantiam,

400 4097 478 4158 Nam
505 4098 654 4178 quomodo
680 4118 753 4158 vera
775 4098 937 4160 secundum
989 4118 1029 4158 ne
1048 4119 1115 4159 cnm
1139 4097 1264 4179 proiano
1287 4099 1369 4158 Esau
1392 4098 1607 4177 reprobemini3
1631 4096 1685 4159 sed

371 4187 550 4263 ¹sovsnitentic
569 4184 628 4247 fuit
650 4187 725 4266 ejus,
749 4187 799 4266 qui
815 4186 937 4247 fratrem
990 4187 1204 4247 sanctimoniae
1220 4196 1250 4246 et
1264 4185 1420 4246 sobrietati
1432 4184 1559 4259 studete,
1574 4196 1607 4244 nt
1618 4204 1685 4246 cnm

371 4289 410 4333 tre
430 4272 534 4339 voluit,
558 4283 589 4333 et
605 4276 697 4354 patris
712 4284 836 4334 mortem
852 4284 934 4354 opta·
989 4273 1200 4353 primogenitis
1212 4274 1242 4333 in
1255 4272 1337 4332 coelo
1353 4272 1529 4353 conscriptis
1545 4268 1687 4353 (qnorum

371 4377 433 4420 sne:
468 4361 603 4422 Venient
624 4361 690 4421 dies
711 4362 813 4421 luctus
832 4364 938 4437 putris
990 4361 1123 4420 meminit
1145 4356 1251 4438 inira),
1275 4360 1372 4419 Deum
1394 4359 1541 4431 videntes,
1564 4357 1687 4420 benedi·

373 4446 514 4508 occidam
530 4448 635 4512 Jacob
655 4449 793 4527 fratrem
808 4450 937 4509 meum?
990 4448 1098 4506 etiouis
1128 4456 1275 4527 paternae
1308 4455 1458 4527 perpetus
1495 4445 1685 4526 possessione

377 4533 435 4594 erit
455 4535 620 4614 responsio,
643 4537 666 4594 si
689 4554 851 4614 pronomen
867 4555 936 4595 som
989 4534 1156 4614 gaudeatis.

372 4619 441 4682 rod
456 4618 709 4693 benedictionem,
732 4619 935 4683 siouticcien·
1037 4621 1084 4682 18.
1108 4623 1182 4684 Non
1205 4623 1289 4681 enim
1314 4623 1480 4683 artusinis
1501 4618 1545 4678 cd
1565 4623 1686 4677 tracto·

371 4714 473 4768 monet
488 4707 755 4786 Tbeopbylactus3
779 4716 812 4768 ut
827 4727 936 4770 sensus
990 4708 1082 4769 bilem
1105 4716 1254 4770 muntem.
1277 4707 1435 4770 Rationem
1458 4704 1557 4766 reddit
1580 4703 1685 4765 exhor

371 4813 406 4854 ιιι
430 4793 507 4855 nibil
529 4794 697 4876 proiecisse
720 4796 777 4855 bac
794 4815 850 4855 sua
866 4816 935 4876 poe·
990 4797 1112 4856 tutionis
1136 4792 1356 4876 praecedentis,
1379 4804 1525 4873 sumptam
1548 4811 1586 4852 ex
1609 4811 1686 4852 com·

373 4925 383 4955 ,
412 4882 551 4964 quamvis
577 4883 668 4944 etiam
698 4902 765 4943 cum
795 4882 937 4962 lacrymis
990 4884 1148 4964 paratione
1158 4884 1265 4944 veteris
1274 4902 1310 4941 ac
1318 4884 1388 4942 novi
1402 4879 1582 4943 testamenti.
1596 4877 1686 4957 Nam,

371 4967 478 5030 donem
493 4969 706 5048 requisivisset
720 4989 738 5029 ιι
753 4978 851 5051 patre,
874 4969 935 5031 Ne·
990 4980 1021 5030 ut
1036 4972 1080 5031 ait
1095 4970 1293 5052 Augustinus,
1308 4967 1408 5029 brevis
1425 4967 1597 5032 differentia
1610 4964 1686 5050 legis

371 5073 401 5117 m
421 5053 560 5119 obtinere
581 5076 647 5119 eam
666 5056 773 5140 potuit
807 5057 937 5140 Accepit
989 5066 1020 5119 et
1033 5057 1196 5139 Evangelii
1211 5064 1258 5120 est
1272 5056 1361 5117 timor
1376 5065 1409 5121 et
1422 5075 1514 5120 amor.
1544 5052 1618 5135 Agit
1632 5075 1684 5117 an·
