4442 5825
722 630 887 688 muretus
902 631 943 687 ιι
960 630 1125 689 munros
1159 603 1244 686 rima.
1265 629 1384 685 u.-1e.
1687 630 1758 700 251

359 824 396 868 ne
417 807 461 867 sit
487 804 716 869 subordinatum
739 806 886 869 sacrificio
910 808 1016 882 erucis,
1067 806 1185 868 auterre
1198 815 1339 886 peccata3
1360 802 1413 887 sed
1435 804 1493 866 hcc
1508 802 1685 866 beneficium
1700 819 1760 864 ser·

359 891 486 975 quidem
502 891 658 967 eomodo,
681 902 716 954 ut
738 896 902 976 peripsum
918 897 1015 957 virtus
1067 897 1131 956 vari
1147 914 1225 956 noro
1241 900 1434 965 testamento,
1456 893 1487 952 iu
1503 910 1562 972 quo
1577 889 1764 951 remissionis

359 979 454 1041 rifieii
470 980 568 1042 erneis
579 980 618 1040 ad
630 999 685 1041 uos
696 980 855 1055 derivetur,
869 983 1016 1061 nobisque
1067 990 1258 1062 pcccatorum
1290 979 1448 1059 promissio
1478 978 1633 1058 conceptis
1663 974 1764 1038 verbis

359 1066 496 1137 dicetur.
511 1087 572 1128 non
583 1076 630 1128 est
638 1066 807 1129 babendum
815 1077 967 1148 nmquam
976 1068 1015 1127 ab
1068 1071 1242 1129 continetur.
1288 1064 1393 1128 Obiter
1429 1066 1555 1129 observa
1588 1063 1765 1144 dignitatem

374 1152 545 1215 diversum.
574 1153 684 1234 Neque
706 1157 786 1216 enim
808 1154 1014 1215 sanctificandi
1067 1156 1240 1236 scripturae
1252 1174 1355 1215 sacres
1367 1155 1457 1215 etism
1469 1151 1579 1212 veteris
1594 1149 1764 1212 testamenti

374 1240 485 1301 Deum
505 1240 692 1321 propitiandi
712 1243 772 1302 vim
795 1244 823 1301 ei
846 1241 1015 1313 tribuimus,
1068 1251 1172 1303 contra
1186 1241 1401 1315 Munichasoa,
1417 1259 1507 1320 quem
1521 1240 1668 1300 citaturus
1683 1241 1762 1316 Apo-

359 1328 366 1387 i
378 1324 593 1408 dependenter
604 1327 642 1388 ab
655 1328 706 1388 illo
722 1339 845 1389 cruento
858 1328 1015 1400 sacrificio,
1067 1329 1179 1401 stolus,
1195 1329 1340 1408 Spiritum
1357 1336 1492 1388 sunctum
1504 1336 1653 1386 auctorem
1670 1344 1706 1384 sc
1720 1331 1763 1384 te·

359 1434 398 1475 us
414 1423 465 1475 est
481 1415 789 1488 commemoretivnm,
808 1418 1015 1497 praecipiente
1068 1424 1145 1477 stem
1160 1417 1302 1477 nominat.
1327 1417 1426 1475 Locus
1443 1422 1490 1474 est
1502 1412 1612 1474 Jerem.
1627 1413 1687 1485 31„
1699 1410 1764 1489 jam

359 1502 463 1562 mium
481 1501 699 1579 Hoefaeitetn
712 1520 814 1562 meum
826 1520 1015 1563 commemo-
1068 1512 1139 1564 aute
1156 1505 1265 1563 citatus
1281 1522 1347 1582 cap.
1365 1505 1393 1564 8.

359 1590 485 1649 ἰωιοιιι.
522 1586 635 1649 Vetera
651 1596 749 1648 aurem
764 1590 926 1663 sacrificis,
942 1609 1014 1669 quo·
1110 1591 1283 1666 Postquam
1299 1592 1386 1650 enim
1401 1588 1491 1648 dixit.
1514 1585 1649 1648 Gnece:
1665 1601 1765 1663 pree·

359 1696 387 1737 nr
405 1674 559 1735 sacrificio
582 1676 680 1735 crucia
700 1695 760 1735 non
779 1676 1014 1737 erautsnbordi·
1068 1676 1157 1738 dimit.
1195 1674 1256 1737 Sed
1283 1675 1453 1747 sciendum,
1483 1673 1560 1734 hauc
1591 1682 1707 1754 partem
1734 1672 1765 1732 in

358 1782 396 1837 a,
415 1760 448 1821 id
466 1769 589 1822 estnon
605 1761 806 1837 siciustituta,
822 1763 908 1825 utad
924 1781 1015 1823 unam
1067 1765 1146 1844 Syro
1172 1762 1263 1844 paulo
1287 1764 1373 1824 aliter
1387 1762 1465 1841 legi3
1493 1762 1536 1822 sic
1557 1762 1635 1822 enim
1655 1758 1763 1821 babet:

359 1868 388 1909 m
405 1849 440 1909 in
457 1867 548 1908 emec
563 1846 676 1908 laetam
699 1848 895 1923 oblationem,
920 1871 1015 1930 sque
1075 1850 1273 1929 Testipieatur
1294 1858 1401 1911 cutem
1424 1848 1515 1910 uobis
1529 1849 1668 1926 Spiritus
1688 1864 1765 1908 sars-

359 1935 527 1997 etificsndi
543 1937 604 1995 vim
618 1935 803 2015 acciperent,
824 1936 1014 2007 referrentur,
1068 1945 1150 2012 etue,
1179 1937 1303 1999 diceris:
1329 1939 1399 1998 Hoc
1413 1943 1456 1996 est
1471 1942 1692 1996 uelamentum
1709 1941 1762 1994 etc

359 2024 422 2085 irco
439 2042 504 2082 nou
521 2019 630 2081 debent
642 2040 731 2081 unum
748 2041 815 2081 cum
828 2024 1015 2102 esreputari,
1067 2024 1187 2086 Deinde
1212 2043 1268 2085 nec
1294 2025 1367 2085 satia
1395 2022 1493 2104 liquet
1518 2041 1555 2083 ex
1579 2019 1765 2083 Graecorum

359 2118 387 2170 st
403 2110 522 2169 missae
544 2107 741 2181 sacrificium,
767 2110 820 2169 aed
842 2109 1017 2191 simpliciter
1069 2112 1304 2185 commentariis,
1334 2110 1406 2193 quid
1436 2110 1495 2190 ipsi
1523 2110 1669 2188 legerim,
1705 2108 1765 2170 nisi

359 2216 442 2258 essa.
481 2193 586 2276 Quare
600 2214 639 2256 ex
654 2213 714 2255 una
735 2195 889 2258 oblatione
904 2196 1016 2258 christi
1068 2197 1151 2279 quod
1167 2197 1343 2259 Oeeumenii
1363 2199 1511 2277 interpres
1525 2194 1634 2256 babet:
1661 2197 1766 2256 Nimi-

359 2283 557 2345 rsnmmstiva
572 2289 654 2342 recte
668 2283 818 2363 sequitur,
846 2291 954 2344 vetera
969 2304 1014 2345 aa·
1068 2304 1140 2348 ream
1148 2330 1159 2361 ,
1176 2302 1274 2362 quum
1286 2284 1495 2362 praedixerit.
1533 2283 1644 2343 Nostra
1658 2282 1764 2343 lectio:

359 2370 428 2432 deis
442 2389 507 2429 uun
523 2369 659 2448 potuisse
673 2379 799 2450 peccata
822 2370 959 2442 auterre,
986 2379 1017 2432 et
1065 2380 1238 2450 postquam
1262 2377 1344 2432 euim
1362 2371 1461 2447 dicit,
1488 2367 1518 2429 id
1542 2368 1633 2430 babet
1655 2369 1763 2429 incom-

359 2454 442 2518 »tute
456 2474 578 2516 casare
597 2455 752 2533 debuisse3
775 2475 830 2518 uec
851 2465 952 2518 umen
967 2477 1016 2519 ea·
1068 2458 1166 2531 modi,
1192 2458 1273 2539 quod
1288 2458 1363 2519 nihil
1380 2465 1525 2539 sequatur
1539 2455 1608 2516 hnic
1624 2457 1704 2535 parti
1718 2473 1771 2521 re·‚

359 2562 384 2605 m
397 2552 446 2604 est
460 2539 502 2602 de
514 2542 660 2603 sacrificiu
672 2543 780 2604 missac
792 2547 1015 2624 consequentia
1068 2544 1228 2627 spondens.
1253 2545 1330 2605 Num
1345 2544 1399 2605 ills
1414 2543 1579 2625 particula:
1604 2542 1681 2603 dicit
1696 2543 1765 2603 Do·

359 2628 418 2693 bed
433 2638 563 2711 quaeret
586 2628 713 2710 aliquis,
744 2650 839 2703 sune,
866 2629 947 2710 quod
968 2630 1017 2692 bic
1067 2637 1192 2708 minus,
1208 2652 1268 2694 nou
1284 2632 1421 2712 Apostoli
1438 2640 1499 2704 est,
1515 2628 1570 2691 sed
1586 2629 1765 2708 Prophetae.

359 2715 497 2777 scribitur
521 2714 683 2789 oblationi,
711 2716 894 2796 quaefacta
915 2725 960 2778 est
986 2719 1016 2778 in
1068 2729 1098 2782 et
1112 2718 1153 2781 ad
1173 2721 1330 2800 superiora
1352 2717 1480 2780 retertur
1499 2718 1579 2777 sicut
1601 2719 1764 2796 escape..

359 2821 421 2876 sca,
436 2820 554 2879 nempe
569 2820 789 2866 commouere
802 2807 838 2865 in
852 2807 1016 2877 sempiter·
1067 2807 1120 2868 ubi
1141 2807 1198 2868 boe
1223 2808 1428 2868 testimonium
1455 2804 1573 2886 pionica
1600 2802 1765 2865 adductum

359 2906 397 2952 Ιιι
420 2889 652 2968 sanctificatos,
687 2891 778 2952 etiam
808 2899 961 2973 competat
986 2893 1017 2953 in
1069 2894 1136 2956 fuit.
1173 2894 1254 2956 Huic
1285 2891 1472 2956 incommodo
1502 2890 1625 2967 quidem
1654 2889 1766 2952 mederi

359 2977 512 3050 elicium,
540 2976 624 3056 qnod
646 2979 678 3039 in
701 2978 807 3039 ultima
822 2998 917 3040 coena
932 2975 1015 3039 chri·
1069 2983 1207 3042 volentes
1234 2982 1263 3042 in
1294 2967 1412 3043 Graeco
1441 2977 1621 3040 addiderunt
1650 2973 1765 3057 aliquid

359 3081 386 3125 ss
398 3063 523 3141 obtulit3
542 3062 782 3146 quandoquidem
798 3073 829 3127 et
843 3064 918 3126 illud
934 3065 1015 3126 obla·
1069 3078 1139 3129 ente
1153 3067 1207 3128 illa
1231 3069 1342 3130 verbs:
1369 3070 1412 3129 Et
1431 3073 1635 3144 peecatorum
1656 3072 1686 3125 et
1700 3066 1765 3124 ini-

359 3167 386 3212 ι
405 3161 450 3213 est
471 3171 527 3232 pro
549 3151 784 3214 sanctificatione
803 3154 934 3214 omnium
959 3152 1015 3213 ele·
1069 3158 1227 3233 quitatum
1255 3174 1362 3217 eorum
1385 3157 1455 3229 jum
1482 3173 1549 3214 nen
1572 3151 1766 3213 recordabor
1868 3223 1871 3232 Ι

359 3255 433 3299 nm
447 3238 487 3301 ab
503 3238 591 3298 initio
613 3238 729 3301 saeculi
750 3258 847 3319 nsque
862 3237 899 3298 ad
916 3240 1016 3300 tinem.
1069 3243 1216 3320 amplius.
1254 3243 1331 3302 Nam
1353 3243 1383 3302 in
1406 3238 1587 3320 quibusdem
1613 3237 1766 3299 codicibus

359 3325 454 3387 mun
474 3323 660 3404 respondeo,
686 3346 747 3387 non
773 3334 914 3387 constare
936 3323 1017 3407 apud
1069 3328 1252 3390 hebebatur:
1279 3321 1404 3406 ὕστερον
1426 3318 1527 3404 λέγει,
1551 3334 1663 3403 pestes
1678 3325 1765 3399 dicit,

359 3408 510 3494 bsologoa,
527 3408 679 3474 Christum
693 3414 724 3475 in
739 3412 844 3474 ultima
860 3432 955 3473 coena
970 3431 1016 3472 ss·
1069 3425 1104 3477 ut
1126 3415 1215 3476 refert
1230 3415 1426 3477 Hesselsuns.
1464 3411 1555 3493 Quod
1576 3420 1606 3472 ct
1620 3414 1766 3473 Erasmus

359 3497 463 3562 Mum
479 3498 626 3561 obtulisse
641 3518 694 3580 pro
705 3500 941 3561 sanctificatione
957 3519 1016 3560 om·
1070 3504 1220 3583 siguificat
1236 3504 1267 3564 in
1281 3510 1393 3574 annot,
1411 3500 1483 3561 licet
1499 3499 1527 3560 id
1544 3501 1575 3560 iu
1590 3498 1766 3579 paraphrasi

359 3583 591 3649 mereamur.
626 3586 704 3647 Sunt
718 3588 814 3659 enim,
834 3589 887 3667 qni
903 3595 1017 3667 putent,
1069 3610 1129 3651 uon
1156 3599 1306 3671 sequatur.
1342 3589 1380 3650 In
1406 3586 1473 3648 eliis
1503 3594 1618 3659 autem,
1649 3585 1765 3649 Galeuo

359 3689 381 3733 ro
395 3672 606 3756 praecentibus
628 3683 659 3734 ct
680 3673 788 3735 futuris
812 3673 932 3747 electis,
959 3693 1019 3734 non
1070 3684 1162 3750 teste,
1192 3675 1324 3737 additum
1356 3682 1435 3736 erat:
1470 3665 1542 3733 rire
1572 3666 1686 3752 εἴρηκε
1716 3671 1766 3734 vel

359 3759 412 3821 'mm
428 3779 482 3840 pro
497 3760 552 3833 iis,
568 3760 620 3841 qni
632 3768 870 3834 antecesserant,
886 3759 1017 3821 oblatum
1070 3756 1260 3842 προςέθηκε,
1288 3771 1364 3824 tune
1379 3762 1460 3823 dixit
1479 3761 1530 3822 vel
1544 3762 1667 3837 adjecit.
1705 3758 1766 3822 Sed

362 3843 470 3910 Cbristo
484 3845 582 3909 tuisse
596 3846 670 3908 illud
682 3848 868 3909 sacrificium.
892 3847 963 3929 Quo
975 3855 1018 3907 ta·
1070 3851 1145 3912 baec
1160 3852 1192 3911 in
1206 3850 1377 3912 melioribus
1400 3847 1552 3911 codicibus
1575 3869 1635 3911 uon
1654 3847 1765 3909 baben·

360 3933 477 4009 sedato,
491 3934 698 4016 respondetur,
713 3936 763 3997 hie
777 3934 904 4013 intelligi
917 3953 1017 3996 unam
1070 3948 1133 4011 tur,
1160 3947 1191 3998 et
1206 3957 1273 3998 curn
1296 3946 1356 3997 tarn
1371 3938 1457 3997 varia
1479 3938 1553 4010 sint,
1578 3956 1626 3997 ros
1642 3937 1708 4017 ipsa
1722 3933 1765 3995 lo·

359 4017 513 4084 Mortem
545 4023 716 4104 primariam
747 4031 775 4082 et
812 4020 1017 4103 independeu-
1070 4026 1188 4104 quitur,
1210 4023 1367 4104 edJectitie
1382 4041 1455 4084 esse.
1487 4021 1576 4103 Quod
1592 4024 1619 4084 si
1634 4043 1653 4083 a
1668 4022 1766 4083 Paulo

359 4127 396 4182 m,
419 4127 481 4191 qua
503 4108 674 4188 perficietur
696 4111 792 4170 omnis
808 4108 1017 4170 sanctificatio.
1071 4114 1285 4193 scriptumest:
1310 4112 1481 4187 Postquam
1504 4113 1589 4172 enim
1605 4111 1687 4173 dicte
1702 4112 1767 4172 sive

359 4213 410 4266 ,ιιι
423 4202 527 4257 autem
550 4197 582 4256 in
605 4215 700 4256 coena
720 4193 801 4256 iacta
822 4197 881 4256 init
898 4196 1018 4267 oblatio,
1066 4199 1251 4277 praedixit,
1267 4197 1436 4269 fatebimur,
1458 4200 1619 4260 oraticnem
1635 4198 1700 4278 ejus
1714 4198 1767 4258 im·

359 4282 514 4363 ipeudebst
528 4281 567 4342 ab
590 4301 643 4356 ca,
673 4302 753 4362 quse
775 4284 806 4343 iu
827 4302 915 4346 eruce
937 4282 1019 4343 facta
1070 4285 1233 4367 perlectam
1251 4304 1332 4356 esse,
1360 4306 1396 4345 ec
1410 4285 1561 4364 postulare
1576 4285 1766 4365 supplemen-

359 4373 419 4442 tet
432 4390 494 4431 non
509 4369 567 4431 nisi
583 4387 639 4449 per
653 4387 718 4430 eam
734 4367 794 4430 init
808 4369 1017 4450 acceptabilisp
1069 4381 1150 4442 turn,
1166 4370 1333 4452 cujusmodi
1350 4371 1388 4432 ab
1404 4371 1472 4432 aliis
1489 4370 1623 4433 additum
1640 4379 1693 4431 est

359 4463 395 4516 nt
408 4465 440 4517 et
453 4456 626 4536 baptismus
642 4465 673 4516 et
686 4457 749 4518 alia
764 4466 968 4530 sacramente,
990 4458 1016 4517 si

359 4561 383 4604 ιι
394 4561 451 4624 per
465 4541 618 4604 Christum
632 4542 755 4604 fuerunt
769 4542 987 4604 administrata.
1114 4547 1163 4608 le.
1186 4547 1255 4608 Hoc
1281 4553 1386 4606 autem
1414 4553 1653 4620 testamentum,
1681 4543 1768 4621 quod

365 4629 412 4692 lb.
434 4631 640 4693 venustatur
661 4638 769 4692 cutem
790 4649 849 4691 noa
868 4637 897 4691 et
911 4632 1017 4707 Spiri-
1068 4632 1205 4694 testabor
1229 4633 1273 4693 ed
1293 4634 1367 4693 illos
1388 4641 1458 4708 post
1484 4633 1549 4693 dies
1574 4632 1663 4707 illos,
1691 4629 1768 4691 dicit

359 4723 519 4779 ssorsetssa
534 4715 683 4782 ,Graecez
709 4719 862 4797 μαρτυρεῖ
877 4710 911 4776 δὲ
927 4710 1015 4797 ἡμῖν,
1069 4722 1236 4781 Dominus.
1273 4719 1418 4780 Voculam
1449 4726 1554 4780 autem
1589 4717 1708 4779 Graeca
1738 4725 1768 4778 et

359 4804 863 4881 tutsrmstemrsobisetsspiritus
878 4813 1015 4880 sanctus,
1068 4805 1147 4887 Syra
1162 4827 1221 4868 non
1237 4815 1413 4887 agnoscunt
1447 4804 1536 4884 Quod
1552 4805 1599 4866 hic
1616 4806 1765 4883 interpres

362 4892 628 4976 estitestimonium
641 4891 778 4973 perhibet
790 4893 856 4972 ejus
870 4893 1015 4966 veritatis,
1068 4895 1172 4955 vertit:
1203 4894 1364 4970 testabor,-
1383 4900 1414 4953 et
1429 4913 1493 4970 cap.
1511 4894 1556 4953 8.:
1583 4891 1765 4968 disponam,

359 4999 408 5042 sm
421 4977 562 5062 pluribus
573 4977 639 5059 jam
654 4977 819 5053 inculcavi3
835 4980 949 5040 scilicet
963 5000 1014 5040 ve·
1067 4982 1099 5043 in
1114 4978 1232 5042 Graeco
1255 4980 1333 5043 idern
1358 4987 1403 5041 est
1424 4977 1548 5039 verbum
1568 4974 1766 5058 διαθήσομαι,

359 5066 591 5131 munimenti
619 5064 767 5130 semideis
796 5085 857 5129 non
882 5066 1015 5150 potuisse
1066 5065 1099 5130 id
1128 5076 1173 5130 est
1202 5073 1389 5131 testomento
1418 5066 1603 5145 dispersori:
1635 5065 1766 5133 Caetera
