4442 5825
400 618 474 709 aaa
899 614 1136 685 commmos
1152 614 1184 683 u
1201 615 1269 681 cu.
1285 615 1325 681 u

398 790 545 871 superiori
562 792 742 867 promissio,
767 809 855 872 quam
871 800 963 873 negat
978 810 1030 853 eos
1045 812 1092 855 ae·
1147 792 1227 861 Nam
1248 794 1369 864 anteiri
1389 801 1508 874 tempus
1531 793 1655 869 animae
1677 790 1761 863 solas

399 877 529 957 cepisse,
545 874 699 957 disputant
710 879 897 959 interpretes.
920 878 960 939 Et
973 876 1093 959 quidem
1148 888 1221 939 nant
1242 888 1273 939 et
1294 881 1401 943 beatae
1422 889 1505 954 sunt,
1531 901 1595 952 uon
1617 881 1765 959 homiues,

399 960 510 1025 Graeci
525 962 706 1025 schismatici
729 968 1033 1027 consummationem
1049 967 1092 1027 iu·
1148 964 1384 1047 synecdochice3
1406 967 1539 1046 loquitur
1560 977 1665 1039 autem
1685 966 1772 1057 Apo!

398 1048 493 1129 colligi
512 1048 628 1123 volunt,
651 1071 729 1133 quae
752 1053 783 1113 in
805 1052 866 1113 Dei
887 1054 1002 1123 visione
1025 1072 1092 1123 con·
1148 1051 1187 1114 de
1200 1051 1381 1123 homiuibus.
1404 1053 1464 1113 Hie
1479 1073 1597 1127 sensus,
1613 1064 1648 1117 ut
1664 1071 1772 1125 wasme

399 1135 484 1197 sistit.
506 1136 610 1217 Atque
621 1137 690 1199 hinc
702 1148 837 1200 statuunt
852 1158 940 1201 saum
956 1157 1095 1211 errorem,
1148 1148 1194 1199 est
1208 1140 1284 1212 aliis,
1308 1141 1352 1199 its
1366 1148 1396 1200 et
1414 1139 1507 1201 multe
1530 1139 1735 1220 probabilium
1755 1160 1772 1221 q

399 1242 459 1304 quo
481 1222 597 1299 docent,
620 1236 791 1285 sauctorum
814 1227 929 1287 animas
949 1247 1009 1286 non
1023 1224 1092 1285 irai·
1148 1235 1179 1286 et
1203 1225 1394 1306 Augustinus
1424 1225 1515 1287 tradit
1540 1228 1573 1289 in
1599 1227 1700 1309 Epist.
1727 1228 1772 1294 99.

397 1317 481 1371 turae
503 1311 620 1371 visione
635 1312 693 1372 Dei
715 1320 785 1372 aute
807 1314 1094 1375 consummationem
1148 1311 1310 1386 Erudium,
1325 1321 1355 1373 et
1369 1321 1453 1373 tract.
1469 1316 1519 1391 49.
1537 1315 1568 1383 iu
1583 1312 1608 1375 J
1609 1334 1690 1393 aaa,
1706 1310 1770 1375 etc

397 1396 573 1476 generalem
596 1399 726 1459 omnium
749 1397 923 1475 electorum,
946 1419 1026 1481 quae
1048 1397 1092 1461 fu·
1148 1409 1300 1461 sostumus
1320 1401 1351 1459 iu
1373 1409 1531 1471 comment.
1553 1398 1686 1480 pulchre
1709 1396 1772 1482 expi

399 1491 466 1544 tura
487 1492 534 1545 est
553 1485 584 1545 in
606 1485 665 1545 dne
688 1486 812 1547 saeculi.
842 1486 911 1565 Qua
937 1489 969 1547 iu
987 1505 1021 1547 re
1043 1504 1095 1547 eos
1148 1494 1180 1547 et
1194 1488 1347 1559 Erasmus,
1373 1491 1522 1548 sententia
1544 1489 1577 1549 iu
1599 1487 1709 1551 melius
1722 1506 1771 1555 rau

398 1573 994 1653 sequunturhaereticiuostritemporis.
1018 1570 1093 1633 an-
1148 1575 1284 1654 seqnitur
1306 1573 1337 1632 in
1359 1572 1546 1652 paraphrasi.
1569 1574 1772 1649 Probabilior,

400 1664 495 1717 terum
511 1657 670 1719 orthodoxi
686 1658 725 1720 de
740 1679 829 1720 seusa
846 1662 975 1720 variant.
1148 1680 1249 1740 qnam,
1263 1661 1401 1740 primam,
1414 1660 1486 1738 quia
1497 1660 1529 1725 id
1541 1660 1609 1721 vult
1620 1672 1772 1741 extrem}

441 1743 586 1807 Nonnulli
599 1749 841 1822 promissionem
858 1746 1031 1828 intelligunt
1041 1768 1092 1827 pa·
1147 1767 1207 1829 qua
1222 1769 1282 1809 uon
1297 1745 1384 1807 dicit:
1401 1747 1447 1806 Ne
1462 1749 1530 1808 sine
1545 1748 1639 1809 nohis
1654 1767 1772 1811 rernstsu

398 1829 494 1891 trihus
509 1831 620 1895 facum
635 1831 673 1893 de
688 1833 892 1895 incarnatione
915 1843 947 1893 et
962 1832 1094 1897 adremu
1147 1841 1270 1909 rentur,
1287 1833 1354 1894 sed:
1377 1841 1413 1894 at
1427 1852 1495 1896 nen
1509 1838 1578 1895 sine
1593 1836 1686 1897 nohis
1700 1853 1772 1897 aens

398 1915 516 1979 Christi.
554 1919 643 1980 Hane
668 1920 748 1981 enim
773 1922 1000 2001 promissionem
1027 1922 1093 1981 siue
1147 1929 1324 1996 murentur,
1349 1920 1455 1996 idest,
1482 1930 1721 1991 consummatam
1742 1940 1772 1993 sa

398 2002 493 2079 nobis,
515 2005 546 2066 id
569 2016 624 2080 est,
649 2016 720 2067 aute
743 2027 797 2067 nos
820 2029 880 2068 non
903 2016 1093 2087 aeceperunt,
1147 2016 1216 2080 tam,
1245 2028 1324 2088 qaae
1347 2009 1492 2087 promissa
1515 2018 1576 2085 est,
1602 2010 1772 2090 acciperent

398 2091 471 2179 qnia
494 2092 610 2155 demum
633 2094 664 2153 in
681 2090 871 2174 plenitudine
892 2096 1042 2173 temporis,
1065 2101 1095 2153 et
1147 2097 1393 2157 munerationem.
1416 2095 1546 2168 Deinde,
1568 2097 1644 2176 quis
1666 2095 1772 2176 paulu·

399 2197 458 2241 neu
480 2192 551 2241 aute
575 2183 705 2261 oportuit
726 2182 874 2243 incarnari
897 2181 1009 2241 Filium
1023 2181 1093 2240 Dei.
1148 2180 1186 2240 de
1203 2180 1381 2263 quibusdam
1396 2180 1485 2242 dixit:
1519 2183 1559 2243 Ut
1573 2184 1772 2249 melioremis

397 2264 526 2336 Sensum
549 2266 628 2327 huna
651 2268 860 2331 commendare
882 2269 986 2328 volens
1001 2268 1092 2329 Eras-
1147 2271 1257 2331 nirent
1285 2272 1556 2330 resurrectionem.
1600 2272 1677 2350 Agit
1705 2288 1771 2349 erpo

398 2373 473 2429 mus,
500 2373 592 2416 ausus
616 2354 673 2415 fuit
699 2357 827 2416 aoristos
854 2366 1037 2421 uomnrntare
1063 2356 1093 2415 iu
1148 2356 1411 2427 consummatione,
1433 2374 1512 2435 quae
1528 2375 1583 2435 per
1598 2355 1771 2429 resurreetit

397 2449 532 2522 tempora
542 2440 845 2523 plusquamperfecta,
858 2444 928 2503 dum
939 2447 981 2502 ita
988 2444 1093 2503 vertit:
1148 2442 1213 2502 fieri
1225 2441 1341 2503 debeat.
1364 2443 1505 2522 Denique
1517 2462 1641 2503 sensnm
1654 2445 1772 2523 huacpt

397 2528 471 2590 Non
500 2535 689 2605 acceperant
715 2531 958 2605 promissionem
967 2574 977 2605 ,
1010 2529 1094 2607 quod
1147 2530 1190 2589 lat
1204 2529 1372 2590 exhortatio
1389 2530 1499 2608 eapitis
1514 2530 1765 2609 praecedentiae

397 2617 485 2687 Deus
506 2616 544 2676 de
565 2617 656 2676 natis
677 2617 791 2677 melius
811 2616 965 2692 quiddam
978 2618 1093 2693 proui-
1148 2617 1264 2676 transiit
1285 2614 1325 2676 ad
1346 2614 1418 2681 fidei
1439 2613 1772 2691 commendationem,s

398 2702 502 2775 derat,
526 2722 566 2763 ne
585 2706 653 2764 sine
674 2702 765 2763 nohis
786 2706 996 2765 eomnrmati
1008 2703 1094 2780 fais·
1148 2701 1340 2764 excitandam
1360 2704 1558 2767 imitationem
1580 2723 1695 2778 eorum,
1717 2702 1765 2783 qui

397 2796 474 2850 sent.
490 2788 551 2849 Sed
563 2786 712 2869 quomodo
726 2790 757 2849 in
768 2789 878 2849 Christi
890 2790 1094 2850 incarnatione
1148 2788 1236 2849 fidem
1263 2789 1330 2857 Deo
1360 2788 1547 2867 placuerunt.
1585 2791 1662 2855 Erat
1689 2791 1762 2867 euim

399 2875 556 2954 uobiscum
582 2876 778 2946 consummati
807 2876 868 2938 siut
894 2885 947 2936 aut
972 2875 1094 2951 fuerint,
1147 2875 1312 2938 exhortatio
1336 2874 1531 2944 adferendos
1547 2875 1772 2956 patienteradlir

398 2961 436 3024 ab
463 2963 634 3024 auctoribus
655 2962 745 3040 hujus
767 2963 934 3024 tententiae
958 2984 1018 3024 nou
1041 2983 1092 3024 ex·
1147 2983 1201 3024 nes
1216 2962 1465 3043 contemplatione
1477 2964 1770 3030 remunerationum

397 3048 536 3130 plicatur.
1148 3050 1263 3110 saeculi
1278 3049 1479 3128 recipiendae.
1503 3048 1597 3129 Quod
1619 3047 1772 3132 probanti

442 3135 543 3217 Igitur
578 3136 630 3196 alii
661 3145 816 3216 exponunt
846 3135 1024 3218 Apostolum
1055 3135 1094 3196 de
1147 3136 1331 3198 sententiae:
1359 3137 1464 3198 Tanto
1479 3139 1591 3211 trapis,
1617 3144 1772 3214 quantun

396 3224 610 3298 promissione
632 3222 769 3284 coelestis
789 3221 993 3295 beatitudiuis,
1016 3240 1095 3301 quae
1146 3225 1216 3282 ritis
1251 3225 1567 3301 appropinquantem
1606 3224 1711 3300 diem,·
1752 3221 1772 3282 it

400 3309 536 3370 censistit
557 3311 589 3370 in
603 3308 664 3370 Dei
683 3309 814 3387 visioue;
837 3309 893 3370 sed
915 3308 973 3370 hoe
987 3327 1092 3370 sensu:
1147 3312 1308 3370 Patientia
1321 3308 1407 3369 vohis
1418 3311 1595 3370 necessaria
1611 3317 1667 3383 est,
1683 3316 1719 3370 ut
1731 3323 1772 3390 rep

397 3393 505 3457 Patres
521 3396 637 3478 antiqui
651 3415 711 3457 nou
731 3404 914 3476 acceperuut
928 3395 1009 3456 illam
1025 3415 1093 3475 pro·
1147 3398 1216 3458 tetis
1227 3397 1479 3472 promissionem.
1507 3396 1622 3460 Adnue
1637 3399 1724 3458 aum
1737 3411 1772 3472 ast

397 3482 569 3543 missionem
599 3483 701 3543 atatim
727 3504 746 3543 a
770 3491 875 3555 morte,
904 3482 985 3552 sicut
1011 3500 1093 3542 nuuc
1146 3501 1217 3544 eum
1244 3483 1503 3561 aliquantulam,
1529 3487 1586 3559 qui
1612 3490 1762 3550 venturas

398 3569 494 3630 sancti
515 3569 682 3649 accipiunt3
705 3568 759 3630 sed
782 3576 962 3648 exspectare
981 3567 1091 3629 debue-
1149 3572 1269 3644 ueniet,
1296 3578 1325 3630 et
1351 3588 1419 3634 aaa
1444 3569 1595 3631 tardabit
1634 3569 1723 3649 Quae
1746 3583 1772 3626 vr

398 3664 468 3718 runt
494 3664 612 3734 tempus
637 3675 737 3715 novae
763 3652 854 3733 legis,
883 3665 918 3713 ut
942 3674 1001 3715 non
1027 3655 1092 3716 siue
1146 3655 1352 3735 pertineresd
1375 3657 1648 3724 remunerationem
1667 3659 1697 3718 in
1711 3653 1772 3738 glori

398 3741 493 3824 nobis,
515 3744 568 3821 qui
584 3741 613 3802 in
629 3752 766 3820 tempora
781 3760 877 3801 novae
893 3739 970 3821 legis
987 3739 1090 3800 incidi·
1146 3740 1257 3802 Christi
1282 3744 1415 3804 adventu
1438 3742 1690 3824 exspectandam,
1716 3735 1772 3801 sol

396 3847 470 3900 mus,
486 3838 767 3902 consummarentur,
780 3825 876 3900 idest,
890 3827 973 3888 beati
985 3825 1093 3887 fierent
1146 3828 1341 3890 ostendimus.

397 3911 560 3976 secuudum
583 3916 707 3976 animas.
731 3914 791 3975 Pro
808 3932 869 3994 qua
885 3934 975 3976 sensu
992 3912 1091 3973 iacere
1188 3916 1237 3975 Ex
1253 3915 1298 3976 his
1317 3916 1384 3993 jam
1405 3923 1491 3994 patet
1514 3914 1659 3986 refutatio
1676 3931 1772 3996 argum

395 4009 509 4081 putant,
532 4000 612 4081 quod
629 4021 693 4083 cap.
710 4021 794 4080 sequ.
818 4000 940 4061 dieitur:
966 4002 1090 4077 Etspi·
1145 3999 1334 4062 Graecorum.
1369 4002 1512 4062 Fatemur
1539 4003 1618 4063 euim
1645 4023 1683 4074 ao
1706 4000 1772 4068 dius

394 4090 646 4162 ritusjnstorum
660 4088 887 4164 perfectorum,
910 4086 940 4148 id
957 4095 1010 4159 est,
1026 4088 1088 4146 ani·
1145 4088 1321 4168 Apostolum
1343 4088 1427 4168 loqui
1450 4086 1489 4148 de
1511 4091 1762 4154 comummstioar

394 4193 462 4235 mae
472 4174 622 4254 justorum
637 4185 913 4235 consummatorum.
940 4173 997 4234 Est
1010 4175 1088 4234 euim
1142 4174 1239 4234 nerali
1253 4183 1421 4236 sanctorum
1437 4175 1599 4250 hominnm,
1622 4171 1772 4236 intorsit!

393 4257 473 4322 idem
492 4264 524 4320 in
538 4257 657 4322 Graeca
681 4261 811 4336 verbum,
836 4260 917 4342 quod
940 4259 1087 4321 hocloco.
1142 4261 1270 4336 saeculi;
1293 4259 1346 4322 sed
1374 4281 1463 4340 qnam
1490 4260 1658 4339 praecedat
1682 4257 1772 4344 beslii

393 4337 444 4410 Ex
457 4366 517 4430 quo
535 4356 669 4428 apparet,
684 4349 989 4410 consummationem
1004 4346 1086 4405 iutel-
1141 4349 1316 4422 animarum,
1328 4349 1418 4427 juxta
1430 4345 1564 4427 ejusdem
1578 4347 1719 4428 Apostoli
1732 4343 1772 4408 da

392 4433 453 4514 ligi,
465 4453 553 4516 quara
567 4433 765 4496 nauehabeut
776 4436 895 4495 animae
906 4441 1086 4494 sanctorum.
1141 4454 1220 4506 nam,
1237 4439 1252 4494 1
1272 4433 1337 4494 Cor.
1357 4435 1414 4506 13,
1431 4431 1531 4495 icor.
1544 4435 1583 4506 h..
1600 4431 1683 4508 Phil.
1697 4439 1732 4508 1.,
1744 4447 1772 4514 qt

434 4519 498 4592 dtu
514 4539 585 4581 vero
601 4520 747 4602 plerique,
769 4529 829 4586 tam
854 4519 1086 4597 Graecianum
1141 4528 1172 4580 et
1200 4521 1279 4582 aliae
1308 4521 1483 4600 Scripturas
1513 4520 1627 4601 liquide
1658 4517 1772 4590 confir!

391 4607 492 4668 Latini
522 4608 566 4667 sie
597 4614 752 4688 exponunt
781 4606 976 4687 Apostolum:
1013 4605 1086 4666 Non
1141 4627 1218 4683 quas
1233 4626 1339 4670 omnes.
1359 4627 1590 4668 commemorare
1612 4607 1772 4690 languor!

391 4701 583 4772 aeceperunt
601 4696 856 4772 promissionem,
880 4691 998 4753 scilicet
1021 4711 1084 4770 per·
1140 4692 1232 4774 Quod
1256 4713 1327 4756 vero
1351 4714 1405 4774 pro
1424 4692 1557 4755 seeundo
1573 4713 1666 4760 sensu
1683 4691 1772 4774 adiq

390 4776 469 4852 lecte
500 4799 552 4842 seu
584 4790 795 4850 consummate.
833 4779 976 4841 Periecte
1005 4779 1086 4841 euim
1140 4789 1189 4839 tur
1205 4799 1242 4840 ex
1258 4800 1323 4859 cap.
1339 4799 1434 4860 sequ,
1450 4801 1510 4841 non
1525 4779 1648 4860 probat,¹
1666 4781 1772 4856 Nema

390 4867 555 4947 accipietur
569 4870 736 4948 promissio,
753 4868 884 4947 quando,
900 4866 1095 4928 resuscitatis·
1139 4885 1297 4938 summare
1313 4877 1344 4925 et
1359 4870 1591 4932 coruummatio
1606 4888 1669 4936 non
1682 4885 1742 4934 auu

390 4951 428 5011 ed
445 4953 698 5016 immortalitatem
713 4954 898 5034 corporibus,
922 4955 1018 5014 sancti
1034 4952 1084 5012 ho·
1140 4972 1192 5014 sus
1214 4953 1303 5016 modo
1327 4972 1450 5032 semper
1470 4955 1619 5034 accipitur
1642 4956 1672 5022 in
1688 4881 1772 5028 litui

390 5039 485 5112 minen
508 5058 573 5102 cum
597 5037 717 5104 Christo
737 5041 907 5128 regnabunt
929 5042 961 5103 in
983 5039 1085 5110 aoehs,
1140 5038 1234 5116 stols5
1256 5041 1327 5116 sed,
1351 5059 1407 5122 pro
1429 5039 1565 5119 subjecta
1586 5041 1730 5116 tristeris,¹
1742 5035 1772 5108 ld
