4442 5825
911 599 1145 656 commentus
1162 599 1194 655 lll
1205 599 1271 656 cdl’.
1291 600 1332 655 xl.

394 592 468 680 tot

391 768 683 859 suffocari.''1taque
708 774 783 838 baec
804 796 875 859 prre
897 797 917 838 a
940 777 1087 839 contrario
1141 779 1228 839 Deru
1243 784 1344 838 vester
1358 778 1424 853 ipre
1447 781 1492 836 eet
1507 777 1594 836 Dens
1612 775 1651 835 iu
1664 773 1799 836 coelorer

393 867 453 927 vim
469 864 539 924 fidei
554 862 697 924 declarat.
713 882 727 937 25
1140 884 1209 926 erem
1225 872 1256 924 et
1271 868 1307 925 irr
1323 871 1410 924 terro
1425 864 1573 924 deoraum
1582 907 1592 938 ,
1613 863 1710 923 Joeue
1723 862 1749 920 2.
1760 859 1799 920 lle

391 965 398 1033 l·
436 953 486 1016 30.
509 950 589 1014 Fide
603 952 698 1030 ‚errari
719 945 856 1030 jJerrcrro
883 958 1086 1025 corruerunt,
1141 953 1235 1031 igitur
1248 951 1308 1013 fide
1322 953 1444 1024 meruit,
1467 963 1500 1010 ut
1515 969 1584 1011 oum
1599 947 1757 1009 incredulis
1766 965 1799 1006 nu

392 1042 527 1101 cicerutu
542 1039 666 1099 dierum
682 1046 840 1114 temptem.
871 1036 1000 1099 Graece:
1024 1040 1088 1098 eir·
1141 1041 1261 1119 periret.

391 1127 542 1197 cumdotr‘,
558 1125 608 1187 rel
617 1132 788 1203 postquem
801 1125 991 1185 circumdati
1004 1125 1087 1202 suie-
1184 1125 1280 1184 Porro
1292 1123 1430 1185 dubitant
1437 1122 1582 1195 nonnulli,
1594 1118 1799 1182 fueritrreBrlrd

390 1222 458 1276 eerrt
472 1214 515 1274 cd
537 1221 652 1290 reptem
675 1213 749 1273 diet.
786 1210 1022 1273 commendatur
1039 1213 1088 1272 bie
1140 1231 1214 1272 vere
1228 1213 1378 1272 meretrix.
1402 1212 1481 1271 Nam
1495 1207 1695 1281 vocabulum,
1710 1204 1799 1288 quodi

390 1302 527 1363 meritum
543 1299 615 1361 fidei
632 1318 748 1372 eorum,
772 1300 822 1378 qni
839 1310 948 1359 terram
964 1300 1086 1379 promis·
1141 1299 1284 1359 Hebraeo
1300 1298 1427 1378 legitur:
1442 1299 1559 1373 conob,
1574 1299 1599 1356 ei
1616 1295 1760 1357 Rebbim
1770 1291 1799 1353 lu

391 1390 483 1450 sionis
499 1389 625 1468 ingressi
641 1398 727 1459 sunt,
742 1387 880 1465 inprimis
894 1385 1011 1458 Josrre,
1034 1387 1088 1466 qui
1141 1385 1282 1446 dacorum
1304 1384 1451 1458 creditur,
1485 1383 1637 1445 interdum
1658 1397 1799 1459 conportet

391 1474 454 1538 dux
468 1476 573 1556 populi
589 1484 657 1554 post
667 1473 774 1534 Mosen
786 1474 883 1534 inerat
895 1474 1087 1548 constitutoe3
1141 1473 1308 1552 significat,
1323 1471 1475 1533 interdum
1490 1475 1706 1545 meretricem,
1725 1465 1799 1549 prod

391 1563 500 1625 deinde
529 1561 706 1622 Levitarrrm
733 1568 824 1640 etque
853 1561 949 1640 ipsius
975 1559 1087 1640 populi.
1140 1562 1286 1620 versitate
1297 1559 1416 1633 radicis,
1432 1579 1523 1639 aqua
1535 1558 1702 1620 deducitur.
1726 1557 1799 1617 Verur

391 1648 591 1713 crediderunt
606 1652 686 1709 onim
701 1646 898 1729 praecipienti
913 1666 949 1706 ae
965 1648 1086 1725 promit·
1142 1647 1186 1707 illi
1213 1648 1319 1726 prioris
1350 1645 1580 1726 significationis
1613 1645 1752 1724 exempla
1771 1661 1799 1703 uo

390 1739 467 1799 tenti
482 1738 627 1809 Domino,
643 1740 668 1796 si
680 1736 782 1796 urbem
795 1733 935 1805 Jeriebo,
951 1735 1087 1814 quemvis
1141 1736 1241 1794 lerunt
1255 1743 1342 1793 extra
1362 1734 1475 1807 locum,
1503 1734 1542 1794 de
1566 1753 1627 1813 quo
1650 1752 1728 1792 nunc
1747 1748 1799 1812 qou

390 1826 537 1885 munitum
564 1831 597 1882 et
621 1831 796 1904 expugnatu
822 1819 970 1880 difficilem
997 1815 1088 1900 (quae
1141 1823 1241 1882 rimus.
1276 1821 1396 1901 Ubique
1411 1823 1489 1881 enim
1512 1841 1567 1901 pro
1583 1821 1740 1881 meretrice
1754 1835 1798 1878 aec

391 1921 502 1973 terram
530 1912 706 1991 promiserim
731 1909 876 1988 ingressis
902 1911 999 1987 prima
1025 1919 1089 1966 erat
1141 1917 1226 1988 ptum
1242 1911 1406 1986 reperitur,
1425 1907 1552 1969 uthm
1570 1910 1620 1970 34.
1637 1916 1667 1967 et
1684 1903 1797 1976 33qu

391 1998 529 2078 objecta,
552 2006 584 2058 et
604 1998 684 2057 ultra
703 1993 843 2077 progredi
866 2014 919 2054 eos
935 2015 993 2054 non
1009 1995 1088 2055 sine·
1143 2001 1208 2068 11.,
1232 1995 1313 2056 Joet.
1331 1999 1358 2059 3.
1396 1996 1488 2056 Unde
1512 2007 1542 2055 et
1559 1994 1747 2055 Telmudicie
1760 1995 1799 2050 aut

390 2082 466 2162 bet),
482 2085 671 2145 circumirent
682 2096 798 2163 septem
811 2080 918 2141 diebos
934 2101 1002 2141 cum
1017 2101 1089 2141 crea
1142 2081 1298 2163 quietibus
1327 2083 1404 2143 adeo
1430 2101 1608 2162 persuasum
1634 2082 1707 2152 fuit,
1733 2077 1799 2138 Bab

392 2173 522 2234 foederis
539 2180 570 2232 et
585 2171 666 2231 tubis
681 2168 932 2240 sacerdotalibus,
948 2169 1087 2240 futurum,
1141 2172 1326 2230 meretricem
1342 2169 1451 2241 inisse,
1468 2178 1502 2228 ut
1516 2169 1586 2229 lrine
1602 2176 1743 2228 contexta
1754 2162 1799 2225 feb

391 2268 426 2320 ut
454 2261 574 2320 moenia
603 2259 732 2318 civitatis
763 2266 869 2338 sponte
908 2262 1088 2317 corruerent.
1141 2258 1173 2317 la
1187 2257 1382 2330 tradiderint,
1403 2277 1469 2316 errm
1486 2258 1557 2315 totis
1572 2255 1798 2336 quadragintae

393 2344 611 2416 erediderunt,
628 2347 766 2425 inquam,
789 2346 891 2417 etita,
906 2352 938 2403 ut
954 2342 1087 2404 credide·

392 2444 469 2505 runt,
482 2433 654 2494 factumest.
678 2433 842 2492 Historiam
852 2431 942 2490 habes
952 2431 975 2492 J
977 2450 1051 2490 ostro
1060 2430 1088 2489 6.

437 2526 487 2585 31.
511 2520 592 2583 Fide
606 2520 721 2581 uerno
743 2523 895 2579 meretrix
912 2537 978 2578 rrorr
992 2518 1091 2593 periit

393 2627 463 2668 cum
479 2607 658 2668 incredulis.
683 2598 800 2667 Graece
823 2617 869 2665 est
884 2607 1090 2685 perticipium:

395 2685 584 2773 ἀπειθήσασι
593 2737 601 2766 ,
625 2695 654 2753 id
672 2702 720 2754 est
735 2697 773 2752 r'ie
780 2736 791 2766 ,
812 2696 867 2769 qui
881 2710 949 2752 reon
965 2692 1090 2751 obedie-

394 2789 488 2856 rcut,
511 2779 761 2861 quemadmodum
785 2787 816 2839 et
830 2778 926 2859 Syrus
948 2781 1090 2859 intorpre-

1143 2347 1206 2418 nie,
1222 2345 1334 2424 quibus
1350 2343 1509 2404 Isrrelitrre
1525 2353 1653 2425 egerunt
1666 2345 1698 2402 in
1713 2341 1799 2401 desert

1142 2444 1300 2510 quaestum
1316 2452 1443 2511 corpore
1464 2432 1588 2505 iecisse,
1614 2440 1645 2491 et
1666 2432 1799 2510 quidemr

1143 2540 1203 2599 quo
1219 2520 1322 2581 docem
1335 2539 1429 2579 runos
1440 2528 1510 2579 nata
1521 2518 1635 2597 fucrrrt3
1652 2520 1799 2597 quinqusg

1143 2609 1258 2667 nariam
1290 2627 1363 2668 vero
1390 2615 1532 2687 percepta
1558 2609 1623 2667 veri
1651 2606 1711 2665 Dei
1736 2604 1799 2664 notit

1143 2695 1313 2774 resipuisse.
1347 2694 1463 2754 Retulit
1488 2694 1545 2753 hoc
1567 2692 1784 2752 Feverdentias

1144 2803 1209 2861 errp.
1228 2787 1255 2842 2.
1273 2779 1390 2842 Jacobi.
1413 2780 1567 2841 Jonatbas
1591 2779 1732 2860 quidem,
1756 2795 1799 2857 par

393 2876 474 2931 tatur
490 2876 547 2929 est.
570 2864 688 2928 Graece
703 2888 763 2928 vox
779 2884 831 2925 eos
848 2867 966 2946 proprie
977 2863 1089 2944 signiti-

395 2965 460 3028 cat,
488 2955 541 3034 qui
563 2954 669 3013 nolunt
686 2952 879 3034 persuaderi,
905 2952 956 3013 vel
978 2964 1013 3013 ut
1028 2970 1090 3011 ere·

395 3041 484 3115 dant,
500 3040 581 3121 quod
597 3040 724 3113 dicitur,
751 3038 802 3100 vel
818 3050 852 3100 ut
865 3038 991 3111 faciunt,
1008 3036 1091 3119 quod

394 3130 584 3211 praecipiter.
609 3126 718 3187 Noster
730 3127 878 3205 interpres
894 3128 1009 3208 possim
1026 3145 1090 3184 rer·

395 3218 447 3276 tit:
472 3214 653 3276 incredulos
675 3217 741 3275 sire
762 3232 830 3275 rrorr
845 3214 1013 3275 eredentes.
1052 3211 1093 3270 lit

1143 2869 1279 2951 pbrastes
1295 2866 1483 2940 Chaldaeus,
1507 2868 1559 2947 qui
1582 2876 1653 2928 ente
1670 2865 1799 2926 Christis

1145 2967 1267 3018 ventum
1288 2956 1413 3029 claruit,
1434 2957 1590 3031 hospitem
1608 2974 1662 3014 seu
1677 2968 1799 3029 corpore

1144 3047 1229 3103 rium
1244 3045 1459 3123 interpretetus
1479 3050 1534 3102 eet
1558 3041 1659 3120 Quem
1677 3044 1799 3120 sequani

1144 3150 1204 3190 uno
1220 3150 1318 3208 poene
1341 3148 1488 3189 consensu
1503 3127 1637 3188 Rebbini
1652 3126 1799 3208 posterior

1188 3216 1250 3278 Sed
1265 3234 1318 3276 eos
1333 3215 1372 3275 ad
1388 3218 1432 3275 eie
1443 3215 1703 3295 interpretandum
1715 3211 1799 3272 movit

1145 3303 1279 3375 videtur,
1301 3301 1384 3381 quod
1400 3312 1489 3381 trrrpe
1505 3321 1580 3361 suae
1593 3302 1681 3381 genti
1697 3298 1799 3361 ducere

1146 3391 1171 3450 ei
1202 3390 1374 3450 dicerentur
1402 3391 1534 3468 ipsorum
1566 3387 1799 3467 exploratorcet

1145 3475 1241 3535 luisse
1269 3477 1436 3536 meretricie
1465 3474 1611 3555 bospitio;
1645 3493 1719 3546 nee,
1747 3467 1799 3534 sil

1146 3573 1236 3635 esset,
1257 3582 1276 3621 a
1290 3563 1437 3643 scriptore
1452 3581 1537 3621 sucro
1552 3559 1696 3621 debuisse
1711 3558 1799 3639 cxpr'l

1147 3648 1244 3727 Queri
1259 3668 1330 3708 vero
1345 3648 1420 3709 nibil
1443 3648 1501 3708 boe
1521 3647 1618 3707 faciut
1636 3645 1676 3706 ad
1692 3647 1784 3708 luceo
1793 3639 1799 3701 Ι

1147 3736 1269 3805 ctoriae,
1295 3754 1363 3796 eum
1387 3746 1547 3815 propterea
1569 3727 1799 3795 nominatimsdr

396 3300 517 3384 quidem
533 3310 621 3361 reete.
646 3300 723 3361 Nam
738 3302 770 3361 in
788 3301 949 3381 Scripturie
964 3301 1091 3379 plerum-

396 3408 456 3469 que
478 3387 517 3448 de
541 3390 579 3448 iis
602 3388 726 3460 dieitur,
753 3389 807 3467 qui
830 3388 1002 3466 peruicacia
1016 3404 1091 3465 qua·

396 3474 465 3536 dam
488 3473 595 3535 rrolont
615 3473 705 3535 ddum
729 3474 817 3534 dictis
841 3484 895 3533 aut
916 3475 1006 3533 rebus
1027 3473 1091 3550 jam

396 3563 491 3641 gestie
517 3562 762 3636 accommodare,
788 3561 866 3620 sicut
892 3569 922 3620 et
937 3560 994 3619 boe
1016 3557 1093 3618 loco.

397 3646 473 3709 Cum
482 3650 562 3709 enim
574 3646 761 3708 audivissent
768 3665 804 3705 ac
816 3647 926 3707 scirent
933 3646 956 3707 J
958 3644 1092 3711 ericbun·

396 3735 469 3808 tini,
495 3735 593 3795 Deum
617 3734 713 3795 lsrael
736 3735 865 3793 siccasse
886 3732 1001 3792 fluenta
1023 3730 1091 3792 Jor-

398 3818 485 3882 danie
500 3840 600 3882 coram
611 3821 723 3901 populo
735 3840 799 3892 suo,
814 3818 909 3879 donec
920 3820 1093 3888 transirent,
1146 3831 1208 3881 tnm
1224 3820 1315 3881 luerit
1331 3823 1505 3882 meretricie
1520 3819 1694 3902 epitheton,
1713 3828 1745 3881 ut
1758 3820 1799 3879 im

398 3925 526 3987 eamque
541 3908 578 3967 ob
594 3928 714 3967 causruu
729 3907 925 3967 vehementer
945 3907 1002 3967 eibi
1019 3905 1091 3964 enir-
1146 3909 1305 3987 ligeretur,
1322 3909 1527 3987 exploratores
1543 3905 1718 3968 clanculum
1734 3909 1799 3986 ingre

398 4012 458 4073 que
472 3994 561 4053 rebus
582 4004 770 4056 metuerent:
797 4013 857 4054 non
879 4005 978 4053 tamen
1000 3989 1091 4051 credi·
1146 4014 1195 4053 eos
1218 3997 1385 4067 civitatem,
1410 4016 1451 4056 ne
1473 3994 1687 4074 proderentur,
1712 3987 1799 4054 vilel

398 4078 521 4153 derunt,
545 4083 707 4160 potentium
722 4083 788 4161 ejus
803 4090 917 4140 tanturn
933 4099 1006 4151 esee,
1022 4077 1092 4158 quin
1147 4082 1284 4160 spitium,
1314 4082 1407 4160 quale
1431 4091 1477 4142 eet
1503 4082 1685 4153 meretricie,
1712 4076 1799 4160 elegis

399 4169 428 4226 ei
455 4170 555 4228 resisti
579 4178 689 4247 poscet.
723 4169 793 4247 Qut
819 4166 1002 4227 confidentia
1027 4165 1092 4224 cusi
1148 4167 1299 4246 Quocirca
1324 4169 1481 4249 Pugninue
1507 4178 1538 4229 et
1567 4167 1622 4226 alii
1648 4166 1799 4228 recentior!

397 4252 519 4315 inerunt
540 4265 641 4333 portas
663 4256 793 4316 civitatis
808 4253 983 4324 occludere,
1009 4250 1091 4311 etad
1147 4254 1281 4314 nonnulli
1300 4275 1359 4315 non
1382 4258 1456 4315 setis
1475 4256 1593 4333 jurum
1618 4253 1750 4315 habuere
1772 4265 1799 4310 ca

396 4342 627 4420 repugnandum
648 4362 715 4402 seeo
739 4360 921 4419 comparare.
959 4338 1028 4417 Quo
1048 4336 1091 4395 le·
1146 4361 1223 4413 erm,
1248 4359 1302 4400 cur
1324 4361 1361 4402 ex
1380 4341 1522 4402 Hebraeo
1543 4358 1729 4417 cauponum
1749 4340 1799 4399 vul

398 4437 477 4488 ctum
493 4437 553 4497 eet,
579 4439 612 4486 ut
627 4447 728 4488 omnes
751 4428 908 4507 perierint,
935 4437 964 4485 et
985 4426 1093 4484 ciritae
1146 4440 1213 4487 rent
1227 4429 1343 4507 potios,
1366 4449 1455 4509 quum
1472 4430 1691 4504 meretricem
1713 4435 1799 4508 prs!

397 4515 530 4594 ipsorum
546 4514 729 4575 anathemati
745 4513 836 4573 fuerit
851 4512 996 4590 subjecta.
1019 4510 1093 4571 Sola
1145 4517 1199 4572 tim
1229 4534 1294 4573 eum
1324 4536 1384 4575 non
1414 4514 1509 4574 solum
1540 4514 1659 4575 Paulus
1689 4515 1746 4574 boe
1766 4509 1799 4571 tu

396 4600 504 4661 Bubul)
517 4604 657 4661 meretrix
670 4621 738 4661 cum
750 4600 837 4661 domo
850 4601 943 4678 petris
956 4600 1010 4668 sui,
1022 4598 1093 4677 quia
1145 4620 1248 4659 verum
1273 4603 1361 4661 etiem
1385 4602 1407 4662 J
1410 4603 1521 4661 acobue
1545 4600 1714 4681 Apostolus
1736 4616 1792 4677 etp·

398 4687 540 4759 eredidit,
563 4698 684 4749 servata
700 4699 751 4749 est.
783 4685 868 4764 Quid
883 4696 981 4745 antem
997 4683 1088 4744 credi·
1146 4689 1326 4747 meretricem
1338 4698 1458 4754 vocent.
1474 4688 1594 4748 Graece
1606 4680 1731 4767 πόρνην,
1745 4677 1799 4748 Lx

397 4772 488 4847 derit,
515 4775 677 4835 ostendunt
697 4774 773 4835 baec
793 4772 860 4851 ejus
879 4772 988 4842 rerba,
1013 4790 1092 4853 quoe
1146 4776 1351 4833 auctoritatem
1368 4777 1472 4834 secuti.
1508 4776 1537 4834 A
1553 4795 1615 4853 qua
1638 4777 1798 4836 versiones

398 4858 475 4920 dixit
499 4860 538 4920 ad
572 4862 777 4941 exploratores
806 4880 825 4918 a
849 4858 944 4919 Josrre
969 4858 1092 4919 missos:
1147 4860 1326 4921 Tremellius
1342 4863 1399 4922 sibi
1414 4860 1614 4923 recedendum
1633 4861 1757 4942 putarit.

398 4945 500 5022 Nori,
527 4950 612 5025 quod
635 4950 794 5024 Dominus
814 4946 985 5006 tradiderit
1007 4945 1094 5005 cobis
1190 4946 1297 5025 Neque
1318 4955 1420 5008 tumen
1442 4950 1534 5009 etium
1555 4969 1726 5027 cauponam
1748 4935 1799 5036 ill}

398 5038 539 5111 terrom5
555 5046 588 5096 et
601 5036 668 5115 ipsa
681 5052 814 5097 rursum:
833 5034 994 5095 Dominus
1008 5034 1093 5093 euim
1146 5052 1303 5113 negamus
1340 5034 1419 5095 Nam
1447 5034 1529 5116 apud
1558 5034 1689 5116 gentiles
1696 5080 1705 5111 ,
1733 5025 1799 5116 (μθ
