4442 5825
391 585 466 653 tot
907 576 1311 633 comminuerentur.

389 751 519 814 al’aulo
536 750 602 814 Gal.
621 755 664 812 2:
691 755 753 832 (iai
769 754 880 816 dilexit
895 774 953 829 me,
971 761 1000 814 et
1015 762 1084 814 tro·
1137 755 1202 833 ejus
1214 756 1245 815 in
1258 754 1372 814 coelum
1386 761 1418 813 et
1429 752 1574 811 missione
1585 749 1712 830 Spiritus
1720 749 1804 825 nactiq

390 841 474 900 didit
494 846 588 900 semet
611 844 715 916 ipsum
737 859 798 917 pro
819 862 876 903 me.
900 840 979 902 Num
996 850 1025 900 et
1041 861 1083 901 re·
1137 841 1249 902 deinde
1265 843 1295 901 in
1311 839 1474 920 Evangelii
1498 858 1552 918 per
1568 836 1670 898 orbem
1684 834 1806 916 putta

390 947 462 989 vera
491 929 535 986 sic
565 935 648 987 curat
677 947 919 1008 unumquemque
952 937 1084 989 nostrum
1138 931 1229 988 tione.
1252 928 1313 988 Per
1335 927 1411 987 haec
1434 925 1512 985 enim
1534 922 1651 985 mundo
1665 921 1806 984 omnm

388 1015 480 1086 Deus,
497 1022 646 1093 tamquam
660 1016 757 1075 solum
770 1025 862 1086 curet,
879 1017 1085 1086 etsieomues,
1139 1022 1201 1074 tum
1224 1022 1283 1087 est,
1310 1011 1466 1073 Christum
1490 1029 1562 1070 esse
1584 1011 1646 1071 Dei
1668 1010 1767 1071 Filium
1785 1027 1817 1069 st-

389 1110 543 1180 tamquam
558 1100 708 1179 singulos3
732 1111 765 1162 ut
780 1102 883 1162 scribit
897 1104 1085 1180 Augustinus
1138 1121 1244 1163 verum
1271 1100 1388 1171 Deam,
1415 1101 1593 1179 ipsumque,
1620 1105 1656 1159 ut
1680 1096 1819 1168 hominu.-

389 1189 441 1249 lib.
459 1193 487 1251 3.
503 1186 628 1248 confess.
645 1209 709 1268 cap.
727 1193 754 1249 2.
785 1189 856 1262 Alii,
870 1197 1004 1265 propter
1021 1205 1084 1263 vot,
1139 1189 1303 1250 exaltatum
1326 1204 1397 1247 esse
1415 1204 1508 1265 snper
1530 1204 1651 1244 omnem
1675 1191 1810 1244 eretum

389 1275 545 1355 inquiunt,
571 1273 602 1333 id
625 1284 672 1335 est
697 1285 820 1355 propter
843 1276 968 1350 electos,
994 1295 1086 1356 penes
1139 1294 1236 1355 usque
1248 1273 1286 1333 ad
1299 1273 1451 1334 dexteram
1461 1273 1530 1331 Dei.
1546 1272 1596 1331 De
1608 1269 1811 1349 haesusgler'n

391 1381 476 1445 qnos,
500 1371 532 1420 ut
546 1362 588 1420 ait
603 1360 736 1440 Prosper
759 1362 797 1423 ad
821 1365 946 1441 primam
963 1381 1084 1441 respon·
1139 1364 1183 1422 sic
1197 1363 1247 1434 ait,
1263 1361 1354 1421 Joan.
1372 1362 1419 1421 5.:
1449 1360 1488 1419 Ut
1505 1376 1615 1418 omnes
1630 1355 1812 1433 honorificari

391 1449 464 1512 dens
486 1447 687 1527 objectionem
702 1449 851 1522 Vincent,
873 1449 1086 1529 redemptionis
1139 1449 1278 1519 lilium,
1302 1450 1382 1508 mont
1404 1445 1621 1522 honorificant
1644 1446 1775 1517 Putrem,
1792 1449 1833 1519 stg

392 1545 438 1598 est
453 1536 627 1615 proprietas.
1140 1556 1204 1615 esp.
1224 1537 1287 1594 12.:
1310 1536 1405 1595 Venit
1418 1535 1509 1606 hora,
1525 1540 1563 1592 nt
1578 1529 1812 1610 deripioetsrll·
1831 1544 1833 1617 j

435 1622 547 1684 Verum
572 1620 681 1694 ueohi,
704 1623 818 1683 necilli
834 1623 949 1696 docent,
973 1642 1027 1681 eur
1042 1620 1083 1681 di·
1140 1623 1203 1682 lias
1221 1623 1364 1682 hominia.
1397 1620 1455 1680 Pro
1480 1638 1542 1698 qua
1565 1637 1670 1679 rursus
1693 1628 1753 1678 orat
1771 1615 1810 1676 Pe

393 1718 471 1771 ctum
499 1710 553 1769 sit:
582 1711 781 1787 manifestati
800 1716 935 1786 propter
958 1727 1031 1785 voa,·
1056 1707 1086 1768 id
1139 1719 1221 1780 trem,
1246 1728 1310 1788 cap.
1336 1712 1403 1768 tu:
1431 1705 1583 1782 Clarifieo
1606 1723 1658 1766 me
1680 1706 1819 1777 ecera-

392 1797 469 1857 enim
487 1803 549 1854 erat
565 1793 793 1873 explicandum
813 1795 866 1856 sed
883 1798 924 1855 ita
939 1815 1085 1855 commen·
1139 1815 1236 1874 quom
1251 1797 1358 1869 habai,
1378 1796 1572 1871 priusquam
1595 1792 1809 1853 mundum

393 1892 504 1955 tantur,
530 1902 566 1942 ac
580 1881 605 1941 si
624 1880 749 1943 dixisset
764 1883 889 1943 Petrus:
917 1883 1028 1942 traditi
1050 1884 1086 1941 in
1190 1884 1229 1943 Ut
1244 1882 1319 1959 tides
1346 1889 1450 1943 vestra
1473 1887 1594 1956 stapes
1618 1881 1741 1940 matis
1755 1878 1809 1939 Des

392 1977 527 2031 mortem
546 1978 682 2044 propter
702 1988 764 2030 vos.
798 1970 894 2049 Igitur
915 1970 1087 2030 meminisse
1141 1969 1257 2031 Graece
1280 1977 1309 2028 et
1324 1969 1464 2049 Syrisce:
1488 1969 1524 2027 irs
1540 1969 1657 2027 Deum.
1680 1966 1810 2045 Quemne

393 2076 497 2117 rursus
521 2063 650 2133 oportet,
674 2056 748 2117 haec
770 2055 808 2116 ad
831 2055 967 2117 Judaeos
989 2055 1087 2127 scribi,
1141 2078 1205 2116 sum
1218 2055 1365 2116 nonnulla
1376 2055 1466 2115 etism
1480 2053 1626 2114 exhibent
1636 2048 1809 2114 Lstinsllffi

394 2142 503 2223 quibus
534 2143 631 2202 fectae
665 2140 783 2204 fuerant
812 2143 1020 2220 promissiones
1050 2141 1088 2201 de
1141 2145 1283 2204 Erasmus
1296 2144 1339 2203 ita
1350 2143 1456 2202 vertit:
1478 2142 1519 2202 Ut
1531 2159 1586 2201 vos
1596 2141 1819 2218 ΜιιιιικψιιΙ

394 2229 530 2304 Christo3
568 2228 821 2308 quemadmodum
860 2231 946 2290 docet
974 2229 1088 2289 Paulus
1140 2230 1295 2291 haberetis
1321 2247 1397 2305 erpo
1424 2229 1536 2289 Deum.
1574 2229 1666 2288 Ratio
1692 2236 1737 2288 est
1757 2227 1820 2304 eja·-

392 2318 477 2378 Rom.
495 2315 545 2375 15.
569 2314 659 2375 Unde
682 2325 712 2377 et
734 2318 799 2396 ipse
816 2314 950 2377 Christus
969 2316 1087 2395 profite·
1141 2314 1223 2396 quod
1244 2320 1382 2396 proxime
1405 2313 1571 2395 praeeedit.
1608 2313 1697 2394 Quae
1717 2310 1821 2395 quid·¹

393 2413 451 2475 tur,
478 2400 596 2462 dicens:
623 2403 697 2463 Non
722 2423 790 2464 aum
812 2406 933 2476 missas,
957 2405 1020 2463 ttisi
1044 2402 1088 2461 od
1142 2405 1250 2484 exponi
1273 2412 1372 2482 potest
1395 2403 1513 2462 dnobus
1530 2399 1640 2462 modis.
1663 2401 1746 2463 Unus
1763 2415 1809 2458 ιι

394 2508 476 2564 over,
500 2507 581 2566 qaue
600 2491 768 2564 perierant
784 2491 896 2550 domus
911 2491 1022 2549 lircil.
1047 2489 1088 2548 Et
1142 2511 1192 2550 sus
1215 2498 1275 2550 est:
1301 2492 1386 2551 Deus
1407 2490 1498 2549 Pater
1525 2488 1653 2570 gloriam
1674 2482 1817 2549 divinitd'l'

393 2573 710 2651 PaulusadJudueos,
724 2577 863 2637 aetra:
887 2577 979 2637 Vobis
991 2594 1088 2652 opor-
1141 2575 1224 2637 dedit
1247 2577 1374 2647 Christo,
1396 2577 1426 2637 id
1449 2584 1505 2646 est,
1527 2573 1643 2636 mundo
1665 2570 1817 2641 decim&

316 2741 318 2743 Ι
394 2665 478 2726 tebet
498 2665 642 2739 primum
657 2664 746 2741 ioqui
761 2663 891 2724 verbum
908 2665 978 2724 Dei.
1001 2663 1090 2724 Venit
1142 2664 1295 2725 Christum
1320 2683 1386 2725 esse
1408 2662 1522 2723 Filium
1544 2681 1650 2735 suum,
1673 2672 1810 2738 verunt!

395 2770 465 2830 ergo
491 2748 697 2830 principaliter
721 2750 759 2811 ad
785 2750 923 2811 Judaeos
946 2749 1089 2823 Christus,
1142 2751 1258 2825 Deum3
1283 2760 1325 2825 nt,
1351 2749 1421 2811 dum
1448 2749 1570 2811 creditis
1596 2757 1631 2809 et
1655 2742 1810 2829 speretis‘l

396 2847 423 2897 ot
454 2844 575 2917 propter
612 2855 663 2896 eos
694 2838 725 2896 in
756 2837 941 2918 dispersione
973 2838 1089 2918 positos
1141 2837 1304 2909 Christum,
1327 2858 1388 2898 non
1407 2835 1818 2916 sitealidesetspesrm'

394 2922 579 2986 mnndoiuit
597 2924 819 3001 manifestatum
843 2924 958 2985 scilicet
979 2934 1012 2985 ut
1028 2943 1087 2984 ere·
1143 2927 1174 2985 in
1197 2945 1272 3003 puro
1294 2926 1424 2997 homine,
1447 2926 1501 2985 sed
1523 2927 1556 2988 in
1572 2926 1651 2985 Deo.
1680 2923 1753 2984 Nm
1772 2913 1811 2980 fl

396 3010 503 3073 dentes
527 3012 557 3070 in
576 3028 644 3071 eum
666 3012 742 3072 salvi
765 3012 877 3074 herent.
906 3011 976 3071 Hoc
998 3014 1091 3091 igitur
1143 3010 1280 3071 Christus
1289 3021 1372 3072 esset
1383 3031 1454 3071 vere
1464 3012 1557 3085 Deus,
1568 3009 1817 3074 maledicunt·

396 3107 449 3169 est,
473 3097 552 3177 quod
575 3099 635 3158 ait:
655 3106 791 3177 propter
812 3118 874 3160 voe.
904 3099 984 3159 Nam
1007 3096 1090 3178 quod
1138 3100 1229 3178 juxta
1261 3099 1438 3179 prophetam
1469 3097 1653 3171 Jeremism,
1682 3117 1745 3177 esp.
1773 3089 1810 3164 ils

395 3182 529 3246 addidit:
552 3188 728 3247 noemaimir
750 3185 951 3263 temporibus,
975 3183 1087 3265 signifi·
1144 3194 1290 3265 quotquot
1306 3189 1336 3246 in
1351 3205 1387 3247 eo
1400 3185 1554 3247 confidunt
1565 3193 1596 3246 et
1607 3191 1738 3267 sperant
1751 3179 1810 3242 th

395 3282 453 3344 cat,
477 3273 520 3333 eis
542 3271 612 3352 plus
630 3276 816 3354 praestitum,
839 3293 930 3353 quam
952 3272 1091 3350 patribus
1143 3291 1266 3333 sensus:
1291 3273 1376 3333 Deus
1398 3271 1511 3333 idcirco
1532 3272 1691 3335 Christum
1713 3291 1732 3331 a

395 3379 513 3431 eorum,
536 3359 647 3438 quibus
672 3357 782 3420 Christi
805 3360 1003 3436 redemptoris
1025 3379 1088 3439 my·
1144 3360 1300 3420 suscitavit
1315 3352 1346 3420 e‘t
1360 3358 1399 3419 ad
1415 3358 1541 3438 gloriam
1557 3359 1708 3442 provexit,
1727 3364 1816 3436 aare

395 3446 517 3506 sterium
533 3445 630 3506 adhuc
646 3446 803 3508 obscurum
819 3454 892 3519 erat,
908 3447 967 3506 imo
983 3447 1088 3528 pleris·
1143 3448 1174 3507 in
1201 3448 1297 3525 ipsum
1320 3445 1404 3508 velut
1430 3446 1587 3529 exemplar
1612 3437 1816 3508 resurrectio&¹

397 3553 457 3613 qne
471 3533 661 3612 incognitum.
1143 3553 1179 3593 ac
1194 3532 1309 3613 gloriae
1324 3533 1514 3615 aspicientes,
1525 3534 1691 3596 crederetis
1700 3532 1756 3594 Dei
1765 3543 1810 3610 pv

440 3621 533 3680 Porro
548 3619 628 3699 quod
641 3619 730 3680 dicit:
747 3623 808 3699 Qui
819 3638 880 3696 per
891 3622 995 3696 iprum
1011 3619 1089 3697 iide-
1143 3622 1252 3694 missis,
1269 3630 1361 3701 atque
1378 3620 1416 3681 ah
1432 3641 1468 3682 eo
1484 3624 1660 3702 speraretis,
1675 3640 1728 3681 soa
1740 3618 1810 3686 di!

397 3708 440 3768 ies
454 3709 534 3782 ertia,
559 3706 673 3769 indicat
690 3707 959 3770 manifestationem
977 3705 1091 3767 Christi
1143 3717 1177 3769 ut
1198 3708 1279 3769 illius
1306 3709 1413 3789 capitis
1437 3709 1584 3782 membra,
1612 3710 1721 3771 beatae
1741 3717 1809 3767 reu

395 3815 456 3856 non
471 3794 608 3855 omnibus
625 3796 668 3854 eis
681 3793 831 3875 prodesse,
847 3792 900 3854 sed
917 3792 1013 3853 solum
1028 3812 1089 3853 cre·
1143 3797 1286 3859 rectionis
1308 3803 1338 3857 et
1356 3794 1473 3876 gloriae
1496 3797 1751 3879 partieipadonen
1762 3786 1810 3851 ἢ·

396 3882 536 3942 dentibus
552 3882 583 3941 in
599 3881 707 3954 Deum,
731 3890 885 3942 auctorem
910 3882 984 3941 tenti
999 3881 1088 3941 bene·
1144 3892 1259 3965 pturos.

396 3968 465 4029 ficii.
500 3967 591 4029 Addit
614 3977 729 4029 autem:
754 3987 815 4045 pes·
840 3971 962 4045 iprum,
992 3967 1091 4028 idest
1186 3969 1246 4029 Hic
1268 3988 1393 4041 sensus,
1420 3990 1487 4030 meo
1509 3968 1643 4050 judicio,
1669 3970 1759 4051 potior
1774 3963 1809 4025 d

397 4053 562 4125 Christum,
589 4064 623 4113 ut
648 4057 792 4128 sciamus,
820 4064 849 4116 et
872 4057 966 4136 ipsam
992 4053 1090 4125 iidem,
1144 4054 1223 4116 Nam
1248 4075 1285 4116 ex
1311 4058 1531 4118 resurrectione
1553 4064 1585 4118 et
1608 4055 1706 4138 gloria
1724 4043 1810 4117 Chi!

397 4159 459 4219 qna
481 4143 510 4201 in
526 4141 625 4201 Deum
649 4141 795 4202 eredimus
817 4152 850 4202 ut
873 4150 1026 4202 auctorem
1044 4161 1089 4200 sa·
1144 4143 1332 4223 potissimum
1367 4142 1508 4225 Apostoli
1536 4163 1623 4204 suam
1656 4144 1694 4205 de
1720 4138 1810 4205 Μ

397 4226 469 4286 lutis
491 4237 623 4299 nostrae,
652 4247 729 4307 quae
753 4230 783 4288 in
806 4226 925 4288 Christo
945 4236 1004 4301 est,
1031 4248 1090 4288 non
1145 4229 1301 4291 Salvatore
1331 4229 1589 4308 praedicationem
1620 4230 1695 4293 confi

396 4313 454 4374 nisi
465 4333 520 4393 per
532 4311 644 4373 Christi
655 4315 761 4374 merita
773 4314 876 4375 haberi
888 4334 985 4394 posse.
1003 4313 1091 4393 Quod
1144 4315 1234 4376 Unde
1248 4318 1292 4375 ait
1303 4316 1337 4375 B.
1352 4318 1463 4383 Petrus
1476 4319 1508 4379 in
1520 4318 1618 4396 prima
1633 4337 1688 4381 sua
1765 4311 1773 4330 '
1803 4377 1805 4382 .

396 4398 559 4462 notandum
583 4408 685 4459 contra
708 4400 853 4479 quosdam
874 4402 1027 4480 imperitos
1042 4420 1089 4460 ca·
1144 4405 1212 4463 Act.
1228 4405 1275 4462 2:
1292 4405 1387 4464 Hunc
1401 4411 1516 4469 Jerum
1531 4406 1730 4467 renatavit
1742 4401 1809 4470 Μ

397 4484 533 4555 tholioos,
557 4484 587 4545 id
611 4493 787 4546 revocantes
804 4489 834 4546 in
851 4486 991 4565 dubium3
1016 4507 1091 4569 quos
1145 4492 1235 4562 onias
1257 4509 1366 4552 omnes
1387 4510 1447 4552 nor
1469 4498 1559 4552 testes
1582 4510 1701 4564 mmm,
1723 4487 1757 4551 ed

396 4570 475 4631 bene
496 4569 606 4631 refellit
630 4572 659 4629 in
683 4571 773 4649 hujus
797 4572 856 4632 loci
880 4575 1090 4635 commentario
1145 4576 1267 4650 scilicet,
1283 4580 1440 4639 utineam
1454 4577 1592 4638 credatis.
1617 4574 1808 4652 metten!

398 4654 537 4717 Joannes
553 4656 718 4717 Hesselius.
813 4674 815 4679 ’
1146 4663 1239 4723 stolus
1255 4684 1320 4746 cap.
1337 4665 1383 4726 h:
1410 4667 1509 4727 Hune
1527 4668 1751 4743 principatuset

442 4744 503 4819 θυι·
517 4744 681 4802 rnrdtooit
699 4762 769 4804 eom
785 4762 806 4802 o
822 4749 966 4821 mortuis,
992 4754 1021 4807 ct
1036 4749 1091 4808 dc·
1146 4758 1290 4811 actorem
1319 4753 1405 4814 Dens
1434 4752 1591 4815 excitand
1616 4753 1741 4816 deum
1759 4755 1808 4820 U

400 4826 448 4886 dit
478 4829 506 4887 ei
534 4829 680 4903 pieriam.
718 4827 842 4888 Initium
871 4832 1091 4907 glorificationis
1146 4837 1189 4896 od
1204 4837 1348 4898 dandum
1362 4842 1596 4917 poenitentium
1608 4840 1731 4914 imru,

402 4908 513 4971 Christi
538 4912 595 4972 tuit
622 4915 652 4972 in
675 4915 741 4990 ejus
767 4919 999 4993 resurrectione3
1026 4940 1091 4999 pro·
1145 4927 1327 4987 missionem
1336 4935 1549 5002 peccatoram
1566 4925 1752 5009 Propterhst
1789 4921 1791 4926 ’

401 5012 521 5074 meus
550 5006 581 5057 et
610 5006 801 5079 augmentum
838 4999 869 5059 in
899 5003 1093 5070 adscensione
1146 5011 1738 5094 oiamsmaonorsddetoatapoaesii
