4442 5825
425 613 475 682 84

929 598 1166 657 communius
1183 601 1214 657 lli
1232 602 1297 658 CAP.
1315 601 1355 656 lll.

468 783 517 842 14.
541 782 718 856 Participes
753 781 836 841 enim
875 779 990 841 Christi
1019 778 1119 856 affecti
1172 777 1260 838 simul
1275 784 1306 838 et
1323 796 1413 858 scopo
1431 774 1570 856 Apostoli
1592 776 1757 841 mandate
1776 774 1872 839 redar-

423 886 538 928 sumus.
590 866 762 927 Exhortare
790 865 948 925 Hebraeos
983 883 1054 924 suos
1080 864 1119 925 ad
1172 867 1283 944 guitur.
1307 862 1377 923 Non
1391 864 1470 924 enirn
1483 863 1523 925 ad
1535 862 1607 925 fidei
1618 864 1874 944 perseverantiam

422 955 688 1035 perses-orantium,
704 951 780 1012 illud
795 953 875 1033 prius
887 952 999 1025 statuit,
1015 950 1046 1009 in
1061 969 1119 1031 quo

423 1041 491 1102 vult
527 1059 579 1101 eos
617 1058 826 1119 perseverare,
864 1038 993 1112 scilicet,
1032 1036 1119 1097 fidem

424 1126 548 1189 Christi.
585 1125 659 1186 Jum
685 1127 781 1199 enim,
806 1125 921 1205 inquit,
948 1143 1002 1203 per
1029 1121 1120 1185 iidem

423 1215 505 1274 insiti
521 1232 621 1273 sumus
637 1219 667 1272 et
681 1213 864 1290 incorporati
880 1209 1016 1283 Christo,
1039 1209 1120 1271 vide·

423 1300 496 1361 licet
509 1299 582 1359 facti
597 1298 728 1359 membra
748 1299 880 1378 corporis
897 1298 971 1375 ejus.
1007 1295 1045 1357 Id
1061 1296 1122 1356 aliu

423 1387 600 1467 metaphora
614 1387 751 1465 superius
768 1385 864 1446 dixit:
879 1387 995 1447 Sumus
1009 1384 1121 1445 domus

422 1479 497 1549 rjus.
521 1471 660 1534 Eundem
676 1492 796 1534 sensum
811 1471 915 1546 habet,
930 1469 1010 1552 qnod
1025 1470 1121 1550 Syrus

422 1563 528 1624 vertit:
545 1558 708 1621 commixti
725 1578 829 1620 sumus
844 1576 912 1619 cum
928 1555 1067 1631 Christo,
1089 1555 1121 1618 id

424 1656 471 1709 est
484 1650 514 1708 in
530 1667 622 1707 unum
646 1665 754 1728 corpus
776 1646 975 1725 coagmentati
990 1663 1057 1704 cum
1072 1663 1120 1703 ca·

421 1736 487 1815 pite
504 1732 635 1795 Christo.

467 1823 502 1885 Si
517 1828 625 1881 tamea
639 1821 768 1880 initium
783 1818 977 1879 substantias
989 1820 1056 1891 ejus
1066 1835 1120 1877 us·

421 1927 482 1987 qus
498 1908 542 1968 ad
556 1907 651 1984 tinem
665 1907 794 1984 firmum
809 1907 1011 1965 retineamus.
1048 1904 1121 1964 Pro·

422 2015 530 2057 nomeu
545 1997 612 2070 ejus
626 2014 684 2053 nou
701 2001 750 2053 est
762 1994 791 2052 in
806 1990 932 2053 Graeco.
971 1991 1031 2050 Pro
1045 1991 1121 2051 sub·

421 2086 560 2158 stantia,
588 2081 704 2142 Graece
726 2070 907 2153 ὑπόστασις,
929 2076 1035 2138 eadem
1050 2098 1121 2149 vox,

423 2188 503 2250 quse
519 2189 585 2247 cap.
604 2172 649 2228 1.:
680 2168 803 2242 Fipura
827 2165 1023 2226 substantias
1042 2168 1118 2240 ejus,

424 2267 454 2318 et
468 2274 549 2336 quae
561 2275 625 2335 cap.
640 2259 706 2315 11.:
723 2253 818 2317 Fides
829 2259 873 2313 cst
884 2252 1119 2328 sperandarum

422 2343 600 2407 substantia
626 2360 741 2402 sermm.
780 2338 927 2400 Nonnulli
951 2340 1120 2400 morosan-

420 2435 500 2492 tiom
526 2438 656 2492 vertunt.
694 2429 771 2487 Eam
799 2446 871 2486 vero
897 2425 1120 2486 subsistentiam

424 2520 488 2580 sive
506 2515 702 2577 substantiam
724 2515 862 2593 plerique
886 2513 1122 2593 interpretantur

421 2603 585 2678 hocloco,
612 2620 675 2682 qua
689 2598 854 2660 Christiani
876 2618 994 2672 sumus,
1019 2601 1050 2660 id
1074 2607 1121 2660 est

423 2711 503 2753 nova
518 2700 655 2752 creatura
674 2690 705 2746 in
721 2686 848 2747 Christo.
885 2683 983 2765 Cujus
998 2685 1120 2766 quidem

423 2777 610 2839 substantiae
633 2776 748 2834 initium
776 2783 807 2835 et
828 2771 1052 2832 fundumentum
1076 2780 1121 2833 oet

422 2863 509 2936 fides,
526 2881 586 2945 qna
601 2863 630 2922 in
650 2860 798 2922 Christum
822 2860 979 2921 credimus.
1016 2859 1122 2922 Potest

420 2951 610 3014 nibilominus
625 2967 680 3028 per
694 2951 796 3024 ipsam
809 2948 1019 3009 substantiam
1033 2945 1119 3008 intel·

422 3039 476 3119 ligi
488 3037 573 3111 tides,
592 3046 622 3097 et
630 3055 683 3117 per
692 3038 821 3095 initium
833 3034 1029 3096 substantias
1043 3035 1119 3098 fides

419 3126 484 3206 jam
499 3125 653 3195 inchoata,
680 3120 923 3201 quandoquidem
942 3130 972 3180 et
988 3143 1052 3204 cap.
1070 3126 1119 3184 11.

424 3211 611 3273 substantiae
640 3229 750 3270 nomen
779 3207 913 3268 attribuit
940 3207 1021 3269 fidei.
1070 3211 1121 3271 Ita

423 3318 530 3359 sensus
553 3299 624 3357 erit:
652 3296 686 3356 si
707 3304 806 3355 tamen
829 3303 1002 3374 susceptam
1028 3296 1121 3357 semel

419 3384 526 3459 fldem,
556 3405 610 3465 per
633 3402 722 3463 quam
747 3383 777 3441 in
800 3384 864 3441 vita
886 3381 944 3442 bac
969 3383 1120 3464 spirituali

421 3471 630 3543 subsistimus,
654 3478 706 3532 sut
721 3488 799 3547 quse
816 3475 863 3528 est
878 3468 1062 3544 substantia,
1088 3468 1120 3529 id

420 3567 471 3631 ‚est
485 3559 568 3619 basis
584 3568 616 3618 et
629 3556 854 3617 fundamentum
878 3555 984 3616 salutis
1004 3558 1119 3637 scepei

418 3653 554 3717 nostrae,
582 3645 695 3703 firmam
715 3651 746 3701 et
767 3644 976 3704 inconcussum
990 3644 1119 3703 retinea-

421 3749 489 3791 mus
504 3750 601 3810 usque
622 3729 662 3790 ad
684 3729 797 3789 exitum
812 3728 902 3788 vitae.
939 3730 1020 3790 Huic
1034 3728 1119 3789 intel·

421 3818 515 3878 leotui
530 3817 615 3879 fauet
631 3816 729 3876 versio
745 3814 881 3895 Syriaca.
905 3814 958 3875 Sic
972 3818 1051 3877 euim
1067 3816 1118 3876 ha-

418 3902 487 3966 bet:
507 3904 541 3965 si
556 3903 594 3967 ab
611 3904 697 3963 initio
713 3921 809 3983 usque
824 3901 863 3962 sd
878 3903 965 3963 linem
981 3902 1118 3963 substan·

419 3991 495 4052 tism
524 3990 604 4052 hanc
631 3990 746 4050 firmam
775 3989 934 4069 rapiamus.
979 3990 1029 4050 De
1059 4010 1120 4070 qua

420 4080 562 4140 versione
577 4076 700 4137 consule
716 4075 864 4137 Galenum
880 4086 1023 4138 nostrum.

462 4165 557 4225 Porro
580 4162 790 4224 conditionalis
813 4180 925 4223 sermo:
955 4166 1118 4226 stramen

420 4259 478 4312 eto.
494 4251 688 4333 exponendus
704 4258 752 4310 est
775 4269 809 4308 co
825 4249 929 4323 modo,
952 4270 1011 4331 quo
1027 4271 1117 4330 expo·

418 4341 510 4399 situm
534 4348 580 4400 eet
605 4336 680 4397 illud
706 4338 860 4416 superius:
892 4339 980 4415 Quas
1006 4340 1118 4398 doinus

419 4444 527 4488 summ
542 4444 610 4498 aas,
626 4427 652 4483 si
666 4424 817 4501 fiduciam
829 4430 887 4482 etc.
909 4424 1023 4484 Sensus
1039 4426 1117 4484 onim

418 4519 478 4586 est,
503 4515 546 4572 ita
561 4511 681 4571 demum
702 4509 790 4570 nobis
811 4509 997 4588 profuturum
1015 4510 1054 4571 ad
1070 4532 1115 4571 eu-

416 4597 527 4672 lutam,
564 4596 644 4679 quod
675 4596 787 4658 Christi
821 4598 987 4677 participes
1017 4598 1116 4660 effecti

419 4701 522 4747 sumus
536 4704 592 4764 per
606 4683 711 4757 fidem,
737 4682 762 4741 si
783 4680 815 4741 in
838 4699 875 4741 ea
890 4703 1116 4761 perseveremus

417 4788 517 4849 usque
532 4769 570 4830 sd
586 4779 719 4830 mortem.
743 4765 833 4827 Unde
854 4772 1010 4831 evanescit
1024 4794 1114 4834 annu·

418 4858 492 4916 tatio
515 4856 670 4935 cujusdam
693 4853 838 4915 haeretici
861 4853 899 4914 ad
915 4856 994 4917 hunc
1008 4859 1114 4931 locum,

419 4942 485 5004 alne
500 4944 725 5022 perseuerantia
746 4939 837 4999 fidem
860 4960 919 5002 uon
935 4963 1002 5004 esee
1016 4946 1114 5020 fidem,

418 5027 474 5090 sed
488 5030 660 5109 opinionem
674 5047 794 5089 vanam
815 5023 853 5084 Id
869 5030 947 5090 euim
962 5051 1001 5093 ex
1015 5034 1115 5098 verbis

1174 950 1332 1012 Hebraeos
1343 950 1519 1024 hortaretur,
1535 950 1599 1011 sive
1613 960 1875 1031 perseveraturos,

1174 1039 1239 1098 siue
1264 1056 1336 1110 nou,
1363 1038 1422 1098 nisi
1445 1056 1546 1099 veram
1568 1037 1658 1099 tidem
1684 1056 1740 1099 eos
1763 1037 1875 1101 babere

1174 1125 1365 1185 existimaret.

1219 1210 1267 1270 15.
1298 1211 1385 1270 Dum
1412 1209 1547 1270 dicitur:
1579 1210 1686 1271 Hodie
1714 1212 1743 1271 si
1769 1229 1875 1273 uocem

1174 1301 1240 1373 ejus
1258 1297 1440 1372 audieritis,
1466 1297 1567 1358 nolite
1590 1297 1755 1358 obdurare
1778 1299 1874 1359 corda

1174 1392 1297 1459 uestra,
1319 1382 1588 1461 quemadmodum
1609 1387 1646 1445 ira
1669 1385 1730 1445 illa
1747 1403 1873 1448 esaar·

1174 1472 1310 1531 batione.
1344 1472 1431 1532 Dum
1454 1470 1591 1546 autur,
1617 1469 1756 1533 Graece:
1783 1464 1818 1531 is
1832 1470 1875 1557 spi

1174 1548 1337 1634 λέγεσθαι,
1367 1561 1404 1618 iss
1434 1557 1585 1632 dicando,
1616 1558 1699 1639 quod
1729 1558 1872 1621 arama

1174 1646 1279 1705 vertit:
1295 1646 1337 1706 la
1351 1646 1419 1720 hoc,
1434 1644 1520 1722 quod
1535 1645 1662 1706 dicitur.
1686 1645 1731 1706 m
1741 1647 1789 1707 ita
1805 1665 1871 1707 sans

1174 1731 1348 1792 vertendum
1374 1740 1439 1791 erat
1460 1732 1551 1810 juxta
1577 1730 1768 1794 Graecorum
1798 1751 1871 1794 com

1174 1820 1369 1891 monterium,
1384 1820 1438 1899 qui
1452 1818 1502 1878 hic
1516 1817 1630 1880 faciunt
1645 1820 1768 1881 initium
1780 1838 1872 1881 novas

1174 1908 1356 1979 sententiae,
1384 1924 1512 1984 eamque
1531 1924 1603 1967 mox
1626 1905 1666 1968 ab
1690 1906 1746 1967 illa
1772 1914 1871 1988 parts:

1174 1994 1311 2073 Quidam
1327 1994 1411 2054 caim
1434 1992 1598 2053 uadicntcr
1614 2002 1688 2068 etc,
1710 1994 1806 2074 longo
1820 1994 1869 2074 hy·

1173 2080 1298 2160 porbato
1314 2078 1502 2158 suspendunt
1520 2099 1618 2159 usquo
1633 2080 1673 2141 ad
1689 2082 1813 2143 initium
1827 2099 1868 2144 ot·

1172 2169 1243 2247 pitis
1258 2167 1426 2248 sequentis:
1445 2168 1628 2229 Timeamus
1643 2185 1719 2245 erpo
1735 2178 1794 2230 etc
1816 2162 1869 2229 aet

1173 2275 1232 2314 non
1255 2253 1393 2315 videntur
1418 2253 1463 2314 illi
1482 2252 1650 2316 advertisse
1672 2255 1715 2316 ad
1741 2254 1869 2335 phrasin

1173 2341 1370 2415 Hebraicam,
1396 2339 1446 2400 bic
1466 2350 1642 2422 usurpatam
1662 2342 1701 2404 ab
1717 2341 1868 2423 apostolo.

1173 2448 1235 2507 que
1249 2429 1385 2489 nimirum
1400 2430 1542 2509 temporis
1557 2431 1770 2489 concurrentia
1784 2431 1867 2511 sigui·

1172 2513 1257 2576 ficari
1268 2514 1350 2574 solet.
1373 2513 1521 2593 Exempla
1532 2516 1646 2594 passim
1662 2518 1694 2576 in
1709 2514 1868 2594 Scriptus'm

1172 2610 1243 2663 sunt
1256 2601 1356 2673 obvia,
1370 2601 1454 2661 velut
1469 2601 1580 2662 Psalm.
1597 2603 1643 2662 9.:
1674 2603 1719 2664 Im
1739 2620 1867 2665 comun-

1172 2689 1267 2749 trado
1282 2691 1427 2750 inimicos
1441 2707 1525 2750 mcor
1540 2697 1717 2751 retrorsum
1724 2713 1737 2767 ;
1761 2689 1866 2751 Psalm.

1174 2777 1245 2836 101.
1255 2797 1262 2832 :
1274 2776 1316 2836 In
1327 2776 1547 2836 conveniendo
1555 2777 1696 2852 populos
1708 2779 1745 2839 ia
1752 2795 1865 2853 amrmr

1173 2862 1386 2923 Psalm.125.s
1413 2863 1455 2923 Its
1476 2863 1693 2925 casamento
1713 2866 1867 2927 Dominus

1172 2952 1388 3025 captivitatem
1397 2951 1484 3011 Sion.
1502 2950 1641 3010 Hocast:
1657 2950 1866 3014 Dumconvsr·

1172 3044 1274 3096 tuntur
1281 3037 1392 3096 inimici
1400 3037 1472 3112 mei3
1485 3035 1556 3097 dum
1562 3037 1865 3120 conveniuntpopullt

1173 3123 1244 3183 dum
1256 3124 1404 3183 convertit
1415 3122 1570 3183 Dominus.
1592 3122 1683 3185 Unde
1694 3125 1866 3207 plor-nmque

1173 3209 1302 3270 Latinus
1317 3211 1466 3289 interpres
1482 3229 1547 3269 eam
1559 3210 1692 3291 phrasim
1709 3210 1810 3274 reddit
1820 3207 1864 3272 sd·

1174 3295 1276 3356 verbio
1292 3296 1386 3371 dum,
1405 3305 1439 3355 ut
1453 3295 1566 3356 Psalm.
1583 3301 1629 3360 9.:
1652 3299 1744 3359 Dum
1759 3314 1864 3376 super

1173 3382 1217 3442 iit
1231 3384 1363 3459 impias,
1391 3382 1575 3444 incenditur
1586 3402 1736 3462 pompam
1760 3383 1865 3447 Psalm

1173 3471 1240 3531 tit:
1255 3471 1343 3530 Dum
1360 3473 1560 3546 appropiant
1574 3489 1671 3548 super
1685 3490 1737 3532 mc
1752 3488 1864 3535 meca-

1173 3564 1233 3631 tcs,
1261 3559 1375 3617 ethi:
1400 3557 1489 3618 Dum
1511 3576 1568 3617 oro
1586 3558 1694 3635 adtc;
1723 3560 1864 3622 dumet·

1172 3643 1268 3705 trado
1298 3662 1413 3705 uranus
1442 3663 1546 3722 meas,·
1573 3646 1645 3706 item
1668 3645 1783 3708 Psalm.
1803 3649 1863 3709 ila

1172 3731 1259 3792 Dum
1289 3731 1407 3791 dicitur
1436 3733 1515 3791 mihi
1545 3731 1706 3808 quotidie,
1742 3733 1801 3795 sebi
1827 3737 1865 3794 stt

1173 3818 1282 3879 Deus?
1313 3817 1383 3898 Quo
1412 3816 1478 3876 loco
1503 3838 1557 3898 pro
1584 3837 1622 3878 ea
1646 3829 1753 3901 partes
1784 3821 1863 3882 aaa

1172 3904 1307 3979 dicitur,
1323 3905 1402 3965 idem
1418 3904 1520 3982 plane,
1536 3904 1615 3985 quod
1630 3904 1682 3966 bic
1697 3906 1729 3968 in
1745 3905 1863 3978 Grues.

1171 3990 1295 4069 legitur:
1311 3983 1342 4049 ἐν
1358 3987 1405 4074 τῷ
1420 3999 1477 4050 etc.

1214 4077 1390 4138 Rectissime
1406 4077 1499 4155 igitur
1522 4080 1672 4159 interpres
1686 4087 1792 4141 noster
1805 4097 1863 4140 ver·

1172 4166 1226 4223 tit:
1253 4166 1338 4226 Dum
1356 4166 1482 4225 dicitur.
1513 4164 1550 4225 Id
1565 4175 1667 4226 autem
1686 4165 1780 4247 longe
1794 4186 1862 4230 coru

1170 4250 1290 4313 modius
1306 4270 1371 4326 cum
1386 4252 1534 4329 superiori
1553 4253 1704 4314 sententis
1719 4252 1862 4316 rounam

1171 4347 1233 4410 tur,
1259 4358 1346 4419 quum
1368 4338 1394 4397 si
1416 4338 1585 4419 hyperbato
1606 4340 1770 4420 interjecto
1798 4359 1862 4422 petr

1171 4425 1243 4487 dere
1258 4424 1377 4485 dicatur
1392 4431 1422 4484 et
1437 4434 1575 4505 spectare
1594 4425 1634 4486 ad
1648 4427 1773 4490 initium
1787 4427 1862 4508 oapi·

1169 4514 1207 4572 tis
1223 4513 1389 4592 sequentis.
1418 4512 1460 4572 Et
1474 4513 1553 4574 huno
1568 4517 1791 4576 connexionem
1804 4517 1862 4595 ipss

1169 4601 1314 4662 Erasmus
1325 4598 1460 4679 sequitur
1473 4601 1505 4660 in
1515 4600 1702 4682 paraphrasi.
1725 4601 1863 4684 Sequitur
1906 4669 1918 4682 ⁴

1169 4687 1258 4746 etiam
1286 4686 1382 4766 Syrus
1408 4686 1571 4767 interpres,
1599 4691 1720 4750 tametsi
1748 4688 1866 4774 diem,

1168 4793 1239 4834 usus
1253 4773 1409 4834 adverbio:
1432 4776 1519 4836 Sicut
1534 4775 1662 4836 dicitur.
1698 4775 1762 4838 Sed
1777 4773 1861 4840 multo

1168 4859 1277 4921 melius
1293 4859 1447 4921 sehabet:
1463 4862 1551 4923 Dum
1564 4862 1693 4924 dicitur.
1716 4863 1775 4926 Est
1788 4863 1861 4925 suin

1169 4947 1332 5028 explicatio
1347 4948 1428 5026 ejus,
1455 4946 1535 5028 quod
1550 4947 1672 5010 dixerat
1685 4949 1860 5032 Apostolus:

1166 5054 1265 5114 usqae
1280 5035 1324 5097 aa
1337 5035 1443 5112 [inan.
1481 5034 1578 5115 Quasi
1593 5034 1729 5100 dicente
1753 5037 1860 5128 Horas
