4442 5825
390 599 466 669 550
904 588 1326 647 cenomannensium

390 771 486 841 dicat,
509 775 649 829 manente
670 765 775 827 eadem
790 767 882 846 hujus
894 767 978 827 vocis
992 766 1082 844 signi·
1135 766 1280 827 Ecclesia.
1304 767 1366 847 Qui
1379 777 1465 829 extra
1479 788 1590 842 arcam,
1606 789 1667 844 aes,
1681 788 1714 850 qu

391 857 547 929 ficatione,
570 856 601 915 in
616 854 682 931 ejas
697 852 755 915 loci
770 852 981 914 commentario
997 873 1016 911 a
1031 874 1081 913 no·
1135 853 1313 914 Ecclesiam.
1352 855 1394 916 Ut
1416 857 1495 916 enim
1518 866 1605 916 extra
1628 875 1714 917 arcun

388 945 436 1005 bia
450 940 619 1022 expositum
634 949 688 1001 est.
711 940 828 1003 Eodem
840 959 929 1001 sensu
940 940 1085 1020 mysteria
1136 938 1272 1000 salvatus
1288 941 1359 1015 fuit,
1382 944 1425 1003 ita
1441 962 1497 1002 nec
1513 942 1599 1003 salus
1615 953 1663 1003 est
1677 962 1714 1005 ex

390 1030 523 1108 corporis
549 1035 580 1088 ot
608 1028 763 1106 sanguinis
788 1028 912 1088 Domini
938 1027 971 1087 in
995 1026 1083 1086 altari
1136 1026 1269 1087 clesiam.
1293 1027 1334 1088 Et
1343 1037 1441 1089 tamon
1450 1030 1542 1091 etiam
1552 1029 1714 1090 submersio

390 1117 486 1199 posita
498 1115 611 1200 passim
624 1136 642 1175 a
654 1113 780 1176 Graecis
792 1113 933 1176 Patribus
946 1114 1085 1193 antitypa
1137 1115 1189 1192 qai
1204 1122 1288 1174 erant
1302 1122 1388 1175 extra
1402 1135 1515 1189 arcum,
1533 1118 1631 1178 bonae
1646 1118 1713 1196 sign

389 1211 543 1265 vocantur.
1137 1200 1182 1259 uis
1205 1203 1348 1280 mysterio
1371 1223 1430 1261 non
1453 1211 1545 1263 caret
1580 1202 1714 1282 significa

433 1291 528 1351 Porro
543 1286 662 1350 Graeca
677 1287 861 1349 eishabent:
876 1286 968 1365 Quod
983 1293 1012 1347 et
1026 1305 1085 1349 aas
1137 1297 1327 1365 peccaturum
1352 1290 1483 1349 omnium
1507 1291 1539 1349 in
1560 1291 1711 1368 baptismo

390 1380 560 1453 oatitypon
581 1393 670 1435 auae
691 1375 797 1435 saluos
816 1375 898 1451 facit
918 1373 1084 1449 baptisma.
1137 1374 1263 1434 ctionem
1290 1384 1382 1454 atque
1406 1376 1570 1436 interitum.
1608 1378 1687 1436 Nam

391 1466 470 1526 Nam
478 1462 656 1543 neapotius,
672 1458 994 1540 quumooalegendum
1007 1478 1084 1533 esse,
1138 1461 1299 1533 mersione,
1326 1481 1405 1542 quae
1427 1463 1457 1522 in
1479 1462 1633 1541 baptismo
1653 1464 1701 1537 iit,

391 1553 467 1613 sicut
481 1561 512 1611 et
527 1549 559 1610 in
574 1547 657 1608 tiss.
672 1547 852 1628 quibusdam
868 1546 1018 1607 codicibus
1033 1546 1083 1607 ha·
1138 1545 1265 1607 hominis
1292 1548 1477 1626 sepulturam
1503 1548 1696 1624 adumbrari,

391 1639 493 1709 betur,
508 1637 634 1698 Latinus
649 1634 756 1694 saltem
771 1643 871 1695 textus
886 1635 1038 1712 exposcit,
1055 1633 1084 1693 in
1138 1631 1239 1693 docuit
1261 1633 1300 1694 ed
1319 1635 1404 1696 Rom.
1421 1637 1449 1695 6.
1487 1637 1528 1695 Et
1554 1637 1593 1697 ob
1616 1637 1694 1697 hauc

393 1745 452 1806 quo
468 1721 559 1802 paulo
574 1731 645 1801 post
659 1718 771 1800 legitur
785 1722 814 1780 iu
831 1721 926 1799 prima
941 1739 1082 1800 persona:
1138 1739 1254 1792 eorum,
1278 1722 1331 1798 qui
1351 1723 1381 1781 in
1404 1724 1493 1802 aquis
1516 1723 1626 1784 diluvii
1647 1723 1713 1785 fuer

391 1819 428 1874 tet
442 1813 528 1872 vitae
550 1816 698 1869 aeternae
713 1807 860 1868 haeredes
878 1806 1084 1884 efficeremur.
1138 1807 1253 1879 stincti,
1277 1807 1382 1868 Petrus
1404 1811 1587 1871 mentionem
1615 1807 1687 1871 iecit
1709 1815 1714 1868 i

393 1898 479 1959 Licet
494 1917 530 1958 ea
545 1895 715 1955 verbanon
736 1897 795 1955 sint
814 1895 844 1955 iu
860 1894 987 1955 Graeco.
1024 1893 1084 1954 No·
1139 1895 1170 1952 in
1192 1893 1313 1954 bonum.
1351 1894 1444 1968 Item,
1470 1898 1548 1956 sieut
1569 1916 1625 1975 per
1647 1916 1714 1978 aqut

393 1983 516 2046 tandum
541 1992 657 2054 tamen,
680 1982 712 2040 in
734 1980 864 2043 editione
878 1979 1086 2061 complutensi
1139 1999 1206 2040 oum
1221 1982 1284 2040 suis
1300 1982 1330 2040 in
1346 1981 1474 2043 sublime
1489 1983 1627 2045 elevatus
1643 1994 1705 2056 est,

394 2091 447 2131 scu
462 2071 558 2150 Regia
571 2090 631 2128 nen
646 2067 707 2147 legi
721 2059 738 2126 ὃ
746 2112 755 2143 ,
773 2069 858 2147 qaod
866 2113 875 2142 ,
892 2067 946 2128 sed
961 2054 990 2154 qi
997 2112 1007 2142 ,
1023 2070 1085 2141 cui,
1140 2067 1320 2146 baptismum
1335 2087 1451 2128 sursum
1474 2068 1616 2144 ferimur,
1638 2079 1669 2132 et
1683 2072 1714 2130 ei·

394 2165 507 2219 mutato
537 2155 626 2215 stiam
656 2153 696 2215 ad
725 2155 804 2216 hanc
832 2153 954 2216 modum
980 2153 1086 2215 ordine
1140 2155 1232 2214 cimur
1247 2156 1333 2234 regni
1348 2154 1493 2230 coelestis,
1510 2166 1543 2216 ut
1558 2156 1663 2219 dicere
1677 2177 1714 2238 po

393 2243 568 2307 verborum:
596 2242 656 2304 Oui
677 2245 858 2319 antitypum
882 2260 970 2304 nunc
991 2244 1087 2302 etiam
1140 2243 1256 2302 Nostra
1279 2245 1479 2304 concuretio
1502 2245 1540 2304 ia
1562 2246 1657 2305 coelia
1675 2252 1714 2306 eat

393 2350 453 2394 aaa
473 2332 578 2392 saluos
597 2328 681 2405 facit
702 2328 877 2406 baptisma,
903 2337 937 2388 ut
959 2328 1086 2389 vocula:
1140 2329 1170 2387 3.
1193 2328 1367 2402 Postremo,
1387 2330 1465 2389 sieut
1480 2330 1543 2391 illie
1557 2350 1612 2411 per
1627 2351 1714 2411 aquai

394 2405 441 2504 pi,
464 2420 534 2492 eui,
556 2414 668 2477 referat
687 2433 824 2492 aquam,
850 2434 930 2497 quae
954 2416 1088 2496 proxime
1141 2410 1235 2494 (quod
1251 2414 1357 2476 Petrus
1377 2416 1428 2477 iric
1449 2414 1550 2494 urget)
1572 2420 1690 2479 servati
1710 2439 1714 2478 τ

394 2504 575 2588 praecessit,
591 2500 708 2563 Graece
722 2495 805 2579 ὕδωρ
813 2547 824 2577 ,
843 2504 941 2563 neutri
957 2503 1087 2581 generis.
1140 2499 1170 2560 id
1186 2510 1233 2561 est
1246 2501 1303 2561 soli
1319 2501 1378 2575 illi,
1395 2523 1472 2581 qnos
1488 2523 1560 2566 arca
1575 2505 1714 2568 continui

395 2592 483 2673 Quae
499 2591 590 2651 lectio
606 2587 714 2650 clarior
728 2588 848 2671 quidem
864 2598 922 2664 est,
937 2589 991 2651 sed
1006 2588 1088 2650 haud
1140 2607 1180 2649 ex
1196 2596 1258 2648 toto
1272 2608 1383 2667 genem
1397 2589 1527 2651 hnmano
1551 2594 1645 2670 pauci
1667 2591 1713 2654 sai

395 2679 472 2749 seio,
494 2696 534 2737 an
548 2676 705 2748 sincerior,
729 2678 797 2739 aliie
811 2685 874 2738 tam
888 2676 990 2737 multis
1004 2674 1088 2737 libris
1140 2695 1196 2735 nec
1211 2674 1333 2754 quidem
1349 2696 1453 2738 omnes
1467 2678 1504 2750 ii,
1519 2679 1667 2757 quicqua
1677 2688 1714 2740 tar

394 2761 638 2828 reclamantibus.
1142 2760 1347 2840 baptismatis,
1371 2762 1423 2822 ssd
1447 2764 1469 2824 ii
1492 2765 1567 2837 soli,
1595 2768 1651 2845 qui
1673 2785 1714 2827 aar

439 2850 577 2931 Quorum
604 2846 694 2909 lectio
723 2848 767 2909 sic
795 2857 895 2930 potest
924 2849 1087 2929 explicari:
1142 2848 1310 2910 Ecclesiam
1327 2850 1488 2913 contineat„
1511 2850 1714 2916 Haecieseat

397 2936 487 3018 Quod
504 2929 606 3011 ὕδωρ,
633 2955 712 3015 quae
735 2955 828 3015 aqua,
854 2939 885 2998 in
899 2956 933 2998 re
947 2935 999 2998 illo
1015 2947 1089 3017 typo
1141 2957 1229 2997 arcae
1245 2944 1275 2997 et
1289 2957 1437 3016 aquarum
1459 2936 1568 2999 diluvii
1591 2960 1714 3001 sacrm·

395 3046 449 3087 sen
463 3024 560 3103 tigata
574 3021 759 3102 significata,
774 3023 832 3085 hoe
847 3033 894 3086 est
908 3026 1006 3103 ipsum
1021 3024 1088 3102 ejas
1140 3024 1206 3084 sius
1225 3026 1363 3104 expositu
1377 3024 1448 3086 vide
1469 3024 1551 3106 apud
1567 3028 1714 3107 Angustia

395 3112 573 3192 antitypou,
588 3107 669 3189 quod
685 3118 730 3172 est
744 3109 909 3190 baptisma,
924 3130 1003 3171 nuuc
1016 3118 1087 3171 tem-
1145 3111 1192 3169 tt.
1216 3119 1294 3170 sont.
1317 3111 1420 3172 Faust
1443 3132 1508 3192 cap.
1528 3115 1578 3173 14.
1595 3124 1626 3175 et
1647 3113 1714 3176 mai

395 3218 468 3281 pore
482 3197 555 3259 novi
570 3198 741 3258 imtementi
764 3217 819 3258 uos
838 3197 938 3259 salvos
954 3196 1026 3257 iacit
1041 3217 1087 3257 aa·
1141 3206 1172 3256 et
1186 3196 1237 3256 lib.
1256 3196 1306 3257 15.
1322 3196 1361 3258 de
1377 3199 1458 3258 civit
1473 3200 1552 3272 Dei,
1571 3220 1641 3280 cap.
1658 3206 1709 3263 26.

394 3286 459 3347 lute
472 3282 636 3365 spirituali,
663 3283 913 3362 quemadmodum
935 3283 988 3345 ills
1009 3303 1090 3363 aqua
1184 3285 1257 3344 Noa
1283 3288 1390 3345 camis
1415 3286 1570 3362 depositio
1597 3288 1714 3350 rorate

395 3373 434 3435 ub
450 3372 572 3434 interitu
588 3369 735 3451 corporali
750 3371 892 3432 servabat
907 3390 973 3444 eos,
989 3371 1041 3453 qai
1058 3373 1088 3431 in
1141 3371 1714 3449 conscientiaebonaeintearopatioia

395 3479 465 3521 arca
479 3466 572 3522 erant
606 3457 665 3520 Hio
686 3456 814 3520 observa
835 3459 975 3538 baptismi
990 3478 1087 3519 sacra·
1142 3454 1223 3517 Ordo
1238 3465 1300 3518 est:
1317 3459 1391 3518 Noa
1402 3459 1556 3534 depositio
1567 3462 1713 3523 sordium

394 3553 492 3607 mento
513 3542 650 3617 attribui,
674 3543 755 3624 quod
777 3544 881 3607 salvos
903 3564 957 3606 noa
979 3543 1087 3621 facist,
1141 3544 1195 3604 aed
1214 3546 1422 3621 interropatio
1444 3545 1547 3608 bonae
1570 3552 1714 3611 conscias

394 3630 644 3711 quamadmodum
674 3640 705 3691 et
729 3630 847 3692 Paulus
874 3634 971 3710 ipsum
1000 3640 1089 3692 vocat
1144 3633 1264 3707 Deam,
1281 3631 1329 3691 vel
1344 3630 1383 3691 ad
1398 3634 1502 3694 Deum.
1542 3628 1714 3697 Graecsra'

394 3720 562 3781 tacueram
585 3721 833 3793 repeaeratioaia
852 3726 882 3780 et
904 3720 1088 3782 restoratio-
1142 3718 1222 3797 quod
1241 3718 1292 3777 alii
1315 3729 1452 3779 uertunt:
1482 3721 1527 3781 ad
1554 3723 1672 3784 Deum.
1709 3733 1714 3774 t

394 3807 445 3867 nie
460 3806 599 3883 Spiritus
610 3807 721 3880 saaca,
739 3805 801 3866 Tit.
820 3812 847 3870 ³.
870 3805 1088 3868 Adscribuntar
1142 3805 1368 3880 depositionem
1390 3807 1533 3868 sordium
1556 3813 1668 3871 aarum
1696 3810 1714 3870 ir

394 3893 472 3954 enim
486 3892 659 3971 hnjusmedi
674 3892 798 3953 effectas
811 3894 1088 3966 sacrementis,non
1141 3900 1242 3952 untur
1272 3893 1533 3965 circumitionem,
1563 3916 1645 3977 qaae
1670 3914 1714 3957 ert

392 3988 427 4039 ut
442 3980 542 4040 caucia
557 3999 610 4059 per
625 3998 657 4039 se
673 3988 756 4039 etex
770 3989 878 4042 natura
893 3999 947 4041 sua
962 3980 1087 4041 efficaci·
1141 3981 1185 4039 tio
1201 3978 1331 4039 sordium
1347 3982 1453 4052 carnia
1469 3981 1500 4042 id
1517 3992 1566 4042 est
1579 3983 1714 4044 Hebraea

392 4063 465 4137 bus,
490 4065 544 4126 sed
567 4064 652 4126 velut
674 4065 855 4144 quibusdam
880 4068 974 4145 signis
996 4076 1088 4145 atque
1141 4064 1282 4127 sordidae
1309 4067 1405 4128 carnis
1431 4075 1461 4127 et
1488 4069 1677 4139 immundae,
1707 4089 1714 4128 ι

392 4151 604 4224 instrumentis,
615 4150 655 4212 sd
670 4161 801 4214 nostram
816 4151 1087 4215 sanctificationem
1140 4153 1300 4232 praeputii.
1332 4152 1447 4214 Volunt
1469 4156 1549 4215 enim
1571 4154 1653 4218 hanc
1674 4154 1714 4218 Pe

391 4257 411 4298 a
426 4234 546 4299 Christo
562 4239 715 4301 institutis.
1140 4259 1257 4300 monem
1269 4238 1395 4301 similem
1410 4259 1479 4301 esse
1493 4260 1559 4302 oum
1575 4261 1633 4305 eo:
1651 4261 1713 4324 que

434 4323 508 4386 Jam
538 4324 687 4403 quomodo
717 4326 748 4387 in
784 4326 909 4387 historia
940 4346 1028 4388 arcae
1057 4335 1088 4388 et
1141 4324 1524 4389 caesareensium
1542 4339 1634 4391 vocat
1649 4348 1714 4412 unq

391 4410 1086 4577 ttffi.iiz¹tt¹‚“ttttt‘sittim
1140 4433 1207 4560 tt
1214 4433 1478 4562 tittttttt
1501 4415 1714 4564 ,iiiiii

390 4583 481 4663 Ipsae
503 4582 625 4663 quidem
650 4605 749 4666 aquae
771 4585 878 4647 diluvii
904 4584 1086 4667 baptismum
1140 4588 1225 4647 rium.
1259 4587 1341 4648 Sane
1363 4596 1498 4660 constat,
1524 4608 1586 4649 non
1609 4589 1693 4651 illam

390 4670 575 4749 significant,
602 4692 672 4733 arca
698 4671 880 4744 Ecclesiam,
905 4673 956 4735 vel
982 4693 1085 4735 secan·
1139 4674 1224 4734 Petri
1239 4676 1419 4734 sententiam
1434 4676 1466 4735 in
1485 4674 1534 4735 his
1550 4677 1664 4737 verbis
1697 4675 1714 4740 1

390 4755 568 4831 dumalias,
584 4778 703 4820 erucem
719 4756 842 4821 Christi.
873 4758 951 4821 Nam
966 4769 1086 4821 atarca
1140 4762 1235 4831 enim,
1261 4760 1343 4841 qrrod
1359 4762 1450 4832 dicit,
1476 4761 1638 4838 baptisma
1658 4779 1714 4826 net

390 4839 536 4904 fabricata
552 4863 593 4905 ex
607 4845 703 4925 ligno,
732 4848 774 4908 ita
788 4865 862 4908 crux
877 4865 916 4908 ex
930 4846 1029 4923 ligno,
1055 4856 1087 4908 et
1137 4848 1262 4924 faeere,
1286 4858 1375 4910 utens
1391 4849 1576 4911 concutiens
1595 4847 1714 4929 qnad-

390 4947 443 5008 per
458 4936 618 5012 utramque
633 4931 724 4994 selua.
757 4932 873 4995 Rursus
888 4933 1004 4994 familia
1018 4931 1086 4995 Noe
1138 4936 1216 5007 rica,
1232 4954 1292 5014 qua
1307 4934 1430 5006 doceat,
1454 4935 1567 5015 inipso
1583 4936 1714 5018 bspt‘n

390 5032 480 5078 uuae
501 5016 616 5080 inclusa
635 5018 785 5106 signifieat
806 5038 875 5096 sos,
901 5020 954 5103 qai
968 5028 1039 5084 aaut
1053 5021 1087 5082 in
1137 5032 1235 5082 mente
1271 5041 1332 5084 non
1361 5030 1421 5084 tam
1460 5028 1619 5085 exurnam
1653 5019 1714 5092 abi
