4442 5825
782 584 944 639 telstoutu
961 586 979 640 l.
996 587 1083 641 liliAi'l
1099 586 1234 641 sustula
1269 586 1354 642 mi.
1373 587 1398 640 7-
1417 588 1442 641 8.
1758 595 1828 660 761

384 767 417 822 et
432 760 594 843 adoptivos
608 761 669 824 Dei
689 761 768 823 filios
791 762 914 840 efficiat,
941 763 1023 844 quod
1038 772 1084 825 ost
1135 763 1316 845 Apostolus,
1341 763 1396 825 lsos
1422 770 1483 824 tres
1509 761 1661 823 testificari
1687 763 1718 823 in
1740 761 1831 834 coelo,

383 848 481 909 solius
495 849 562 909 Dei.
1135 851 1229 912 multo
1252 850 1354 931 plures
1376 850 1471 910 tribus
1494 858 1564 909 sunt
1585 850 1616 910 in
1639 848 1724 911 coelo
1740 857 1831 909 testes

430 933 585 1014 Objieiunt
605 936 677 996 novi
700 934 804 996 Ariani
828 939 962 1016 novique
980 938 1081 998 Euno-
1135 937 1301 999 divinitatis
1328 944 1357 997 et
1381 937 1576 998 humanitatis
1602 937 1722 996 Domini
1747 935 1832 1007 Jesu,

383 1021 478 1082 miani
492 1042 528 1083 ac
541 1022 751 1083 Macedoniani
762 1022 860 1083 locum
872 1044 909 1084 ex
919 1022 1007 1085 Joun.
1022 1025 1081 1099 17,
1134 1033 1179 1085 tot
1207 1024 1322 1085 scilicet
1350 1024 1503 1104 myriades
1529 1024 1683 1083 beatorum
1710 1020 1831 1100 angelo·

383 1106 438 1167 ubi
464 1108 628 1183 Dominus,
662 1107 822 1189 alloquens
856 1110 991 1185 Putrem,
1022 1112 1080 1171 ait:
1134 1131 1216 1183 rum,
1243 1131 1370 1190 quorum
1394 1109 1529 1171 nonnulli
1545 1130 1599 1190 pro
1615 1109 1753 1169 omnibus
1770 1110 1832 1168 suis

382 1195 485 1256 Peter
499 1203 615 1272 sancte,
631 1214 723 1257 servu
739 1213 789 1256 cos
800 1199 836 1258 iu
851 1201 980 1258 nominc
999 1198 1081 1274 Tuo,·
1135 1197 1258 1275 collegis
1273 1196 1347 1258 haec
1363 1196 1402 1258 de
1415 1194 1536 1257 Christo
1549 1205 1618 1256 eunt
1630 1196 1732 1255 testati
1744 1194 1831 1256 nobis

381 1300 464 1358 quor
480 1283 593 1344 dedisti
610 1285 703 1357 milri,
728 1291 764 1343 ut
785 1285 850 1344 sint
863 1303 983 1359 ursum,
1003 1286 1082 1345 sieut
1134 1283 1323 1358 mortalibus,
1338 1283 1466 1346 Judaeis
1482 1291 1510 1342 et
1525 1282 1676 1362 gentibus.

381 1374 496 1430 etmos.
519 1369 562 1430 lu
575 1369 669 1430 infra:
685 1371 754 1445 Epo
773 1371 968 1445 claritatem,
984 1389 1079 1447 quum
1177 1374 1206 1432 8.
1228 1372 1272 1432 Iit
1302 1379 1363 1431 tres
1392 1377 1484 1445 sunt,
1523 1372 1578 1447 qui
1614 1370 1832 1430 tertimouium

382 1454 501 1516 dedisti
526 1458 622 1532 milri,
648 1457 722 1517 dedi
744 1460 803 1533 cis,
833 1465 870 1518 ut
889 1460 952 1518 sint
967 1476 1079 1532 ursum,
1134 1458 1215 1519 dunt
1228 1460 1265 1519 irs
1280 1465 1376 1519 terre.
1403 1459 1630 1521 Testimonium
1646 1456 1737 1532 daut,
1754 1455 1831 1531 ejus·

379 1545 466 1604 sicut
480 1561 538 1605 uos
552 1562 654 1605 uuum
669 1561 786 1604 sumus.
822 1545 914 1624 Atqui
929 1564 982 1624 pro
999 1542 1078 1624 Apo·
1133 1543 1200 1605 dem
1216 1543 1299 1605 illius
1314 1546 1376 1616 rei,
1392 1544 1499 1606 Jesum
1516 1545 1636 1604 unicum
1652 1542 1738 1602 illum
1753 1541 1830 1603 Mos·

377 1629 471 1689 stolis
496 1650 555 1690 non
581 1630 707 1710 rogabat
733 1630 884 1704 Christus,
918 1639 951 1691 ut
980 1639 1081 1692 esseut
1134 1632 1208 1691 siam
1223 1632 1357 1707 Domini,
1375 1652 1434 1691 non
1447 1628 1831 1702 minusverumlsomiuem,

379 1736 477 1777 unum
493 1719 610 1778 unitate
625 1727 766 1791 naturae,
790 1716 844 1778 sed
866 1727 898 1779 ut
917 1717 1079 1777 voluntatis
1133 1716 1284 1798 quidquid
1308 1717 1402 1797 fingat
1427 1716 1529 1778 schola
1554 1714 1715 1788 Basilidis,
1742 1734 1831 1796 quem

378 1804 516 1880 unitate;
540 1824 611 1884 ergo
633 1823 732 1884 neque
754 1805 784 1864 in
799 1805 953 1886 proposito
969 1813 1015 1864 est
1028 1823 1078 1864 ne·
1132 1824 1236 1865 verum
1252 1806 1367 1876 Deum,
1394 1812 1424 1864 et
1445 1813 1558 1865 contra.
1582 1804 1684 1881 Hujus
1704 1803 1747 1862 rei
1771 1810 1832 1861 tres

378 1892 547 1952 cessarium
578 1891 744 1971 intelligere
769 1893 915 1952 unitatem
942 1901 1079 1952 naturas.
1132 1898 1202 1951 sunt
1223 1900 1315 1952 testes
1330 1895 1366 1953 irr
1381 1899 1485 1966 terra,
1509 1889 1538 1951 id
1562 1898 1609 1950 est
1630 1889 1708 1951 inira
1722 1887 1829 1948 divini·

376 1977 638 2057 Respondendum
669 1987 729 2052 est,
758 1998 818 2038 non
847 1978 947 2039 valere
977 1997 1078 2038 conse·
1134 1986 1240 2050 tatem,
1270 1987 1376 2058 utpote
1402 1998 1440 2038 ox
1462 1997 1587 2040 numero
1609 1987 1831 2052 creaturarum3

377 2067 541 2144 quantiam
566 2073 687 2145 proptor
705 2067 848 2125 materiae
867 2063 1079 2136 diversitatem,
1134 2066 1286 2147 quisunt:
1302 2067 1459 2143 Spiritus,
1475 2065 1759 2142 uqssactsurtpuis.
1782 2062 1832 2122 De

377 2153 437 2211 etsi
455 2150 613 2212 locutionis
632 2150 728 2212 forma
750 2152 787 2212 sit
810 2150 924 2213 eadem.
962 2151 1004 2211 Et
1025 2151 1081 2211 hoc
1136 2172 1216 2232 aqua
1232 2160 1261 2211 et
1276 2152 1424 2231 sanguine
1441 2153 1515 2213 eatis
1531 2150 1642 2211 dictum
1659 2149 1779 2209 videtur
1793 2148 1830 2208 ad

377 2236 518 2299 indicant
539 2238 633 2299 verba
655 2238 791 2312 Domini,
820 2258 879 2298 non
901 2236 953 2297 illa
976 2238 1080 2309 solum,
1134 2259 1162 2299 v.
1179 2242 1208 2300 6.
1223 2239 1313 2316 hujus
1329 2260 1394 2318 cap.
1419 2239 1563 2320 Superest
1583 2238 1742 2317 inquirere,
1758 2234 1832 2314 qnid

378 2345 463 2406 quae
478 2324 654 2404 protulimus
670 2344 709 2384 ex
724 2345 789 2405 cap.
808 2326 855 2385 10.
871 2324 895 2386 J
897 2325 1009 2397 oannis,
1027 2322 1081 2384 sed
1136 2346 1189 2404 per
1200 2327 1355 2401 Spiritum
1367 2325 1423 2385 hoc
1434 2326 1500 2386 loco
1510 2325 1703 2404 intelligatur.
1727 2323 1756 2382 S.
1770 2321 1830 2381 Au-

379 2411 438 2473 illa
462 2430 597 2490 quoque,
621 2430 701 2490 quae
723 2420 792 2471 sunt
814 2410 1082 2492 eodemuap.1'i.:
1135 2413 1271 2491 gostinus
1294 2421 1398 2473 contra
1420 2412 1614 2473 Maximinum
1637 2409 1687 2470 lib.
1713 2413 1741 2470 3.
1766 2427 1831 2486 cap.

379 2500 474 2561 Sicut
502 2501 569 2574 Tu,
599 2499 715 2573 Peter,
749 2501 784 2560 iu
810 2517 876 2573 ma,
912 2506 940 2558 ct
966 2518 1021 2575 cpe
1047 2501 1083 2557 iu
1136 2504 1185 2561 22.
1202 2500 1311 2578 accipit
1325 2499 1487 2559 humanum
1504 2497 1615 2558 Christi
1631 2496 1756 2556 Domini
1771 2497 1831 2572 spi-

383 2587 451 2661 Tc;
488 2592 526 2647 ut
548 2593 577 2645 ct
599 2587 661 2660 ipsi
690 2588 725 2647 iu
754 2586 844 2647 nette
871 2604 974 2647 uuum
1007 2588 1082 2661 siut,
1135 2588 1239 2658 ritum,
1262 2586 1320 2646 hoc
1335 2595 1394 2660 est,
1420 2587 1515 2664 ipsam
1531 2585 1596 2662 ejus
1613 2585 1753 2643 animam.
1789 2581 1833 2641 Et

377 2679 420 2734 ut
435 2673 544 2732 credet
558 2672 707 2747 muudus,
728 2676 805 2749 quia
823 2675 872 2734 Tu
893 2693 942 2733 mc
962 2675 1081 2734 misisti.
1135 2673 1214 2733 hunc
1228 2672 1411 2734 intellectum
1431 2672 1570 2753 plerique
1586 2670 1770 2750 expositores
1786 2669 1829 2728 vi·

378 2758 465 2819 Nam
483 2758 634 2839 profecto,
657 2766 716 2818 tum
733 2759 781 2818 his
797 2758 912 2831 verbis,
935 2770 995 2820 turn
1013 2760 1081 2819 aliis
1137 2761 1246 2820 dentur
1267 2762 1377 2833 secuti,
1401 2758 1518 2821 tametsi
1533 2756 1723 2818 Venerabilis
1746 2754 1832 2816 Beda

381 2844 524 2925 ejusdem
555 2865 620 2924 cap.
650 2847 822 2923 sententiis,
849 2847 921 2906 sutis
950 2845 1083 2907 declarat
1136 2847 1280 2926 Spiritum
1297 2856 1430 2908 sunctum
1455 2846 1503 2906 hic
1521 2844 1677 2925 intelligat.
1712 2841 1772 2904 Sed
1787 2843 1829 2902 vi·

379 2935 550 3008 Dominus,
573 2933 662 3012 longe
678 2936 806 2995 arctiore
828 2935 943 2994 unitate
959 2934 1080 2994 Putrem
1137 2936 1225 2995 detur
1244 2955 1317 2996 sane
1332 2936 1367 2994 B.
1384 2934 1570 3016 Augustinus
1594 2951 1724 3012 congrue
1747 2930 1831 2990 intel·

380 3030 414 3081 et
440 3021 552 3081 Filium
572 3022 602 3081 in
625 3019 748 3080 Deitate
770 3040 837 3081 esse
857 3040 965 3094 unum,
991 3042 1081 3103 quum
1135 3022 1230 3102 ligere
1244 3022 1371 3083 eundem
1387 3024 1471 3083 illum
1482 3022 1630 3096 spiritum
1642 3019 1674 3080 in
1688 3019 1735 3079 his
1750 3018 1830 3095 Apo·

381 3106 493 3169 fideles
520 3110 578 3169 siut
601 3108 680 3166 inter
702 3126 749 3183 se,
776 3110 866 3169 etiam
889 3112 1082 3188 pergratiam
1135 3108 1204 3169 stoli
1219 3109 1337 3182 verbis,
1364 3108 1402 3170 de
1425 3130 1485 3189 quo
1508 3108 1588 3167 idem
1610 3108 1640 3166 in
1656 3106 1832 3186 evangelica

380 3197 532 3257 caritatis.
571 3192 660 3274 Quod
686 3194 785 3273 ipsum
815 3203 874 3254 tam
899 3196 999 3257 multis
1016 3195 1083 3255 aliis
1136 3196 1246 3256 Christi
1260 3198 1402 3278 patientis
1424 3195 1550 3257 historia
1565 3192 1658 3255 dixit:
1678 3195 1722 3265 Et
1736 3193 1832 3253 inoli-

380 3282 564 3362 scripturae
577 3281 652 3341 louis
668 3281 826 3341 manifeste
841 3280 980 3356 docetur,
1004 3301 1083 3363 quae
1136 3290 1215 3344 stato
1229 3287 1332 3360 cupite
1347 3284 1483 3344 tradidit
1494 3285 1652 3359 spiritum,
1669 3281 1759 3343 Joan.
1774 3283 1832 3351 19,

381 3379 494 3430 contra
516 3368 645 3429 Arianos
670 3376 697 3428 et
713 3368 1002 3430 Pneumatomachos
1017 3391 1082 3451 pro·
1137 3370 1269 3431 clamans
1294 3373 1432 3431 nimirum
1460 3368 1597 3430 Christus
1622 3388 1697 3429 voce
1723 3386 1833 3446 magna

379 3455 520 3517 tulerunt
548 3464 665 3515 veteres
694 3456 852 3517 Ecclesiae
885 3455 1022 3517 doctores
1053 3464 1085 3517 et
1136 3455 1211 3518 illud
1234 3477 1273 3519 ex
1288 3458 1409 3519 Psalmo
1433 3459 1500 3517 30.:
1527 3459 1643 3531 Pater,
1666 3457 1702 3516 irs
1716 3471 1833 3515 munus

379 3551 633 3625 propugnatores.
1140 3547 1227 3606 Tuas
1241 3546 1425 3607 commendo
1443 3546 1590 3620 spiritum
1605 3562 1720 3617 mcum,
1737 3550 1770 3601 ut
1785 3548 1833 3601 est

430 3628 523 3710 Quod
545 3650 615 3690 vcro
640 3629 763 3701 dicitnr,
790 3629 844 3690 lsoe
867 3638 928 3690 tres
951 3632 1082 3691 testimo·
1137 3632 1211 3691 Luc
1228 3634 1277 3692 23.

379 3720 468 3781 nium
489 3715 563 3777 dure
585 3720 621 3777 irs
644 3716 745 3791 cocio,
777 3717 895 3777 videtur
914 3718 1084 3797 significare
1182 3718 1242 3779 Sed
1273 3719 1343 3781 huic
1373 3719 1555 3800 expositioni
1591 3717 1713 3778 ridetur
1742 3714 1833 3794 objici

380 3803 434 3881 (ut
449 3823 542 3882 supra
554 3800 790 3880 insinuavimus),
806 3824 856 3863 eos
868 3807 969 3864 testari
981 3815 1083 3865 aucto·
1138 3825 1241 3884 posse,
1257 3806 1339 3886 quod
1356 3827 1384 3867 r.
1401 3810 1447 3879 6.,
1469 3807 1521 3867 ubi
1537 3824 1635 3883 aquae
1651 3815 1681 3864 et
1695 3802 1832 3881 sanguini

379 3894 478 3954 ritate
494 3892 611 3962 divina,
635 3890 766 3969 ideoque
789 3891 918 3951 omnium
933 3910 1082 3972 suprema
1137 3894 1224 3953 tertio
1239 3893 1305 3953 loco
1327 3892 1448 3955 additur
1462 3894 1617 3970 Spiritus,
1641 3892 1700 3952 illis
1714 3888 1832 3949 verbis:

378 3979 484 4048 Sicut,
501 3976 582 4057 quod
599 3977 710 4038 dicitur
724 3997 812 4038 versu
829 3998 907 4058 seq:
933 3981 969 4038 itt
984 3987 1082 4053 terra,
1136 3982 1180 4041 Et
1209 3981 1349 4055 Spiritus
1378 3990 1438 4057 cst,
1469 3983 1525 4057 qui
1554 3980 1740 4056 testificetur
1764 3984 1830 4051 ctu,

379 4064 551 4145 significat,
576 4073 665 4125 testes
684 4065 725 4125 ibi
742 4073 987 4127 commemoratos
1002 4067 1082 4125 testi·
1136 4066 1312 4146 intelligitur
1327 4068 1453 4147 Spiritus
1476 4075 1609 4141 sauctus3
1633 4084 1706 4145 ergo
1730 4071 1760 4123 et
1774 4062 1832 4123 hoc

378 4154 469 4214 ficari
485 4152 677 4224 auctoritate,
694 4172 774 4231 quae
789 4153 829 4211 sit
843 4151 923 4212 infra
938 4150 1081 4213 divinam.
1136 4154 1201 4214 loco
1228 4174 1315 4213 versu
1343 4156 1372 4214 8.
1405 4152 1660 4234 Respondandnns
1687 4159 1747 4224 est,
1777 4168 1832 4210 nec

377 4241 489 4319 Atque
511 4237 586 4298 haec
611 4240 761 4317 expositio
789 4240 956 4299 confirmari
982 4247 1083 4320 potest
1136 4239 1315 4302 antecedens
1334 4261 1398 4301 esse
1414 4252 1544 4312 certum,
1572 4260 1627 4301 neo
1649 4255 1831 4317 consequen·

378 4326 446 4389 illis
464 4324 565 4386 verbis
580 4324 702 4385 Domini
716 4326 823 4386 Matth.
842 4330 906 4398 21.,
924 4325 974 4385 ubi
991 4345 1082 4405 quae·
1135 4328 1206 4387 tiam
1222 4328 1329 4388 valere.
1360 4327 1552 4390 Antecedens
1574 4348 1632 4388 non
1649 4336 1695 4386 est
1710 4333 1832 4395 certum,

377 4414 513 4476 ationem
534 4411 722 4492 proponebat
743 4412 924 4492 primoribus
947 4412 970 4473 J
972 4411 1080 4473 udaeo·
1137 4415 1210 4493 quia
1225 4434 1285 4474 non
1300 4413 1420 4476 videtur
1435 4417 1500 4475 sine
1515 4416 1629 4475 ratione
1653 4432 1733 4485 esse,
1749 4409 1830 4489 quod

376 4520 468 4561 rum:
490 4501 675 4577 Baptismus
695 4503 840 4562 Joannes
864 4519 880 4560 c
902 4500 986 4561 coelo
1002 4507 1080 4576 crat,
1135 4501 1300 4581 Apostolus
1325 4521 1416 4563 versu
1441 4503 1469 4563 6.
1493 4509 1522 4561 ct
1541 4502 1570 4560 8.
1598 4499 1676 4561 nude
1698 4499 1832 4559 nominat

376 4606 430 4648 um
445 4602 486 4646 cu
499 4585 702 4647 homiuibus?
725 4584 763 4645 Id
779 4596 824 4647 est
839 4585 941 4647 divina
955 4586 1081 4647 auctori·
1134 4589 1293 4665 spiritum,
1309 4610 1370 4651 non
1385 4587 1530 4669 adjiciens
1547 4587 1703 4668 epitheton
1718 4586 1831 4659 suncti,

375 4681 449 4735 tate
471 4671 527 4732 fuit
541 4674 709 4743 institutus,
736 4691 774 4732 an
799 4672 956 4734 hnmana?
977 4675 1082 4734 Fuisse
1135 4684 1168 4735 ut
1183 4673 1287 4753 adjicit
1301 4696 1389 4738 versu
1406 4681 1444 4749 7.,
1460 4694 1551 4756 quum
1573 4683 1636 4734 tres
1653 4673 1720 4733 illos
1736 4672 1830 4731 norni-

376 4781 398 4823 e
415 4759 519 4829 coelo,
546 4760 614 4838 ipse
631 4759 765 4820 Joannes
782 4760 920 4838 Baptista
942 4758 1003 4820 illis
1018 4781 1081 4822 ver·
1134 4771 1188 4822 nat
1208 4769 1298 4823 testes
1324 4764 1478 4825 coelestes.
1516 4763 1557 4823 Et
1581 4759 1664 4821 haud
1686 4757 1779 4819 dubie
1800 4758 1831 4819 S.

375 4846 430 4910 bis
443 4845 531 4906 dicit:
547 4848 609 4924 Qui
619 4848 704 4906 misit
712 4866 760 4907 mc
768 4847 932 4924 baptisare
939 4849 976 4909 irs
983 4866 1080 4924 equo,
1135 4849 1334 4928 Augustinus,
1354 4852 1406 4929 qui
1422 4871 1451 4910 v.
1468 4851 1496 4909 8.
1513 4868 1567 4929 per
1580 4849 1729 4924 spiritum
1745 4845 1830 4905 iutel-

375 4934 439 4996 tlte
450 4934 529 4993 milti
540 4933 639 4995 diets:
654 4934 758 5009 Super
772 4953 864 5011 quem
883 4935 999 4995 videris
1014 4940 1079 5009 cto,
1134 4936 1203 5016 ligit
1216 4938 1348 4998 animum
1364 4936 1487 5011 christi,
1509 4946 1544 4995 ut
1569 4933 1681 4994 dictum
1697 4941 1757 5007 est,
1781 4951 1830 4992 eo·

376 5020 478 5085 Joan.
496 5022 523 5080 1.
546 5019 624 5081 Nam
639 5020 787 5101 proiecto,
802 5022 861 5083 nisi
873 5022 917 5083 sio
931 5020 1082 5102 intelligat
1134 5021 1201 5085 dem
1224 5025 1344 5086 nomine
1372 5023 1499 5085 mudum
1527 5018 1668 5102 iutelligit
1688 5039 1768 5083 vers.
1792 5019 1831 5096 6.,
