4442 5825
442 597 516 664 610
955 587 1191 644 comminus
1209 587 1240 642 ru
1258 589 1323 644 car.
1341 589 1370 644 ιι.

440 767 626 827 Hentenius:
653 768 688 827 in
711 773 871 827 turturum
894 768 1135 844 praecipitatos,
1188 785 1258 828 mus
1272 769 1322 841 sil,
1347 764 1472 826 averbo
1488 755 1647 843 repetere,
1672 764 1775 839 idest,
1795 765 1878 826 wls

440 853 562 915 Graecis
596 873 655 912 nna
684 852 776 914 dictio
806 863 870 914 est:
917 845 1134 931 ταρταρώσας,
1189 856 1253 914 sive
1279 853 1452 932 confundo.
1497 852 1610 915 Verum
1631 852 1718 934 quod
1745 859 1877 913 turtum

440 959 530 1022 quam
561 940 741 1021 explicatius
771 942 813 1002 ita
842 938 968 1002 reddes:
997 959 1068 1000 cum
1098 945 1135 1002 iso
1188 942 1357 1020 accipiatur
1372 961 1425 1019 pro
1441 947 1519 1015 aere,
1535 941 1641 1023 inquo
1658 959 1880 1011 nosceremur,

439 1035 599 1088 tertarum
615 1031 755 1103 misisset,
772 1047 827 1088 sou
843 1029 1030 1089 domuisset.
1058 1027 1133 1088 Ver·
1188 1028 1239 1088 vel
1261 1029 1313 1109 qui
1328 1048 1420 1107 supra
1435 1047 1490 1088 nos
1505 1035 1559 1101 est,
1582 1028 1782 1109 quantumvis
1802 1029 1880 1088 inter

439 1114 509 1175 bum
528 1114 648 1194 quidem
671 1116 826 1175 insolitum
850 1125 905 1187 est,
928 1135 984 1176 nec
1006 1135 1134 1194 usquam
1188 1114 1259 1175 dum
1276 1115 1463 1189 turbulento,
1483 1134 1544 1175 non
1559 1117 1692 1178 arbitror
1707 1113 1803 1175 ullius
1816 1114 1877 1175 suri

440 1201 514 1262 alibi
526 1202 645 1281 legitur,
662 1203 747 1281 cujus
759 1211 859 1264 tamen
870 1203 1048 1283 significatio
1061 1204 1134 1262 satie
1187 1203 1292 1284 pteris,
1318 1221 1419 1283 neque
1444 1203 1529 1276 sacri,
1555 1221 1657 1283 neque
1680 1201 1811 1284 profani,
1835 1202 1880 1280 qai

441 1307 480 1349 ex
496 1297 640 1349 contextu
655 1290 814 1370 colligitur,
836 1289 894 1349 nisi
916 1288 999 1370 quod
1022 1287 1059 1350 de
1074 1296 1132 1349 tar·
1187 1292 1229 1351 sic
1240 1291 1438 1369 usurpaverit,
1456 1292 1636 1351 anctoritate
1651 1309 1747 1370 posse
1759 1287 1879 1370 probari.

438 1377 497 1435 tari
513 1376 683 1455 significato
699 1378 789 1456 paulo
805 1384 873 1456 post
887 1396 1023 1455 agemus.
1231 1378 1382 1455 Quocirca
1398 1377 1492 1455 magia
1512 1376 1622 1456 placet,
1644 1397 1703 1458 per
1725 1384 1880 1436 tarsum

482 1462 575 1523 Porro
591 1463 769 1524 vocabulum
784 1464 983 1535 rudentibus,
999 1465 1064 1524 sive
1078 1482 1134 1524 ca·
1187 1465 1349 1544 significari
1378 1463 1522 1524 infernum
1546 1464 1772 1539 damnatorum,
1798 1480 1881 1543 quem

439 1553 528 1625 unis,
537 1549 622 1610 multi
634 1549 752 1611 faciunt
764 1549 926 1612 ablativum
935 1552 1133 1623 instrumenti,
1186 1571 1343 1626 vocamue3
1370 1552 1425 1611 ubi
1449 1551 1564 1610 umbra
1589 1556 1704 1611 mortis
1727 1559 1760 1611 et
1780 1549 1880 1611 nullm

437 1638 602 1699 relerentes
618 1636 657 1697 ad
672 1639 877 1717 participium:
905 1639 1079 1715 detractos‚·
1096 1657 1133 1698 sc
1188 1638 1265 1700 ordo
1272 1662 1284 1714 ;
1300 1640 1353 1699 aad
1365 1641 1576 1714 sempiternus
1586 1639 1706 1699 horror·
1716 1637 1879 1711 saletum,

439 1727 466 1786 ai
478 1723 602 1797 dicatur,
625 1724 751 1804 angelos
767 1735 1006 1805 transgressores
1022 1722 1132 1785 validis
1185 1724 1246 1785 Job
1265 1727 1330 1801 10.;
1347 1737 1381 1785 ut
1396 1728 1527 1786 maxime
1541 1745 1650 1786 nomen
1667 1724 1744 1786 illud
1763 1747 1783 1785 a
1796 1723 1880 1784 verbo

361 1844 363 1848 Α
439 1813 560 1873 funibus
583 1810 664 1888 (nam
684 1812 804 1873 rudens
819 1812 901 1874 funis
917 1813 1056 1873 nauticus
1073 1807 1131 1887 est)
1186 1804 1330 1888 ταράττω
1361 1812 1528 1873 derivatum
1558 1813 1605 1872 sit
1656 1813 1760 1892 Quem
1790 1810 1880 1872 lesan

437 1903 503 1962 sive
520 1901 636 1959 catenis
657 1898 806 1959 detractos
822 1901 915 1960 luisse
930 1901 962 1960 in
977 1907 1130 1960 tartarum.
1187 1899 1265 1959 aliae
1277 1900 1451 1978 Scripturas
1467 1900 1613 1974 abyssum
1628 1907 1755 1972 vocant,
1770 1906 1805 1958 nt
1815 1899 1880 1959 Ine

438 1989 489 2048 Et·
500 1987 557 2046 hoo
579 1984 668 2046 modo
687 1986 780 2047 verba
795 1987 829 2046 B.
846 1988 928 2047 Petri
944 1986 1132 2048 intellexisse
1186 1986 1225 2054 8.,
1241 1987 1327 2047 Rom.
1346 1988 1402 2059 10,
1417 1987 1513 2067 Apoc.
1530 1989 1558 2047 9.
1576 1991 1625 2047 11.
1645 1991 1697 2047 17.
1709 1995 1743 2046 at
1755 1987 1807 2047 20.
1825 1983 1880 2064 Qui

436 2073 558 2134 videtur
581 2075 737 2150 interpres,
760 2075 814 2154 qui
839 2076 944 2134 vertit:
967 2075 1131 2135 detractos.
1186 2082 1354 2153 postremus
1370 2074 1462 2146 loeus,
1477 2073 1568 2154 paulo
1585 2082 1657 2135 ante
1672 2074 1797 2145 citatus,
1816 2074 1880 2152 quia

438 2158 586 2239 Quamvis
623 2163 704 2222 enim
734 2161 766 2221 in
795 2160 912 2221 Graeco
942 2162 1063 2223 dativus
1093 2162 1133 2220 sit
1187 2168 1216 2220 et
1231 2170 1364 2233 catenae,
1386 2170 1417 2220 et
1431 2161 1618 2240 alligationis
1632 2161 1786 2233 meminit,
1802 2160 1880 2229 hanc,

438 2247 572 2324 σειραῖς,
598 2249 725 2324 emeno,
747 2249 931 2308 notissimum
953 2258 1053 2309 nmen
1077 2256 1131 2319 est,
1187 2267 1276 2327 quam
1302 2248 1476 2328 probamus,
1501 2249 1606 2308 tsrtarl
1632 2248 1879 2327 significau'oan

437 2334 524 2394 illum
544 2353 647 2395 casum
663 2335 744 2416 apud
760 2334 902 2408 Graecos,
925 2337 978 2415 qui
1000 2336 1132 2396 ablativo
1186 2356 1245 2395 non
1262 2354 1367 2414 parum
1384 2335 1546 2397 confirmat.
1572 2337 1630 2397 Est
1644 2345 1679 2396 et
1693 2335 1879 2414 signilieu’c

437 2432 548 2497 carent,
571 2425 662 2483 etiam
677 2424 789 2483 servire
804 2425 1002 2483 instrumento
1017 2422 1130 2502 signifi·
1185 2426 1233 2483 nis
1256 2422 1385 2483 affinitas
1406 2424 1483 2482 inter
1505 2423 1650 2498 abyssum
1668 2430 1699 2482 et
1714 2429 1878 2482 tartarea.

436 2508 542 2570 cando.
1186 2510 1264 2571 Nam
1280 2510 1407 2584 abyssus
1420 2510 1572 2590 significat
1592 2529 1747 2589 aquarum
1764 2511 1877 2569 immae

481 2597 594 2657 Verum
610 2596 704 2656 multo
720 2597 949 2657 convenientius
962 2596 1132 2657 adsensum
1186 2616 1249 2656 sam
1275 2595 1527 2675 profunditatem
1557 2604 1705 2657 tertam
1731 2615 1815 2668 vero,
1839 2614 1877 2655 vr·

437 2683 521 2743 Patri
536 2692 568 2743 et
583 2683 756 2762 Scripturas
771 2703 873 2744 sacrae
887 2682 1008 2745 dativus
1024 2683 1132 2745 illesic
1186 2683 1316 2744 cundum
1334 2684 1501 2758 Platonem,
1524 2694 1570 2743 est
1593 2702 1745 2765 aquarum
1768 2683 1876 2743 thasau-

436 2772 590 2851 aecipitur,
613 2780 648 2830 ut
671 2779 792 2848 regatur
808 2791 826 2829 s
841 2771 951 2830 verbu:
977 2771 1112 2831 tradidit
1119 2794 1131 2849 ,·
1185 2789 1245 2842 rus,
1267 2790 1344 2851 quas
1367 2771 1477 2831 evomit
1499 2779 1592 2849 atque
1614 2771 1763 2831 resorbet.
1791 2767 1877 2838 Unda

436 2854 586 2936 quomodo
613 2857 748 2929 dicimus,
774 2855 905 2937 aliquam
932 2858 1010 2920 tradi
1033 2867 1129 2919 cuate-
1184 2859 1262 2918 sieut
1284 2859 1313 2918 in
1337 2859 1430 2918 sacris
1452 2857 1550 2919 literis
1573 2859 1715 2933 abyssus,
1746 2857 1792 2918 ita
1806 2852 1876 2939 apud

435 2943 512 3016 diae,
535 2946 656 3015 carceri,
678 2944 815 3016 vinculis,
837 2944 981 3006 videlicet
1001 2948 1130 3007 retinen·
1185 2955 1323 3006 auctores
1337 2945 1480 3025 profanos
1496 2952 1641 3007 testem·
1662 2946 1814 3023 accipitur
1831 2961 1875 3024 pm

435 3030 506 3090 dum
522 3050 559 3089 ac
574 3027 779 3109 puniendum
805 3033 877 3091 item
901 3033 1044 3103 ministro,
1071 3043 1129 3093 tor·
1183 3031 1256 3094 locis
1269 3032 1432 3092 inferorum
1445 3031 1698 3111 profundissimis.
1715 3031 1788 3092 Hos
1797 3028 1875 3091 mode

434 3118 565 3188 toribus,
591 3117 698 3176 Matth.
727 3117 755 3177 δ.
783 3124 813 3176 et
841 3117 907 3194 18.;
934 3137 1032 3198 neque
1058 3138 1130 3180 vero
1182 3128 1325 3179 tartarum
1349 3119 1501 3179 intellexit
1514 3116 1729 3191 Oeeumanius,
1753 3129 1787 3180 et
1808 3120 1875 3178 inter

434 3205 522 3266 aliter
544 3202 629 3264 locus
651 3202 762 3277 Juese,
786 3206 836 3283 qui
859 3204 930 3265 huic
952 3204 1057 3266 similis
1073 3214 1129 3275 est,
1181 3207 1306 3267 Latinos
1318 3206 1486 3266 neotericos
1498 3202 1678 3286 cajetanus,
1691 3204 1872 3272 catherinus,

435 3299 541 3352 etcum
553 3309 613 3371 quo
627 3309 671 3362 es,
687 3309 766 3369 quae
781 3290 830 3350 hic
846 3290 994 3364 dicuntur,
1010 3294 1129 3352 omnino
1183 3292 1405 3366 Titelmannus,
1420 3292 1564 3369 Lorinne;
1581 3291 1728 3375 aquibus
1744 3313 1802 3354 nec
1813 3289 1872 3351 (lm

434 3377 618 3441 conferenda
632 3385 709 3449 sunt,
732 3379 827 3457 accipi
849 3386 956 3458 potest.
986 3378 1036 3439 Sic
1051 3381 1129 3439 enim
1183 3379 1339 3440 thusianus
1352 3376 1487 3452 dissidet,
1502 3381 1623 3441 tametsi
1634 3380 1751 3460 prioris
1764 3393 1872 3459 qnoque

434 3464 1128 3540 habet:Anpcloaquinonaerouoemntetc„
1182 3484 1287 3525 sensus
1302 3465 1479 3526 meminerit

433 3555 470 3613 in
491 3552 649 3627 judicium
670 3553 780 3625 macrii
795 3552 860 3611 disi
873 3553 1011 3612 vinealis
1024 3560 1128 3612 creter-
1226 3551 1335 3630 Neque
1350 3560 1452 3611 tamen
1467 3552 1519 3612 isti
1533 3558 1658 3630 negant.
1674 3554 1771 3613 etiam
1786 3558 1871 3613 aaut·

432 3641 485 3700 nis
506 3640 564 3699 aab
577 3638 713 3713 oellpioe
728 3642 909 3699 reservavit.
932 3638 980 3697 Ita
999 3638 1128 3717 legimus
1181 3639 1261 3698 hunc
1276 3637 1474 3718 caliginosum
1498 3657 1567 3699 essa
1582 3657 1738 3699 carcerem
1755 3645 1788 3699 et
1801 3637 1869 3698 habi

432 3727 528 3805 Apoc.
546 3726 605 3808 203,
630 3721 782 3785 diabolum
805 3734 913 3786 eatena
928 3745 1037 3804 magna
1053 3725 1128 3804 liga·
1182 3724 1316 3785 taculum
1337 3724 1521 3785 daemonum
1552 3725 1611 3784 ilat
1634 3725 1716 3785 enim
1732 3726 1871 3800 herent

432 3821 496 3873 tum
511 3812 608 3874 teneri
630 3814 659 3872 in
682 3810 794 3890 abysso
818 3830 878 3889 per
903 3830 1008 3873 aanor
1033 3814 1128 3885 mille,
1181 3810 1285 3872 scribit
1300 3814 1511 3891 Hieronymus,
1530 3829 1690 3891 exponens
1705 3820 1804 3893 capnt
1815 3828 1869 3873 sax·

432 3907 469 3961 να
496 3918 565 3962 non
587 3900 718 3960 seducat
743 3900 884 3975 emplius
908 3905 1022 3974 pentes
1063 3899 1129 3958 Noc
1180 3904 1244 3958 tum
1273 3898 1431 3978 Epistulae
1458 3898 1499 3958 ad
1528 3898 1701 3977 Ephesios,
1740 3901 1871 3960 omnis!

431 4006 506 4068 opus
521 3987 682 4047 admonere
706 3985 853 4059 lectorem,
875 3986 1020 4059 vincalo,
1042 3994 1128 4046 cete·
1182 3985 1346 4046 doctorum
1374 3987 1495 4060 opinio,
1523 3984 1609 4061 quod
1634 3991 1695 4045 αέα
1721 3990 1792 4059 iste,
1816 3985 1869 4063 psi,

429 4091 507 4147 nus,
537 4090 678 4133 carceres
708 4073 740 4132 in
768 4073 939 4151 hujusmodi
967 4072 1128 4153 scripturis
1182 4072 1302 4132 eoelum
1328 4079 1357 4131 et
1371 4080 1490 4132 terrem
1507 4070 1630 4131 medius
1645 4073 1808 4146 disideras,
1828 4076 1870 4130 is·

431 4162 529 4240 accipi
545 4157 758 4237 metaphorice.
1182 4179 1245 4220 arse
1270 4160 1474 4234 appelletur,
1500 4159 1618 4234 plenus
1642 4162 1685 4220 sit
1709 4159 1871 4222 walteria

476 4247 641 4325 Quaeritur
656 4255 764 4316 antem,
789 4245 860 4324 quid
876 4250 994 4306 tartari
1009 4247 1128 4306 nomine
1179 4246 1435 4324 fortitudinibus.
1450 4245 1511 4306 Sed
1527 4253 1653 4317 tantum,
1671 4248 1750 4327 qnid
1766 4246 1870 4307 mel

432 4335 468 4395 B.
495 4335 604 4394 Petrus
631 4331 831 4409 significatum
858 4332 988 4393 voluerit
1014 4335 1044 4393 in
1074 4332 1126 4392 illo
1181 4334 1299 4393 nomine
1329 4335 1436 4393 Petrus
1465 4330 1672 4405 intellexerit,
1708 4339 1869 4415 exponunt3

427 4422 538 4483 verbo:
566 4408 779 4495 ταρταρώσας.
811 4417 961 4499 Plerique,
977 4420 1007 4479 S·
1025 4421 1126 4497 Augu·
1180 4440 1235 4479 nec
1252 4419 1314 4478 ulls
1330 4420 1529 4499 repugnantia
1545 4428 1598 4477 eet.
1630 4420 1675 4480 Ut
1697 4423 1781 4481 enim
1795 4417 1869 4480 multi

429 4510 542 4568 atinum
560 4515 591 4566 et
606 4503 719 4564 Bedam
735 4506 839 4578 secuti,
861 4513 1021 4566 serrorum
1037 4509 1125 4566 inter·
1180 4507 1343 4567 daemones
1358 4507 1388 4565 in
1400 4505 1456 4566 hoc
1470 4512 1541 4565 aifre
1552 4516 1725 4580 versantur,
1741 4510 1785 4567 ita
1796 4502 1870 4567 malti

428 4602 583 4676 pratantur
612 4598 713 4651 aerem
744 4590 824 4649 hunc
851 4593 1065 4670 caliginosum,
1096 4594 1126 4653 in
1170 4611 1301 4673 ‘quoque
1324 4591 1491 4653 detinentur
1514 4592 1654 4652 claustris
1683 4594 1804 4655 inferni.
1831 4591 1868 4652 Ac

427 4699 517 4761 quem
551 4678 646 4739 veluti
677 4680 707 4737 in
738 4696 886 4738 carcerem
916 4678 1026 4739 detrusi
1056 4687 1127 4739 sunt
1179 4680 1344 4740 verisimile
1365 4689 1420 4750 eet,
1444 4697 1547 4738 omnes
1569 4679 1699 4759 angelos
1715 4689 1869 4761 apostalae

431 4766 603 4838 daemones,
620 4774 651 4825 et
666 4766 698 4825 in
714 4782 775 4843 quo
791 4763 963 4826 detinentur
978 4764 1125 4844 nequead
1179 4768 1266 4827 simul
1296 4777 1389 4845 atque
1418 4775 1630 4846 peccaverunt,
1662 4770 1693 4828 in
1722 4768 1822 4828 locum
1842 4781 1869 4824 sa

428 4864 595 4914 extremum
608 4852 765 4929 judicium.
796 4850 891 4911 Addit
905 4851 1051 4923 Adamus,
1075 4870 1124 4911 ex·
1180 4852 1310 4933 dignum,
1332 4852 1390 4914 hoe
1404 4863 1459 4925 est,
1481 4853 1513 4911 in
1527 4853 1714 4931 protundum
1731 4854 1867 4916 inlesum

427 4958 544 5019 ponens
560 4937 656 4997 losum
673 4936 784 5006 Judae,
800 4937 878 4997 hunc
891 4945 991 4998 aerem
1004 4958 1022 4997 a
1034 4937 1125 4998 Petro
1180 4939 1315 5018 dejectos
1337 4959 1374 5000 ac
1396 4940 1613 5020 praecipitatos
1635 4939 1757 5020 luieac3
1778 4949 1868 5025 postu

432 5032 596 5088 leviarum
610 5023 766 5105 appellari,
787 5026 873 5102 qaod
893 5025 1126 5086 turbulentissi-
1178 5046 1252 5089 vero
1266 5028 1434 5108 principem
1449 5045 1562 5101 eorum,
1588 5026 1652 5091 Dei
1662 5027 1795 5108 judicio,
1811 5045 1865 5110 p*
