4442 5825
392 580 469 655 230
908 567 1332 627 muneremunere

391 749 509 815 Graece
525 747 568 808 sic
584 753 708 808 sonent:
736 747 778 807 Et
791 754 949 824 quaene·
963 748 1086 824 repori-
1103 744 1106 753 ’
1181 746 1233 808 Ad
1255 746 1431 806 multorum
1454 744 1679 806 nicomede

390 845 459 899 tum
475 834 708 897 ettomtnttnu
722 834 816 894 semel
830 836 922 894 mori.
944 834 1086 893 Attamen
1138 832 1202 893 Alii
1224 832 1345 913 quidem
1367 832 1505 891 homines
1530 832 1697 892 moriuntur

390 920 616 985 similitudinem
632 920 810 1000 significari,
835 920 945 1000 probet
958 920 1086 981 alterum
1138 928 1314 1001 ponentem,
1344 916 1484 978 Christus
1506 928 1607 977 sutem
1633 938 1697 979 mor

389 1009 569 1073 membrum:
585 1009 636 1070 Sic
651 1008 897 1070 scolasticorum.
919 1007 999 1088 Syre
1010 1025 1084 1085 quo·
1138 1006 1182 1066 od
1197 1005 1435 1081 exhauriendo,
1452 1002 1518 1078 vel,
1533 1013 1566 1064 ut
1582 1004 1636 1065 elii
1653 1026 1697 1066 ve

391 1117 452 1179 qus
466 1098 563 1156 versio
579 1096 623 1154 sic
637 1095 742 1157 hebet:
770 1097 813 1157 Et
833 1097 915 1156 sicot
932 1096 1086 1155 constitu·
1138 1094 1283 1156 tollendo
1295 1099 1436 1170 peccato.
1472 1091 1551 1152 Nem
1567 1089 1697 1153 Graecus

391 1193 457 1246 tum
482 1191 526 1243 est
547 1183 623 1259 tiliis
644 1183 826 1257 bominum,
853 1190 890 1241 ut
907 1182 1002 1243 semel
1016 1199 1086 1243 mo·
1139 1173 1620 1258 vusdususpxcir,cujusverbum
1629 1169 1697 1239 estt‘

389 1275 529 1331 mantus.
545 1269 739 1347 significetur
750 1276 850 1329 eutem
861 1267 914 1329 iex
925 1269 1086 1330 ordinarie.
1139 1269 1223 1328 serie
1239 1268 1400 1347 exponitur
1420 1265 1457 1326 eb
1473 1265 1695 1344 interpretibus.

390 1358 469 1419 Nem
485 1354 753 1418 extraordinarium
775 1363 835 1428 est,
862 1355 945 1436 quod
966 1353 1087 1435 quidum
1140 1363 1188 1415 cet
1203 1357 1297 1416 enim:
1312 1353 1444 1431 referre,
1459 1369 1584 1412 turcum
1600 1353 1697 1431 ferre,

390 1446 436 1506 bis
450 1444 560 1504 mortni
582 1441 719 1514 fuerunt,
741 1450 846 1521 utpote
863 1443 1033 1504 resuscitati
1047 1439 1087 1500 ed
1140 1443 1213 1502 item
1228 1442 1358 1520 auferre
1376 1459 1432 1500 sen
1444 1440 1566 1513 tollere,
1582 1458 1694 1520 quomo

390 1533 485 1592 vitem
514 1527 685 1606 mortalem
715 1528 790 1587 sicut
816 1538 848 1589 et
872 1528 964 1601 illud,
994 1525 1089 1608 quod,
1140 1529 1293 1591 Erremus.
1332 1525 1423 1605 Quod
1450 1536 1596 1586 consonet
1621 1545 1689 1586 cnm

386 1621 476 1698 juxta
491 1613 678 1696 quorundum
702 1616 876 1693 opinionem
895 1616 934 1677 eb
949 1614 1087 1675 Ecclesia
1140 1618 1286 1676 versione.
1319 1612 1465 1695 Numqui
1480 1613 1633 1686 exhaurit,
1648 1632 1697 1693 per

391 1724 450 1765 non
474 1701 686 1782 improbatum,
713 1706 768 1778 qut
793 1702 830 1764 tn
852 1703 994 1764 adventu
1017 1701 1086 1762 De·
1141 1702 1183 1762 lit
1206 1702 1317 1762 Vernm
1330 1699 1562 1779 chrysostomus
1575 1707 1697 1761 ecceeb

392 1793 473 1853 misti
487 1788 690 1865 reperientur
705 1790 789 1862 vt'vt',
819 1790 885 1850 sine
899 1796 994 1849 morte
1008 1807 1085 1848 mor·
1141 1790 1169 1849 ci
1185 1787 1223 1849 de
1238 1788 1390 1848 oblatione
1406 1789 1651 1867 interpretantur,
1668 1785 1697 1846 ln

389 1876 535 1939 telitstem
550 1882 671 1936 exuent
709 1874 803 1937 Porro
818 1877 881 1935 eisc
896 1875 993 1956 leges:
1020 1881 1087 1935 eta·
1142 1873 1259 1936 Obtulit
1274 1894 1312 1937 ec
1327 1872 1410 1933 Petri
1422 1870 1607 1944 remittenda,
1623 1891 1697 1953 quor

391 1970 495 2025 tutum
512 1969 555 2022 eet
568 1961 749 2022 tomentum
756 2006 766 2037 ,
793 1962 873 2023 sive:
902 1964 1085 2039 repositum,
1140 1970 1268 2043 peccate
1291 1968 1393 2020 nostre
1406 1960 1474 2021 Deo
1498 1959 1665 2034 offerimus,
1690 1980 1697 2018 ι

392 2048 541 2128 quomodo
557 2058 660 2109 noster
674 2050 820 2129 interpres
836 2048 908 2109 olibi
923 2051 1028 2122 vertit,
1054 2057 1087 2109 ut
1141 2052 1273 2111 Dimitte
1303 2047 1392 2109 nobis
1418 2047 1524 2107 debita
1553 2055 1676 2107 nostro.

390 2139 492 2199 Lucre
509 2139 575 2207 19„
599 2134 714 2196 Colone.
732 2141 759 2196 1.
776 2139 819 2201 2.,
847 2135 928 2196 Tim.
942 2138 987 2207 4.,
1014 2137 1087 2208 eive,
1141 2137 1233 2211 enim,
1260 2134 1409 2196 Graecum
1431 2136 1571 2207 verbum,
1598 2136 1693 2194 etiem

393 2220 474 2303 quod
496 2222 547 2283 clii
568 2221 700 2282 molunt:
731 2231 840 2283 marcet
862 2223 1022 2298 homines,
1051 2229 1088 2283 ut
1141 2224 1253 2303 pturis,
1269 2221 1417 2282 interdum
1432 2223 1529 2302 accipi
1545 2241 1599 2301 pro
1616 2240 1672 2295 eo,

390 2309 932 2388 rememorentur:intelligendum
944 2311 1088 2383 est,henc
1141 2310 1272 2387 offerre,
1302 2317 1336 2368 ut
1364 2306 1463 2368 Jacob
1493 2312 1538 2369 2:
1576 2307 1697 2386 Offerre

391 2399 489 2477 legem
504 2398 767 2457 nenecessitatem
790 2415 931 2457 emanere
954 2418 991 2459 ex
1003 2398 1088 2475 justo
1141 2397 1242 2473 filium
1254 2414 1345 2456 mum
1354 2416 1366 2470 ,·
1385 2399 1400 2453 1
1415 2393 1481 2455 Pet
1495 2399 1530 2456 2:
1547 2394 1697 2472 offerres

392 2485 452 2546 Dei
468 2482 601 2555 decreto,
627 2483 709 2564 quod
724 2482 872 2544 bominem
889 2493 1087 2564 transgresso·
1142 2483 1326 2544 lesbon-ior.
1357 2482 1397 2542 Et
1421 2482 1452 2540 in
1468 2480 1606 2560 hecipsn
1621 2483 1696 2561 Epis

393 2590 455 2632 rern
471 2588 540 2628 cum
565 2578 628 2640 tote
649 2571 824 2650 posteritate
845 2570 932 2631 morti
954 2569 1088 2650 subjecit,
1143 2574 1171 2631 7.
1194 2569 1288 2630 semel
1310 2569 1483 2642 etiterum,
1510 2567 1578 2629 dum
1603 2570 1660 2628 eit:
1689 2578 1697 2642 t

394 2657 502 2718 Gencs.
518 2656 548 2715 3.
1141 2657 1233 2716 babet
1259 2658 1472 2716 necessitatem
1498 2655 1639 2732 quotidie
1664 2675 1697 2732 pt

436 2745 512 2805 Post
536 2743 593 2802 boc
620 2749 725 2802 aetem
747 2742 915 2817 judicium.
953 2742 1089 2804 Subuudi
1141 2747 1205 2805 suis
1220 2744 1342 2804 delictis
1356 2743 1474 2803 bestiae
1490 2744 1622 2821 offerre,
1649 2743 1697 2802 det

394 2850 432 2890 ex
445 2837 530 2908 perte
538 2827 751 2908 praecedente:
767 2836 921 2891 statutum
929 2849 984 2890 seu
993 2847 1088 2906 repo·
1139 2831 1273 2908 popult5
1300 2831 1357 2889 boe
1383 2832 1466 2889 enim
1487 2830 1564 2908 [ecit
1586 2831 1681 2890 semel

395 2920 489 2978 titum
520 2924 563 2976 est
595 2916 793 2993 tomentum,-
831 2917 951 2978 temetsi
987 2925 1089 2996 potest
1142 2919 1260 2995 rend05
1291 2925 1323 2976 et
1349 2915 1428 2977 inire
1454 2937 1519 2997 cep.
1549 2922 1613 2979 13.:
1643 2919 1697 2978 Pet

395 3005 483 3063 etism
499 3002 637 3063 obsolute
648 3002 723 3063 becc
734 3023 803 3083 pure
814 3005 926 3083 eceipi:
941 3005 1017 3065 Poet
1031 3005 1089 3065 boe
1142 3007 1312 3084 offeramus
1326 3004 1460 3064 boetiam
1480 3005 1594 3064 laudis.
1630 3005 1696 3065 Fsv

396 3097 502 3150 eutem
527 3090 685 3164 judicium
715 3095 794 3164 erit,
822 3089 855 3150 id
881 3099 926 3151 est
951 3090 1089 3152 omnibus
1142 3092 1212 3153 huic
1227 3091 1394 3151 intellectui
1414 3093 1514 3151 versio
1530 3091 1673 3170 Syrisce,

395 3186 464 3258 post
477 3186 601 3237 mortem
619 3176 855 3256 exspectandum
878 3185 924 3238 est
935 3177 1089 3257 judicium,
1142 3177 1245 3239 hebet:
1268 3180 1312 3239 Et
1327 3180 1362 3237 in
1385 3196 1416 3237 se
1431 3181 1499 3253 ipso
1515 3178 1695 3238 immolauit

396 3282 457 3344 quo
476 3261 648 3341 judicentur
670 3263 770 3323 aDeo
792 3264 956 3326 secundum
976 3268 1090 3325 merite.
1144 3266 1328 3325 multorum.

396 3350 498 3413 Sermo
522 3358 566 3409 est
587 3347 627 3410 de
644 3349 763 3429 judicio
787 3352 964 3425 universali,
990 3351 1090 3412 futuro
1186 3351 1246 3413 Sed
1261 3360 1360 3412 temen
1383 3349 1459 3410 hece
1483 3353 1691 3431 interpretatio

395 3445 462 3518 post
478 3438 607 3497 omnium
620 3438 874 3511 resurrectionem,
891 3439 978 3517 qussi
994 3437 1090 3500 dicet:
1143 3459 1208 3498 rum
1231 3439 1325 3499 hebet
1347 3437 1534 3498 incommodi.
1571 3439 1697 3498 Primun

394 3525 599 3604 Posteaquam
621 3524 714 3584 semel
736 3526 845 3585 mortui
864 3527 1090 3599 resurrexerint,
1146 3526 1249 3605 lingue
1265 3525 1438 3603 Scripturae
1460 3544 1563 3585 sacres
1579 3522 1697 3587 elienor

394 3632 455 3672 non
470 3611 578 3671 iterum
593 3614 769 3686 morientur3
793 3612 845 3672 sed
858 3610 1005 3690 judicium
1022 3621 1092 3673 tunc
1144 3633 1228 3685 cete,
1247 3611 1326 3692 quod
1344 3621 1470 3690 peccate
1485 3614 1550 3672 Deo
1566 3613 1697 3673 offerunt

397 3698 427 3757 in
442 3716 495 3758 eos
510 3696 697 3757 exercebitur
714 3696 758 3756 de
773 3696 860 3758 fectis
876 3699 959 3759 vitre
975 3700 1089 3778 prioris.
1144 3721 1197 3779 per
1227 3701 1305 3760 enim
1331 3696 1447 3758 oblatio
1477 3698 1514 3760 de
1539 3699 1626 3760 bonis
1653 3702 1697 3761 int

440 3784 489 3845 28.
512 3785 563 3844 sie
579 3790 609 3843 et
624 3784 765 3846 Christus
786 3786 880 3845 semel
895 3786 1023 3847 oblutus
1037 3793 1089 3847 eet.
1144 3786 1261 3848 Deinde
1283 3788 1357 3864 quie
1379 3805 1475 3845 sermo
1497 3785 1637 3865 Apostoli
1665 3807 1697 3847 er

393 3869 524 3930 Verbum
547 3878 591 3929 eet
613 3871 644 3929 in
660 3868 775 3931 Graeco
794 3893 854 3931 non
869 3870 1004 3948 additur3
1030 3874 1089 3933 imo
1144 3875 1264 3933 cinnus:
1289 3873 1429 3933 Christus
1444 3872 1567 3934 oblotue
1583 3880 1644 3947 eet,
1660 3881 1698 3934 ut

394 3974 452 4016 nec
465 3956 580 4035 petitur
595 3954 714 4016 Graece
729 3957 927 4030 consuetudo,
950 3968 982 4019 ut
998 3959 1088 4020 udde·
1141 3968 1281 4037 peccatu.
1311 3958 1409 4018 Multo
1426 3961 1537 4041 quippe
1552 3964 1697 4021 convenis

394 4051 459 4114 tur,
485 4051 517 4102 et
530 4043 596 4102 sine
618 4043 781 4123 cooptime
803 4054 923 4106 constet
936 4046 1025 4124 hujus
1040 4066 1089 4126 pe·
1144 4048 1221 4107 citur
1243 4046 1384 4120 oblutus,
1414 4054 1450 4107 ut
1472 4048 1633 4123 auferret,
1664 4047 1697 4109 dr

394 4126 471 4188 ricdi
485 4129 648 4202 sententis,
677 4140 711 4190 ut
726 4128 850 4192 dubium
866 4134 993 4204 nonsit,
1017 4136 1090 4211 quin
1143 4154 1180 4192 ae
1202 4131 1371 4193 destrueret
1390 4142 1531 4212 peccete3
1558 4136 1634 4193 sicut
1657 4154 1697 4214 pu

394 4216 591 4293 ebimperito
615 4218 771 4294 quopiam,
798 4219 851 4297 qui
877 4222 1028 4299 putruerit
1050 4218 1089 4280 ed
1144 4220 1326 4279 dictumest.
1356 4219 1495 4300 Denique
1510 4222 1536 4280 si
1552 4220 1697 4282 oblatione

393 4321 514 4363 sensum
538 4302 660 4375 deesse,
686 4302 775 4364 fuerit
793 4305 953 4383 adjectum.
991 4308 1088 4386 Argu·
1143 4307 1232 4367 ficere
1254 4306 1348 4366 voluit
1364 4307 1542 4385 Apostolus,
1570 4328 1697 4387 quorsus

392 4390 535 4450 mentetiu
551 4388 639 4449 Pauli
656 4389 725 4450 tulis
741 4399 800 4450 est:
832 4390 976 4464 Christus,
990 4390 1088 4453 iectus
1142 4395 1194 4453 bnt
1208 4392 1333 4453 verbum
1355 4396 1465 4453 mutari
1488 4396 1518 4456 iu
1541 4394 1646 4455 eudem
1665 4415 1697 4458 sc

393 4476 497 4548 homo,
520 4475 613 4536 subiit
628 4476 830 4538 conditionem
846 4477 1019 4553 bumcnem3
1046 4488 1088 4539 et·
1143 4480 1212 4541 Jcm
1229 4482 1307 4540 enim
1330 4480 1389 4539 clio
1412 4478 1504 4541 verbo
1528 4480 1659 4555 dixerut,
1688 4484 1697 4540 t

393 4564 447 4642 qui
461 4562 597 4623 homines
617 4564 693 4623 mori
715 4583 841 4625 necesse
864 4574 926 4637 est,
950 4561 1006 4625 sed
1029 4587 1089 4627 non
1143 4567 1275 4628 oblatum
1294 4585 1367 4627 esee.

392 4650 450 4709 nisi
465 4649 573 4725 semel;
598 4650 689 4727 igitur
711 4659 743 4711 et
756 4647 895 4711 Christus
910 4649 1002 4712 semel
1024 4659 1087 4714 tsn-
1186 4655 1289 4734 Quare
1304 4652 1461 4714 dicendum
1474 4656 1573 4732 potius
1588 4654 1697 4717 erbitrt

393 4742 455 4794 tum
471 4737 547 4796 mori
565 4734 682 4811 debuit,
710 4746 740 4797 et
755 4746 974 4816 consequenter
996 4739 1089 4799 semel
1142 4759 1207 4799 cem
1223 4759 1328 4800 vocem
1344 4739 1394 4799 hie
1405 4740 1533 4819 positam
1547 4761 1600 4821 pro
1612 4761 1660 4815 eo,
1675 4762 1695 4823 q

393 4829 509 4884 nutum
524 4822 638 4898 offerri,
665 4824 739 4903 quin
763 4822 876 4884 oblatio
891 4824 966 4885 heee
981 4845 1040 4885 non
1055 4826 1089 4885 fit
1141 4845 1265 4887 sursum
1279 4827 1385 4905 serre,
1414 4829 1592 4902 sustollere,
1622 4847 1697 4906 totu

393 4909 577 4969 sinemorte.
611 4910 758 4991 Loquitur
773 4911 853 4972 enim
868 4909 1034 4992 Apostolus
1049 4911 1089 4973 de
1141 4932 1237 4987 vere,
1254 4912 1311 4973 hoc
1326 4922 1427 4974 eutem
1444 4923 1697 4995 esttportur051

392 4993 546 5064 oblrtieue
555 5004 689 5076 cruente,
698 4998 778 5062 sient
787 4999 925 5086 superius
936 4996 1088 5082 edmonui.
1141 5002 1196 5078 sit,
1212 4997 1365 5063 Christum
1381 5001 1516 5066 oblutum
1530 5001 1643 5081 tuisse,
1663 5014 1697 5067 nt
