<?xml version="1.0" encoding="UTF-8"?>
<!DOCTYPE html PUBLIC "-//W3C//DTD XHTML 1.0 Transitional//EN"
    "http://www.w3.org/TR/xhtml1/DTD/xhtml1-transitional.dtd">
<html xmlns="http://www.w3.org/1999/xhtml" xml:lang="en" lang="en">
 <head>
  <title>
</title>
<meta http-equiv="Content-Type" content="text/html;charset=utf-8" />
  <meta name='ocr-system' content='tesseract 3.04.00' />
  <meta name='ocr-capabilities' content='ocr_page ocr_carea ocr_par ocr_line ocrx_word'/>
</head>
<body>
  <div class='ocr_page' id='page_1' title='image "./guilielmiestiii01estigoog_0742.png"; bbox 0 0 4442 5825; ppageno 0'>
   <div class='ocr_carea' id='block_1_1' title="bbox 452 591 525 659">
    <p class='ocr_par' dir='ltr' id='par_1_1' title="bbox 452 591 525 659">
     <span class='ocr_line' id='line_1_1' title="bbox 452 591 525 659; baseline -0.014 0"><span class='ocrx_word' id='word_1_1' title='bbox 452 591 525 659; x_wconf 75' lang='grc'><strong>732</strong></span> 
     </span>
    </p>
   </div>
   <div class='ocr_carea' id='block_1_2' title="bbox 387 750 1144 3002">
    <p class='ocr_par' dir='ltr' id='par_1_2' title="bbox 448 750 1142 1012">
     <span class='ocr_line' id='line_1_2' title="bbox 448 750 1142 837; baseline 0 -17"><span class='ocrx_word' id='word_1_2' title='bbox 448 779 531 820; x_wconf 88' lang='lat' dir='ltr'><strong>scere</strong></span> <span class='ocrx_word' id='word_1_3' title='bbox 552 778 616 834; x_wconf 89' lang='lat' dir='ltr'><strong>nes,</strong></span> <span class='ocrx_word' id='word_1_4' title='bbox 632 750 721 837; x_wconf 76' lang='lat' dir='ltr'><strong>&#39;quod</strong></span> <span class='ocrx_word' id='word_1_5' title='bbox 744 757 836 818; x_wconf 90' lang='lat' dir='ltr'><strong>simus</strong></span> <span class='ocrx_word' id='word_1_6' title='bbox 852 778 1009 820; x_wconf 90' lang='lat' dir='ltr'><strong>enumero</strong></span> <span class='ocrx_word' id='word_1_7' title='bbox 1034 759 1142 820; x_wconf 88' lang='lat' dir='ltr'><strong>electo·</strong></span> 
     </span>
     <span class='ocr_line' id='line_1_3' title="bbox 448 844 1142 924; baseline -0.001 -18"><span class='ocrx_word' id='word_1_8' title='bbox 448 867 521 920; x_wconf 86' lang='lat' dir='ltr'><strong>rum,</strong></span> <span class='ocrx_word' id='word_1_9' title='bbox 545 847 617 924; x_wconf 85' lang='lat' dir='ltr'><strong>quie</strong></span> <span class='ocrx_word' id='word_1_10' title='bbox 638 844 745 905; x_wconf 88' lang='lat' dir='ltr'><strong>irstres</strong></span> <span class='ocrx_word' id='word_1_11' title='bbox 769 864 859 924; x_wconf 89' lang='lat' dir='ltr'><strong>opere</strong></span> <span class='ocrx_word' id='word_1_12' title='bbox 874 854 905 907; x_wconf 90' lang='lat' dir='ltr'><strong>et</strong></span> <span class='ocrx_word' id='word_1_13' title='bbox 920 846 1049 907; x_wconf 76' lang='lat' dir='ltr'><strong>veritate</strong></span> <span class='ocrx_word' id='word_1_14' title='bbox 1072 844 1142 906; x_wconf 88' lang='lat' dir='ltr'><strong>dili·</strong></span> 
     </span>
     <span class='ocr_line' id='line_1_4' title="bbox 450 933 557 1012; baseline 0 -20"><span class='ocrx_word' id='word_1_15' title='bbox 450 933 557 1012; x_wconf 77' lang='lat' dir='ltr'><strong>gimus.</strong></span> 
     </span>
    </p>

    <p class='ocr_par' dir='ltr' id='par_1_3' title="bbox 387 1018 1144 2293">
     <span class='ocr_line' id='line_1_5' title="bbox 492 1018 1143 1099; baseline -0.002 -20"><span class='ocrx_word' id='word_1_16' title='bbox 492 1019 573 1079; x_wconf 90' lang='lat' dir='ltr'><strong>Illud</strong></span> <span class='ocrx_word' id='word_1_17' title='bbox 588 1028 737 1099; x_wconf 88' lang='lat' dir='ltr'><strong>pestremo</strong></span> <span class='ocrx_word' id='word_1_18' title='bbox 753 1018 925 1091; x_wconf 76' lang='lat' dir='ltr'><strong>notandum,</strong></span> <span class='ocrx_word' id='word_1_19' title='bbox 949 1021 980 1079; x_wconf 91' lang='lat' dir='ltr'><strong>in</strong></span> <span class='ocrx_word' id='word_1_20' title='bbox 997 1038 1041 1090; x_wconf 89' lang='lat' dir='ltr'><strong>eo,</strong></span> <span class='ocrx_word' id='word_1_21' title='bbox 1061 1018 1143 1098; x_wconf 91' lang='lat' dir='ltr'><strong>quod</strong></span> 
     </span>
     <span class='ocr_line' id='line_1_6' title="bbox 449 1105 1141 1182; baseline 0.001 -17"><span class='ocrx_word' id='word_1_22' title='bbox 449 1105 538 1166; x_wconf 90' lang='lat' dir='ltr'><strong>dicit:</strong></span> <span class='ocrx_word' id='word_1_23' title='bbox 559 1107 784 1182; x_wconf 75' lang='lat' dir='ltr'><strong>coqncscimus,</strong></span> <span class='ocrx_word' id='word_1_24' title='bbox 801 1125 836 1165; x_wconf 85' lang='lat' dir='ltr'><strong>ec</strong></span> <span class='ocrx_word' id='word_1_25' title='bbox 851 1126 981 1165; x_wconf 89' lang='lat' dir='ltr'><strong>rursum:</strong></span> <span class='ocrx_word' id='word_1_26' title='bbox 1005 1108 1041 1166; x_wconf 82' lang='lat' dir='ltr'><strong>ies</strong></span> <span class='ocrx_word' id='word_1_27' title='bbox 1064 1123 1141 1166; x_wconf 82' lang='lat' dir='ltr'><strong>cou-</strong></span> 
     </span>
     <span class='ocr_line' id='line_1_7' title="bbox 447 1192 1141 1269; baseline -0.004 -16"><span class='ocrx_word' id='word_1_28' title='bbox 447 1200 555 1269; x_wconf 83' lang='lat' dir='ltr'><strong>spsctu</strong></span> <span class='ocrx_word' id='word_1_29' title='bbox 580 1195 642 1254; x_wconf 83' lang='lat' dir='ltr'><strong>Dei</strong></span> <span class='ocrx_word' id='word_1_30' title='bbox 668 1192 868 1252; x_wconf 71' lang='lat' dir='ltr'><strong><em>suadebimus</em></strong></span> <span class='ocrx_word' id='word_1_31' title='bbox 894 1193 992 1252; x_wconf 83' lang='lat' dir='ltr'><strong>corda</strong></span> <span class='ocrx_word' id='word_1_32' title='bbox 1018 1199 1141 1267; x_wconf 84' lang='lat' dir='ltr'><strong>uestra,</strong></span> 
     </span>
     <span class='ocr_line' id='line_1_8' title="bbox 448 1279 1141 1358; baseline -0.003 -19"><span class='ocrx_word' id='word_1_33' title='bbox 448 1300 509 1339; x_wconf 91' lang='lat' dir='ltr'><strong>non</strong></span> <span class='ocrx_word' id='word_1_34' title='bbox 524 1279 688 1357; x_wconf 73' lang='lat' dir='ltr'><strong>significari</strong></span> <span class='ocrx_word' id='word_1_35' title='bbox 711 1280 910 1356; x_wconf 82' lang='lat' dir='ltr'><strong>cognitionem</strong></span> <span class='ocrx_word' id='word_1_36' title='bbox 927 1288 958 1338; x_wconf 91' lang='lat' dir='ltr'><strong>et</strong></span> <span class='ocrx_word' id='word_1_37' title='bbox 972 1279 1141 1358; x_wconf 83' lang='lat' dir='ltr'><strong>persuasio·</strong></span> 
     </span>
     <span class='ocr_line' id='line_1_9' title="bbox 448 1363 1140 1436; baseline -0.003 -10"><span class='ocrx_word' id='word_1_38' title='bbox 448 1385 517 1426; x_wconf 83' lang='lat' dir='ltr'><strong>neus</strong></span> <span class='ocrx_word' id='word_1_39' title='bbox 534 1375 646 1426; x_wconf 85' lang='lat' dir='ltr'><strong>certem</strong></span> <span class='ocrx_word' id='word_1_40' title='bbox 668 1373 699 1424; x_wconf 87' lang='lat' dir='ltr'><strong>et</strong></span> <span class='ocrx_word' id='word_1_41' title='bbox 713 1364 912 1436; x_wconf 78' lang='lat' dir='ltr'><strong>infallibilem,</strong></span> <span class='ocrx_word' id='word_1_42' title='bbox 936 1365 1000 1425; x_wconf 87' lang='lat' dir='ltr'><strong>sive</strong></span> <span class='ocrx_word' id='word_1_43' title='bbox 1023 1363 1140 1424; x_wconf 89' lang='lat' dir='ltr'><strong>electio·</strong></span> 
     </span>
     <span class='ocr_line' id='line_1_10' title="bbox 448 1451 1144 1530; baseline -0.003 -19"><span class='ocrx_word' id='word_1_44' title='bbox 448 1454 496 1512; x_wconf 91' lang='lat' dir='ltr'><strong>nis</strong></span> <span class='ocrx_word' id='word_1_45' title='bbox 516 1461 652 1525; x_wconf 84' lang='lat' dir='ltr'><strong>nostrus,</strong></span> <span class='ocrx_word' id='word_1_46' title='bbox 674 1451 740 1511; x_wconf 87' lang='lat' dir='ltr'><strong>sive</strong></span> <span class='ocrx_word' id='word_1_47' title='bbox 763 1451 931 1530; x_wconf 78' lang='lat' dir='ltr'><strong>praesentis</strong></span> <span class='ocrx_word' id='word_1_48' title='bbox 950 1452 1090 1530; x_wconf 73' lang='lat' dir='ltr'><strong>justitiae</strong></span> <span class='ocrx_word' id='word_1_49' title='bbox 1113 1460 1144 1511; x_wconf 90' lang='lat' dir='ltr'><strong>et</strong></span> 
     </span>
     <span class='ocr_line' id='line_1_11' title="bbox 448 1537 1144 1617; baseline -0.004 -18"><span class='ocrx_word' id='word_1_50' title='bbox 448 1539 599 1600; x_wconf 77' lang='lat' dir='ltr'>amicitiae</span> <span class='ocrx_word' id='word_1_51' title='bbox 619 1558 687 1598; x_wconf 91' lang='lat' dir='ltr'><strong>cum</strong></span> <span class='ocrx_word' id='word_1_52' title='bbox 702 1537 777 1611; x_wconf 90' lang='lat' dir='ltr'><strong>Dec,</strong></span> <span class='ocrx_word' id='word_1_53' title='bbox 801 1557 890 1617; x_wconf 82' lang='lat' dir='ltr'><strong>quum</strong></span> <span class='ocrx_word' id='word_1_54' title='bbox 906 1557 944 1598; x_wconf 86' lang='lat' dir='ltr'><strong>ex</strong></span> <span class='ocrx_word' id='word_1_55' title='bbox 960 1537 1095 1598; x_wconf 91' lang='lat' dir='ltr'><strong>hocloco</strong></span> <span class='ocrx_word' id='word_1_56' title='bbox 1113 1545 1144 1598; x_wconf 85' lang='lat' dir='ltr'><strong>et</strong></span> 
     </span>
     <span class='ocr_line' id='line_1_12' title="bbox 449 1625 1142 1686; baseline -0.004 0"><span class='ocrx_word' id='word_1_57' title='bbox 449 1626 517 1686; x_wconf 84' lang='lat' dir='ltr'><strong>eliis</strong></span> <span class='ocrx_word' id='word_1_58' title='bbox 541 1625 687 1686; x_wconf 81' lang='lat' dir='ltr'>similibus</span> <span class='ocrx_word' id='word_1_59' title='bbox 710 1633 844 1684; x_wconf 74' lang='lat' dir='ltr'><strong>statuere</strong></span> <span class='ocrx_word' id='word_1_60' title='bbox 869 1632 1014 1685; x_wconf 86' lang='lat' dir='ltr'><strong>conentur</strong></span> <span class='ocrx_word' id='word_1_61' title='bbox 1036 1625 1142 1685; x_wconf 91' lang='lat' dir='ltr'><strong>horum</strong></span> 
     </span>
     <span class='ocr_line' id='line_1_13' title="bbox 448 1710 1142 1792; baseline -0.001 -21"><span class='ocrx_word' id='word_1_62' title='bbox 448 1720 615 1792; x_wconf 89' lang='lat' dir='ltr'><strong>temporum</strong></span> <span class='ocrx_word' id='word_1_63' title='bbox 630 1711 762 1788; x_wconf 79' lang='lat' dir='ltr'><strong>secterii3</strong></span> <span class='ocrx_word' id='word_1_64' title='bbox 786 1710 840 1771; x_wconf 87' lang='lat' dir='ltr'><strong>sed</strong></span> <span class='ocrx_word' id='word_1_65' title='bbox 855 1711 990 1772; x_wconf 77' lang='lat' dir='ltr'><strong>notitiam</strong></span> <span class='ocrx_word' id='word_1_66' title='bbox 1007 1710 1142 1791; x_wconf 84' lang='lat' dir='ltr'><strong>prebebi-</strong></span> 
     </span>
     <span class='ocr_line' id='line_1_14' title="bbox 448 1796 1141 1878; baseline 0 -20"><span class='ocrx_word' id='word_1_67' title='bbox 448 1798 515 1873; x_wconf 90' lang='lat' dir='ltr'><strong>lem,</strong></span> <span class='ocrx_word' id='word_1_68' title='bbox 523 1819 578 1860; x_wconf 90' lang='lat' dir='ltr'><strong>nec</strong></span> <span class='ocrx_word' id='word_1_69' title='bbox 586 1799 708 1878; x_wconf 77' lang='lat' dir='ltr'><strong>majoris</strong></span> <span class='ocrx_word' id='word_1_70' title='bbox 717 1796 913 1870; x_wconf 78' lang='lat' dir='ltr'>certitudinis,</span> <span class='ocrx_word' id='word_1_71' title='bbox 925 1817 1015 1877; x_wconf 84' lang='lat' dir='ltr'><strong>quum</strong></span> <span class='ocrx_word' id='word_1_72' title='bbox 1024 1805 1141 1878; x_wconf 76' lang='lat' dir='ltr'><strong>quanta</strong></span> 
     </span>
     <span class='ocr_line' id='line_1_15' title="bbox 448 1883 1140 1963; baseline -0.004 -17"><span class='ocrx_word' id='word_1_73' title='bbox 448 1888 566 1959; x_wconf 85' lang='lat' dir='ltr'><strong>scimus,</strong></span> <span class='ocrx_word' id='word_1_74' title='bbox 588 1905 644 1946; x_wconf 92' lang='lat' dir='ltr'><strong>nos</strong></span> <span class='ocrx_word' id='word_1_75' title='bbox 660 1904 749 1963; x_wconf 86' lang='lat' dir='ltr'><strong>opere</strong></span> <span class='ocrx_word' id='word_1_76' title='bbox 765 1895 794 1945; x_wconf 92' lang='lat' dir='ltr'><strong>et</strong></span> <span class='ocrx_word' id='word_1_77' title='bbox 808 1885 936 1944; x_wconf 69' lang='lat' dir='ltr'><strong>veritate</strong></span> <span class='ocrx_word' id='word_1_78' title='bbox 953 1883 1059 1945; x_wconf 82' lang='lat' dir='ltr'><strong>iratres</strong></span> <span class='ocrx_word' id='word_1_79' title='bbox 1076 1883 1140 1944; x_wconf 93' lang='lat' dir='ltr'><strong>dili-</strong></span> 
     </span>
     <span class='ocr_line' id='line_1_16' title="bbox 448 1970 1141 2052; baseline -0.006 -19"><span class='ocrx_word' id='word_1_80' title='bbox 448 1992 528 2051; x_wconf 77' lang='lat' dir='ltr'><strong>gere.</strong></span> <span class='ocrx_word' id='word_1_81' title='bbox 560 1972 630 2052; x_wconf 77' lang='lat' dir='ltr'><strong>Qus</strong></span> <span class='ocrx_word' id='word_1_82' title='bbox 650 1971 846 2050; x_wconf 78' lang='lat' dir='ltr'><strong>responsione</strong></span> <span class='ocrx_word' id='word_1_83' title='bbox 870 1974 984 2050; x_wconf 79' lang='lat' dir='ltr'><strong>pariter</strong></span> <span class='ocrx_word' id='word_1_84' title='bbox 1006 1970 1141 2032; x_wconf 87' lang='lat' dir='ltr'><strong>excludi·</strong></span> 
     </span>
     <span class='ocr_line' id='line_1_17' title="bbox 448 2056 1140 2139; baseline -0.003 -20"><span class='ocrx_word' id='word_1_85' title='bbox 448 2067 496 2119; x_wconf 89' lang='lat' dir='ltr'><strong>tur</strong></span> <span class='ocrx_word' id='word_1_86' title='bbox 511 2059 613 2138; x_wconf 91' lang='lat' dir='ltr'><strong>opinio</strong></span> <span class='ocrx_word' id='word_1_87' title='bbox 630 2056 793 2131; x_wconf 82' lang='lat' dir='ltr'><strong>Osthsriui,</strong></span> <span class='ocrx_word' id='word_1_88' title='bbox 810 2059 870 2133; x_wconf 91' lang='lat' dir='ltr'><strong>qui,</strong></span> <span class='ocrx_word' id='word_1_89' title='bbox 887 2059 1027 2139; x_wconf 86' lang='lat' dir='ltr'><strong>quemvis</strong></span> <span class='ocrx_word' id='word_1_90' title='bbox 1042 2056 1140 2118; x_wconf 81' lang='lat' dir='ltr'><strong>istes-</strong></span> 
     </span>
     <span class='ocr_line' id='line_1_18' title="bbox 387 2142 1141 2223; baseline -0.003 -18"><span class='ocrx_word' id='word_1_91' title='bbox 387 2142 390 2148; x_wconf 69' lang='grc'>’</span> <span class='ocrx_word' id='word_1_92' title='bbox 449 2154 505 2217; x_wconf 88' lang='lat' dir='ltr'><strong>tur,</strong></span> <span class='ocrx_word' id='word_1_93' title='bbox 522 2144 670 2223; x_wconf 90' lang='lat' dir='ltr'><strong>ejusmodi</strong></span> <span class='ocrx_word' id='word_1_94' title='bbox 683 2143 892 2205; x_wconf 89' lang='lat' dir='ltr'><strong>certitudinem</strong></span> <span class='ocrx_word' id='word_1_95' title='bbox 903 2165 963 2204; x_wconf 91' lang='lat' dir='ltr'><strong>non</strong></span> <span class='ocrx_word' id='word_1_96' title='bbox 978 2164 1045 2205; x_wconf 91' lang='lat' dir='ltr'><strong>esse</strong></span> <span class='ocrx_word' id='word_1_97' title='bbox 1060 2143 1141 2218; x_wconf 86' lang='lat' dir='ltr'><strong>fidei,</strong></span> 
     </span>
     <span class='ocr_line' id='line_1_19' title="bbox 447 2230 1015 2293; baseline -0.002 0"><span class='ocrx_word' id='word_1_98' title='bbox 447 2241 547 2293; x_wconf 75' lang='lat' dir='ltr'><strong>umen</strong></span> <span class='ocrx_word' id='word_1_99' title='bbox 563 2230 755 2292; x_wconf 75' lang='lat' dir='ltr'><strong>infallibilem</strong></span> <span class='ocrx_word' id='word_1_100' title='bbox 770 2250 835 2292; x_wconf 90' lang='lat' dir='ltr'><strong>csse</strong></span> <span class='ocrx_word' id='word_1_101' title='bbox 851 2230 1015 2292; x_wconf 76' lang='lat' dir='ltr'><strong>contendit.</strong></span> 
     </span>
    </p>

    <p class='ocr_par' dir='ltr' id='par_1_4' title="bbox 448 2319 1143 3002">
     <span class='ocr_line' id='line_1_20' title="bbox 491 2319 1142 2397; baseline -0.002 -19"><span class='ocrx_word' id='word_1_102' title='bbox 491 2320 542 2379; x_wconf 82' lang='lat'><strong>20.</strong></span> <span class='ocrx_word' id='word_1_103' title='bbox 580 2320 740 2397; x_wconf 72' lang='lat' dir='ltr'><strong>Quonim</strong></span> <span class='ocrx_word' id='word_1_104' title='bbox 765 2321 792 2378; x_wconf 85' lang='lat' dir='ltr'><strong>si</strong></span> <span class='ocrx_word' id='word_1_105' title='bbox 818 2319 1057 2396; x_wconf 81' lang='lat' dir='ltr'><strong>reprehenderit</strong></span> <span class='ocrx_word' id='word_1_106' title='bbox 1083 2335 1142 2378; x_wconf 83' lang='lat' dir='ltr'><strong>uos</strong></span> 
     </span>
     <span class='ocr_line' id='line_1_21' title="bbox 448 2404 1141 2479; baseline -0.004 -13"><span class='ocrx_word' id='word_1_107' title='bbox 448 2424 502 2467; x_wconf 85' lang='lat' dir='ltr'><strong>cor</strong></span> <span class='ocrx_word' id='word_1_108' title='bbox 531 2414 691 2479; x_wconf 81' lang='lat' dir='ltr'><strong>uestrum,</strong></span> <span class='ocrx_word' id='word_1_109' title='bbox 723 2408 829 2479; x_wconf 69' lang='lat' dir='ltr'><strong>maior</strong></span> <span class='ocrx_word' id='word_1_110' title='bbox 859 2413 903 2466; x_wconf 84' lang='lat' dir='ltr'><strong>cst</strong></span> <span class='ocrx_word' id='word_1_111' title='bbox 933 2407 1019 2467; x_wconf 85' lang='lat' dir='ltr'><strong>Deus</strong></span> <span class='ocrx_word' id='word_1_112' title='bbox 1048 2404 1141 2465; x_wconf 83' lang='lat' dir='ltr'><strong>eorde</strong></span> 
     </span>
     <span class='ocr_line' id='line_1_22' title="bbox 448 2491 1142 2567; baseline -0.006 -13"><span class='ocrx_word' id='word_1_113' title='bbox 448 2500 569 2567; x_wconf 82' lang='lat' dir='ltr'><strong>uestro,</strong></span> <span class='ocrx_word' id='word_1_114' title='bbox 593 2501 623 2554; x_wconf 88' lang='lat' dir='ltr'><strong>st</strong></span> <span class='ocrx_word' id='word_1_115' title='bbox 645 2493 736 2553; x_wconf 81' lang='lat' dir='ltr'><strong>nevit</strong></span> <span class='ocrx_word' id='word_1_116' title='bbox 760 2494 878 2552; x_wconf 82' lang='lat' dir='ltr'><strong>omniu.</strong></span> <span class='ocrx_word' id='word_1_117' title='bbox 902 2491 1075 2552; x_wconf 82' lang='lat' dir='ltr'><strong>Declsretio</strong></span> <span class='ocrx_word' id='word_1_118' title='bbox 1097 2499 1142 2550; x_wconf 90' lang='lat' dir='ltr'><strong>est</strong></span> 
     </span>
     <span class='ocr_line' id='line_1_23' title="bbox 448 2577 1140 2657; baseline -0.007 -16"><span class='ocrx_word' id='word_1_119' title='bbox 448 2599 486 2641; x_wconf 88' lang='lat' dir='ltr'><strong>ex</strong></span> <span class='ocrx_word' id='word_1_120' title='bbox 511 2582 669 2652; x_wconf 77' lang='lat' dir='ltr'><strong>conmerio,</strong></span> <span class='ocrx_word' id='word_1_121' title='bbox 692 2598 752 2657; x_wconf 84' lang='lat' dir='ltr'><strong>que</strong></span> <span class='ocrx_word' id='word_1_122' title='bbox 774 2587 866 2638; x_wconf 90' lang='lat' dir='ltr'><strong>terret</strong></span> <span class='ocrx_word' id='word_1_123' title='bbox 888 2577 1057 2638; x_wconf 82' lang='lat' dir='ltr'><strong>dilectionis</strong></span> <span class='ocrx_word' id='word_1_124' title='bbox 1081 2577 1140 2636; x_wconf 79' lang='lat' dir='ltr'><strong>ire·</strong></span> 
     </span>
     <span class='ocr_line' id='line_1_24' title="bbox 449 2663 1142 2746; baseline -0.006 -19"><span class='ocrx_word' id='word_1_125' title='bbox 449 2675 555 2727; x_wconf 76' lang='lat' dir='ltr'><strong>ternae</strong></span> <span class='ocrx_word' id='word_1_126' title='bbox 578 2664 775 2738; x_wconf 76' lang='lat' dir='ltr'><strong>simulatores,</strong></span> <span class='ocrx_word' id='word_1_127' title='bbox 800 2665 930 2744; x_wconf 78' lang='lat' dir='ltr'><strong>allegato</strong></span> <span class='ocrx_word' id='word_1_128' title='bbox 945 2665 1004 2726; x_wconf 91' lang='lat' dir='ltr'><strong>Dei</strong></span> <span class='ocrx_word' id='word_1_129' title='bbox 1015 2663 1142 2746; x_wconf 84' lang='lat' dir='ltr'><strong>judicio,</strong></span> 
     </span>
     <span class='ocr_line' id='line_1_25' title="bbox 449 2751 1142 2830; baseline -0.007 -17"><span class='ocrx_word' id='word_1_130' title='bbox 449 2753 548 2814; x_wconf 85' lang='lat' dir='ltr'><strong>omnis</strong></span> <span class='ocrx_word' id='word_1_131' title='bbox 573 2752 790 2830; x_wconf 76' lang='lat' dir='ltr'><strong>cognoscentis.</strong></span> <span class='ocrx_word' id='word_1_132' title='bbox 815 2751 932 2812; x_wconf 76' lang='lat' dir='ltr'><strong>Graece</strong></span> <span class='ocrx_word' id='word_1_133' title='bbox 956 2754 999 2812; x_wconf 93' lang='lat' dir='ltr'><strong>sic</strong></span> <span class='ocrx_word' id='word_1_134' title='bbox 1014 2751 1142 2811; x_wconf 87' lang='lat' dir='ltr'><strong>hebent:</strong></span> 
     </span>
     <span class='ocr_line' id='line_1_26' title="bbox 448 2838 1143 2918; baseline -0.006 -17"><span class='ocrx_word' id='word_1_135' title='bbox 448 2842 618 2918; x_wconf 80' lang='lat' dir='ltr'><strong>Quoniam,</strong></span> <span class='ocrx_word' id='word_1_136' title='bbox 642 2841 667 2898; x_wconf 90' lang='lat' dir='ltr'><strong>si</strong></span> <span class='ocrx_word' id='word_1_137' title='bbox 683 2838 870 2900; x_wconf 78' lang='lat' dir='ltr'><strong>condemnet</strong></span> <span class='ocrx_word' id='word_1_138' title='bbox 891 2841 955 2899; x_wconf 87' lang='lat' dir='ltr'><strong>sive</strong></span> <span class='ocrx_word' id='word_1_139' title='bbox 970 2839 1143 2914; x_wconf 77' lang='lat' dir='ltr'><strong>reprehen-</strong></span> 
     </span>
     <span class='ocr_line' id='line_1_27' title="bbox 448 2926 1142 3002; baseline -0.007 -15"><span class='ocrx_word' id='word_1_140' title='bbox 448 2928 578 2988; x_wconf 74' lang='lat' dir='ltr'><strong>daturos</strong></span> <span class='ocrx_word' id='word_1_141' title='bbox 600 2945 664 3000; x_wconf 80' lang='lat' dir='ltr'><strong>cor,</strong></span> <span class='ocrx_word' id='word_1_142' title='bbox 687 2926 772 3002; x_wconf 84' lang='lat' dir='ltr'><strong>quod</strong></span> <span class='ocrx_word' id='word_1_143' title='bbox 796 2929 900 3001; x_wconf 74' lang='lat' dir='ltr'><strong>major</strong></span> <span class='ocrx_word' id='word_1_144' title='bbox 923 2934 966 2987; x_wconf 87' lang='lat' dir='ltr'><strong>est</strong></span> <span class='ocrx_word' id='word_1_145' title='bbox 982 2928 1068 2987; x_wconf 81' lang='lat' dir='ltr'><strong>Deus</strong></span> <span class='ocrx_word' id='word_1_146' title='bbox 1087 2932 1142 2985; x_wconf 87' lang='lat' dir='ltr'><strong>stc.</strong></span> 
     </span>
    </p>
   </div>
   <div class='ocr_carea' id='block_1_3' title="bbox 965 582 1390 638">
    <p class='ocr_par' dir='ltr' id='par_1_5' title="bbox 965 582 1390 638">
     <span class='ocr_line' id='line_1_28' title="bbox 965 582 1390 638; baseline 0.005 -2"><span class='ocrx_word' id='word_1_147' title='bbox 965 582 1200 638; x_wconf 73' lang='lat' dir='ltr'><strong>contumulatus</strong></span> <span class='ocrx_word' id='word_1_148' title='bbox 1216 583 1248 638; x_wconf 81' lang='lat' dir='ltr'><strong>lii</strong></span> <span class='ocrx_word' id='word_1_149' title='bbox 1265 583 1333 638; x_wconf 78' lang='lat' dir='ltr'><strong>CAP.</strong></span> <span class='ocrx_word' id='word_1_150' title='bbox 1349 583 1390 637; x_wconf 86' lang='lat'>111.</span> 
     </span>
    </p>
   </div>
   <div class='ocr_carea' id='block_1_4' title="bbox 1193 756 1912 3005">
    <p class='ocr_par' dir='ltr' id='par_1_6' title="bbox 1195 756 1878 928">
     <span class='ocr_line' id='line_1_29' title="bbox 1195 756 1878 831; baseline -0.003 -11"><span class='ocrx_word' id='word_1_151' title='bbox 1195 780 1263 821; x_wconf 90' lang='lat' dir='ltr'><strong>rum</strong></span> <span class='ocrx_word' id='word_1_152' title='bbox 1284 760 1375 822; x_wconf 84' lang='lat' dir='ltr'><strong>etism</strong></span> <span class='ocrx_word' id='word_1_153' title='bbox 1397 758 1458 821; x_wconf 79' lang='lat' dir='ltr'><strong>slis</strong></span> <span class='ocrx_word' id='word_1_154' title='bbox 1481 759 1587 820; x_wconf 81' lang='lat' dir='ltr'><strong>omnis</strong></span> <span class='ocrx_word' id='word_1_155' title='bbox 1612 756 1808 831; x_wconf 79' lang='lat' dir='ltr'><strong>shscondits,</strong></span> <span class='ocrx_word' id='word_1_156' title='bbox 1827 779 1878 819; x_wconf 85' lang='lat' dir='ltr'><strong>suu</strong></span> 
     </span>
     <span class='ocr_line' id='line_1_30' title="bbox 1196 847 1878 928; baseline -0.003 -20"><span class='ocrx_word' id='word_1_157' title='bbox 1196 849 1235 908; x_wconf 91' lang='lat' dir='ltr'><strong>sit</strong></span> <span class='ocrx_word' id='word_1_158' title='bbox 1250 848 1360 928; x_wconf 90' lang='lat' dir='ltr'><strong>ubique</strong></span> <span class='ocrx_word' id='word_1_159' title='bbox 1382 865 1525 927; x_wconf 80' lang='lat' dir='ltr'><strong>prseseus</strong></span> <span class='ocrx_word' id='word_1_160' title='bbox 1549 853 1581 906; x_wconf 86' lang='lat' dir='ltr'><strong>et</strong></span> <span class='ocrx_word' id='word_1_161' title='bbox 1604 847 1712 906; x_wconf 81' lang='lat' dir='ltr'><strong>omnis</strong></span> <span class='ocrx_word' id='word_1_162' title='bbox 1732 853 1878 926; x_wconf 78' lang='lat' dir='ltr'><strong>penetrem</strong></span> 
     </span>
    </p>

    <p class='ocr_par' dir='ltr' id='par_1_7' title="bbox 1193 934 1912 2575">
     <span class='ocr_line' id='line_1_31' title="bbox 1240 934 1881 1007; baseline -0.005 -12"><span class='ocrx_word' id='word_1_163' title='bbox 1240 938 1289 995; x_wconf 83' lang='lat'><strong>21.</strong></span> <span class='ocrx_word' id='word_1_164' title='bbox 1314 934 1496 1007; x_wconf 75' lang='lat' dir='ltr'><strong>Uerissimi,</strong></span> <span class='ocrx_word' id='word_1_165' title='bbox 1523 935 1551 991; x_wconf 87' lang='lat' dir='ltr'><strong>si</strong></span> <span class='ocrx_word' id='word_1_166' title='bbox 1577 951 1635 993; x_wconf 83' lang='lat' dir='ltr'><strong>ces·</strong></span> <span class='ocrx_word' id='word_1_167' title='bbox 1663 940 1808 994; x_wconf 66' lang='lat' dir='ltr'><strong>mamm</strong></span> <span class='ocrx_word' id='word_1_168' title='bbox 1829 951 1881 993; x_wconf 82' lang='lat' dir='ltr'><strong>nos</strong></span> 
     </span>
     <span class='ocr_line' id='line_1_32' title="bbox 1195 1019 1881 1096; baseline 0 -16"><span class='ocrx_word' id='word_1_169' title='bbox 1195 1020 1435 1096; x_wconf 80' lang='lat' dir='ltr'><strong>reprehenderit</strong></span> <span class='ocrx_word' id='word_1_170' title='bbox 1454 1036 1536 1091; x_wconf 72' lang='lat' dir='ltr'><strong>esus,</strong></span> <span class='ocrx_word' id='word_1_171' title='bbox 1565 1019 1729 1095; x_wconf 73' lang='lat' dir='ltr'><strong>fiduciam</strong></span> <span class='ocrx_word' id='word_1_172' title='bbox 1754 1019 1881 1080; x_wconf 68' lang='lat' dir='ltr'><strong>hebenus</strong></span> 
     </span>
     <span class='ocr_line' id='line_1_33' title="bbox 1196 1104 1881 1186; baseline 0 -20"><span class='ocrx_word' id='word_1_173' title='bbox 1196 1107 1239 1166; x_wconf 81' lang='lat' dir='ltr'><strong>cd</strong></span> <span class='ocrx_word' id='word_1_174' title='bbox 1263 1106 1375 1168; x_wconf 82' lang='lat' dir='ltr'><strong>Deum.</strong></span> <span class='ocrx_word' id='word_1_175' title='bbox 1398 1107 1488 1166; x_wconf 82' lang='lat' dir='ltr'><strong>Fecit</strong></span> <span class='ocrx_word' id='word_1_176' title='bbox 1510 1104 1589 1167; x_wconf 76' lang='lat' dir='ltr'><strong>haec</strong></span> <span class='ocrx_word' id='word_1_177' title='bbox 1611 1126 1687 1185; x_wconf 84' lang='lat' dir='ltr'><strong>psrs</strong></span> <span class='ocrx_word' id='word_1_178' title='bbox 1711 1104 1751 1166; x_wconf 79' lang='lat' dir='ltr'><strong>sd</strong></span> <span class='ocrx_word' id='word_1_179' title='bbox 1771 1105 1881 1186; x_wconf 74' lang='lat' dir='ltr'><strong>explico·</strong></span> 
     </span>
     <span class='ocr_line' id='line_1_34' title="bbox 1196 1189 1882 1272; baseline 0.001 -19"><span class='ocrx_word' id='word_1_180' title='bbox 1196 1195 1308 1253; x_wconf 89' lang='lat' dir='ltr'><strong>tionem</strong></span> <span class='ocrx_word' id='word_1_181' title='bbox 1332 1194 1406 1272; x_wconf 89' lang='lat' dir='ltr'><strong>ejus,</strong></span> <span class='ocrx_word' id='word_1_182' title='bbox 1433 1189 1515 1272; x_wconf 88' lang='lat' dir='ltr'><strong>quod</strong></span> <span class='ocrx_word' id='word_1_183' title='bbox 1538 1189 1637 1252; x_wconf 87' lang='lat' dir='ltr'><strong>dixit:</strong></span> <span class='ocrx_word' id='word_1_184' title='bbox 1667 1196 1711 1254; x_wconf 84' lang='lat' dir='ltr'><strong>In</strong></span> <span class='ocrx_word' id='word_1_185' title='bbox 1736 1200 1882 1269; x_wconf 74' lang='lat' dir='ltr'><strong>conspecu</strong></span> 
     </span>
     <span class='ocr_line' id='line_1_35' title="bbox 1195 1279 1880 1355; baseline -0.004 -14"><span class='ocrx_word' id='word_1_186' title='bbox 1195 1282 1276 1355; x_wconf 80' lang='lat' dir='ltr'><strong>Ejus</strong></span> <span class='ocrx_word' id='word_1_187' title='bbox 1290 1279 1491 1341; x_wconf 78' lang='lat' dir='ltr'><strong>suadebimus</strong></span> <span class='ocrx_word' id='word_1_188' title='bbox 1513 1279 1615 1340; x_wconf 80' lang='lat' dir='ltr'><strong>corda</strong></span> <span class='ocrx_word' id='word_1_189' title='bbox 1632 1288 1759 1342; x_wconf 70' lang='lat' dir='ltr'><strong>mosim</strong></span> <span class='ocrx_word' id='word_1_190' title='bbox 1781 1279 1818 1339; x_wconf 83' lang='lat' dir='ltr'><strong>Et</strong></span> <span class='ocrx_word' id='word_1_191' title='bbox 1829 1298 1880 1339; x_wconf 85' lang='lat' dir='ltr'><strong>ssu·</strong></span> 
     </span>
     <span class='ocr_line' id='line_1_36' title="bbox 1196 1365 1882 1446; baseline -0.004 -17"><span class='ocrx_word' id='word_1_192' title='bbox 1196 1387 1246 1429; x_wconf 87' lang='lat' dir='ltr'><strong>sus</strong></span> <span class='ocrx_word' id='word_1_193' title='bbox 1268 1375 1327 1427; x_wconf 89' lang='lat' dir='ltr'><strong>est:</strong></span> <span class='ocrx_word' id='word_1_194' title='bbox 1353 1366 1468 1428; x_wconf 86' lang='lat' dir='ltr'><strong>Sinon</strong></span> <span class='ocrx_word' id='word_1_195' title='bbox 1491 1365 1684 1428; x_wconf 80' lang='lat' dir='ltr'><strong>condemnet</strong></span> <span class='ocrx_word' id='word_1_196' title='bbox 1707 1385 1761 1430; x_wconf 92' lang='lat' dir='ltr'><strong>nos</strong></span> <span class='ocrx_word' id='word_1_197' title='bbox 1783 1366 1882 1446; x_wconf 85' lang='lat' dir='ltr'><strong>propris</strong></span> 
     </span>
     <span class='ocr_line' id='line_1_37' title="bbox 1196 1451 1881 1533; baseline 0 -20"><span class='ocrx_word' id='word_1_198' title='bbox 1196 1455 1389 1528; x_wconf 82' lang='lat' dir='ltr'><strong>conscientie,</strong></span> <span class='ocrx_word' id='word_1_199' title='bbox 1405 1453 1459 1514; x_wconf 90' lang='lat' dir='ltr'><strong>sed</strong></span> <span class='ocrx_word' id='word_1_200' title='bbox 1471 1451 1568 1512; x_wconf 83' lang='lat' dir='ltr'><strong>dictet</strong></span> <span class='ocrx_word' id='word_1_201' title='bbox 1579 1452 1681 1527; x_wconf 91' lang='lat' dir='ltr'><strong>nobis,</strong></span> <span class='ocrx_word' id='word_1_202' title='bbox 1698 1453 1782 1533; x_wconf 83' lang='lat' dir='ltr'><strong>quesl</strong></span> <span class='ocrx_word' id='word_1_203' title='bbox 1793 1452 1881 1513; x_wconf 75' lang='lat' dir='ltr'><strong>eree</strong></span> 
     </span>
     <span class='ocr_line' id='line_1_38' title="bbox 1196 1537 1881 1621; baseline 0.001 -22"><span class='ocrx_word' id='word_1_204' title='bbox 1196 1560 1268 1600; x_wconf 83' lang='lat' dir='ltr'><strong>rere</strong></span> <span class='ocrx_word' id='word_1_205' title='bbox 1284 1548 1315 1600; x_wconf 90' lang='lat' dir='ltr'><strong>et</strong></span> <span class='ocrx_word' id='word_1_206' title='bbox 1337 1540 1454 1600; x_wconf 82' lang='lat' dir='ltr'><strong>sincere</strong></span> <span class='ocrx_word' id='word_1_207' title='bbox 1478 1537 1646 1600; x_wconf 79' lang='lat' dir='ltr'><strong>dilectione</strong></span> <span class='ocrx_word' id='word_1_208' title='bbox 1671 1558 1881 1621; x_wconf 73' lang='lat' dir='ltr'><strong>prosequemur,</strong></span> 
     </span>
     <span class='ocr_line' id='line_1_39' title="bbox 1196 1625 1880 1707; baseline 0 -21"><span class='ocrx_word' id='word_1_209' title='bbox 1196 1645 1287 1705; x_wconf 88' lang='lat' dir='ltr'><strong>opere</strong></span> <span class='ocrx_word' id='word_1_210' title='bbox 1299 1646 1363 1686; x_wconf 81' lang='lat' dir='ltr'><strong>cem</strong></span> <span class='ocrx_word' id='word_1_211' title='bbox 1376 1626 1564 1696; x_wconf 87' lang='lat' dir='ltr'><strong>exhibentes,</strong></span> <span class='ocrx_word' id='word_1_212' title='bbox 1577 1627 1634 1687; x_wconf 94' lang='lat' dir='ltr'><strong>uhi</strong></span> <span class='ocrx_word' id='word_1_213' title='bbox 1647 1647 1729 1707; x_wconf 90' lang='lat' dir='ltr'><strong>opus</strong></span> <span class='ocrx_word' id='word_1_214' title='bbox 1740 1634 1801 1686; x_wconf 88' lang='lat' dir='ltr'><strong>est:</strong></span> <span class='ocrx_word' id='word_1_215' title='bbox 1816 1625 1880 1703; x_wconf 67' lang='lat' dir='ltr'><strong>fids·</strong></span> 
     </span>
     <span class='ocr_line' id='line_1_40' title="bbox 1195 1713 1912 1795; baseline 0.001 -21"><span class='ocrx_word' id='word_1_216' title='bbox 1195 1717 1277 1774; x_wconf 84' lang='lat' dir='ltr'><strong>ciem</strong></span> <span class='ocrx_word' id='word_1_217' title='bbox 1293 1713 1442 1774; x_wconf 84' lang='lat' dir='ltr'><strong>hebemus</strong></span> <span class='ocrx_word' id='word_1_218' title='bbox 1457 1731 1534 1788; x_wconf 73' lang='lat' dir='ltr'><strong>erec</strong></span> <span class='ocrx_word' id='word_1_219' title='bbox 1551 1715 1676 1790; x_wconf 83' lang='lat' dir='ltr'><strong>Deum,</strong></span> <span class='ocrx_word' id='word_1_220' title='bbox 1701 1714 1733 1775; x_wconf 89' lang='lat' dir='ltr'><strong>id</strong></span> <span class='ocrx_word' id='word_1_221' title='bbox 1748 1721 1803 1786; x_wconf 87' lang='lat' dir='ltr'><strong>cst,</strong></span> <span class='ocrx_word' id='word_1_222' title='bbox 1816 1732 1880 1792; x_wconf 81' lang='lat' dir='ltr'><strong>spes</strong></span> <span class='ocrx_word' id='word_1_223' title='bbox 1911 1788 1912 1795; x_wconf 8' lang='grc' dir='ltr'>ἵ</span> 
     </span>
     <span class='ocr_line' id='line_1_41' title="bbox 1195 1798 1912 1882; baseline -0.004 -21"><span class='ocrx_word' id='word_1_224' title='bbox 1195 1820 1334 1879; x_wconf 77' lang='lat' dir='ltr'><strong>magnum</strong></span> <span class='ocrx_word' id='word_1_225' title='bbox 1350 1800 1456 1861; x_wconf 86' lang='lat' dir='ltr'><strong>merito</strong></span> <span class='ocrx_word' id='word_1_226' title='bbox 1469 1801 1670 1879; x_wconf 73' lang='lat' dir='ltr'><strong>concipimus,</strong></span> <span class='ocrx_word' id='word_1_227' title='bbox 1687 1798 1771 1882; x_wconf 87' lang='lat' dir='ltr'><strong>qnod</strong></span> <span class='ocrx_word' id='word_1_228' title='bbox 1785 1818 1835 1859; x_wconf 84' lang='lat' dir='ltr'><strong>suu</strong></span> <span class='ocrx_word' id='word_1_229' title='bbox 1843 1799 1876 1877; x_wconf 74' lang='lat' dir='ltr'><strong>js</strong></span> <span class='ocrx_word' id='word_1_230' title='bbox 1911 1818 1912 1823; x_wconf 50' lang='lat'>¹</span> 
     </span>
     <span class='ocr_line' id='line_1_42' title="bbox 1195 1884 1877 1948; baseline 0 -2"><span class='ocrx_word' id='word_1_231' title='bbox 1195 1886 1273 1947; x_wconf 86' lang='lat' dir='ltr'><strong>dicio</strong></span> <span class='ocrx_word' id='word_1_232' title='bbox 1297 1907 1352 1946; x_wconf 93' lang='lat' dir='ltr'><strong>uos</strong></span> <span class='ocrx_word' id='word_1_233' title='bbox 1374 1907 1435 1947; x_wconf 91' lang='lat' dir='ltr'><strong>non</strong></span> <span class='ocrx_word' id='word_1_234' title='bbox 1457 1884 1688 1948; x_wconf 68' lang='lat' dir='ltr'><strong>condemnabit.</strong></span> <span class='ocrx_word' id='word_1_235' title='bbox 1712 1887 1801 1947; x_wconf 72' lang='lat' dir='ltr'><strong>Hunc</strong></span> <span class='ocrx_word' id='word_1_236' title='bbox 1817 1887 1877 1946; x_wconf 78' lang='lat' dir='ltr'><strong>suit</strong></span> 
     </span>
     <span class='ocr_line' id='line_1_43' title="bbox 1195 1971 1877 2053; baseline 0.001 -20"><span class='ocrx_word' id='word_1_237' title='bbox 1195 1974 1346 2050; x_wconf 76' lang='lat' dir='ltr'><strong>fiduciam</strong></span> <span class='ocrx_word' id='word_1_238' title='bbox 1370 1971 1548 2033; x_wconf 75' lang='lat' dir='ltr'><strong>credendes</strong></span> <span class='ocrx_word' id='word_1_239' title='bbox 1573 1971 1783 2036; x_wconf 83' lang='lat' dir='ltr'><strong>dsmnstionis</strong></span> <span class='ocrx_word' id='word_1_240' title='bbox 1803 1972 1877 2053; x_wconf 81' lang='lat' dir='ltr'><strong>sxpti</strong></span> 
     </span>
     <span class='ocr_line' id='line_1_44' title="bbox 1194 2058 1876 2140; baseline 0.001 -20"><span class='ocrx_word' id='word_1_241' title='bbox 1194 2061 1248 2120; x_wconf 93' lang='lat' dir='ltr'><strong>mit</strong></span> <span class='ocrx_word' id='word_1_242' title='bbox 1263 2060 1361 2140; x_wconf 88' lang='lat' dir='ltr'><strong>espite</strong></span> <span class='ocrx_word' id='word_1_243' title='bbox 1372 2061 1518 2139; x_wconf 85' lang='lat' dir='ltr'><strong>sequenti,</strong></span> <span class='ocrx_word' id='word_1_244' title='bbox 1534 2058 1662 2121; x_wconf 87' lang='lat' dir='ltr'><strong>dicens:</strong></span> <span class='ocrx_word' id='word_1_245' title='bbox 1694 2062 1736 2123; x_wconf 83' lang='lat' dir='ltr'><strong>m</strong></span> <span class='ocrx_word' id='word_1_246' title='bbox 1749 2060 1876 2138; x_wconf 69' lang='lat' dir='ltr'><strong>fiducius</strong></span> 
     </span>
     <span class='ocr_line' id='line_1_45' title="bbox 1194 2146 1876 2227; baseline -0.004 -21"><span class='ocrx_word' id='word_1_247' title='bbox 1194 2147 1365 2207; x_wconf 84' lang='lat' dir='ltr'><strong>habeamus</strong></span> <span class='ocrx_word' id='word_1_248' title='bbox 1387 2148 1423 2207; x_wconf 80' lang='lat' dir='ltr'><strong>ie</strong></span> <span class='ocrx_word' id='word_1_249' title='bbox 1446 2146 1498 2205; x_wconf 80' lang='lat' dir='ltr'><strong>dic</strong></span> <span class='ocrx_word' id='word_1_250' title='bbox 1515 2147 1650 2220; x_wconf 75' lang='lat' dir='ltr'><strong>judicii.</strong></span> <span class='ocrx_word' id='word_1_251' title='bbox 1678 2146 1779 2227; x_wconf 73' lang='lat' dir='ltr'><strong>Quum</strong></span> <span class='ocrx_word' id='word_1_252' title='bbox 1793 2147 1876 2226; x_wconf 81' lang='lat' dir='ltr'><strong>utique</strong></span> 
     </span>
     <span class='ocr_line' id='line_1_46' title="bbox 1193 2232 1875 2313; baseline -0.003 -19"><span class='ocrx_word' id='word_1_253' title='bbox 1193 2232 1334 2294; x_wconf 77' lang='lat' dir='ltr'><strong>fiduciam</strong></span> <span class='ocrx_word' id='word_1_254' title='bbox 1358 2235 1437 2312; x_wconf 87' lang='lat' dir='ltr'><strong>perit</strong></span> <span class='ocrx_word' id='word_1_255' title='bbox 1461 2232 1540 2293; x_wconf 81' lang='lat' dir='ltr'><strong>bonu</strong></span> <span class='ocrx_word' id='word_1_256' title='bbox 1555 2235 1759 2295; x_wconf 69' lang='lat' dir='ltr'><strong>conscientie.</strong></span> <span class='ocrx_word' id='word_1_257' title='bbox 1788 2232 1875 2313; x_wconf 65' lang='lat' dir='ltr'><strong>Qus*</strong></span> 
     </span>
     <span class='ocr_line' id='line_1_47' title="bbox 1194 2314 1874 2401; baseline -0.001 -21"><span class='ocrx_word' id='word_1_258' title='bbox 1194 2340 1284 2400; x_wconf 86' lang='lat' dir='ltr'><strong>quem</strong></span> <span class='ocrx_word' id='word_1_259' title='bbox 1301 2320 1353 2380; x_wconf 86' lang='lat' dir='ltr'><strong>elii</strong></span> <span class='ocrx_word' id='word_1_260' title='bbox 1369 2319 1520 2396; x_wconf 72' lang='lat' dir='ltr'><strong>fiduciam</strong></span> <span class='ocrx_word' id='word_1_261' title='bbox 1536 2320 1721 2401; x_wconf 79' lang='lat' dir='ltr'><strong>intelligunt</strong></span> <span class='ocrx_word' id='word_1_262' title='bbox 1736 2314 1874 2381; x_wconf 66' lang='lat' dir='ltr'><strong>memet</strong></span> 
     </span>
     <span class='ocr_line' id='line_1_48' title="bbox 1194 2405 1874 2487; baseline -0.003 -21"><span class='ocrx_word' id='word_1_263' title='bbox 1194 2406 1233 2466; x_wconf 89' lang='lat' dir='ltr'><strong>sd</strong></span> <span class='ocrx_word' id='word_1_264' title='bbox 1249 2406 1356 2478; x_wconf 89' lang='lat' dir='ltr'><strong>Deum,</strong></span> <span class='ocrx_word' id='word_1_265' title='bbox 1374 2416 1405 2467; x_wconf 90' lang='lat' dir='ltr'><strong>et</strong></span> <span class='ocrx_word' id='word_1_266' title='bbox 1420 2405 1539 2485; x_wconf 79' lang='lat' dir='ltr'><strong>aliquid</strong></span> <span class='ocrx_word' id='word_1_267' title='bbox 1554 2407 1593 2467; x_wconf 85' lang='lat' dir='ltr'><strong>sb</strong></span> <span class='ocrx_word' id='word_1_268' title='bbox 1607 2427 1647 2467; x_wconf 91' lang='lat' dir='ltr'><strong>ec</strong></span> <span class='ocrx_word' id='word_1_269' title='bbox 1661 2405 1789 2487; x_wconf 88' lang='lat' dir='ltr'><strong>petendi</strong></span> <span class='ocrx_word' id='word_1_270' title='bbox 1802 2415 1828 2465; x_wconf 88' lang='lat' dir='ltr'><strong>st</strong></span> <span class='ocrx_word' id='word_1_271' title='bbox 1840 2406 1874 2464; x_wconf 74' lang='lat' dir='ltr'><strong>ir</strong></span> 
     </span>
     <span class='ocr_line' id='line_1_49' title="bbox 1193 2491 1860 2575; baseline -0.001 -20"><span class='ocrx_word' id='word_1_272' title='bbox 1193 2491 1350 2574; x_wconf 83' lang='lat' dir='ltr'><strong>petrundi;</strong></span> <span class='ocrx_word' id='word_1_273' title='bbox 1368 2493 1482 2572; x_wconf 90' lang='lat' dir='ltr'><strong>dequo</strong></span> <span class='ocrx_word' id='word_1_274' title='bbox 1499 2493 1529 2551; x_wconf 92' lang='lat' dir='ltr'><strong>in</strong></span> <span class='ocrx_word' id='word_1_275' title='bbox 1545 2493 1652 2554; x_wconf 87' lang='lat' dir='ltr'><strong>verbis</strong></span> <span class='ocrx_word' id='word_1_276' title='bbox 1669 2491 1860 2575; x_wconf 79' lang='lat' dir='ltr'><strong>sequentibus</strong></span> 
     </span>
    </p>

    <p class='ocr_par' dir='ltr' id='par_1_8' title="bbox 1194 2577 1873 3005">
     <span class='ocr_line' id='line_1_50' title="bbox 1237 2577 1873 2659; baseline -0.002 -19"><span class='ocrx_word' id='word_1_277' title='bbox 1237 2577 1384 2640; x_wconf 90' lang='lat' dir='ltr'><strong>Nonnulli</strong></span> <span class='ocrx_word' id='word_1_278' title='bbox 1399 2577 1573 2658; x_wconf 69' lang='lat' dir='ltr'><strong>generalius</strong></span> <span class='ocrx_word' id='word_1_279' title='bbox 1597 2588 1766 2659; x_wconf 85' lang='lat' dir='ltr'><strong>exponunt</strong></span> <span class='ocrx_word' id='word_1_280' title='bbox 1778 2585 1873 2640; x_wconf 54' lang='lat' dir='ltr'><strong>seut&amp;</strong></span> 
     </span>
     <span class='ocr_line' id='line_1_51' title="bbox 1195 2662 1873 2728; baseline -0.004 -3"><span class='ocrx_word' id='word_1_281' title='bbox 1195 2667 1268 2725; x_wconf 84' lang='lat' dir='ltr'><strong>tium</strong></span> <span class='ocrx_word' id='word_1_282' title='bbox 1285 2665 1341 2725; x_wconf 92' lang='lat' dir='ltr'><strong>hcc</strong></span> <span class='ocrx_word' id='word_1_283' title='bbox 1355 2665 1459 2725; x_wconf 89' lang='lat' dir='ltr'><strong>modo:</strong></span> <span class='ocrx_word' id='word_1_284' title='bbox 1487 2663 1520 2725; x_wconf 84' lang='lat' dir='ltr'><strong>si</strong></span> <span class='ocrx_word' id='word_1_285' title='bbox 1535 2686 1589 2726; x_wconf 91' lang='lat' dir='ltr'><strong>cor</strong></span> <span class='ocrx_word' id='word_1_286' title='bbox 1602 2676 1748 2728; x_wconf 88' lang='lat' dir='ltr'><strong>nostrum</strong></span> <span class='ocrx_word' id='word_1_287' title='bbox 1770 2662 1873 2726; x_wconf 88' lang='lat' dir='ltr'><strong>uullsis</strong></span> 
     </span>
     <span class='ocr_line' id='line_1_52' title="bbox 1194 2747 1871 2831; baseline -0.004 -19"><span class='ocrx_word' id='word_1_288' title='bbox 1194 2772 1227 2812; x_wconf 91' lang='lat' dir='ltr'><strong>re</strong></span> <span class='ocrx_word' id='word_1_289' title='bbox 1242 2772 1296 2812; x_wconf 91' lang='lat' dir='ltr'><strong>nos</strong></span> <span class='ocrx_word' id='word_1_290' title='bbox 1311 2750 1511 2831; x_wconf 81' lang='lat' dir='ltr'><strong>reprehendet</strong></span> <span class='ocrx_word' id='word_1_291' title='bbox 1534 2762 1588 2812; x_wconf 79' lang='lat' dir='ltr'><strong>sut</strong></span> <span class='ocrx_word' id='word_1_292' title='bbox 1602 2753 1798 2827; x_wconf 69' lang='lat' dir='ltr'><strong>condemnet</strong></span> <span class='ocrx_word' id='word_1_293' title='bbox 1818 2747 1871 2810; x_wconf 76' lang='lat' dir='ltr'><strong>fids</strong></span> 
     </span>
     <span class='ocr_line' id='line_1_53' title="bbox 1196 2837 1871 2917; baseline -0.001 -18"><span class='ocrx_word' id='word_1_294' title='bbox 1196 2840 1274 2909; x_wconf 81' lang='lat' dir='ltr'><strong>ciem</strong></span> <span class='ocrx_word' id='word_1_295' title='bbox 1290 2837 1434 2900; x_wconf 86' lang='lat' dir='ltr'><strong>hebemus</strong></span> <span class='ocrx_word' id='word_1_296' title='bbox 1450 2846 1506 2900; x_wconf 88' lang='lat' dir='ltr'><strong>etc.</strong></span> <span class='ocrx_word' id='word_1_297' title='bbox 1529 2837 1596 2901; x_wconf 85' lang='lat' dir='ltr'><strong>Sed</strong></span> <span class='ocrx_word' id='word_1_298' title='bbox 1611 2838 1806 2902; x_wconf 82' lang='lat' dir='ltr'><strong>observsnds</strong></span> <span class='ocrx_word' id='word_1_299' title='bbox 1814 2839 1871 2917; x_wconf 70' lang='lat' dir='ltr'><strong>sp</strong></span> 
     </span>
     <span class='ocr_line' id='line_1_54' title="bbox 1195 2925 1871 3005; baseline -0.004 -18"><span class='ocrx_word' id='word_1_300' title='bbox 1195 2927 1265 2987; x_wconf 91' lang='lat' dir='ltr'><strong>stoli</strong></span> <span class='ocrx_word' id='word_1_301' title='bbox 1280 2925 1473 2998; x_wconf 89' lang='lat' dir='ltr'><strong>consuetudo,</strong></span> <span class='ocrx_word' id='word_1_302' title='bbox 1496 2946 1559 3005; x_wconf 84' lang='lat' dir='ltr'><strong>qus</strong></span> <span class='ocrx_word' id='word_1_303' title='bbox 1580 2928 1629 2989; x_wconf 90' lang='lat' dir='ltr'><strong>sic</strong></span> <span class='ocrx_word' id='word_1_304' title='bbox 1653 2948 1748 2989; x_wconf 82' lang='lat' dir='ltr'><strong>rsnsm</strong></span> <span class='ocrx_word' id='word_1_305' title='bbox 1768 2926 1871 3005; x_wconf 68' lang='lat' dir='ltr'><strong>ntique</strong></span> 
     </span>
    </p>
   </div>
   <div class='ocr_carea' id='block_1_5' title="bbox 447 3008 1913 5090">
    <p class='ocr_par' dir='ltr' id='par_1_9' title="bbox 448 3008 1912 3961">
     <span class='ocr_line' id='line_1_55' title="bbox 449 3008 1871 3094; baseline -0.005 -17"><span class='ocrx_word' id='word_1_306' title='bbox 449 3014 510 3094; x_wconf 77' lang='lat' dir='ltr'><strong>Qui</strong></span> <span class='ocrx_word' id='word_1_307' title='bbox 529 3034 625 3074; x_wconf 90' lang='lat' dir='ltr'><strong>sermo</strong></span> <span class='ocrx_word' id='word_1_308' title='bbox 647 3011 836 3092; x_wconf 79' lang='lat' dir='ltr'><strong>imperfectus</strong></span> <span class='ocrx_word' id='word_1_309' title='bbox 859 3021 911 3085; x_wconf 89' lang='lat' dir='ltr'><strong>est,</strong></span> <span class='ocrx_word' id='word_1_310' title='bbox 933 3023 965 3073; x_wconf 90' lang='lat' dir='ltr'><strong>et</strong></span> <span class='ocrx_word' id='word_1_311' title='bbox 986 3011 1143 3092; x_wconf 90' lang='lat' dir='ltr'><strong>suppletur</strong></span> <span class='ocrx_word' id='word_1_312' title='bbox 1191 3014 1332 3093; x_wconf 69' lang='lat' dir='ltr'><strong>justitiae</strong></span> <span class='ocrx_word' id='word_1_313' title='bbox 1347 3021 1461 3093; x_wconf 78' lang='lat' dir='ltr'><strong>purtem</strong></span> <span class='ocrx_word' id='word_1_314' title='bbox 1477 3014 1554 3074; x_wconf 89' lang='lat' dir='ltr'><strong>solet</strong></span> <span class='ocrx_word' id='word_1_315' title='bbox 1570 3016 1732 3086; x_wconf 87' lang='lat' dir='ltr'><strong>extollere,</strong></span> <span class='ocrx_word' id='word_1_316' title='bbox 1756 3008 1871 3076; x_wconf 81' lang='lat' dir='ltr'><strong>subintel</strong></span> 
     </span>
     <span class='ocr_line' id='line_1_56' title="bbox 448 3096 1870 3180; baseline -0.002 -19"><span class='ocrx_word' id='word_1_317' title='bbox 448 3101 507 3161; x_wconf 92' lang='lat' dir='ltr'><strong>hoc</strong></span> <span class='ocrx_word' id='word_1_318' title='bbox 522 3100 624 3161; x_wconf 92' lang='lat' dir='ltr'><strong>modo:</strong></span> <span class='ocrx_word' id='word_1_319' title='bbox 648 3102 731 3161; x_wconf 85' lang='lat' dir='ltr'><strong>Num</strong></span> <span class='ocrx_word' id='word_1_320' title='bbox 747 3102 773 3160; x_wconf 89' lang='lat' dir='ltr'><strong>si</strong></span> <span class='ocrx_word' id='word_1_321' title='bbox 788 3100 1000 3176; x_wconf 78' lang='lat' dir='ltr'><strong>reprehendat</strong></span> <span class='ocrx_word' id='word_1_322' title='bbox 1015 3118 1073 3160; x_wconf 79' lang='lat' dir='ltr'><strong>nos</strong></span> <span class='ocrx_word' id='word_1_323' title='bbox 1088 3116 1143 3158; x_wconf 84' lang='lat' dir='ltr'><strong>cor</strong></span> <span class='ocrx_word' id='word_1_324' title='bbox 1196 3101 1292 3180; x_wconf 80' lang='lat' dir='ltr'><strong>ligens</strong></span> <span class='ocrx_word' id='word_1_325' title='bbox 1315 3101 1433 3160; x_wconf 87' lang='lat' dir='ltr'><strong>interim</strong></span> <span class='ocrx_word' id='word_1_326' title='bbox 1456 3098 1661 3161; x_wconf 85' lang='lat' dir='ltr'><strong>conditionem</strong></span> <span class='ocrx_word' id='word_1_327' title='bbox 1677 3102 1772 3163; x_wconf 73' lang='lat' dir='ltr'><strong>huuc:</strong></span> <span class='ocrx_word' id='word_1_328' title='bbox 1796 3096 1870 3162; x_wconf 65' lang='lat' dir='ltr'><strong>siet</strong></span> 
     </span>
     <span class='ocr_line' id='line_1_57' title="bbox 448 3178 1870 3267; baseline -0.004 -17"><span class='ocrx_word' id='word_1_329' title='bbox 448 3195 612 3262; x_wconf 81' lang='lat' dir='ltr'><strong>nostrum,</strong></span> <span class='ocrx_word' id='word_1_330' title='bbox 639 3188 754 3248; x_wconf 82' lang='lat' dir='ltr'><strong>scimus</strong></span> <span class='ocrx_word' id='word_1_331' title='bbox 782 3181 846 3262; x_wconf 84' lang='lat' dir='ltr'><strong>(eut</strong></span> <span class='ocrx_word' id='word_1_332' title='bbox 872 3188 950 3248; x_wconf 89' lang='lat' dir='ltr'><strong>scire</strong></span> <span class='ocrx_word' id='word_1_333' title='bbox 976 3179 1143 3262; x_wconf 85' lang='lat' dir='ltr'><strong>debemus),</strong></span> <span class='ocrx_word' id='word_1_334' title='bbox 1196 3185 1277 3248; x_wconf 87' lang='lat' dir='ltr'><strong>unde</strong></span> <span class='ocrx_word' id='word_1_335' title='bbox 1297 3208 1359 3248; x_wconf 90' lang='lat' dir='ltr'><strong>non</strong></span> <span class='ocrx_word' id='word_1_336' title='bbox 1381 3188 1420 3247; x_wconf 89' lang='lat' dir='ltr'><strong>sit</strong></span> <span class='ocrx_word' id='word_1_337' title='bbox 1442 3185 1586 3248; x_wconf 81' lang='lat' dir='ltr'><strong>deiectus.</strong></span> <span class='ocrx_word' id='word_1_338' title='bbox 1626 3188 1732 3267; x_wconf 82' lang='lat' dir='ltr'><strong>Qusle</strong></span> <span class='ocrx_word' id='word_1_339' title='bbox 1754 3198 1799 3250; x_wconf 86' lang='lat' dir='ltr'><strong>cst</strong></span> <span class='ocrx_word' id='word_1_340' title='bbox 1817 3178 1870 3245; x_wconf 84' lang='lat' dir='ltr'><strong>illud</strong></span> 
     </span>
     <span class='ocr_line' id='line_1_58' title="bbox 450 3274 1869 3354; baseline 0.001 -19"><span class='ocrx_word' id='word_1_341' title='bbox 450 3276 535 3353; x_wconf 82' lang='lat' dir='ltr'><strong>quod</strong></span> <span class='ocrx_word' id='word_1_342' title='bbox 558 3278 663 3349; x_wconf 74' lang='lat' dir='ltr'><strong>major</strong></span> <span class='ocrx_word' id='word_1_343' title='bbox 687 3281 730 3333; x_wconf 83' lang='lat' dir='ltr'><strong>est</strong></span> <span class='ocrx_word' id='word_1_344' title='bbox 747 3276 832 3334; x_wconf 82' lang='lat' dir='ltr'><strong>Deus</strong></span> <span class='ocrx_word' id='word_1_345' title='bbox 854 3274 947 3334; x_wconf 82' lang='lat' dir='ltr'><strong>corde</strong></span> <span class='ocrx_word' id='word_1_346' title='bbox 968 3280 1089 3346; x_wconf 81' lang='lat' dir='ltr'><strong>nostre,</strong></span> <span class='ocrx_word' id='word_1_347' title='bbox 1114 3279 1143 3331; x_wconf 85' lang='lat' dir='ltr'><strong>st</strong></span> <span class='ocrx_word' id='word_1_348' title='bbox 1196 3295 1261 3354; x_wconf 80' lang='lat' dir='ltr'><strong>cup.</strong></span> <span class='ocrx_word' id='word_1_349' title='bbox 1285 3278 1329 3337; x_wconf 84' lang='lat'><strong>5.:</strong></span> <span class='ocrx_word' id='word_1_350' title='bbox 1359 3275 1469 3336; x_wconf 85' lang='lat' dir='ltr'><strong>Omnis</strong></span> <span class='ocrx_word' id='word_1_351' title='bbox 1475 3318 1487 3350; x_wconf 87' lang='lat'><strong>,</strong></span> <span class='ocrx_word' id='word_1_352' title='bbox 1510 3277 1567 3350; x_wconf 84' lang='lat' dir='ltr'><strong>qui</strong></span> <span class='ocrx_word' id='word_1_353' title='bbox 1592 3276 1719 3350; x_wconf 79' lang='lat' dir='ltr'><strong>credit,</strong></span> <span class='ocrx_word' id='word_1_354' title='bbox 1747 3274 1869 3352; x_wconf 66' lang='lat' dir='ltr'><strong>quossis!</strong></span> 
     </span>
     <span class='ocr_line' id='line_1_59' title="bbox 448 3360 1868 3440; baseline -0.004 -17"><span class='ocrx_word' id='word_1_355' title='bbox 448 3364 540 3423; x_wconf 80' lang='lat' dir='ltr'><strong>nevit</strong></span> <span class='ocrx_word' id='word_1_356' title='bbox 563 3364 682 3423; x_wconf 78' lang='lat' dir='ltr'><strong>omnic.</strong></span> <span class='ocrx_word' id='word_1_357' title='bbox 714 3361 823 3420; x_wconf 89' lang='lat' dir='ltr'><strong>Noster</strong></span> <span class='ocrx_word' id='word_1_358' title='bbox 845 3361 993 3440; x_wconf 85' lang='lat' dir='ltr'><strong>interpres</strong></span> <span class='ocrx_word' id='word_1_359' title='bbox 1016 3360 1142 3439; x_wconf 86' lang='lat' dir='ltr'><strong>perticu-</strong></span> <span class='ocrx_word' id='word_1_360' title='bbox 1195 3366 1291 3425; x_wconf 70' lang='lat' dir='ltr'><strong>,lesus</strong></span> <span class='ocrx_word' id='word_1_361' title='bbox 1317 3368 1361 3421; x_wconf 88' lang='lat' dir='ltr'><strong>sst</strong></span> <span class='ocrx_word' id='word_1_362' title='bbox 1384 3361 1540 3434; x_wconf 80' lang='lat' dir='ltr'><strong>Christus,</strong></span> <span class='ocrx_word' id='word_1_363' title='bbox 1568 3379 1608 3421; x_wconf 76' lang='lat' dir='ltr'><strong>ss</strong></span> <span class='ocrx_word' id='word_1_364' title='bbox 1633 3364 1706 3423; x_wconf 84' lang='lat' dir='ltr'><strong>Deo</strong></span> <span class='ocrx_word' id='word_1_365' title='bbox 1729 3361 1868 3440; x_wconf 63' lang='lat' dir='ltr'><strong>nemsi</strong></span> 
     </span>
     <span class='ocr_line' id='line_1_60' title="bbox 448 3439 1868 3527; baseline -0.003 -19"><span class='ocrx_word' id='word_1_366' title='bbox 448 3448 509 3508; x_wconf 83' lang='lat' dir='ltr'><strong>lem</strong></span> <span class='ocrx_word' id='word_1_367' title='bbox 525 3439 583 3523; x_wconf 85' lang='grc' dir='ltr'>ὅτι,</span> <span class='ocrx_word' id='word_1_368' title='bbox 600 3447 695 3526; x_wconf 84' lang='lat' dir='ltr'><strong>quod,</strong></span> <span class='ocrx_word' id='word_1_369' title='bbox 711 3447 796 3508; x_wconf 87' lang='lat' dir='ltr'><strong>velut</strong></span> <span class='ocrx_word' id='word_1_370' title='bbox 807 3466 1024 3527; x_wconf 79' lang='lat' dir='ltr'><strong>supervacuam</strong></span> <span class='ocrx_word' id='word_1_371' title='bbox 1036 3446 1143 3508; x_wconf 83' lang='lat' dir='ltr'><strong>omisit</strong></span> <span class='ocrx_word' id='word_1_372' title='bbox 1196 3447 1259 3507; x_wconf 82' lang='lat' dir='ltr'><strong>Aut</strong></span> <span class='ocrx_word' id='word_1_373' title='bbox 1273 3456 1362 3520; x_wconf 89' lang='lat' dir='ltr'><strong>certe,</strong></span> <span class='ocrx_word' id='word_1_374' title='bbox 1378 3448 1450 3527; x_wconf 88' lang='lat' dir='ltr'><strong>quie</strong></span> <span class='ocrx_word' id='word_1_375' title='bbox 1465 3449 1584 3509; x_wconf 71' lang='lat' dir='ltr'><strong>sincere</strong></span> <span class='ocrx_word' id='word_1_376' title='bbox 1599 3456 1635 3508; x_wconf 92' lang='lat' dir='ltr'><strong>et</strong></span> <span class='ocrx_word' id='word_1_377' title='bbox 1646 3447 1821 3510; x_wconf 80' lang='lat' dir='ltr'><strong>Christisus</strong></span> <span class='ocrx_word' id='word_1_378' title='bbox 1831 3442 1868 3504; x_wconf 73' lang='lat' dir='ltr'><strong>te</strong></span> 
     </span>
     <span class='ocr_line' id='line_1_61' title="bbox 449 3526 1868 3613; baseline 0.001 -19"><span class='ocrx_word' id='word_1_379' title='bbox 449 3533 527 3594; x_wconf 84' lang='lat' dir='ltr'><strong>Nem</strong></span> <span class='ocrx_word' id='word_1_380' title='bbox 550 3534 696 3595; x_wconf 90' lang='lat' dir='ltr'><strong>interdum</strong></span> <span class='ocrx_word' id='word_1_381' title='bbox 716 3534 805 3613; x_wconf 81' lang='lat' dir='ltr'><strong>juxte</strong></span> <span class='ocrx_word' id='word_1_382' title='bbox 825 3533 1008 3594; x_wconf 89' lang='lat' dir='ltr'><strong>Hebrsicum</strong></span> <span class='ocrx_word' id='word_1_383' title='bbox 1032 3532 1143 3593; x_wconf 82' lang='lat' dir='ltr'><strong>idioma</strong></span> <span class='ocrx_word' id='word_1_384' title='bbox 1196 3536 1250 3594; x_wconf 90' lang='lat' dir='ltr'><strong>tris</strong></span> <span class='ocrx_word' id='word_1_385' title='bbox 1265 3532 1385 3594; x_wconf 89' lang='lat' dir='ltr'><strong>dilectio</strong></span> <span class='ocrx_word' id='word_1_386' title='bbox 1409 3554 1469 3594; x_wconf 90' lang='lat' dir='ltr'><strong>non</strong></span> <span class='ocrx_word' id='word_1_387' title='bbox 1493 3535 1630 3595; x_wconf 88' lang='lat' dir='ltr'><strong>estsine</strong></span> <span class='ocrx_word' id='word_1_388' title='bbox 1654 3526 1868 3597; x_wconf 76' lang='lat' dir='ltr'><strong>dsseeuonciti</strong></span> 
     </span>
     <span class='ocr_line' id='line_1_62' title="bbox 449 3617 1868 3701; baseline -0.001 -20"><span class='ocrx_word' id='word_1_389' title='bbox 449 3620 605 3682; x_wconf 85' lang='lat' dir='ltr'><strong>redundet</strong></span> <span class='ocrx_word' id='word_1_390' title='bbox 629 3620 809 3681; x_wconf 78' lang='lat' dir='ltr'><strong>contextum</strong></span> <span class='ocrx_word' id='word_1_391' title='bbox 826 3622 870 3680; x_wconf 91' lang='lat' dir='ltr'><strong>sic</strong></span> <span class='ocrx_word' id='word_1_392' title='bbox 887 3622 1086 3699; x_wconf 85' lang='lat' dir='ltr'><strong>explicemus:</strong></span> <span class='ocrx_word' id='word_1_393' title='bbox 1102 3618 1144 3679; x_wconf 91' lang='lat' dir='ltr'><strong>Ut</strong></span> <span class='ocrx_word' id='word_1_394' title='bbox 1196 3630 1365 3701; x_wconf 84' lang='lat' dir='ltr'><strong>propterea,</strong></span> <span class='ocrx_word' id='word_1_395' title='bbox 1389 3622 1442 3701; x_wconf 89' lang='lat' dir='ltr'><strong>qui</strong></span> <span class='ocrx_word' id='word_1_396' title='bbox 1464 3618 1600 3681; x_wconf 84' lang='lat' dir='ltr'><strong>videtin</strong></span> <span class='ocrx_word' id='word_1_397' title='bbox 1626 3620 1719 3681; x_wconf 85' lang='lat' dir='ltr'><strong>corde</strong></span> <span class='ocrx_word' id='word_1_398' title='bbox 1741 3642 1794 3683; x_wconf 91' lang='lat' dir='ltr'><strong>suc</strong></span> <span class='ocrx_word' id='word_1_399' title='bbox 1811 3617 1868 3680; x_wconf 81' lang='lat' dir='ltr'><strong>its·</strong></span> 
     </span>
     <span class='ocr_line' id='line_1_63' title="bbox 449 3705 1868 3787; baseline -0.001 -19"><span class='ocrx_word' id='word_1_400' title='bbox 449 3709 542 3786; x_wconf 85' lang='lat' dir='ltr'><strong>igitur</strong></span> <span class='ocrx_word' id='word_1_401' title='bbox 556 3727 780 3787; x_wconf 74' lang='lat' dir='ltr'><strong>cognoscemus,</strong></span> <span class='ocrx_word' id='word_1_402' title='bbox 802 3727 857 3767; x_wconf 85' lang='lat' dir='ltr'><strong>nce</strong></span> <span class='ocrx_word' id='word_1_403' title='bbox 880 3727 948 3768; x_wconf 89' lang='lat' dir='ltr'><strong>csse</strong></span> <span class='ocrx_word' id='word_1_404' title='bbox 963 3709 996 3767; x_wconf 94' lang='lat' dir='ltr'><strong>in</strong></span> <span class='ocrx_word' id='word_1_405' title='bbox 1011 3708 1143 3779; x_wconf 75' lang='lat' dir='ltr'><strong>veritate,</strong></span> <span class='ocrx_word' id='word_1_406' title='bbox 1195 3706 1297 3768; x_wconf 82' lang='lat' dir='ltr'><strong>iretris</strong></span> <span class='ocrx_word' id='word_1_407' title='bbox 1312 3705 1514 3778; x_wconf 89' lang='lat' dir='ltr'><strong>dilectionem,</strong></span> <span class='ocrx_word' id='word_1_408' title='bbox 1538 3705 1624 3769; x_wconf 84' lang='lat' dir='ltr'><strong>videt</strong></span> <span class='ocrx_word' id='word_1_409' title='bbox 1648 3717 1681 3768; x_wconf 91' lang='lat' dir='ltr'><strong>et</strong></span> <span class='ocrx_word' id='word_1_410' title='bbox 1705 3708 1868 3769; x_wconf 72' lang='lat' dir='ltr'><strong>dilectior·</strong></span> 
     </span>
     <span class='ocr_line' id='line_1_64' title="bbox 450 3792 1912 3875; baseline -0.001 -21"><span class='ocrx_word' id='word_1_411' title='bbox 450 3804 480 3854; x_wconf 92' lang='lat' dir='ltr'><strong>et</strong></span> <span class='ocrx_word' id='word_1_412' title='bbox 494 3795 687 3875; x_wconf 80' lang='lat' dir='ltr'><strong>tranquillum</strong></span> <span class='ocrx_word' id='word_1_413' title='bbox 702 3792 863 3854; x_wconf 84' lang='lat' dir='ltr'><strong>reddemus</strong></span> <span class='ocrx_word' id='word_1_414' title='bbox 879 3815 979 3854; x_wconf 86' lang='lat' dir='ltr'><strong>corum</strong></span> <span class='ocrx_word' id='word_1_415' title='bbox 991 3794 1059 3854; x_wconf 89' lang='lat' dir='ltr'><strong>Dec</strong></span> <span class='ocrx_word' id='word_1_416' title='bbox 1076 3811 1143 3853; x_wconf 91' lang='lat' dir='ltr'><strong>con·</strong></span> <span class='ocrx_word' id='word_1_417' title='bbox 1196 3794 1272 3866; x_wconf 90' lang='lat' dir='ltr'><strong>Dei,</strong></span> <span class='ocrx_word' id='word_1_418' title='bbox 1298 3801 1329 3853; x_wconf 92' lang='lat' dir='ltr'><strong>et</strong></span> <span class='ocrx_word' id='word_1_419' title='bbox 1355 3803 1574 3874; x_wconf 86' lang='lat' dir='ltr'><strong>consequenter</strong></span> <span class='ocrx_word' id='word_1_420' title='bbox 1594 3813 1615 3854; x_wconf 81' lang='grc' dir='ltr'>ι</span> <span class='ocrx_word' id='word_1_421' title='bbox 1640 3794 1735 3856; x_wconf 85' lang='lat' dir='ltr'><strong>corde</strong></span> <span class='ocrx_word' id='word_1_422' title='bbox 1761 3814 1811 3857; x_wconf 88' lang='lat' dir='ltr'><strong>suo</strong></span> <span class='ocrx_word' id='word_1_423' title='bbox 1829 3806 1867 3852; x_wconf 69' lang='lat' dir='ltr'><strong>tn</strong></span> <span class='ocrx_word' id='word_1_424' title='bbox 1911 3803 1912 3809; x_wconf 78' lang='grc'>’</span> 
     </span>
     <span class='ocr_line' id='line_1_65' title="bbox 450 3878 1433 3961; baseline -0.002 -19"><span class='ocrx_word' id='word_1_425' title='bbox 450 3882 603 3943; x_wconf 84' lang='lat' dir='ltr'><strong>scientium</strong></span> <span class='ocrx_word' id='word_1_426' title='bbox 612 3889 754 3953; x_wconf 82' lang='lat' dir='ltr'><strong>nostrum,</strong></span> <span class='ocrx_word' id='word_1_427' title='bbox 767 3879 927 3961; x_wconf 79' lang='lat' dir='ltr'><strong>diligamns</strong></span> <span class='ocrx_word' id='word_1_428' title='bbox 935 3880 1043 3941; x_wconf 76' lang='lat' dir='ltr'><strong>iratres</strong></span> <span class='ocrx_word' id='word_1_429' title='bbox 1056 3899 1144 3960; x_wconf 90' lang='lat' dir='ltr'><strong>opere</strong></span> <span class='ocrx_word' id='word_1_430' title='bbox 1196 3878 1433 3960; x_wconf 87' lang='lat' dir='ltr'><strong>reprehenditur.</strong></span> 
     </span>
    </p>

    <p class='ocr_par' dir='ltr' id='par_1_10' title="bbox 447 3965 1913 5090">
     <span class='ocr_line' id='line_1_66' title="bbox 450 3965 1868 4048; baseline -0.001 -20"><span class='ocrx_word' id='word_1_431' title='bbox 450 3976 482 4028; x_wconf 89' lang='lat' dir='ltr'><strong>et</strong></span> <span class='ocrx_word' id='word_1_432' title='bbox 496 3970 632 4029; x_wconf 77' lang='lat' dir='ltr'><strong>veritate.</strong></span> <span class='ocrx_word' id='word_1_433' title='bbox 656 3968 734 4028; x_wconf 87' lang='lat' dir='ltr'><strong>Nem</strong></span> <span class='ocrx_word' id='word_1_434' title='bbox 751 3968 863 4048; x_wconf 80' lang='lat' dir='ltr'><strong>alioqui</strong></span> <span class='ocrx_word' id='word_1_435' title='bbox 880 3976 968 4041; x_wconf 90' lang='lat' dir='ltr'><strong>certe,</strong></span> <span class='ocrx_word' id='word_1_436' title='bbox 985 3968 1011 4027; x_wconf 89' lang='lat' dir='ltr'><strong>si</strong></span> <span class='ocrx_word' id='word_1_437' title='bbox 1026 3987 1076 4027; x_wconf 91' lang='lat' dir='ltr'><strong>cor</strong></span> <span class='ocrx_word' id='word_1_438' title='bbox 1091 3987 1141 4026; x_wconf 91' lang='lat' dir='ltr'><strong>no·</strong></span> <span class='ocrx_word' id='word_1_439' title='bbox 1239 3966 1303 4028; x_wconf 86' lang='lat' dir='ltr'><strong>Sed</strong></span> <span class='ocrx_word' id='word_1_440' title='bbox 1323 3965 1398 4046; x_wconf 90' lang='lat' dir='ltr'><strong>quid</strong></span> <span class='ocrx_word' id='word_1_441' title='bbox 1422 3965 1459 4027; x_wconf 85' lang='lat' dir='ltr'><strong>sle</strong></span> <span class='ocrx_word' id='word_1_442' title='bbox 1483 3968 1528 4039; x_wconf 87' lang='lat' dir='ltr'><strong>iis,</strong></span> <span class='ocrx_word' id='word_1_443' title='bbox 1553 3985 1631 4048; x_wconf 88' lang='lat' dir='ltr'><strong>quos</strong></span> <span class='ocrx_word' id='word_1_444' title='bbox 1654 3988 1708 4029; x_wconf 91' lang='lat' dir='ltr'><strong>cor</strong></span> <span class='ocrx_word' id='word_1_445' title='bbox 1730 3987 1813 4030; x_wconf 80' lang='lat' dir='ltr'><strong>suun</strong></span> <span class='ocrx_word' id='word_1_446' title='bbox 1829 3980 1868 4026; x_wconf 72' lang='lat' dir='ltr'><strong>u·</strong></span> 
     </span>
     <span class='ocr_line' id='line_1_67' title="bbox 450 4033 1913 4161; baseline 0.001 -46"><span class='ocrx_word' id='word_1_447' title='bbox 450 4064 544 4115; x_wconf 86' lang='lat' dir='ltr'><strong>strum</strong></span> <span class='ocrx_word' id='word_1_448' title='bbox 559 4074 612 4115; x_wconf 90' lang='lat' dir='ltr'><strong>seu</strong></span> <span class='ocrx_word' id='word_1_449' title='bbox 629 4051 1142 4116; x_wconf 84' lang='lat' dir='ltr'><strong>conscientienestrenosccmlem·</strong></span> <span class='ocrx_word' id='word_1_450' title='bbox 1196 4053 1405 4133; x_wconf 88' lang='lat' dir='ltr'><strong>reprehendit,</strong></span> <span class='ocrx_word' id='word_1_451' title='bbox 1433 4055 1522 4114; x_wconf 86' lang='lat' dir='ltr'><strong>etium</strong></span> <span class='ocrx_word' id='word_1_452' title='bbox 1551 4054 1746 4134; x_wconf 77' lang='lat' dir='ltr'><strong>grsvissimis</strong></span> <span class='ocrx_word' id='word_1_453' title='bbox 1769 4047 1867 4135; x_wconf 52' lang='grc' dir='ltr'><strong>μεθ’</strong></span> <span class='ocrx_word' id='word_1_454' title='bbox 1909 4033 1913 4161; x_wconf 60' lang='grc' dir='ltr'><strong>ἶ</strong></span> 
     </span>
     <span class='ocr_line' id='line_1_68' title="bbox 451 4134 1868 4220; baseline 0.004 -19"><span class='ocrx_word' id='word_1_455' title='bbox 451 4149 510 4215; x_wconf 89' lang='lat' dir='ltr'><strong>net,</strong></span> <span class='ocrx_word' id='word_1_456' title='bbox 526 4149 679 4219; x_wconf 84' lang='lat' dir='ltr'><strong>temqusm</strong></span> <span class='ocrx_word' id='word_1_457' title='bbox 696 4141 788 4202; x_wconf 88' lang='lat' dir='ltr'><strong>verbo</strong></span> <span class='ocrx_word' id='word_1_458' title='bbox 805 4150 835 4200; x_wconf 91' lang='lat' dir='ltr'><strong>et</strong></span> <span class='ocrx_word' id='word_1_459' title='bbox 849 4141 963 4220; x_wconf 82' lang='lat' dir='ltr'><strong>lingue,</strong></span> <span class='ocrx_word' id='word_1_460' title='bbox 978 4162 1039 4201; x_wconf 92' lang='lat' dir='ltr'><strong>uon</strong></span> <span class='ocrx_word' id='word_1_461' title='bbox 1054 4159 1144 4219; x_wconf 86' lang='lat' dir='ltr'><strong>opere</strong></span> <span class='ocrx_word' id='word_1_462' title='bbox 1197 4138 1370 4201; x_wconf 79' lang='lat' dir='ltr'><strong>involutos?</strong></span> <span class='ocrx_word' id='word_1_463' title='bbox 1394 4140 1500 4219; x_wconf 86' lang='lat' dir='ltr'><strong>qusles</strong></span> <span class='ocrx_word' id='word_1_464' title='bbox 1525 4137 1723 4216; x_wconf 72' lang='lat' dir='ltr'><strong>idololatres,</strong></span> <span class='ocrx_word' id='word_1_465' title='bbox 1748 4134 1868 4206; x_wconf 62' lang='lat' dir='ltr'><strong>saud</strong></span> 
     </span>
     <span class='ocr_line' id='line_1_69' title="bbox 450 4225 1867 4308; baseline 0 -21"><span class='ocrx_word' id='word_1_466' title='bbox 450 4237 481 4287; x_wconf 90' lang='lat' dir='ltr'><strong>ct</strong></span> <span class='ocrx_word' id='word_1_467' title='bbox 502 4229 634 4288; x_wconf 77' lang='lat' dir='ltr'><strong>veritate</strong></span> <span class='ocrx_word' id='word_1_468' title='bbox 657 4227 833 4306; x_wconf 84' lang='lat' dir='ltr'><strong>diligentes,</strong></span> <span class='ocrx_word' id='word_1_469' title='bbox 853 4227 884 4287; x_wconf 92' lang='lat' dir='ltr'><strong>id</strong></span> <span class='ocrx_word' id='word_1_470' title='bbox 907 4235 967 4300; x_wconf 89' lang='lat' dir='ltr'><strong>est,</strong></span> <span class='ocrx_word' id='word_1_471' title='bbox 990 4237 1143 4306; x_wconf 83' lang='lat' dir='ltr'><strong>tumqusm</strong></span> <span class='ocrx_word' id='word_1_472' title='bbox 1197 4225 1327 4300; x_wconf 79' lang='lat' dir='ltr'><strong>Judsei,</strong></span> <span class='ocrx_word' id='word_1_473' title='bbox 1359 4234 1390 4286; x_wconf 88' lang='lat' dir='ltr'><strong>et</strong></span> <span class='ocrx_word' id='word_1_474' title='bbox 1415 4227 1467 4287; x_wconf 85' lang='lat' dir='ltr'><strong>slii</strong></span> <span class='ocrx_word' id='word_1_475' title='bbox 1495 4225 1688 4289; x_wconf 75' lang='lat' dir='ltr'><strong>diuersurum</strong></span> <span class='ocrx_word' id='word_1_476' title='bbox 1720 4227 1867 4308; x_wconf 67' lang='lat' dir='ltr'><strong>religio-</strong></span> 
     </span>
     <span class='ocr_line' id='line_1_70' title="bbox 449 4312 1866 4395; baseline 0.002 -22"><span class='ocrx_word' id='word_1_477' title='bbox 449 4313 606 4375; x_wconf 85' lang='lat' dir='ltr'><strong>simulstos</strong></span> <span class='ocrx_word' id='word_1_478' title='bbox 628 4313 796 4387; x_wconf 82' lang='lat' dir='ltr'><strong>dilectores,</strong></span> <span class='ocrx_word' id='word_1_479' title='bbox 818 4314 987 4394; x_wconf 87' lang='lat' dir='ltr'><strong>hypocrisis</strong></span> <span class='ocrx_word' id='word_1_480' title='bbox 1010 4314 1061 4374; x_wconf 87' lang='lat' dir='ltr'><strong>ills</strong></span> <span class='ocrx_word' id='word_1_481' title='bbox 1083 4332 1144 4374; x_wconf 91' lang='lat' dir='ltr'><strong>nou</strong></span> <span class='ocrx_word' id='word_1_482' title='bbox 1196 4312 1607 4389; x_wconf 76' lang='lat' dir='ltr'><strong>etqucscctarumhomines,</strong></span> <span class='ocrx_word' id='word_1_483' title='bbox 1624 4322 1866 4395; x_wconf 73' lang='lat' dir='ltr'><strong>certoperm</strong></span> 
     </span>
     <span class='ocr_line' id='line_1_71' title="bbox 448 4398 1911 4480; baseline 0 -18"><span class='ocrx_word' id='word_1_484' title='bbox 448 4402 525 4462; x_wconf 81' lang='lat' dir='ltr'><strong>lutet</strong></span> <span class='ocrx_word' id='word_1_485' title='bbox 538 4401 746 4462; x_wconf 78' lang='lat' dir='ltr'><strong>conscientium</strong></span> <span class='ocrx_word' id='word_1_486' title='bbox 770 4410 911 4473; x_wconf 79' lang='lat' dir='ltr'><strong>nostram,</strong></span> <span class='ocrx_word' id='word_1_487' title='bbox 935 4401 1074 4480; x_wconf 84' lang='lat' dir='ltr'><strong>quemvis</strong></span> <span class='ocrx_word' id='word_1_488' title='bbox 1090 4419 1142 4478; x_wconf 91' lang='lat' dir='ltr'><strong>pu·</strong></span> <span class='ocrx_word' id='word_1_489' title='bbox 1197 4398 1341 4460; x_wconf 85' lang='lat' dir='ltr'><strong>hebentes</strong></span> <span class='ocrx_word' id='word_1_490' title='bbox 1357 4401 1496 4478; x_wconf 84' lang='lat' dir='ltr'><strong>cuisque,</strong></span> <span class='ocrx_word' id='word_1_491' title='bbox 1519 4419 1593 4461; x_wconf 80' lang='lat' dir='ltr'><strong>ense</strong></span> <span class='ocrx_word' id='word_1_492' title='bbox 1611 4412 1721 4462; x_wconf 82' lang='lat' dir='ltr'><strong>sectse</strong></span> <span class='ocrx_word' id='word_1_493' title='bbox 1736 4399 1867 4462; x_wconf 62' lang='lat' dir='ltr'><strong>dcem</strong></span> <span class='ocrx_word' id='word_1_494' title='bbox 1908 4441 1911 4448; x_wconf 86' lang='lat'>·</span> 
     </span>
     <span class='ocr_line' id='line_1_72' title="bbox 449 4486 1865 4568; baseline 0.001 -19"><span class='ocrx_word' id='word_1_495' title='bbox 449 4488 557 4561; x_wconf 82' lang='lat' dir='ltr'><strong>sillem,</strong></span> <span class='ocrx_word' id='word_1_496' title='bbox 580 4496 611 4549; x_wconf 91' lang='lat' dir='ltr'><strong>et</strong></span> <span class='ocrx_word' id='word_1_497' title='bbox 625 4506 723 4568; x_wconf 78' lang='lat' dir='ltr'><strong>peuce</strong></span> <span class='ocrx_word' id='word_1_498' title='bbox 746 4488 899 4559; x_wconf 86' lang='lat' dir='ltr'><strong>scientem,</strong></span> <span class='ocrx_word' id='word_1_499' title='bbox 924 4487 976 4548; x_wconf 90' lang='lat' dir='ltr'><strong>sed</strong></span> <span class='ocrx_word' id='word_1_500' title='bbox 992 4486 1030 4548; x_wconf 81' lang='lat' dir='ltr'><strong>sb</strong></span> <span class='ocrx_word' id='word_1_501' title='bbox 1047 4507 1084 4546; x_wconf 84' lang='lat' dir='ltr'><strong>ee</strong></span> <span class='ocrx_word' id='word_1_502' title='bbox 1099 4505 1143 4546; x_wconf 90' lang='lat' dir='ltr'><strong>re·</strong></span> <span class='ocrx_word' id='word_1_503' title='bbox 1198 4506 1268 4546; x_wconf 87' lang='lat' dir='ltr'><strong>esse</strong></span> <span class='ocrx_word' id='word_1_504' title='bbox 1291 4506 1403 4547; x_wconf 85' lang='lat' dir='ltr'><strong>verum.</strong></span> <span class='ocrx_word' id='word_1_505' title='bbox 1434 4486 1552 4567; x_wconf 70' lang='lat' dir='ltr'><strong>Quales</strong></span> <span class='ocrx_word' id='word_1_506' title='bbox 1572 4486 1647 4547; x_wconf 82' lang='lat' dir='ltr'><strong>item</strong></span> <span class='ocrx_word' id='word_1_507' title='bbox 1669 4487 1758 4549; x_wconf 87' lang='lat' dir='ltr'><strong>multi</strong></span> <span class='ocrx_word' id='word_1_508' title='bbox 1778 4487 1865 4551; x_wconf 53' lang='lat' dir='ltr'><strong>fist&amp;</strong></span> 
     </span>
     <span class='ocr_line' id='line_1_73' title="bbox 450 4571 1865 4655; baseline 0.001 -20"><span class='ocrx_word' id='word_1_509' title='bbox 450 4574 621 4655; x_wconf 77' lang='lat' dir='ltr'><strong>derguitur3</strong></span> <span class='ocrx_word' id='word_1_510' title='bbox 644 4581 758 4653; x_wconf 87' lang='lat' dir='ltr'><strong>queuto</strong></span> <span class='ocrx_word' id='word_1_511' title='bbox 781 4574 877 4654; x_wconf 78' lang='lat' dir='ltr'><strong>magis</strong></span> <span class='ocrx_word' id='word_1_512' title='bbox 892 4594 911 4633; x_wconf 84' lang='lat' dir='ltr'><strong>e</strong></span> <span class='ocrx_word' id='word_1_513' title='bbox 926 4572 1002 4645; x_wconf 91' lang='lat' dir='ltr'><strong>Deo,</strong></span> <span class='ocrx_word' id='word_1_514' title='bbox 1023 4574 1075 4655; x_wconf 91' lang='lat' dir='ltr'><strong>qui</strong></span> <span class='ocrx_word' id='word_1_515' title='bbox 1099 4573 1142 4631; x_wconf 90' lang='lat' dir='ltr'><strong>in·</strong></span> <span class='ocrx_word' id='word_1_516' title='bbox 1197 4591 1261 4632; x_wconf 91' lang='lat' dir='ltr'><strong>rum</strong></span> <span class='ocrx_word' id='word_1_517' title='bbox 1269 4581 1484 4651; x_wconf 87' lang='lat' dir='ltr'><strong>persecutores,</strong></span> <span class='ocrx_word' id='word_1_518' title='bbox 1495 4572 1705 4649; x_wconf 76' lang='lat' dir='ltr'><strong>arbitrantes,</strong></span> <span class='ocrx_word' id='word_1_519' title='bbox 1718 4571 1865 4653; x_wconf 62' lang='lat' dir='ltr'><strong>obssq&#39;fl,</strong></span> 
     </span>
     <span class='ocr_line' id='line_1_74' title="bbox 450 4658 1913 4769; baseline 0.002 -48"><span class='ocrx_word' id='word_1_520' title='bbox 450 4660 688 4741; x_wconf 88' lang='lat' dir='ltr'><strong>compersbilitcr</strong></span> <span class='ocrx_word' id='word_1_521' title='bbox 717 4659 813 4739; x_wconf 77' lang='lat' dir='ltr'><strong>major</strong></span> <span class='ocrx_word' id='word_1_522' title='bbox 840 4668 885 4719; x_wconf 87' lang='lat' dir='ltr'><strong>est</strong></span> <span class='ocrx_word' id='word_1_523' title='bbox 915 4658 1003 4721; x_wconf 89' lang='lat' dir='ltr'><strong>corde</strong></span> <span class='ocrx_word' id='word_1_524' title='bbox 1033 4667 1144 4732; x_wconf 89' lang='lat' dir='ltr'><strong>nostro,</strong></span> <span class='ocrx_word' id='word_1_525' title='bbox 1197 4678 1228 4719; x_wconf 86' lang='lat' dir='ltr'><strong>se</strong></span> <span class='ocrx_word' id='word_1_526' title='bbox 1240 4666 1406 4735; x_wconf 81' lang='lat' dir='ltr'><strong>proestare</strong></span> <span class='ocrx_word' id='word_1_527' title='bbox 1423 4662 1503 4735; x_wconf 82' lang='lat' dir='ltr'><strong>Deo,</strong></span> <span class='ocrx_word' id='word_1_528' title='bbox 1528 4660 1622 4722; x_wconf 87' lang='lat' dir='ltr'><strong>Jcsn.</strong></span> <span class='ocrx_word' id='word_1_529' title='bbox 1642 4662 1703 4735; x_wconf 76' lang='lat'><strong>16,</strong></span> <span class='ocrx_word' id='word_1_530' title='bbox 1726 4663 1800 4723; x_wconf 69' lang='lat' dir='ltr'><strong>inte</strong></span> <span class='ocrx_word' id='word_1_531' title='bbox 1816 4665 1866 4738; x_wconf 65' lang='lat' dir='ltr'><strong>q!</strong></span> <span class='ocrx_word' id='word_1_532' title='bbox 1902 4709 1913 4769; x_wconf 46' lang='lat' dir='ltr'><strong>q</strong></span> 
     </span>
     <span class='ocr_line' id='line_1_75' title="bbox 451 4741 1865 4826; baseline 0.001 -18"><span class='ocrx_word' id='word_1_533' title='bbox 451 4747 590 4826; x_wconf 76' lang='lat' dir='ltr'><strong>adeoque</strong></span> <span class='ocrx_word' id='word_1_534' title='bbox 605 4748 705 4807; x_wconf 88' lang='lat' dir='ltr'><strong>omnis</strong></span> <span class='ocrx_word' id='word_1_535' title='bbox 721 4748 823 4808; x_wconf 84' lang='lat' dir='ltr'><strong>noviti</strong></span> <span class='ocrx_word' id='word_1_536' title='bbox 851 4747 966 4807; x_wconf 86' lang='lat' dir='ltr'><strong>Dicitur</strong></span> <span class='ocrx_word' id='word_1_537' title='bbox 980 4747 1065 4808; x_wconf 90' lang='lat' dir='ltr'><strong>Deus</strong></span> <span class='ocrx_word' id='word_1_538' title='bbox 1081 4765 1142 4804; x_wconf 86' lang='lat' dir='ltr'><strong>me·</strong></span> <span class='ocrx_word' id='word_1_539' title='bbox 1197 4744 1321 4816; x_wconf 78' lang='lat' dir='ltr'><strong>Paulus,</strong></span> <span class='ocrx_word' id='word_1_540' title='bbox 1338 4749 1429 4818; x_wconf 72' lang='lat' dir='ltr'><strong>petes</strong></span> <span class='ocrx_word' id='word_1_541' title='bbox 1445 4746 1658 4824; x_wconf 75' lang='lat' dir='ltr'><strong>blasphemus,</strong></span> <span class='ocrx_word' id='word_1_542' title='bbox 1671 4741 1865 4825; x_wconf 56' lang='lat' dir='ltr'><strong>pessumi</strong></span> 
     </span>
     <span class='ocr_line' id='line_1_76' title="bbox 447 4821 1903 4914; baseline 0.001 -21"><span class='ocrx_word' id='word_1_543' title='bbox 447 4835 497 4913; x_wconf 87' lang='lat' dir='ltr'><strong>jor</strong></span> <span class='ocrx_word' id='word_1_544' title='bbox 512 4831 605 4895; x_wconf 88' lang='lat' dir='ltr'><strong>eorde</strong></span> <span class='ocrx_word' id='word_1_545' title='bbox 620 4841 721 4894; x_wconf 89' lang='lat' dir='ltr'><strong>nostro</strong></span> <span class='ocrx_word' id='word_1_546' title='bbox 738 4833 837 4913; x_wconf 82' lang='lat' dir='ltr'><strong>quoad</strong></span> <span class='ocrx_word' id='word_1_547' title='bbox 854 4835 1060 4914; x_wconf 81' lang='lat' dir='ltr'><strong>cognitionem,</strong></span> <span class='ocrx_word' id='word_1_548' title='bbox 1083 4852 1144 4911; x_wconf 83' lang='lat' dir='ltr'><strong>que</strong></span> <span class='ocrx_word' id='word_1_549' title='bbox 1200 4833 1464 4910; x_wconf 74' lang='lat' dir='ltr'><strong>contumeiiosus,</strong></span> <span class='ocrx_word' id='word_1_550' title='bbox 1487 4833 1541 4894; x_wconf 85' lang='lat' dir='ltr'><strong>ssd</strong></span> <span class='ocrx_word' id='word_1_551' title='bbox 1563 4835 1813 4896; x_wconf 72' lang='lat' dir='ltr'><strong>misericordie·</strong></span> <span class='ocrx_word' id='word_1_552' title='bbox 1826 4821 1865 4894; x_wconf 70' lang='grc' dir='ltr'><strong><em>Ν</em></strong></span> <span class='ocrx_word' id='word_1_553' title='bbox 1901 4877 1903 4882; x_wconf 88' lang='grc'>-</span> 
     </span>
     <span class='ocr_line' id='line_1_77' title="bbox 450 4913 1863 5004; baseline -0.001 -23"><span class='ocrx_word' id='word_1_554' title='bbox 450 4941 510 4981; x_wconf 91' lang='lat' dir='ltr'><strong>non</strong></span> <span class='ocrx_word' id='word_1_555' title='bbox 526 4927 640 4980; x_wconf 87' lang='lat' dir='ltr'><strong>tentum</strong></span> <span class='ocrx_word' id='word_1_556' title='bbox 657 4921 870 5001; x_wconf 90' lang='lat' dir='ltr'><strong>complectitur,</strong></span> <span class='ocrx_word' id='word_1_557' title='bbox 886 4918 1035 5001; x_wconf 88' lang='lat' dir='ltr'><strong>quidquid</strong></span> <span class='ocrx_word' id='word_1_558' title='bbox 1051 4927 1098 4980; x_wconf 87' lang='lat' dir='ltr'><strong>est</strong></span> <span class='ocrx_word' id='word_1_559' title='bbox 1112 4919 1144 4978; x_wconf 91' lang='lat' dir='ltr'><strong>in</strong></span> <span class='ocrx_word' id='word_1_560' title='bbox 1198 4928 1393 4995; x_wconf 82' lang='lat' dir='ltr'><strong>consecutus,</strong></span> <span class='ocrx_word' id='word_1_561' title='bbox 1409 4922 1486 4997; x_wconf 85' lang='lat' dir='ltr'><strong>quic</strong></span> <span class='ocrx_word' id='word_1_562' title='bbox 1498 4922 1657 4996; x_wconf 69' lang='lat' dir='ltr'><strong>iquorem</strong></span> <span class='ocrx_word' id='word_1_563' title='bbox 1669 4913 1863 5004; x_wconf 62' lang='lat' dir='ltr'><strong>[metitis</strong></span> 
     </span>
     <span class='ocr_line' id='line_1_78' title="bbox 450 5005 1861 5090; baseline -0.001 -23"><span class='ocrx_word' id='word_1_564' title='bbox 450 5005 540 5068; x_wconf 88' lang='lat' dir='ltr'><strong>eorde</strong></span> <span class='ocrx_word' id='word_1_565' title='bbox 557 5015 588 5067; x_wconf 90' lang='lat' dir='ltr'><strong>et</strong></span> <span class='ocrx_word' id='word_1_566' title='bbox 602 5016 730 5087; x_wconf 81' lang='lat' dir='ltr'><strong>ungusta</strong></span> <span class='ocrx_word' id='word_1_567' title='bbox 753 5007 935 5069; x_wconf 82' lang='lat' dir='ltr'><strong>conscientie</strong></span> <span class='ocrx_word' id='word_1_568' title='bbox 958 5013 1068 5084; x_wconf 85' lang='lat' dir='ltr'><strong>nostre,</strong></span> <span class='ocrx_word' id='word_1_569' title='bbox 1092 5025 1142 5068; x_wconf 83' lang='lat' dir='ltr'><strong>ve·</strong></span> <span class='ocrx_word' id='word_1_570' title='bbox 1195 5006 1392 5084; x_wconf 78' lang='lat' dir='ltr'><strong>credulitate,</strong></span> <span class='ocrx_word' id='word_1_571' title='bbox 1412 5007 1523 5069; x_wconf 78' lang='lat' dir='ltr'><strong>l&#39;I&#39;im.</strong></span> <span class='ocrx_word' id='word_1_572' title='bbox 1540 5011 1568 5069; x_wconf 92' lang='grc'><strong>1.</strong></span> <span class='ocrx_word' id='word_1_573' title='bbox 1593 5006 1717 5090; x_wconf 80' lang='lat' dir='ltr'><strong>Qusles</strong></span> <span class='ocrx_word' id='word_1_574' title='bbox 1729 5005 1861 5070; x_wconf 71' lang='lat' dir='ltr'><strong>escitis</strong></span> 
     </span>
    </p>
   </div>
   <div class='ocr_carea' id='block_1_6' title="bbox 0 0 2226 5825">
    <p class='ocr_par' dir='ltr' id='par_1_11' title="bbox 0 0 2226 5825">
     <span class='ocr_line' id='line_1_79' title="bbox 0 0 2226 5825; baseline 0 1"><span class='ocrx_word' id='word_1_575' title='bbox 0 0 2226 5825; x_wconf 95' lang='lat' dir='ltr'><strong> </strong></span> 
     </span>
    </p>
   </div>
  </div>
 </body>
</html>
