<?xml version="1.0" encoding="UTF-8"?>
<!DOCTYPE html PUBLIC "-//W3C//DTD XHTML 1.0 Transitional//EN"
    "http://www.w3.org/TR/xhtml1/DTD/xhtml1-transitional.dtd">
<html xmlns="http://www.w3.org/1999/xhtml" xml:lang="en" lang="en">
 <head>
  <title>
</title>
<meta http-equiv="Content-Type" content="text/html;charset=utf-8" />
  <meta name='ocr-system' content='tesseract 3.04.00' />
  <meta name='ocr-capabilities' content='ocr_page ocr_carea ocr_par ocr_line ocrx_word'/>
</head>
<body>
  <div class='ocr_page' id='page_1' title='image "./guilielmiestiii01estigoog_0474.png"; bbox 0 0 4442 5825; ppageno 0'>
   <div class='ocr_carea' id='block_1_1' title="bbox 390 572 1347 649">
    <p class='ocr_par' dir='ltr' id='par_1_1' title="bbox 390 572 1347 649">
     <span class='ocr_line' id='line_1_1' title="bbox 390 572 1347 649; baseline -0.023 0"><span class='ocrx_word' id='word_1_1' title='bbox 390 578 468 649; x_wconf 84' lang='lat' dir='ltr'>stt</span> <span class='ocrx_word' id='word_1_2' title='bbox 933 572 1347 630; x_wconf 68' lang='lat' dir='ltr'>commeantem.</span> 
     </span>
    </p>
   </div>
   <div class='ocr_carea' id='block_1_2' title="bbox 302 747 1720 5092">
    <p class='ocr_par' dir='ltr' id='par_1_2' title="bbox 302 747 1720 5092">
     <span class='ocr_line' id='line_1_2' title="bbox 392 747 1719 828; baseline 0 -17"><span class='ocrx_word' id='word_1_3' title='bbox 392 767 433 811; x_wconf 81' lang='lat' dir='ltr'>er</span> <span class='ocrx_word' id='word_1_4' title='bbox 457 767 493 810; x_wconf 91' lang='lat' dir='ltr'>ea</span> <span class='ocrx_word' id='word_1_5' title='bbox 517 749 659 827; x_wconf 67' lang='lat' dir='ltr'>{maura</span> <span class='ocrx_word' id='word_1_6' title='bbox 682 752 873 828; x_wconf 82' lang='lat' dir='ltr'>pretiosum,</span> <span class='ocrx_word' id='word_1_7' title='bbox 898 748 930 811; x_wconf 93' lang='lat' dir='ltr'>id</span> <span class='ocrx_word' id='word_1_8' title='bbox 955 758 1006 813; x_wconf 88' lang='lat' dir='ltr'>est</span> <span class='ocrx_word' id='word_1_9' title='bbox 1030 751 1088 813; x_wconf 90' lang='lat' dir='ltr'>sibi</span> <span class='ocrx_word' id='word_1_10' title='bbox 1140 755 1285 815; x_wconf 83' lang='lat' dir='ltr'>rotirtam</span> <span class='ocrx_word' id='word_1_11' title='bbox 1298 756 1336 815; x_wconf 83' lang='lat' dir='ltr'>s&#39;rt</span> <span class='ocrx_word' id='word_1_12' title='bbox 1350 758 1492 827; x_wconf 80' lang='lat' dir='ltr'>tempore</span> <span class='ocrx_word' id='word_1_13' title='bbox 1506 768 1574 813; x_wconf 83' lang='lat' dir='ltr'>auo.</span> <span class='ocrx_word' id='word_1_14' title='bbox 1599 747 1719 811; x_wconf 88' lang='lat' dir='ltr'>Itemll</span> 
     </span>
     <span class='ocr_line' id='line_1_3' title="bbox 392 836 1720 920; baseline 0.002 -23"><span class='ocrx_word' id='word_1_15' title='bbox 392 836 514 912; x_wconf 88' lang='lat' dir='ltr'>utilem,</span> <span class='ocrx_word' id='word_1_16' title='bbox 540 855 632 917; x_wconf 88' lang='lat' dir='ltr'>quum</span> <span class='ocrx_word' id='word_1_17' title='bbox 653 844 773 920; x_wconf 90' lang='lat' dir='ltr'>tempus</span> <span class='ocrx_word' id='word_1_18' title='bbox 794 837 966 916; x_wconf 56' lang='lat' dir='ltr'>advenam</span> <span class='ocrx_word' id='word_1_19' title='bbox 989 859 1089 920; x_wconf 89' lang='lat' dir='ltr'>noque</span> <span class='ocrx_word' id='word_1_20' title='bbox 1142 847 1174 902; x_wconf 92' lang='lat' dir='ltr'>et</span> <span class='ocrx_word' id='word_1_21' title='bbox 1188 840 1289 902; x_wconf 83' lang='lat' dir='ltr'>Jottlis</span> <span class='ocrx_word' id='word_1_22' title='bbox 1303 841 1332 902; x_wconf 75' lang='lat' dir='ltr'>l.</span> <span class='ocrx_word' id='word_1_23' title='bbox 1355 839 1470 899; x_wconf 89' lang='lat' dir='ltr'>mantio</span> <span class='ocrx_word' id='word_1_24' title='bbox 1483 837 1518 898; x_wconf 84' lang='lat' dir='ltr'>fit</span> <span class='ocrx_word' id='word_1_25' title='bbox 1533 836 1640 899; x_wconf 90' lang='lat' dir='ltr'>imbris</span> <span class='ocrx_word' id='word_1_26' title='bbox 1658 846 1720 917; x_wconf 72' lang='lat' dir='ltr'>tam</span> 
     </span>
     <span class='ocr_line' id='line_1_4' title="bbox 392 922 1720 1006; baseline 0.001 -22"><span class='ocrx_word' id='word_1_27' title='bbox 392 923 521 985; x_wconf 90' lang='lat' dir='ltr'>moleste</span> <span class='ocrx_word' id='word_1_28' title='bbox 541 922 610 999; x_wconf 80' lang='lat' dir='ltr'>lert,</span> <span class='ocrx_word' id='word_1_29' title='bbox 632 923 715 1006; x_wconf 90' lang='lat' dir='ltr'>qaod</span> <span class='ocrx_word' id='word_1_30' title='bbox 735 946 795 988; x_wconf 94' lang='lat' dir='ltr'>non</span> <span class='ocrx_word' id='word_1_31' title='bbox 817 927 920 986; x_wconf 89' lang='lat' dir='ltr'>statim</span> <span class='ocrx_word' id='word_1_32' title='bbox 935 934 1014 986; x_wconf 87' lang='lat' dir='ltr'>terra</span> <span class='ocrx_word' id='word_1_33' title='bbox 1028 927 1086 987; x_wconf 84' lang='lat' dir='ltr'>fiu-</span> <span class='ocrx_word' id='word_1_34' title='bbox 1141 935 1172 989; x_wconf 88' lang='lat' dir='ltr'>et</span> <span class='ocrx_word' id='word_1_35' title='bbox 1196 926 1329 988; x_wconf 75' lang='lat' dir='ltr'>serotini.</span> <span class='ocrx_word' id='word_1_36' title='bbox 1362 924 1444 986; x_wconf 80' lang='lat' dir='ltr'>Alibi</span> <span class='ocrx_word' id='word_1_37' title='bbox 1466 924 1550 985; x_wconf 87' lang='lat' dir='ltr'>solua</span> <span class='ocrx_word' id='word_1_38' title='bbox 1574 924 1672 986; x_wconf 85' lang='lat' dir='ltr'>imber</span> <span class='ocrx_word' id='word_1_39' title='bbox 1694 940 1720 984; x_wconf 81' lang='lat' dir='ltr'>se</span> 
     </span>
     <span class='ocr_line' id='line_1_5' title="bbox 392 1008 1720 1093; baseline 0 -22"><span class='ocrx_word' id='word_1_40' title='bbox 392 1021 473 1073; x_wconf 91' lang='lat' dir='ltr'>ctum</span> <span class='ocrx_word' id='word_1_41' title='bbox 495 1008 610 1072; x_wconf 89' lang='lat' dir='ltr'>reddat.</span> <span class='ocrx_word' id='word_1_42' title='bbox 633 1011 683 1073; x_wconf 94' lang='lat' dir='ltr'>Ita</span> <span class='ocrx_word' id='word_1_43' title='bbox 704 1012 799 1086; x_wconf 82' lang='lat' dir='ltr'>robis,</span> <span class='ocrx_word' id='word_1_44' title='bbox 821 1013 925 1093; x_wconf 87' lang='lat' dir='ltr'>inquit,</span> <span class='ocrx_word' id='word_1_45' title='bbox 951 1011 1086 1093; x_wconf 90' lang='lat' dir='ltr'>longani-</span> <span class='ocrx_word' id='word_1_46' title='bbox 1140 1017 1326 1088; x_wconf 88' lang='lat' dir='ltr'>nominator,</span> <span class='ocrx_word' id='word_1_47' title='bbox 1348 1023 1500 1093; x_wconf 83' lang='lat' dir='ltr'>tamquam</span> <span class='ocrx_word' id='word_1_48' title='bbox 1522 1012 1720 1091; x_wconf 82' lang='lat' dir='ltr'>optatissimus</span> 
     </span>
     <span class='ocr_line' id='line_1_6' title="bbox 390 1095 1720 1178; baseline 0.001 -20"><span class='ocrx_word' id='word_1_49' title='bbox 390 1099 478 1159; x_wconf 86' lang='lat' dir='ltr'>miter</span> <span class='ocrx_word' id='word_1_50' title='bbox 503 1095 644 1159; x_wconf 76' lang='lat' dir='ltr'>terendae</span> <span class='ocrx_word' id='word_1_51' title='bbox 669 1113 740 1161; x_wconf 90' lang='lat' dir='ltr'>sunt</span> <span class='ocrx_word' id='word_1_52' title='bbox 764 1100 892 1178; x_wconf 86' lang='lat' dir='ltr'>injurias</span> <span class='ocrx_word' id='word_1_53' title='bbox 913 1108 945 1159; x_wconf 89' lang='lat' dir='ltr'>et</span> <span class='ocrx_word' id='word_1_54' title='bbox 966 1110 1088 1162; x_wconf 87' lang='lat' dir='ltr'>caetera</span> <span class='ocrx_word' id='word_1_55' title='bbox 1141 1101 1330 1174; x_wconf 84' lang='lat' dir='ltr'>utilissimas,</span> <span class='ocrx_word' id='word_1_56' title='bbox 1345 1110 1379 1160; x_wconf 92' lang='lat' dir='ltr'>ut</span> <span class='ocrx_word' id='word_1_57' title='bbox 1396 1099 1513 1161; x_wconf 84' lang='lat' dir='ltr'>Jerem.</span> <span class='ocrx_word' id='word_1_58' title='bbox 1529 1098 1570 1172; x_wconf 80' lang='lat'>3,</span> <span class='ocrx_word' id='word_1_59' title='bbox 1584 1100 1680 1160; x_wconf 76' lang='lat' dir='ltr'>Amos</span> <span class='ocrx_word' id='word_1_60' title='bbox 1695 1100 1720 1159; x_wconf 89' lang='grc'>7.</span> 
     </span>
     <span class='ocr_line' id='line_1_7' title="bbox 390 1182 1720 1265; baseline -0.002 -19"><span class='ocrx_word' id='word_1_61' title='bbox 390 1182 480 1263; x_wconf 86' lang='lat' dir='ltr'>bajus</span> <span class='ocrx_word' id='word_1_62' title='bbox 503 1185 588 1246; x_wconf 85' lang='lat' dir='ltr'>vitae</span> <span class='ocrx_word' id='word_1_63' title='bbox 608 1185 698 1258; x_wconf 91' lang='lat' dir='ltr'>mala,</span> <span class='ocrx_word' id='word_1_64' title='bbox 720 1194 755 1246; x_wconf 91' lang='lat' dir='ltr'>ut</span> <span class='ocrx_word' id='word_1_65' title='bbox 776 1186 907 1246; x_wconf 78' lang='lat' dir='ltr'>fractum</span> <span class='ocrx_word' id='word_1_66' title='bbox 922 1185 1037 1248; x_wconf 91' lang='lat' dir='ltr'>laboris</span> <span class='ocrx_word' id='word_1_67' title='bbox 1051 1207 1087 1246; x_wconf 86' lang='lat' dir='ltr'>ao</span> <span class='ocrx_word' id='word_1_68' title='bbox 1143 1189 1192 1248; x_wconf 91' lang='grc'>10.</span> <span class='ocrx_word' id='word_1_69' title='bbox 1215 1187 1304 1249; x_wconf 84' lang='lat' dir='ltr'>Unde</span> <span class='ocrx_word' id='word_1_70' title='bbox 1329 1197 1362 1247; x_wconf 92' lang='lat' dir='ltr'>et</span> <span class='ocrx_word' id='word_1_71' title='bbox 1382 1186 1420 1247; x_wconf 89' lang='lat' dir='ltr'>ab</span> <span class='ocrx_word' id='word_1_72' title='bbox 1443 1206 1479 1246; x_wconf 91' lang='lat' dir='ltr'>eo</span> <span class='ocrx_word' id='word_1_73' title='bbox 1502 1186 1689 1265; x_wconf 86' lang='lat' dir='ltr'>comparatio</span> <span class='ocrx_word' id='word_1_74' title='bbox 1713 1203 1720 1244; x_wconf 89' lang='lat' dir='ltr'>t</span> 
     </span>
     <span class='ocr_line' id='line_1_8' title="bbox 390 1270 1720 1355; baseline 0 -23"><span class='ocrx_word' id='word_1_75' title='bbox 390 1272 558 1352; x_wconf 88' lang='lat' dir='ltr'>patientiae</span> <span class='ocrx_word' id='word_1_76' title='bbox 569 1280 689 1333; x_wconf 76' lang='lat' dir='ltr'>vestme</span> <span class='ocrx_word' id='word_1_77' title='bbox 700 1291 791 1355; x_wconf 89' lang='lat' dir='ltr'>super</span> <span class='ocrx_word' id='word_1_78' title='bbox 803 1273 902 1334; x_wconf 89' lang='lat' dir='ltr'>omnia</span> <span class='ocrx_word' id='word_1_79' title='bbox 917 1273 1086 1353; x_wconf 88' lang='lat' dir='ltr'>pretiosum,</span> <span class='ocrx_word' id='word_1_80' title='bbox 1141 1276 1186 1335; x_wconf 89' lang='lat' dir='ltr'>rei</span> <span class='ocrx_word' id='word_1_81' title='bbox 1201 1275 1397 1354; x_wconf 85' lang='lat' dir='ltr'>gratissimae,</span> <span class='ocrx_word' id='word_1_82' title='bbox 1412 1272 1474 1335; x_wconf 89' lang='lat' dir='ltr'>Job</span> <span class='ocrx_word' id='word_1_83' title='bbox 1490 1274 1542 1334; x_wconf 69' lang='lat'>29.</span> <span class='ocrx_word' id='word_1_84' title='bbox 1557 1281 1589 1332; x_wconf 84' lang='lat' dir='ltr'>et</span> <span class='ocrx_word' id='word_1_85' title='bbox 1604 1270 1696 1332; x_wconf 83' lang='lat' dir='ltr'>Prov.</span> <span class='ocrx_word' id='word_1_86' title='bbox 1711 1276 1720 1332; x_wconf 85' lang='lat' dir='ltr'>t</span> 
     </span>
     <span class='ocr_line' id='line_1_9' title="bbox 391 1356 1720 1437; baseline 0 -18"><span class='ocrx_word' id='word_1_87' title='bbox 391 1356 499 1434; x_wconf 90' lang='lat' dir='ltr'>idest,</span> <span class='ocrx_word' id='word_1_88' title='bbox 525 1366 669 1421; x_wconf 87' lang='lat' dir='ltr'>aeternae</span> <span class='ocrx_word' id='word_1_89' title='bbox 693 1361 778 1421; x_wconf 86' lang='lat' dir='ltr'>vitae</span> <span class='ocrx_word' id='word_1_90' title='bbox 803 1379 952 1434; x_wconf 88' lang='lat' dir='ltr'>eoronam,</span> <span class='ocrx_word' id='word_1_91' title='bbox 978 1378 997 1420; x_wconf 89' lang='lat' dir='ltr'>a</span> <span class='ocrx_word' id='word_1_92' title='bbox 1020 1360 1086 1421; x_wconf 87' lang='lat' dir='ltr'>Deo</span> <span class='ocrx_word' id='word_1_93' title='bbox 1140 1370 1242 1423; x_wconf 83' lang='lat' dir='ltr'>autam</span> <span class='ocrx_word' id='word_1_94' title='bbox 1270 1361 1385 1437; x_wconf 83' lang='lat' dir='ltr'>pluvia</span> <span class='ocrx_word' id='word_1_95' title='bbox 1421 1366 1634 1435; x_wconf 77' lang='lat' dir='ltr'>temporanea</span> <span class='ocrx_word' id='word_1_96' title='bbox 1670 1376 1720 1419; x_wconf 87' lang='lat' dir='ltr'>seu</span> 
     </span>
     <span class='ocr_line' id='line_1_10' title="bbox 390 1445 1720 1528; baseline -0.001 -21"><span class='ocrx_word' id='word_1_97' title='bbox 390 1446 575 1527; x_wconf 79' lang='lat' dir='ltr'>promissam,</span> <span class='ocrx_word' id='word_1_98' title='bbox 604 1465 697 1526; x_wconf 90' lang='lat' dir='ltr'>quum</span> <span class='ocrx_word' id='word_1_99' title='bbox 723 1446 764 1507; x_wconf 92' lang='lat' dir='ltr'>ad</span> <span class='ocrx_word' id='word_1_100' title='bbox 784 1445 934 1527; x_wconf 87' lang='lat' dir='ltr'>judicium</span> <span class='ocrx_word' id='word_1_101' title='bbox 959 1448 1086 1520; x_wconf 84' lang='lat' dir='ltr'>venerit,</span> <span class='ocrx_word' id='word_1_102' title='bbox 1140 1448 1291 1528; x_wconf 89' lang='lat' dir='ltr'>temporis,</span> <span class='ocrx_word' id='word_1_103' title='bbox 1303 1454 1498 1528; x_wconf 89' lang='lat' dir='ltr'>quaeterram</span> <span class='ocrx_word' id='word_1_104' title='bbox 1506 1446 1595 1526; x_wconf 86' lang='lat' dir='ltr'>rigat,</span> <span class='ocrx_word' id='word_1_105' title='bbox 1602 1446 1720 1525; x_wconf 76' lang='lat' dir='ltr'>jactati</span> 
     </span>
     <span class='ocr_line' id='line_1_11' title="bbox 391 1531 1720 1615; baseline -0.003 -20"><span class='ocrx_word' id='word_1_106' title='bbox 391 1532 559 1614; x_wconf 81' lang='lat' dir='ltr'>accipistis</span> <span class='ocrx_word' id='word_1_107' title='bbox 589 1531 760 1609; x_wconf 79' lang='lat' dir='ltr'>Sciendum,</span> <span class='ocrx_word' id='word_1_108' title='bbox 782 1554 836 1614; x_wconf 90' lang='lat' dir='ltr'>pro</span> <span class='ocrx_word' id='word_1_109' title='bbox 859 1553 905 1606; x_wconf 89' lang='lat' dir='ltr'>eo,</span> <span class='ocrx_word' id='word_1_110' title='bbox 928 1534 1011 1613; x_wconf 89' lang='lat' dir='ltr'>quod</span> <span class='ocrx_word' id='word_1_111' title='bbox 1032 1553 1087 1594; x_wconf 86' lang='lat' dir='ltr'>noa</span> <span class='ocrx_word' id='word_1_112' title='bbox 1138 1536 1299 1610; x_wconf 54' lang='lat' dir='ltr'>Metina,</span> <span class='ocrx_word' id='word_1_113' title='bbox 1323 1553 1384 1615; x_wconf 89' lang='lat' dir='ltr'>qua</span> <span class='ocrx_word' id='word_1_114' title='bbox 1398 1551 1488 1613; x_wconf 86' lang='lat' dir='ltr'>seges</span> <span class='ocrx_word' id='word_1_115' title='bbox 1504 1543 1576 1593; x_wconf 87' lang='lat' dir='ltr'>anta</span> <span class='ocrx_word' id='word_1_116' title='bbox 1591 1533 1720 1594; x_wconf 87' lang='lat' dir='ltr'>maturit</span> 
     </span>
     <span class='ocr_line' id='line_1_12' title="bbox 390 1618 1720 1701; baseline 0 -21"><span class='ocrx_word' id='word_1_117' title='bbox 390 1618 552 1680; x_wconf 85' lang='lat' dir='ltr'>habemas:</span> <span class='ocrx_word' id='word_1_118' title='bbox 577 1621 744 1682; x_wconf 82' lang='lat' dir='ltr'>Patieater</span> <span class='ocrx_word' id='word_1_119' title='bbox 764 1621 881 1699; x_wconf 63' lang='lat' dir='ltr'>tuens,</span> <span class='ocrx_word' id='word_1_120' title='bbox 905 1621 949 1681; x_wconf 91' lang='lat' dir='ltr'>ita</span> <span class='ocrx_word' id='word_1_121' title='bbox 971 1621 1033 1701; x_wconf 88' lang='lat' dir='ltr'>legi</span> <span class='ocrx_word' id='word_1_122' title='bbox 1055 1625 1087 1682; x_wconf 90' lang='lat' dir='ltr'>in</span> <span class='ocrx_word' id='word_1_123' title='bbox 1139 1641 1269 1684; x_wconf 88' lang='lat' dir='ltr'>messem</span> <span class='ocrx_word' id='word_1_124' title='bbox 1283 1618 1465 1701; x_wconf 73' lang='lat' dir='ltr'>grandescit,</span> <span class='ocrx_word' id='word_1_125' title='bbox 1485 1639 1522 1681; x_wconf 86' lang='lat' dir='ltr'>ac</span> <span class='ocrx_word' id='word_1_126' title='bbox 1537 1621 1643 1697; x_wconf 87' lang='lat' dir='ltr'>spicae</span> <span class='ocrx_word' id='word_1_127' title='bbox 1657 1628 1720 1699; x_wconf 82' lang='lat' dir='ltr'>tnrg</span> 
     </span>
     <span class='ocr_line' id='line_1_13' title="bbox 390 1694 1720 1792; baseline -0.001 -23"><span class='ocrx_word' id='word_1_128' title='bbox 390 1703 527 1769; x_wconf 77' lang='lat' dir='ltr'>Graeco:</span> <span class='ocrx_word' id='word_1_129' title='bbox 553 1704 760 1786; x_wconf 73' lang='grc' dir='ltr'><strong>μακροθυμῶν</strong></span> <span class='ocrx_word' id='word_1_130' title='bbox 787 1694 837 1767; x_wconf 71' lang='grc' dir='ltr'>ἐπ’</span> <span class='ocrx_word' id='word_1_131' title='bbox 858 1698 955 1792; x_wconf 73' lang='grc' dir='ltr'><strong>αὐτῷ,</strong></span> <span class='ocrx_word' id='word_1_132' title='bbox 979 1705 1012 1769; x_wconf 92' lang='lat' dir='ltr'>id</span> <span class='ocrx_word' id='word_1_133' title='bbox 1032 1718 1085 1781; x_wconf 87' lang='lat' dir='ltr'>ast,</span> <span class='ocrx_word' id='word_1_134' title='bbox 1139 1708 1221 1770; x_wconf 80' lang='lat' dir='ltr'>liele</span> <span class='ocrx_word' id='word_1_135' title='bbox 1238 1709 1362 1787; x_wconf 89' lang='lat' dir='ltr'>quidam</span> <span class='ocrx_word' id='word_1_136' title='bbox 1379 1707 1529 1785; x_wconf 79' lang='lat' dir='ltr'>pluviam</span> <span class='ocrx_word' id='word_1_137' title='bbox 1552 1714 1720 1784; x_wconf 74' lang='lat' dir='ltr'>temporari</span> 
     </span>
     <span class='ocr_line' id='line_1_14' title="bbox 390 1793 1720 1876; baseline -0.001 -21"><span class='ocrx_word' id='word_1_138' title='bbox 390 1793 621 1871; x_wconf 70' lang='lat' dir='ltr'>braantmtter</span> <span class='ocrx_word' id='word_1_139' title='bbox 643 1795 753 1872; x_wconf 70' lang='lat' dir='ltr'>fereris</span> <span class='ocrx_word' id='word_1_140' title='bbox 778 1812 874 1872; x_wconf 80' lang='lat' dir='ltr'>super</span> <span class='ocrx_word' id='word_1_141' title='bbox 900 1812 952 1868; x_wconf 87' lang='lat' dir='ltr'>eo,</span> <span class='ocrx_word' id='word_1_142' title='bbox 977 1813 1086 1876; x_wconf 88' lang='lat' dir='ltr'>nempe</span> <span class='ocrx_word' id='word_1_143' title='bbox 1139 1799 1314 1858; x_wconf 63' lang='lat' dir='ltr'>amotiaam</span> <span class='ocrx_word' id='word_1_144' title='bbox 1330 1794 1519 1873; x_wconf 89' lang='lat' dir='ltr'>interpretati</span> <span class='ocrx_word' id='word_1_145' title='bbox 1536 1802 1608 1854; x_wconf 87' lang='lat' dir='ltr'>sunt</span> <span class='ocrx_word' id='word_1_146' title='bbox 1622 1802 1720 1854; x_wconf 83' lang='lat' dir='ltr'>matut</span> 
     </span>
     <span class='ocr_line' id='line_1_15' title="bbox 390 1871 1720 1964; baseline -0.001 -22"><span class='ocrx_word' id='word_1_147' title='bbox 390 1878 491 1942; x_wconf 86' lang='lat' dir='ltr'>lruotu</span> <span class='ocrx_word' id='word_1_148' title='bbox 505 1881 638 1962; x_wconf 86' lang='lat' dir='ltr'>pretioso</span> <span class='ocrx_word' id='word_1_149' title='bbox 649 1888 758 1943; x_wconf 74' lang='lat' dir='ltr'>terrae,</span> <span class='ocrx_word' id='word_1_150' title='bbox 780 1882 866 1943; x_wconf 87' lang='lat' dir='ltr'>Idem</span> <span class='ocrx_word' id='word_1_151' title='bbox 877 1879 1003 1945; x_wconf 85' lang='lat' dir='ltr'>verbum</span> <span class='ocrx_word' id='word_1_152' title='bbox 1018 1900 1085 1942; x_wconf 92' lang='lat' dir='ltr'>oum</span> <span class='ocrx_word' id='word_1_153' title='bbox 1140 1871 1360 1964; x_wconf 71' lang='lat' dir='ltr'>vespertinam</span> <span class='ocrx_word' id='word_1_154' title='bbox 1392 1881 1471 1942; x_wconf 90' lang='lat' dir='ltr'>haec</span> <span class='ocrx_word' id='word_1_155' title='bbox 1500 1881 1582 1940; x_wconf 89' lang='lat' dir='ltr'>enim</span> <span class='ocrx_word' id='word_1_156' title='bbox 1613 1888 1720 1962; x_wconf 85' lang='lat' dir='ltr'>tempor</span> 
     </span>
     <span class='ocr_line' id='line_1_16' title="bbox 390 1966 1720 2050; baseline -0.002 -21"><span class='ocrx_word' id='word_1_157' title='bbox 390 1969 553 2049; x_wconf 71' lang='lat' dir='ltr'>superiore,</span> <span class='ocrx_word' id='word_1_158' title='bbox 577 1966 658 2049; x_wconf 90' lang='lat' dir='ltr'>quod</span> <span class='ocrx_word' id='word_1_159' title='bbox 673 1975 705 2029; x_wconf 92' lang='lat' dir='ltr'>et</span> <span class='ocrx_word' id='word_1_160' title='bbox 719 1971 822 2030; x_wconf 91' lang='lat' dir='ltr'>atatim</span> <span class='ocrx_word' id='word_1_161' title='bbox 837 1969 915 2029; x_wconf 81' lang='lat' dir='ltr'>infra</span> <span class='ocrx_word' id='word_1_162' title='bbox 929 1968 1084 2048; x_wconf 88' lang='lat' dir='ltr'>repetitur.</span> <span class='ocrx_word' id='word_1_163' title='bbox 1139 1970 1253 2050; x_wconf 85' lang='lat' dir='ltr'>pluviis</span> <span class='ocrx_word' id='word_1_164' title='bbox 1282 1967 1455 2030; x_wconf 74' lang='lat' dir='ltr'>distributio</span> <span class='ocrx_word' id='word_1_165' title='bbox 1482 1966 1557 2029; x_wconf 84' lang='lat' dir='ltr'>nihil</span> <span class='ocrx_word' id='word_1_166' title='bbox 1584 1975 1640 2029; x_wconf 91' lang='lat' dir='ltr'>aut</span> <span class='ocrx_word' id='word_1_167' title='bbox 1669 1987 1720 2047; x_wconf 88' lang='lat' dir='ltr'>par</span> 
     </span>
     <span class='ocr_line' id='line_1_17' title="bbox 389 2052 1716 2136; baseline -0.001 -20"><span class='ocrx_word' id='word_1_168' title='bbox 389 2053 540 2117; x_wconf 74' lang='lat' dir='ltr'>Erasmus</span> <span class='ocrx_word' id='word_1_169' title='bbox 570 2056 677 2115; x_wconf 83' lang='lat' dir='ltr'>vertit:</span> <span class='ocrx_word' id='word_1_170' title='bbox 711 2058 874 2134; x_wconf 76' lang='lat' dir='ltr'>patienter</span> <span class='ocrx_word' id='word_1_171' title='bbox 903 2062 1087 2131; x_wconf 67' lang='lat' dir='ltr'>comestam</span> <span class='ocrx_word' id='word_1_172' title='bbox 1138 2065 1213 2118; x_wconf 83' lang='lat' dir='ltr'>vota</span> <span class='ocrx_word' id='word_1_173' title='bbox 1226 2055 1437 2136; x_wconf 67' lang='lat' dir='ltr'>agricolarum</span> <span class='ocrx_word' id='word_1_174' title='bbox 1454 2053 1532 2115; x_wconf 80' lang='lat' dir='ltr'>forte</span> <span class='ocrx_word' id='word_1_175' title='bbox 1547 2073 1600 2115; x_wconf 92' lang='lat' dir='ltr'>eos</span> <span class='ocrx_word' id='word_1_176' title='bbox 1612 2052 1716 2116; x_wconf 77' lang='lat' dir='ltr'>fefellit</span> 
     </span>
     <span class='ocr_line' id='line_1_18' title="bbox 390 2140 1720 2223; baseline -0.002 -19"><span class='ocrx_word' id='word_1_177' title='bbox 390 2141 501 2221; x_wconf 65' lang='lat' dir='ltr'>illum</span> <span class='ocrx_word' id='word_1_178' title='bbox 516 2149 549 2204; x_wconf 90' lang='lat' dir='ltr'>at</span> <span class='ocrx_word' id='word_1_179' title='bbox 559 2141 678 2204; x_wconf 87' lang='lat' dir='ltr'>Graeca</span> <span class='ocrx_word' id='word_1_180' title='bbox 693 2163 753 2204; x_wconf 94' lang='lat' dir='ltr'>non</span> <span class='ocrx_word' id='word_1_181' title='bbox 768 2144 825 2204; x_wconf 86' lang='lat' dir='ltr'>bos</span> <span class='ocrx_word' id='word_1_182' title='bbox 838 2141 1015 2223; x_wconf 79' lang='lat' dir='ltr'>significant,</span> <span class='ocrx_word' id='word_1_183' title='bbox 1031 2141 1086 2204; x_wconf 90' lang='lat' dir='ltr'>sed</span> <span class='ocrx_word' id='word_1_184' title='bbox 1138 2147 1346 2218; x_wconf 76' lang='lat' dir='ltr'>matutinum,</span> <span class='ocrx_word' id='word_1_185' title='bbox 1370 2161 1451 2222; x_wconf 91' lang='lat' dir='ltr'>qaae</span> <span class='ocrx_word' id='word_1_186' title='bbox 1472 2141 1585 2221; x_wconf 89' lang='lat' dir='ltr'>legitur</span> <span class='ocrx_word' id='word_1_187' title='bbox 1608 2140 1691 2222; x_wconf 90' lang='lat' dir='ltr'>apud</span> <span class='ocrx_word' id='word_1_188' title='bbox 1709 2140 1720 2202; x_wconf 64' lang='grc' dir='ltr'>ι’</span> 
     </span>
     <span class='ocr_line' id='line_1_19' title="bbox 389 2227 1720 2311; baseline 0 -21"><span class='ocrx_word' id='word_1_189' title='bbox 389 2227 430 2304; x_wconf 93' lang='lat' dir='ltr'>id,</span> <span class='ocrx_word' id='word_1_190' title='bbox 445 2228 527 2310; x_wconf 90' lang='lat' dir='ltr'>quod</span> <span class='ocrx_word' id='word_1_191' title='bbox 542 2227 619 2307; x_wconf 82' lang='lat' dir='ltr'>dixi;</span> <span class='ocrx_word' id='word_1_192' title='bbox 642 2238 676 2291; x_wconf 92' lang='lat' dir='ltr'>ut</span> <span class='ocrx_word' id='word_1_193' title='bbox 689 2249 797 2291; x_wconf 85' lang='lat' dir='ltr'>sensus</span> <span class='ocrx_word' id='word_1_194' title='bbox 812 2231 860 2302; x_wconf 88' lang='lat' dir='ltr'>ait,</span> <span class='ocrx_word' id='word_1_195' title='bbox 876 2227 1041 2310; x_wconf 74' lang='lat' dir='ltr'>agricolam</span> <span class='ocrx_word' id='word_1_196' title='bbox 1055 2230 1086 2290; x_wconf 92' lang='lat' dir='ltr'>in</span> <span class='ocrx_word' id='word_1_197' title='bbox 1138 2229 1199 2292; x_wconf 82' lang='lat' dir='ltr'>Sed</span> <span class='ocrx_word' id='word_1_198' title='bbox 1223 2231 1371 2311; x_wconf 86' lang='lat' dir='ltr'>interpres</span> <span class='ocrx_word' id='word_1_199' title='bbox 1392 2228 1436 2290; x_wconf 86' lang='lat' dir='ltr'>lbi</span> <span class='ocrx_word' id='word_1_200' title='bbox 1458 2230 1656 2290; x_wconf 79' lang='lat' dir='ltr'>matutinum</span> <span class='ocrx_word' id='word_1_201' title='bbox 1682 2249 1720 2309; x_wconf 82' lang='lat' dir='ltr'>ps</span> 
     </span>
     <span class='ocr_line' id='line_1_20' title="bbox 389 2313 1720 2399; baseline 0.001 -22"><span class='ocrx_word' id='word_1_202' title='bbox 389 2313 546 2379; x_wconf 87' lang='lat' dir='ltr'>laboribus</span> <span class='ocrx_word' id='word_1_203' title='bbox 567 2319 731 2399; x_wconf 89' lang='lat' dir='ltr'>patientem</span> <span class='ocrx_word' id='word_1_204' title='bbox 751 2336 817 2379; x_wconf 90' lang='lat' dir='ltr'>esse</span> <span class='ocrx_word' id='word_1_205' title='bbox 838 2336 876 2378; x_wconf 89' lang='lat' dir='ltr'>ac</span> <span class='ocrx_word' id='word_1_206' title='bbox 894 2315 1005 2377; x_wconf 86' lang='lat' dir='ltr'>durare</span> <span class='ocrx_word' id='word_1_207' title='bbox 1020 2336 1086 2396; x_wconf 88' lang='lat' dir='ltr'>pro·</span> <span class='ocrx_word' id='word_1_208' title='bbox 1136 2335 1282 2396; x_wconf 79' lang='lat' dir='ltr'>paramo</span> <span class='ocrx_word' id='word_1_209' title='bbox 1306 2317 1415 2397; x_wconf 86' lang='lat' dir='ltr'>posuit</span> <span class='ocrx_word' id='word_1_210' title='bbox 1452 2315 1508 2375; x_wconf 79' lang='lat' dir='ltr'>list</span> <span class='ocrx_word' id='word_1_211' title='bbox 1533 2317 1616 2377; x_wconf 88' lang='lat' dir='ltr'>eninr</span> <span class='ocrx_word' id='word_1_212' title='bbox 1643 2315 1720 2378; x_wconf 90' lang='lat' dir='ltr'>inll</span> 
     </span>
     <span class='ocr_line' id='line_1_21' title="bbox 388 2402 1621 2487; baseline -0.002 -21"><span class='ocrx_word' id='word_1_213' title='bbox 388 2414 458 2487; x_wconf 87' lang='lat' dir='ltr'>pter</span> <span class='ocrx_word' id='word_1_214' title='bbox 478 2402 624 2477; x_wconf 76' lang='lat' dir='ltr'>fructum,</span> <span class='ocrx_word' id='word_1_215' title='bbox 647 2424 739 2485; x_wconf 85' lang='lat' dir='ltr'>qnam</span> <span class='ocrx_word' id='word_1_216' title='bbox 759 2412 869 2485; x_wconf 85' lang='lat' dir='ltr'>sperat</span> <span class='ocrx_word' id='word_1_217' title='bbox 892 2402 983 2463; x_wconf 87' lang='lat' dir='ltr'>Hunc</span> <span class='ocrx_word' id='word_1_218' title='bbox 1005 2405 1085 2464; x_wconf 91' lang='lat' dir='ltr'>enim</span> <span class='ocrx_word' id='word_1_219' title='bbox 1139 2403 1220 2466; x_wconf 88' lang='lat' dir='ltr'>idem</span> <span class='ocrx_word' id='word_1_220' title='bbox 1233 2403 1424 2476; x_wconf 86' lang='lat' dir='ltr'>uocabulum,</span> <span class='ocrx_word' id='word_1_221' title='bbox 1439 2402 1519 2482; x_wconf 88' lang='lat' dir='ltr'>quod</span> <span class='ocrx_word' id='word_1_222' title='bbox 1535 2402 1621 2464; x_wconf 92' lang='lat' dir='ltr'>alibi.</span> 
     </span>
     <span class='ocr_line' id='line_1_22' title="bbox 390 2487 1720 2572; baseline 0 -20"><span class='ocrx_word' id='word_1_223' title='bbox 390 2509 512 2553; x_wconf 88' lang='lat' dir='ltr'>sensum</span> <span class='ocrx_word' id='word_1_224' title='bbox 533 2494 623 2553; x_wconf 88' lang='lat' dir='ltr'>etiam</span> <span class='ocrx_word' id='word_1_225' title='bbox 639 2490 736 2572; x_wconf 77' lang='lat' dir='ltr'>Syrus</span> <span class='ocrx_word' id='word_1_226' title='bbox 758 2492 906 2571; x_wconf 85' lang='lat' dir='ltr'>interpres</span> <span class='ocrx_word' id='word_1_227' title='bbox 928 2492 1085 2571; x_wconf 86' lang='lat' dir='ltr'>expressit</span> <span class='ocrx_word' id='word_1_228' title='bbox 1182 2491 1212 2551; x_wconf 88' lang='grc'>8.</span> <span class='ocrx_word' id='word_1_229' title='bbox 1235 2493 1397 2553; x_wconf 76' lang='lat' dir='ltr'>Patientea</span> <span class='ocrx_word' id='word_1_230' title='bbox 1420 2496 1514 2550; x_wconf 81' lang='lat' dir='ltr'>estote</span> <span class='ocrx_word' id='word_1_231' title='bbox 1537 2499 1568 2551; x_wconf 85' lang='lat' dir='ltr'>et</span> <span class='ocrx_word' id='word_1_232' title='bbox 1591 2509 1656 2552; x_wconf 81' lang='lat' dir='ltr'>voa.</span> <span class='ocrx_word' id='word_1_233' title='bbox 1685 2487 1720 2570; x_wconf 75' lang='lat' dir='ltr'>Qt</span> 
     </span>
     <span class='ocr_line' id='line_1_23' title="bbox 433 2575 1720 2657; baseline -0.002 -17"><span class='ocrx_word' id='word_1_234' title='bbox 433 2579 543 2640; x_wconf 75' lang='lat' dir='ltr'>Donec</span> <span class='ocrx_word' id='word_1_235' title='bbox 554 2581 947 2655; x_wconf 67' lang='lat' dir='ltr'>atdptattcmporaraetsm</span> <span class='ocrx_word' id='word_1_236' title='bbox 960 2585 1086 2639; x_wconf 84' lang='lat' dir='ltr'>etscro·</span> <span class='ocrx_word' id='word_1_237' title='bbox 1138 2576 1268 2650; x_wconf 89' lang='lat' dir='ltr'>modum,</span> <span class='ocrx_word' id='word_1_238' title='bbox 1290 2578 1397 2657; x_wconf 86' lang='lat' dir='ltr'>inquit,</span> <span class='ocrx_word' id='word_1_239' title='bbox 1420 2575 1573 2656; x_wconf 89' lang='lat' dir='ltr'>agricolae</span> <span class='ocrx_word' id='word_1_240' title='bbox 1597 2576 1720 2656; x_wconf 86' lang='lat' dir='ltr'>patienti</span> 
     </span>
     <span class='ocr_line' id='line_1_24' title="bbox 390 2662 1719 2746; baseline -0.002 -18"><span class='ocrx_word' id='word_1_241' title='bbox 390 2668 503 2728; x_wconf 81' lang='lat' dir='ltr'>tirsum.</span> <span class='ocrx_word' id='word_1_242' title='bbox 538 2667 693 2727; x_wconf 79' lang='lat' dir='ltr'>Fructum</span> <span class='ocrx_word' id='word_1_243' title='bbox 719 2665 920 2746; x_wconf 74' lang='lat' dir='ltr'>subintelligit</span> <span class='ocrx_word' id='word_1_244' title='bbox 944 2664 1085 2726; x_wconf 87' lang='lat' dir='ltr'>Liranus.</span> <span class='ocrx_word' id='word_1_245' title='bbox 1138 2662 1719 2746; x_wconf 80' lang='lat' dir='ltr'>mendatnr,nonineosolum,quodsa</span> 
     </span>
     <span class='ocr_line' id='line_1_25' title="bbox 391 2750 1720 2832; baseline -0.003 -19"><span class='ocrx_word' id='word_1_246' title='bbox 391 2750 552 2832; x_wconf 77' lang='lat' dir='ltr'>Quonim,</span> <span class='ocrx_word' id='word_1_247' title='bbox 577 2753 684 2832; x_wconf 86' lang='lat' dir='ltr'>inquit,</span> <span class='ocrx_word' id='word_1_248' title='bbox 709 2760 788 2813; x_wconf 88' lang='lat' dir='ltr'>terra</span> <span class='ocrx_word' id='word_1_249' title='bbox 809 2751 1022 2832; x_wconf 83' lang='lat' dir='ltr'>promissionis,</span> <span class='ocrx_word' id='word_1_250' title='bbox 1045 2751 1084 2813; x_wconf 88' lang='lat' dir='ltr'>da</span> <span class='ocrx_word' id='word_1_251' title='bbox 1138 2751 1278 2824; x_wconf 82' lang='lat' dir='ltr'>iruotnm,</span> <span class='ocrx_word' id='word_1_252' title='bbox 1299 2770 1403 2811; x_wconf 84' lang='lat' dir='ltr'>verum</span> <span class='ocrx_word' id='word_1_253' title='bbox 1426 2751 1526 2825; x_wconf 87' lang='lat' dir='ltr'>etiam,</span> <span class='ocrx_word' id='word_1_254' title='bbox 1552 2750 1638 2831; x_wconf 89' lang='lat' dir='ltr'>quod</span> <span class='ocrx_word' id='word_1_255' title='bbox 1652 2751 1720 2831; x_wconf 85' lang='lat' dir='ltr'>plur</span> 
     </span>
     <span class='ocr_line' id='line_1_26' title="bbox 390 2836 1720 2923; baseline -0.002 -24"><span class='ocrx_word' id='word_1_256' title='bbox 390 2838 593 2923; x_wconf 83' lang='lat' dir='ltr'>qualcqnitur</span> <span class='ocrx_word' id='word_1_257' title='bbox 603 2838 777 2921; x_wconf 78' lang='lat' dir='ltr'>Apostolus,</span> <span class='ocrx_word' id='word_1_258' title='bbox 792 2837 941 2921; x_wconf 84' lang='lat' dir='ltr'>duplicem</span> <span class='ocrx_word' id='word_1_259' title='bbox 955 2837 1085 2898; x_wconf 79' lang='lat' dir='ltr'>fractum</span> <span class='ocrx_word' id='word_1_260' title='bbox 1138 2847 1282 2920; x_wconf 84' lang='lat' dir='ltr'>portunus</span> <span class='ocrx_word' id='word_1_261' title='bbox 1303 2836 1342 2897; x_wconf 92' lang='lat' dir='ltr'>ad</span> <span class='ocrx_word' id='word_1_262' title='bbox 1357 2836 1485 2898; x_wconf 82' lang='lat' dir='ltr'>fructum</span> <span class='ocrx_word' id='word_1_263' title='bbox 1508 2836 1720 2920; x_wconf 85' lang='lat' dir='ltr'>consequendu</span> 
     </span>
     <span class='ocr_line' id='line_1_27' title="bbox 389 2925 1720 3008; baseline -0.002 -20"><span class='ocrx_word' id='word_1_264' title='bbox 389 2925 489 2988; x_wconf 89' lang='lat' dir='ltr'>reddit</span> <span class='ocrx_word' id='word_1_265' title='bbox 510 2929 682 3008; x_wconf 91' lang='lat' dir='ltr'>quotannis,</span> <span class='ocrx_word' id='word_1_266' title='bbox 708 2934 962 3004; x_wconf 74' lang='lat' dir='ltr'>temporaneum,</span> <span class='ocrx_word' id='word_1_267' title='bbox 986 2925 1019 2986; x_wconf 92' lang='lat' dir='ltr'>id</span> <span class='ocrx_word' id='word_1_268' title='bbox 1042 2935 1086 2986; x_wconf 86' lang='lat' dir='ltr'>eat</span> <span class='ocrx_word' id='word_1_269' title='bbox 1139 2946 1195 2987; x_wconf 82' lang='lat' dir='ltr'>vos</span> <span class='ocrx_word' id='word_1_270' title='bbox 1217 2934 1336 3005; x_wconf 87' lang='lat' dir='ltr'>oportet</span> <span class='ocrx_word' id='word_1_271' title='bbox 1358 2927 1438 2987; x_wconf 90' lang='lat' dir='ltr'>inter</span> <span class='ocrx_word' id='word_1_272' title='bbox 1459 2925 1636 2988; x_wconf 81' lang='lat' dir='ltr'>afflictiones</span> <span class='ocrx_word' id='word_1_273' title='bbox 1651 2926 1720 3005; x_wconf 87' lang='lat' dir='ltr'>huju</span> 
     </span>
     <span class='ocr_line' id='line_1_28' title="bbox 390 3013 1720 3095; baseline -0.001 -21"><span class='ocrx_word' id='word_1_274' title='bbox 390 3014 578 3094; x_wconf 85' lang='lat' dir='ltr'>primitivum</span> <span class='ocrx_word' id='word_1_275' title='bbox 603 3014 635 3074; x_wconf 88' lang='lat' dir='ltr'>in</span> <span class='ocrx_word' id='word_1_276' title='bbox 659 3013 773 3095; x_wconf 79' lang='lat' dir='ltr'>Aprili,</span> <span class='ocrx_word' id='word_1_277' title='bbox 800 3022 829 3073; x_wconf 91' lang='lat' dir='ltr'>et</span> <span class='ocrx_word' id='word_1_278' title='bbox 854 3016 1028 3076; x_wconf 82' lang='lat' dir='ltr'>serots&#39;raatm</span> <span class='ocrx_word' id='word_1_279' title='bbox 1055 3015 1085 3073; x_wconf 91' lang='lat' dir='ltr'>in</span> <span class='ocrx_word' id='word_1_280' title='bbox 1139 3033 1205 3074; x_wconf 87' lang='lat' dir='ltr'>cum</span> <span class='ocrx_word' id='word_1_281' title='bbox 1229 3013 1375 3091; x_wconf 88' lang='lat' dir='ltr'>patientia</span> <span class='ocrx_word' id='word_1_282' title='bbox 1390 3032 1409 3072; x_wconf 89' lang='lat' dir='ltr'>a</span> <span class='ocrx_word' id='word_1_283' title='bbox 1423 3013 1491 3073; x_wconf 92' lang='lat' dir='ltr'>Deo</span> <span class='ocrx_word' id='word_1_284' title='bbox 1514 3022 1720 3093; x_wconf 77' lang='lat' dir='ltr'>exspectaret</span> 
     </span>
     <span class='ocr_line' id='line_1_29' title="bbox 390 3098 1720 3182; baseline -0.002 -19"><span class='ocrx_word' id='word_1_285' title='bbox 390 3100 569 3182; x_wconf 81' lang='lat' dir='ltr'>Septembri.</span> <span class='ocrx_word' id='word_1_286' title='bbox 592 3100 651 3163; x_wconf 79' lang='lat' dir='ltr'>Sed</span> <span class='ocrx_word' id='word_1_287' title='bbox 679 3101 735 3161; x_wconf 87' lang='lat' dir='ltr'>boo</span> <span class='ocrx_word' id='word_1_288' title='bbox 757 3100 854 3180; x_wconf 86' lang='lat' dir='ltr'>rejicit</span> <span class='ocrx_word' id='word_1_289' title='bbox 877 3101 990 3162; x_wconf 91' lang='lat' dir='ltr'>Paulus</span> <span class='ocrx_word' id='word_1_290' title='bbox 1010 3101 1085 3160; x_wconf 90' lang='lat' dir='ltr'>Bur·</span> <span class='ocrx_word' id='word_1_291' title='bbox 1139 3099 1200 3161; x_wconf 90' lang='lat' dir='ltr'>lum</span> <span class='ocrx_word' id='word_1_292' title='bbox 1215 3098 1346 3160; x_wconf 78' lang='lat' dir='ltr'>fructum</span> <span class='ocrx_word' id='word_1_293' title='bbox 1362 3100 1445 3160; x_wconf 87' lang='lat' dir='ltr'>vitae</span> <span class='ocrx_word' id='word_1_294' title='bbox 1462 3109 1614 3173; x_wconf 62' lang='lat' dir='ltr'>amernae,</span> <span class='ocrx_word' id='word_1_295' title='bbox 1638 3100 1720 3162; x_wconf 85' lang='lat' dir='ltr'>aeda</span> 
     </span>
     <span class='ocr_line' id='line_1_30' title="bbox 389 3186 1719 3269; baseline -0.001 -20"><span class='ocrx_word' id='word_1_296' title='bbox 389 3188 508 3269; x_wconf 80' lang='lat' dir='ltr'>gensis,</span> <span class='ocrx_word' id='word_1_297' title='bbox 532 3189 673 3268; x_wconf 90' lang='lat' dir='ltr'>quoniam</span> <span class='ocrx_word' id='word_1_298' title='bbox 695 3206 752 3248; x_wconf 90' lang='lat' dir='ltr'>nec</span> <span class='ocrx_word' id='word_1_299' title='bbox 773 3187 930 3268; x_wconf 81' lang='lat' dir='ltr'>Scriptura</span> <span class='ocrx_word' id='word_1_300' title='bbox 950 3188 983 3248; x_wconf 93' lang='lat' dir='ltr'>in</span> <span class='ocrx_word' id='word_1_301' title='bbox 1002 3186 1086 3249; x_wconf 91' lang='lat' dir='ltr'>illius</span> <span class='ocrx_word' id='word_1_302' title='bbox 1139 3187 1238 3249; x_wconf 86' lang='lat' dir='ltr'>tuales</span> <span class='ocrx_word' id='word_1_303' title='bbox 1254 3207 1308 3265; x_wconf 92' lang='lat' dir='ltr'>pro</span> <span class='ocrx_word' id='word_1_304' title='bbox 1324 3194 1458 3266; x_wconf 90' lang='lat' dir='ltr'>tempore</span> <span class='ocrx_word' id='word_1_305' title='bbox 1472 3187 1719 3261; x_wconf 72' lang='lat' dir='ltr'>consolationes,</span> 
     </span>
     <span class='ocr_line' id='line_1_31' title="bbox 391 3272 1720 3355; baseline -0.002 -18"><span class='ocrx_word' id='word_1_306' title='bbox 391 3282 492 3337; x_wconf 88' lang='lat' dir='ltr'>terrae</span> <span class='ocrx_word' id='word_1_307' title='bbox 513 3274 773 3336; x_wconf 88' lang='lat' dir='ltr'>commendatione</span> <span class='ocrx_word' id='word_1_308' title='bbox 794 3292 925 3355; x_wconf 90' lang='lat' dir='ltr'>usquam</span> <span class='ocrx_word' id='word_1_309' title='bbox 938 3274 1029 3353; x_wconf 75' lang='lat' dir='ltr'>lruJus</span> <span class='ocrx_word' id='word_1_310' title='bbox 1044 3275 1087 3335; x_wconf 90' lang='lat' dir='ltr'>rei</span> <span class='ocrx_word' id='word_1_311' title='bbox 1142 3273 1228 3334; x_wconf 85' lang='lat' dir='ltr'>volut</span> <span class='ocrx_word' id='word_1_312' title='bbox 1239 3273 1350 3353; x_wconf 83' lang='lat' dir='ltr'>pluviis</span> <span class='ocrx_word' id='word_1_313' title='bbox 1361 3292 1379 3333; x_wconf 88' lang='lat' dir='ltr'>o</span> <span class='ocrx_word' id='word_1_314' title='bbox 1390 3272 1474 3334; x_wconf 91' lang='lat' dir='ltr'>coelo</span> <span class='ocrx_word' id='word_1_315' title='bbox 1488 3272 1568 3333; x_wconf 87' lang='lat' dir='ltr'>datis</span> <span class='ocrx_word' id='word_1_316' title='bbox 1580 3275 1720 3353; x_wconf 71' lang='lat' dir='ltr'>irrigati·</span> 
     </span>
     <span class='ocr_line' id='line_1_32' title="bbox 389 3357 1720 3442; baseline -0.002 -19"><span class='ocrx_word' id='word_1_317' title='bbox 389 3362 533 3435; x_wconf 78' lang='lat' dir='ltr'>meminit,</span> <span class='ocrx_word' id='word_1_318' title='bbox 555 3381 612 3423; x_wconf 82' lang='lat' dir='ltr'>nec</span> <span class='ocrx_word' id='word_1_319' title='bbox 626 3381 645 3423; x_wconf 90' lang='lat' dir='ltr'>s</span> <span class='ocrx_word' id='word_1_320' title='bbox 660 3363 826 3442; x_wconf 81' lang='lat' dir='ltr'>peregrinis</span> <span class='ocrx_word' id='word_1_321' title='bbox 846 3360 916 3423; x_wconf 87' lang='lat' dir='ltr'>inde</span> <span class='ocrx_word' id='word_1_322' title='bbox 937 3370 1085 3423; x_wconf 86' lang='lat' dir='ltr'>reverten-</span> <span class='ocrx_word' id='word_1_323' title='bbox 1139 3360 1308 3442; x_wconf 88' lang='lat' dir='ltr'>praesentia</span> <span class='ocrx_word' id='word_1_324' title='bbox 1330 3358 1429 3420; x_wconf 82' lang='lat' dir='ltr'>larius</span> <span class='ocrx_word' id='word_1_325' title='bbox 1452 3359 1569 3434; x_wconf 82' lang='lat' dir='ltr'>ieratis,</span> <span class='ocrx_word' id='word_1_326' title='bbox 1593 3369 1627 3422; x_wconf 90' lang='lat' dir='ltr'>et</span> <span class='ocrx_word' id='word_1_327' title='bbox 1647 3357 1720 3422; x_wconf 88' lang='lat' dir='ltr'>adl</span> 
     </span>
     <span class='ocr_line' id='line_1_33' title="bbox 390 3445 1720 3531; baseline -0.003 -20"><span class='ocrx_word' id='word_1_328' title='bbox 390 3449 471 3511; x_wconf 89' lang='lat' dir='ltr'>tibus</span> <span class='ocrx_word' id='word_1_329' title='bbox 501 3447 665 3531; x_wconf 84' lang='lat' dir='ltr'>quidquam</span> <span class='ocrx_word' id='word_1_330' title='bbox 695 3447 758 3509; x_wconf 89' lang='lat' dir='ltr'>tale</span> <span class='ocrx_word' id='word_1_331' title='bbox 785 3460 931 3509; x_wconf 86' lang='lat' dir='ltr'>narratur.</span> <span class='ocrx_word' id='word_1_332' title='bbox 976 3448 1086 3527; x_wconf 87' lang='lat' dir='ltr'>Itaque</span> <span class='ocrx_word' id='word_1_333' title='bbox 1138 3447 1326 3508; x_wconf 88' lang='lat' dir='ltr'>aeternitatis</span> <span class='ocrx_word' id='word_1_334' title='bbox 1341 3445 1567 3527; x_wconf 83' lang='lat' dir='ltr'>assequendum</span> <span class='ocrx_word' id='word_1_335' title='bbox 1581 3447 1664 3508; x_wconf 86' lang='lat' dir='ltr'>fiatis</span> <span class='ocrx_word' id='word_1_336' title='bbox 1678 3460 1720 3529; x_wconf 79' lang='lat' dir='ltr'>ap</span> 
     </span>
     <span class='ocr_line' id='line_1_34' title="bbox 389 3532 1720 3612; baseline -0.002 -13"><span class='ocrx_word' id='word_1_337' title='bbox 389 3534 504 3599; x_wconf 81' lang='lat' dir='ltr'>mavult</span> <span class='ocrx_word' id='word_1_338' title='bbox 517 3535 576 3608; x_wconf 91' lang='lat' dir='ltr'>ille,</span> <span class='ocrx_word' id='word_1_339' title='bbox 598 3543 838 3612; x_wconf 79' lang='lat' dir='ltr'>temporaneam</span> <span class='ocrx_word' id='word_1_340' title='bbox 855 3534 916 3595; x_wconf 90' lang='lat' dir='ltr'>dici</span> <span class='ocrx_word' id='word_1_341' title='bbox 932 3533 971 3595; x_wconf 92' lang='lat' dir='ltr'>da</span> <span class='ocrx_word' id='word_1_342' title='bbox 986 3532 1085 3594; x_wconf 80' lang='lat' dir='ltr'>tructi-</span> <span class='ocrx_word' id='word_1_343' title='bbox 1182 3535 1226 3596; x_wconf 78' lang='lat' dir='ltr'>nt</span> <span class='ocrx_word' id='word_1_344' title='bbox 1248 3532 1435 3610; x_wconf 73' lang='lat' dir='ltr'>oorrflrmatc</span> <span class='ocrx_word' id='word_1_345' title='bbox 1457 3534 1557 3594; x_wconf 88' lang='lat' dir='ltr'>eorda</span> <span class='ocrx_word' id='word_1_346' title='bbox 1578 3536 1720 3596; x_wconf 81' lang='lat' dir='ltr'>castrat</span> 
     </span>
     <span class='ocr_line' id='line_1_35' title="bbox 389 3620 1720 3702; baseline -0.001 -18"><span class='ocrx_word' id='word_1_347' title='bbox 389 3622 456 3695; x_wconf 90' lang='lat' dir='ltr'>bus,</span> <span class='ocrx_word' id='word_1_348' title='bbox 471 3624 524 3702; x_wconf 92' lang='lat' dir='ltr'>qui</span> <span class='ocrx_word' id='word_1_349' title='bbox 541 3622 625 3702; x_wconf 89' lang='lat' dir='ltr'>priua</span> <span class='ocrx_word' id='word_1_350' title='bbox 638 3629 850 3694; x_wconf 72' lang='lat' dir='ltr'>maturescunt,</span> <span class='ocrx_word' id='word_1_351' title='bbox 866 3621 972 3683; x_wconf 91' lang='lat' dir='ltr'>eadem</span> <span class='ocrx_word' id='word_1_352' title='bbox 986 3628 1086 3681; x_wconf 91' lang='lat' dir='ltr'>tamen</span> <span class='ocrx_word' id='word_1_353' title='bbox 1139 3620 1283 3681; x_wconf 89' lang='lat' dir='ltr'>adversus</span> <span class='ocrx_word' id='word_1_354' title='bbox 1306 3622 1500 3681; x_wconf 82' lang='lat' dir='ltr'>tentationem</span> <span class='ocrx_word' id='word_1_355' title='bbox 1520 3622 1720 3701; x_wconf 85' lang='lat' dir='ltr'>impatientias</span> 
     </span>
     <span class='ocr_line' id='line_1_36' title="bbox 391 3706 1720 3789; baseline 0 -18"><span class='ocrx_word' id='word_1_356' title='bbox 391 3711 462 3771; x_wconf 85' lang='lat' dir='ltr'>anni</span> <span class='ocrx_word' id='word_1_357' title='bbox 483 3719 578 3789; x_wconf 86' lang='lat' dir='ltr'>parta,</span> <span class='ocrx_word' id='word_1_358' title='bbox 601 3716 632 3770; x_wconf 92' lang='lat' dir='ltr'>et</span> <span class='ocrx_word' id='word_1_359' title='bbox 653 3710 827 3770; x_wconf 80' lang='lat' dir='ltr'>serotinum</span> <span class='ocrx_word' id='word_1_360' title='bbox 844 3707 883 3770; x_wconf 88' lang='lat' dir='ltr'>de</span> <span class='ocrx_word' id='word_1_361' title='bbox 897 3710 942 3782; x_wconf 87' lang='lat' dir='ltr'>iis,</span> <span class='ocrx_word' id='word_1_362' title='bbox 965 3708 1018 3789; x_wconf 86' lang='lat' dir='ltr'>qui</span> <span class='ocrx_word' id='word_1_363' title='bbox 1033 3728 1085 3787; x_wconf 94' lang='lat' dir='ltr'>po·</span> <span class='ocrx_word' id='word_1_364' title='bbox 1140 3708 1331 3787; x_wconf 88' lang='lat' dir='ltr'>sperationis.</span> <span class='ocrx_word' id='word_1_365' title='bbox 1353 3706 1438 3767; x_wconf 85' lang='lat' dir='ltr'>Nihil</span> <span class='ocrx_word' id='word_1_366' title='bbox 1462 3709 1543 3768; x_wconf 89' lang='lat' dir='ltr'>enim</span> <span class='ocrx_word' id='word_1_367' title='bbox 1566 3727 1677 3789; x_wconf 72' lang='lat' dir='ltr'>aeque</span> <span class='ocrx_word' id='word_1_368' title='bbox 1698 3727 1720 3770; x_wconf 79' lang='lat' dir='ltr'>ar</span> 
     </span>
     <span class='ocr_line' id='line_1_37' title="bbox 390 3793 1720 3877; baseline -0.002 -18"><span class='ocrx_word' id='word_1_369' title='bbox 390 3796 510 3859; x_wconf 85' lang='lat' dir='ltr'>sterius.</span> <span class='ocrx_word' id='word_1_370' title='bbox 539 3794 578 3857; x_wconf 91' lang='lat' dir='ltr'>Id</span> <span class='ocrx_word' id='word_1_371' title='bbox 600 3796 701 3877; x_wconf 90' lang='lat' dir='ltr'>ipsum&#39;</span> <span class='ocrx_word' id='word_1_372' title='bbox 721 3796 812 3856; x_wconf 88' lang='lat' dir='ltr'>sentit</span> <span class='ocrx_word' id='word_1_373' title='bbox 837 3803 941 3856; x_wconf 89' lang='lat' dir='ltr'>auctor</span> <span class='ocrx_word' id='word_1_374' title='bbox 966 3794 1086 3875; x_wconf 88' lang='lat' dir='ltr'>glossae</span> <span class='ocrx_word' id='word_1_375' title='bbox 1140 3813 1212 3875; x_wconf 89' lang='lat' dir='ltr'>spes</span> <span class='ocrx_word' id='word_1_376' title='bbox 1224 3794 1357 3873; x_wconf 87' lang='lat' dir='ltr'>praemii,</span> <span class='ocrx_word' id='word_1_377' title='bbox 1372 3793 1494 3854; x_wconf 88' lang='lat' dir='ltr'>roborat</span> <span class='ocrx_word' id='word_1_378' title='bbox 1504 3793 1720 3857; x_wconf 85' lang='lat' dir='ltr'>animuminat&#39;</span> 
     </span>
     <span class='ocr_line' id='line_1_38' title="bbox 391 3880 1720 3961; baseline -0.002 -16"><span class='ocrx_word' id='word_1_379' title='bbox 391 3881 597 3957; x_wconf 86' lang='lat' dir='ltr'>interlinealis,</span> <span class='ocrx_word' id='word_1_380' title='bbox 620 3880 690 3943; x_wconf 89' lang='lat' dir='ltr'>dum</span> <span class='ocrx_word' id='word_1_381' title='bbox 705 3891 948 3959; x_wconf 73' lang='lat' dir='ltr'>temporaneum</span> <span class='ocrx_word' id='word_1_382' title='bbox 964 3882 1087 3961; x_wconf 86' lang='lat' dir='ltr'>exponit</span> <span class='ocrx_word' id='word_1_383' title='bbox 1183 3882 1344 3960; x_wconf 67' lang='lat' dir='ltr'>Quonim</span> <span class='ocrx_word' id='word_1_384' title='bbox 1370 3881 1528 3943; x_wconf 81' lang='lat' dir='ltr'>adventas</span> <span class='ocrx_word' id='word_1_385' title='bbox 1553 3883 1720 3944; x_wconf 81' lang='lat' dir='ltr'>Domtraa&#39;r</span> 
     </span>
     <span class='ocr_line' id='line_1_39' title="bbox 389 3965 1719 4051; baseline -0.006 -19"><span class='ocrx_word' id='word_1_386' title='bbox 389 3968 539 4032; x_wconf 75' lang='lat' dir='ltr'>tractuum</span> <span class='ocrx_word' id='word_1_387' title='bbox 568 3970 724 4051; x_wconf 89' lang='lat' dir='ltr'>primitias.</span> <span class='ocrx_word' id='word_1_388' title='bbox 758 3970 852 4050; x_wconf 74' lang='lat' dir='ltr'>Atqui</span> <span class='ocrx_word' id='word_1_389' title='bbox 879 3988 969 4029; x_wconf 83' lang='lat' dir='ltr'>varus</span> <span class='ocrx_word' id='word_1_390' title='bbox 997 3965 1085 4029; x_wconf 89' lang='lat' dir='ltr'>intel·</span> <span class='ocrx_word' id='word_1_391' title='bbox 1136 3969 1319 4045; x_wconf 78' lang='lat' dir='ltr'>piaqaaatt.</span> <span class='ocrx_word' id='word_1_392' title='bbox 1368 3968 1488 4028; x_wconf 85' lang='lat' dir='ltr'>Vitiosa</span> <span class='ocrx_word' id='word_1_393' title='bbox 1518 3968 1633 4048; x_wconf 88' lang='lat' dir='ltr'>legitur</span> <span class='ocrx_word' id='word_1_394' title='bbox 1662 3970 1719 4029; x_wconf 58' lang='lat' dir='ltr'>in,</span> 
     </span>
     <span class='ocr_line' id='line_1_40' title="bbox 390 4053 1710 4133; baseline -0.001 -15"><span class='ocrx_word' id='word_1_395' title='bbox 390 4055 486 4118; x_wconf 88' lang='lat' dir='ltr'>lectus</span> <span class='ocrx_word' id='word_1_396' title='bbox 501 4065 566 4118; x_wconf 89' lang='lat' dir='ltr'>tum</span> <span class='ocrx_word' id='word_1_397' title='bbox 581 4075 618 4118; x_wconf 82' lang='lat' dir='ltr'>ex</span> <span class='ocrx_word' id='word_1_398' title='bbox 633 4055 748 4119; x_wconf 82' lang='lat' dir='ltr'>Graeco</span> <span class='ocrx_word' id='word_1_399' title='bbox 771 4063 865 4129; x_wconf 81' lang='lat' dir='ltr'>textu,</span> <span class='ocrx_word' id='word_1_400' title='bbox 887 4064 950 4116; x_wconf 89' lang='lat' dir='ltr'>tam</span> <span class='ocrx_word' id='word_1_401' title='bbox 964 4074 1005 4118; x_wconf 85' lang='lat' dir='ltr'>ax</span> <span class='ocrx_word' id='word_1_402' title='bbox 1019 4054 1086 4115; x_wconf 89' lang='lat' dir='ltr'>aliia</span> <span class='ocrx_word' id='word_1_403' title='bbox 1139 4054 1423 4133; x_wconf 73' lang='lat' dir='ltr'>appropinquabit</span> <span class='ocrx_word' id='word_1_404' title='bbox 1436 4053 1553 4116; x_wconf 87' lang='lat' dir='ltr'>Graece</span> <span class='ocrx_word' id='word_1_405' title='bbox 1562 4058 1644 4116; x_wconf 89' lang='lat' dir='ltr'>enim</span> <span class='ocrx_word' id='word_1_406' title='bbox 1651 4063 1710 4117; x_wconf 83' lang='lat' dir='ltr'>eatr</span> 
     </span>
     <span class='ocr_line' id='line_1_41' title="bbox 390 4140 1720 4225; baseline 0.001 -20"><span class='ocrx_word' id='word_1_407' title='bbox 390 4142 550 4225; x_wconf 77' lang='lat' dir='ltr'>Scripturis</span> <span class='ocrx_word' id='word_1_408' title='bbox 577 4142 724 4221; x_wconf 88' lang='lat' dir='ltr'>petendus</span> <span class='ocrx_word' id='word_1_409' title='bbox 750 4153 804 4204; x_wconf 88' lang='lat' dir='ltr'>est</span> <span class='ocrx_word' id='word_1_410' title='bbox 838 4143 876 4204; x_wconf 94' lang='lat' dir='ltr'>In</span> <span class='ocrx_word' id='word_1_411' title='bbox 901 4140 1017 4203; x_wconf 85' lang='lat' dir='ltr'>Graeco</span> <span class='ocrx_word' id='word_1_412' title='bbox 1043 4142 1086 4201; x_wconf 87' lang='lat' dir='ltr'>sio</span> <span class='ocrx_word' id='word_1_413' title='bbox 1139 4143 1294 4223; x_wconf 88' lang='lat' dir='ltr'>praeteriti</span> <span class='ocrx_word' id='word_1_414' title='bbox 1320 4144 1461 4221; x_wconf 88' lang='lat' dir='ltr'>temporis</span> <span class='ocrx_word' id='word_1_415' title='bbox 1487 4142 1632 4220; x_wconf 88' lang='lat' dir='ltr'>verbum;</span> <span class='ocrx_word' id='word_1_416' title='bbox 1662 4153 1720 4206; x_wconf 81' lang='grc' dir='ltr'>ιιι</span> 
     </span>
     <span class='ocr_line' id='line_1_42' title="bbox 302 4226 1720 4312; baseline -0.001 -20"><span class='ocrx_word' id='word_1_417' title='bbox 302 4248 305 4258; x_wconf 85' lang='grc'><strong>’</strong></span> <span class='ocrx_word' id='word_1_418' title='bbox 391 4229 518 4311; x_wconf 84' lang='lat' dir='ltr'>legitur:</span> <span class='ocrx_word' id='word_1_419' title='bbox 544 4231 655 4292; x_wconf 87' lang='lat' dir='ltr'>Darteo</span> <span class='ocrx_word' id='word_1_420' title='bbox 677 4232 815 4307; x_wconf 79' lang='lat' dir='ltr'>accipiat</span> <span class='ocrx_word' id='word_1_421' title='bbox 833 4230 984 4307; x_wconf 79' lang='lat' dir='ltr'>pluriam</span> <span class='ocrx_word' id='word_1_422' title='bbox 1007 4236 1086 4289; x_wconf 85' lang='lat' dir='ltr'>tem·</span> <span class='ocrx_word' id='word_1_423' title='bbox 1140 4248 1176 4288; x_wconf 89' lang='lat' dir='ltr'>oo</span> <span class='ocrx_word' id='word_1_424' title='bbox 1192 4226 1308 4301; x_wconf 88' lang='lat' dir='ltr'>dicitnr,</span> <span class='ocrx_word' id='word_1_425' title='bbox 1331 4248 1391 4288; x_wconf 93' lang='lat' dir='ltr'>non</span> <span class='ocrx_word' id='word_1_426' title='bbox 1407 4230 1460 4309; x_wconf 83' lang='lat' dir='ltr'>qui</span> <span class='ocrx_word' id='word_1_427' title='bbox 1471 4230 1536 4308; x_wconf 89' lang='lat' dir='ltr'>jam</span> <span class='ocrx_word' id='word_1_428' title='bbox 1551 4227 1720 4312; x_wconf 68' lang='lat' dir='ltr'>accurit]</span> 
     </span>
     <span class='ocr_line' id='line_1_43' title="bbox 387 4310 1719 4395; baseline -0.005 -15"><span class='ocrx_word' id='word_1_429' title='bbox 387 4335 587 4395; x_wconf 76' lang='lat' dir='ltr'>peraratum,</span> <span class='ocrx_word' id='word_1_430' title='bbox 617 4319 683 4378; x_wconf 82' lang='lat' dir='ltr'>sire</span> <span class='ocrx_word' id='word_1_431' title='bbox 712 4319 929 4394; x_wconf 82' lang='lat' dir='ltr'>tempestiuam</span> <span class='ocrx_word' id='word_1_432' title='bbox 959 4310 1005 4393; x_wconf 92' lang='lat' dir='ltr'>(nt</span> <span class='ocrx_word' id='word_1_433' title='bbox 1033 4315 1087 4376; x_wconf 91' lang='lat' dir='ltr'>alii</span> <span class='ocrx_word' id='word_1_434' title='bbox 1139 4316 1295 4395; x_wconf 78' lang='lat' dir='ltr'>pervenit3</span> <span class='ocrx_word' id='word_1_435' title='bbox 1317 4312 1371 4374; x_wconf 86' lang='lat' dir='ltr'>sed</span> <span class='ocrx_word' id='word_1_436' title='bbox 1386 4317 1438 4393; x_wconf 92' lang='lat' dir='ltr'>qni</span> <span class='ocrx_word' id='word_1_437' title='bbox 1450 4317 1550 4395; x_wconf 89' lang='lat' dir='ltr'>coepit</span> <span class='ocrx_word' id='word_1_438' title='bbox 1563 4315 1719 4380; x_wconf 81' lang='lat' dir='ltr'>accedere.</span> 
     </span>
     <span class='ocr_line' id='line_1_44' title="bbox 389 4400 1720 4483; baseline 0.002 -18"><span class='ocrx_word' id='word_1_439' title='bbox 389 4400 538 4482; x_wconf 80' lang='lat' dir='ltr'>vertant),</span> <span class='ocrx_word' id='word_1_440' title='bbox 568 4411 599 4466; x_wconf 90' lang='lat' dir='ltr'>et</span> <span class='ocrx_word' id='word_1_441' title='bbox 627 4408 811 4467; x_wconf 74' lang='lat' dir='ltr'>serotinam.</span> <span class='ocrx_word' id='word_1_442' title='bbox 848 4403 913 4465; x_wconf 83' lang='lat' dir='ltr'>Nec</span> <span class='ocrx_word' id='word_1_443' title='bbox 942 4421 1029 4464; x_wconf 85' lang='lat' dir='ltr'>secus</span> <span class='ocrx_word' id='word_1_444' title='bbox 1055 4403 1086 4462; x_wconf 92' lang='lat' dir='ltr'>in</span> <span class='ocrx_word' id='word_1_445' title='bbox 1139 4401 1296 4483; x_wconf 91' lang='lat' dir='ltr'>pinqnare.</span> <span class='ocrx_word' id='word_1_446' title='bbox 1320 4401 1372 4462; x_wconf 84' lang='lat' dir='ltr'>Sic</span> <span class='ocrx_word' id='word_1_447' title='bbox 1386 4401 1492 4462; x_wconf 82' lang='lat' dir='ltr'>Mattb.</span> <span class='ocrx_word' id='word_1_448' title='bbox 1509 4403 1539 4463; x_wconf 83' lang='lat'>3.</span> <span class='ocrx_word' id='word_1_449' title='bbox 1556 4411 1587 4464; x_wconf 89' lang='lat' dir='ltr'>et</span> <span class='ocrx_word' id='word_1_450' title='bbox 1602 4408 1651 4466; x_wconf 78' lang='lat'>4.=</span> <span class='ocrx_word' id='word_1_451' title='bbox 1665 4403 1720 4468; x_wconf 74' lang='lat' dir='ltr'>Pet</span> 
     </span>
     <span class='ocr_line' id='line_1_45' title="bbox 390 4490 1720 4573; baseline 0.001 -20"><span class='ocrx_word' id='word_1_452' title='bbox 390 4490 527 4573; x_wconf 77' lang='lat' dir='ltr'>Syriaco.</span> <span class='ocrx_word' id='word_1_453' title='bbox 1139 4491 1216 4550; x_wconf 84' lang='lat' dir='ltr'>tium</span> <span class='ocrx_word' id='word_1_454' title='bbox 1241 4491 1345 4565; x_wconf 62' lang='lat' dir='ltr'>apim</span> <span class='ocrx_word' id='word_1_455' title='bbox 1367 4492 1649 4567; x_wconf 78' lang='lat' dir='ltr'>appropinquavit</span> <span class='ocrx_word' id='word_1_456' title='bbox 1665 4491 1720 4554; x_wconf 73' lang='lat' dir='ltr'>sat</span> 
     </span>
     <span class='ocr_line' id='line_1_46' title="bbox 432 4576 1720 4660; baseline -0.002 -21"><span class='ocrx_word' id='word_1_457' title='bbox 432 4577 592 4660; x_wconf 80' lang='lat' dir='ltr'>Scriptura</span> <span class='ocrx_word' id='word_1_458' title='bbox 621 4597 693 4639; x_wconf 82' lang='lat' dir='ltr'>raro</span> <span class='ocrx_word' id='word_1_459' title='bbox 722 4577 899 4658; x_wconf 73' lang='lat' dir='ltr'>frequenter</span> <span class='ocrx_word' id='word_1_460' title='bbox 926 4576 1086 4656; x_wconf 89' lang='lat' dir='ltr'>utriusque</span> <span class='ocrx_word' id='word_1_461' title='bbox 1138 4594 1218 4639; x_wconf 78' lang='lat' dir='ltr'>num</span> <span class='ocrx_word' id='word_1_462' title='bbox 1233 4576 1404 4649; x_wconf 74' lang='lat' dir='ltr'>cortonam,</span> <span class='ocrx_word' id='word_1_463' title='bbox 1420 4576 1453 4636; x_wconf 88' lang='lat' dir='ltr'>id</span> <span class='ocrx_word' id='word_1_464' title='bbox 1468 4586 1516 4637; x_wconf 90' lang='lat' dir='ltr'>est</span> <span class='ocrx_word' id='word_1_465' title='bbox 1530 4580 1720 4658; x_wconf 66' lang='lat' dir='ltr'>appropiaq</span> 
     </span>
     <span class='ocr_line' id='line_1_47' title="bbox 389 4661 1720 4746; baseline 0.001 -19"><span class='ocrx_word' id='word_1_466' title='bbox 389 4664 511 4746; x_wconf 82' lang='lat' dir='ltr'>pluviae</span> <span class='ocrx_word' id='word_1_467' title='bbox 536 4664 679 4737; x_wconf 86' lang='lat' dir='ltr'>meminit,</span> <span class='ocrx_word' id='word_1_468' title='bbox 704 4674 738 4725; x_wconf 90' lang='lat' dir='ltr'>ut</span> <span class='ocrx_word' id='word_1_469' title='bbox 763 4665 853 4725; x_wconf 84' lang='lat' dir='ltr'>Dent</span> <span class='ocrx_word' id='word_1_470' title='bbox 882 4667 949 4724; x_wconf 80' lang='lat'>11.=</span> <span class='ocrx_word' id='word_1_471' title='bbox 986 4662 1087 4724; x_wconf 84' lang='lat' dir='ltr'>Dabit</span> <span class='ocrx_word' id='word_1_472' title='bbox 1136 4665 1323 4740; x_wconf 76' lang='lat' dir='ltr'>propinquo</span> <span class='ocrx_word' id='word_1_473' title='bbox 1342 4669 1396 4737; x_wconf 78' lang='lat' dir='ltr'>ert,</span> <span class='ocrx_word' id='word_1_474' title='bbox 1420 4671 1454 4723; x_wconf 89' lang='lat' dir='ltr'>ut</span> <span class='ocrx_word' id='word_1_475' title='bbox 1475 4662 1526 4724; x_wconf 92' lang='lat' dir='ltr'>alii</span> <span class='ocrx_word' id='word_1_476' title='bbox 1549 4661 1720 4728; x_wconf 61' lang='lat' dir='ltr'>vertunt!</span> 
     </span>
     <span class='ocr_line' id='line_1_48' title="bbox 389 4749 1720 4830; baseline -0.001 -15"><span class='ocrx_word' id='word_1_477' title='bbox 389 4752 551 4815; x_wconf 81' lang='lat' dir='ltr'>Domtrsua</span> <span class='ocrx_word' id='word_1_478' title='bbox 569 4752 716 4830; x_wconf 81' lang='lat' dir='ltr'>placium</span> <span class='ocrx_word' id='word_1_479' title='bbox 732 4758 837 4812; x_wconf 83' lang='lat' dir='ltr'>terrae</span> <span class='ocrx_word' id='word_1_480' title='bbox 852 4756 985 4826; x_wconf 75' lang='lat' dir='ltr'>outrae,</span> <span class='ocrx_word' id='word_1_481' title='bbox 1005 4756 1085 4810; x_wconf 85' lang='lat' dir='ltr'>tem-</span> <span class='ocrx_word' id='word_1_482' title='bbox 1139 4750 1273 4810; x_wconf 86' lang='lat' dir='ltr'>hocloco</span> <span class='ocrx_word' id='word_1_483' title='bbox 1286 4770 1346 4809; x_wconf 92' lang='lat' dir='ltr'>non</span> <span class='ocrx_word' id='word_1_484' title='bbox 1357 4749 1438 4811; x_wconf 87' lang='lat' dir='ltr'>male</span> <span class='ocrx_word' id='word_1_485' title='bbox 1449 4750 1593 4813; x_wconf 82' lang='lat' dir='ltr'>Erasmus</span> <span class='ocrx_word' id='word_1_486' title='bbox 1607 4749 1720 4814; x_wconf 66' lang='lat' dir='ltr'>ern·</span> 
     </span>
     <span class='ocr_line' id='line_1_49' title="bbox 385 4833 1720 4917; baseline 0.001 -17"><span class='ocrx_word' id='word_1_487' title='bbox 385 4856 569 4916; x_wconf 81' lang='lat' dir='ltr'>porcarum</span> <span class='ocrx_word' id='word_1_488' title='bbox 579 4845 611 4901; x_wconf 87' lang='lat' dir='ltr'>et</span> <span class='ocrx_word' id='word_1_489' title='bbox 623 4840 795 4901; x_wconf 66' lang='lat' dir='ltr'>amotisam</span> <span class='ocrx_word' id='word_1_490' title='bbox 803 4860 816 4916; x_wconf 90' lang='lat'>,·</span> <span class='ocrx_word' id='word_1_491' title='bbox 830 4836 942 4900; x_wconf 77' lang='lat' dir='ltr'>leram.</span> <span class='ocrx_word' id='word_1_492' title='bbox 955 4837 1002 4897; x_wconf 77' lang='lat' dir='ltr'>b:</span> <span class='ocrx_word' id='word_1_493' title='bbox 1016 4837 1085 4897; x_wconf 83' lang='lat' dir='ltr'>Mc·</span> <span class='ocrx_word' id='word_1_494' title='bbox 1138 4839 1392 4915; x_wconf 77' lang='lat' dir='ltr'>appropinquat.</span> <span class='ocrx_word' id='word_1_495' title='bbox 1415 4833 1621 4900; x_wconf 88' lang='lat' dir='ltr'>Oecnmenius</span> <span class='ocrx_word' id='word_1_496' title='bbox 1639 4840 1673 4902; x_wconf 85' lang='lat' dir='ltr'>ia</span> <span class='ocrx_word' id='word_1_497' title='bbox 1684 4853 1720 4917; x_wconf 60' lang='grc' dir='ltr'>ι,</span> 
     </span>
     <span class='ocr_line' id='line_1_50' title="bbox 390 4920 1720 5006; baseline 0 -18"><span class='ocrx_word' id='word_1_498' title='bbox 390 4931 521 4988; x_wconf 64' lang='lat' dir='ltr'>nomas</span> <span class='ocrx_word' id='word_1_499' title='bbox 535 4927 715 4989; x_wconf 75' lang='lat' dir='ltr'>Dominum</span> <span class='ocrx_word' id='word_1_500' title='bbox 729 4926 834 4987; x_wconf 78' lang='lat' dir='ltr'>Deum</span> <span class='ocrx_word' id='word_1_501' title='bbox 848 4930 1005 4999; x_wconf 73' lang='lat' dir='ltr'>nomm,</span> <span class='ocrx_word' id='word_1_502' title='bbox 1030 4924 1085 5000; x_wconf 80' lang='lat' dir='ltr'>qui</span> <span class='ocrx_word' id='word_1_503' title='bbox 1139 4925 1325 5003; x_wconf 80' lang='lat' dir='ltr'>expositione</span> <span class='ocrx_word' id='word_1_504' title='bbox 1350 4924 1532 5003; x_wconf 87' lang='lat' dir='ltr'>persistens,</span> <span class='ocrx_word' id='word_1_505' title='bbox 1562 4944 1658 5006; x_wconf 87' lang='lat' dir='ltr'>quam</span> <span class='ocrx_word' id='word_1_506' title='bbox 1685 4920 1720 4996; x_wconf 65' lang='grc' dir='ltr'>δ’</span> 
     </span>
     <span class='ocr_line' id='line_1_51' title="bbox 389 5009 1720 5092; baseline 0.001 -17"><span class='ocrx_word' id='word_1_507' title='bbox 389 5010 448 5075; x_wconf 83' lang='lat' dir='ltr'>dat</span> <span class='ocrx_word' id='word_1_508' title='bbox 461 5014 552 5077; x_wconf 73' lang='lat' dir='ltr'>cotta</span> <span class='ocrx_word' id='word_1_509' title='bbox 569 5012 719 5092; x_wconf 77' lang='lat' dir='ltr'>pluuium</span> <span class='ocrx_word' id='word_1_510' title='bbox 736 5019 977 5091; x_wconf 78' lang='lat' dir='ltr'>temporaneam</span> <span class='ocrx_word' id='word_1_511' title='bbox 992 5017 1023 5073; x_wconf 85' lang='lat' dir='ltr'>et</span> <span class='ocrx_word' id='word_1_512' title='bbox 1036 5028 1085 5071; x_wconf 86' lang='lat' dir='ltr'>ac-</span> <span class='ocrx_word' id='word_1_513' title='bbox 1138 5009 1229 5073; x_wconf 83' lang='lat' dir='ltr'>illud:</span> <span class='ocrx_word' id='word_1_514' title='bbox 1255 5010 1358 5072; x_wconf 80' lang='lat' dir='ltr'>tradis</span> <span class='ocrx_word' id='word_1_515' title='bbox 1373 5013 1549 5090; x_wconf 60' lang='lat' dir='ltr'>amicost,</span> <span class='ocrx_word' id='word_1_516' title='bbox 1577 5012 1720 5086; x_wconf 56' lang='grc' dir='ltr'>Μυκη</span> 
     </span>
    </p>
   </div>
   <div class='ocr_carea' id='block_1_3' title="bbox 0 0 2226 5825">
    <p class='ocr_par' dir='ltr' id='par_1_3' title="bbox 0 0 2226 5825">
     <span class='ocr_line' id='line_1_52' title="bbox 0 0 2226 5825; baseline 0 0"><span class='ocrx_word' id='word_1_517' title='bbox 0 0 2226 5825; x_wconf 95' lang='lat' dir='ltr'> </span> 
     </span>
    </p>
   </div>
  </div>
 </body>
</html>
