4442 5825
730 628 894 686 ιιιειοιιι
910 630 950 687 ιι
969 630 1132 686 marsos
1165 628 1250 686 ms.
1269 634 1309 687 ιι.
1664 630 1735 710 m

349 818 369 862 u
384 801 466 864 risus
481 803 565 884 ejus¹
587 811 622 864 nt
644 806 689 867 ait
703 804 878 870 Ambrosius
896 806 946 870 lib.
966 812 991 869 1.
1045 809 1076 868 in
1089 806 1215 869 bistoria
1229 808 1275 868 rei
1290 815 1403 888 gestae,
1418 824 1480 890 qua
1490 806 1529 870 da
1543 819 1622 872 nuno
1632 811 1740 891 agitur,

349 886 517 963 Abrabam,
543 908 609 973 asp.
626 894 671 966 4.,
698 906 758 953 non
774 894 992 972 incredulitatis
1045 894 1076 954 id
1092 904 1139 955 est
1154 893 1230 956 Gan.
1244 897 1292 956 18.
1305 894 1517 975 taprobanam
1532 896 1667 976 laginam,
1680 916 1740 957 non

349 974 447 1050 laium,
459 976 515 1038 sed
524 978 809 1040 sxmltsttonistuis.
831 983 992 1054 buteone,
1045 980 1213 1063 landatsm3
1229 980 1478 1063 quemadmodum
1490 1002 1507 1042 a
1519 981 1647 1056 diverso,
1659 1002 1740 1064 quae

349 1078 506 1145 mumque
520 1064 610 1126 tuerit
631 1068 754 1146 utrique
770 1080 861 1128 causa
876 1066 992 1130 ridendi
1044 1068 1093 1127 bio
1109 1064 1263 1139 dicuntur,
1291 1067 1330 1127 ad
1353 1067 1471 1129 laudam
1487 1069 1628 1130 Abrabae
1650 1070 1739 1151 perti·

349 1154 409 1208 test
423 1152 503 1210 anim
519 1150 595 1225 diei,
622 1154 715 1213 risum
731 1151 806 1226 illis,
822 1163 856 1214 ut
870 1154 993 1229 vetulis,
1045 1164 1132 1227 nere,
1152 1174 1190 1214 ex
1205 1152 1331 1214 bistoris
1345 1156 1537 1236 perspicuum
1551 1164 1606 1217 ast
1643 1155 1740 1227 Adde,

349 1242 433 1296 mm
463 1248 504 1297 ex
533 1238 773 1319 apprehensione
807 1241 993 1316 concubitus,
1046 1239 1129 1322 quod
1151 1242 1243 1320 juxta
1268 1241 1347 1300 buno
1376 1240 1560 1302 intellectum
1583 1243 1742 1324 sequentia

349 1338 433 1401 sque
449 1344 510 1385 non
525 1334 644 1406 poterat
666 1329 710 1387 ais
734 1330 818 1388 nasci
833 1328 912 1388 filius
925 1340 991 1407 pro·
1045 1326 1154 1388 molius
1170 1327 1376 1402 cohaerebant,
1392 1329 1422 1387 iu
1438 1328 1546 1409 quibus
1561 1328 1659 1390 mbae
1674 1347 1739 1410 per·

349 1424 419 1484 ηις
454 1430 523 1470 nam
546 1420 633 1493 turpe
654 1410 756 1473 senilis
775 1433 875 1490 amor3
913 1415 993 1474 unde
1045 1415 1124 1474 sistit
1144 1413 1305 1494 Apostolus
1327 1414 1361 1474 id
1381 1413 1582 1496 praedicanda
1605 1415 1740 1495 ejusdam

349 1493 485 1557 arideus
496 1495 629 1560 dicebat:
644 1500 818 1576 Postquam
830 1502 992 1576 consonos,
1045 1499 1186 1560 Abrahae
1218 1499 1276 1560 tide
1306 1517 1361 1579 par
1386 1500 1500 1582 aliquot
1525 1521 1641 1564 versus.
1676 1499 1742 1563 Nae

349 1576 499 1644 damiam
510 1604 598 1646 meas
612 1587 736 1647 osaea·
750 1595 812 1662 ost,
833 1589 993 1665 voluptati
1046 1585 1145 1648 videri
1159 1584 1250 1646 debat
1273 1588 1422 1666 expositio
1444 1587 1590 1661 violenta,
1617 1606 1694 1670 quaa
1707 1587 1742 1647 bt

349 1686 428 1729 som
444 1669 566 1746 docos)
577 1674 656 1732 risus
667 1674 697 1732 iu
709 1673 762 1733 illa
778 1690 844 1734 cunr
856 1673 991 1735 inoredo·
1045 1672 1164 1733 tantillo
1188 1673 1413 1753 supplemento:
1437 1672 1516 1735 Fido
1539 1677 1608 1750 ojus
1628 1683 1657 1736 et
1671 1677 1742 1752 ipso

349 1760 380 1815 ts
388 1756 522 1837 quadam
535 1759 711 1839 conjunctus
726 1760 800 1835 iait3
815 1782 875 1821 non
891 1769 992 1821 autam
1045 1761 1129 1822 doro
1144 1761 1259 1819 sterilis
1273 1770 1329 1820 eto.
1353 1758 1508 1842 Siquidem
1520 1770 1552 1820 st
1565 1763 1597 1822 in
1613 1776 1741 1843 sequen·

351 1838 419 1914 illo,
449 1842 574 1925 dequo
610 1853 738 1908 testatur
763 1847 927 1929 Apostolus
954 1847 993 1907 ad
1045 1847 1127 1906 tibus
1143 1848 1288 1919 invenies,
1304 1866 1364 1908 non
1379 1865 1495 1928 semper
1509 1847 1636 1927 intelligi
1650 1847 1742 1908 tidem

349 1932 381 1989 Ι.
395 1932 442 2001 4.,
464 1932 551 2007 qaod
574 1950 642 1994 oon
664 1933 848 2010 infirmatus
863 1943 906 1995 cst
919 1934 991 2011 fids,
1046 1933 1128 2013 ejus,
1153 1932 1189 1991 da
1204 1952 1264 2012 quo
1279 1933 1391 2016 aliquid
1406 1942 1556 2009 narratur,
1578 1934 1631 1995 sed
1652 1937 1740 1995 inter·

349 2015 536 2079 tbocaitovit
557 2019 741 2098 diffidentia
759 2029 816 2082 etc.
854 2021 890 2080 In
906 2022 993 2100 cujus
1046 2019 1115 2080 dum
1131 2018 1270 2096 aliorum;
1294 2028 1433 2100 utquam
1449 2023 1509 2081 ait:
1533 2022 1740 2097 Fidcdlosot,

349 2100 582 2166 laommantario
598 2106 789 2182 ostendimus,
809 2127 864 2167 nae
880 2107 910 2168 id
928 2124 993 2169 assa
1047 2114 1159 2180 notus,
1187 2108 1361 2166 occultatas
1376 2115 1419 2167 cst
1434 2108 1591 2169 mensibus
1605 2110 1706 2170 tribua
1720 2124 1742 2168 a

349 2188 467 2265 ndum,
495 2192 577 2272 quod
599 2193 733 2254 nonnulli
760 2204 895 2255 vatorum
925 2212 992 2254 sen·
1045 2193 1232 2269 parentibus
1246 2196 1318 2253 stris.
1343 2194 1423 2254 Fido
1438 2198 1637 2257 transierant
1651 2208 1741 2256 moro

349 2290 376 2336 ta
396 2277 554 2353 videntur,
578 2282 666 2339 otiam
689 2279 860 2341 Abrabamo
883 2281 993 2353 statim,
1047 2280 1188 2340 rubrum.
1214 2280 1294 2339 Fido
1304 2283 1389 2339 muri
1400 2282 1530 2344 Jcriobo
1542 2288 1741 2343 corneorum.

349 2362 400 2425 tito
416 2367 628 2445 promissione,
656 2367 771 2446 aliquid
786 2366 993 2428 haesitationis
1048 2366 1166 2446 Quibus
1194 2376 1224 2425 et
1251 2365 1326 2426 illud
1353 2386 1532 2427 annumero:
1559 2371 1622 2429 Per
1647 2368 1741 2444 {idom

349 2452 485 2531 aprinae,
506 2453 579 2513 licet
592 2463 698 2534 postas
713 2454 880 2514 firmissima
896 2452 992 2514 cradi·
1047 2461 1236 2528 acceperant
1266 2455 1411 2514 mulieres
1440 2455 1478 2513 de
1493 2500 1497 2506 .
1515 2459 1742 2516 resurrections

349 2536 383 2597 tt
415 2538 486 2599 Non
502 2540 606 2600 mirum
623 2548 737 2614 autem,
759 2544 784 2600 si
801 2540 888 2601 aliter
903 2544 991 2601 inter·
1047 2545 1196 2600 morttsos.
1221 2540 1308 2619 Quae
1324 2540 1442 2620 singula
1457 2539 1526 2601 vide
1541 2543 1601 2602 suis
1619 2543 1700 2602 locls.

349 2630 451 2685 mur
471 2627 564 2687 risum
591 2626 745 2698 Abrabae,
774 2647 864 2708 quam
890 2626 993 2700 Sarae,
1090 2624 1134 2687 Et
1146 2634 1276 2702 practer
1291 2633 1412 2703 tempus
1434 2631 1554 2687 aetatis.
1592 2631 1739 2705 Tempsis,

349 2712 437 2772 ulam
462 2719 493 2772 at
515 2713 546 2772 in
569 2713 738 2794 Evangelio
760 2715 833 2775 Luc.
857 2718 883 2774 1.
908 2714 993 2773 aliter
1047 2711 1164 2773 Graeca
1180 2706 1302 2790 καιρὸν,
1331 2732 1410 2794 quae
1430 2732 1491 2775 vox
1506 2724 1624 2806 tempus
1639 2722 1742 2797 aptam

349 2805 531 2879 {protentus
567 2819 668 2862 onmes
707 2799 865 2861 orthodoxi
901 2799 994 2860 verba
1046 2799 1137 2858 alicui
1153 2801 1195 2859 roi
1212 2799 1369 2880 significat.
1408 2801 1505 2883 Quasi
1520 2800 1614 2861 dieat:
1641 2800 1743 2882 Quum

349 2882 482 2946 tbariae:
516 2887 604 2949 Unde
618 2888 676 2949 boc
697 2888 817 2948 sciam?
838 2907 925 2970 quam
941 2885 995 2947 illa
1046 2894 1174 2946 aetram
1197 2886 1262 2965 jam
1289 2887 1469 2949 excessisset
1494 2900 1595 2969 aptam
1621 2907 1741 2970 genera·

351 2969 498 3051 Virginis:
525 2975 689 3052 Quomodo
705 2975 758 3052 tlct
773 2975 882 3035 istud?
1046 2974 1136 3049 tioni;
1152 2993 1244 3054 quum
1256 2976 1321 3055 jam
1336 2973 1440 3035 vetula
1455 2983 1542 3036 assat
1575 2975 1663 3036 Unda
1678 2977 1741 3057 qui·

349 3055 428 3119 lbmc
443 3062 470 3119 si
485 3062 555 3141 quis
578 3060 717 3141 objiciat:
742 3060 993 3142 Quandoquidem
1047 3058 1116 3119 dam
1132 3069 1264 3120 vertunt:
1285 3068 1418 3136 practer
1439 3066 1551 3123 aetatis
1573 3065 1741 3124 sotionem

349 3145 533 3207 aaAbrabae
555 3145 673 3208 laudam
693 3157 819 3209 meretur
840 3168 911 3229 prae
933 3145 994 3206 lida
1047 3145 1239 3226 Significatur
1259 3149 1339 3207 enim
1362 3147 1491 3208 alterum
1513 3148 1688 3209 miraculum
1710 3151 1742 3209 ln

349 3247 409 3305 ras,
425 3234 500 3311 quia
515 3234 614 3294 statim
631 3234 775 3309 credidit,
798 3253 854 3294 nau
869 3234 993 3294 haesita·
1047 3231 1281 3294 foecundationa
1297 3232 1399 3293 Sarua.
1436 3236 1513 3295 Nam
1534 3237 1661 3316 primum
1677 3242 1748 3312 erst-

349 3335 409 3380 asm
436 3339 544 3399 passus
565 3330 627 3397 ast3
658 3342 711 3382 cur
735 3342 795 3381 uon
820 3321 864 3380 illi
887 3321 994 3400 potius,
1048 3321 1146 3391 ineo,
1170 3320 1251 3400 quod
1267 3319 1377 3379 sterilis
1393 3323 1546 3400 concepit3
1572 3322 1743 3395 secundum,

349 3419 426 3487 spus
439 3404 510 3466 lldai
526 3407 638 3468 Paulus
661 3407 804 3469 adscribit
819 3416 996 3487 conceptum
1049 3405 1130 3487 quod
1146 3407 1176 3465 in
1191 3416 1290 3467 aetate
1304 3405 1399 3467 senili.
1437 3407 1529 3467 Porro
1546 3407 1653 3469 Graeci
1675 3428 1742 3490 par·

349 3499 461 3571 paruam
477 3493 588 3566 Sarae,
604 3492 748 3556 dicando:
763 3494 843 3555 Fide
858 3491 995 3567 ciusdem
1049 3502 1107 3552 tam
1132 3490 1209 3553 baua
1231 3494 1334 3573 legunt
1355 3511 1423 3554 cum
1438 3491 1541 3554 addito
1563 3494 1671 3556 verbo:
1700 3495 1744 3557 Et

349 3579 452 3640 rasos
465 3579 569 3656 Sora,
592 3599 676 3643 assor
697 3586 764 3657 ejas
785 3580 913 3654 sterilis,
942 3598 996 3640 oo·
1046 3588 1178 3657 practer
1206 3586 1329 3657 tempusa
1357 3583 1469 3641 ostatis
1496 3585 1628 3659 peperit.
1665 3577 1743 3642 Item

349 3665 557 3740 ptolomeo
581 3676 638 3727 ato.
675 3665 864 3748 Responderi
887 3674 996 3746 potest,
1050 3668 1164 3748 Syrus:
1191 3668 1235 3729 Et
1260 3685 1430 3744 quassos
1450 3664 1521 3727 aar
1543 3672 1579 3730 in
1603 3676 1744 3745 tempore

349 3767 373 3814 Ι
398 3751 460 3813 alis
490 3762 592 3815 essent
620 3755 787 3835 praeclara,
820 3773 858 3815 ax
887 3753 997 3833 quibus
1050 3772 1212 3815 asnorum
1233 3771 1381 3829 suorum,
1406 3758 1539 3832 peperit.
1577 3754 1668 3835 Quod
1686 3755 1745 3817 a'tsi
1834 3826 1837 3834 ¹

349 3833 446 3900 babae
472 3839 561 3901 fldem
594 3838 733 3902 laudaret
759 3838 937 3920 Apostolus,
963 3847 998 3897 nt
1051 3841 1141 3901 etiam
1164 3841 1332 3901 inveniatur
1352 3842 1383 3900 in
1398 3837 1581 3902 Graecorum
1597 3855 1742 3903 comman-

349 3929 388 3988 tat
406 3945 447 3987 ex
468 3926 717 4008 praecedentibus
741 3937 770 3986 et
792 3926 997 4006 sequentibus,
1051 3928 1153 3999 tariis,
1183 3926 1353 3986 addititiam
1377 3935 1478 3986 tamma
1502 3925 1628 3989 videtum.
1666 3927 1744 3990 Nam
1804 4002 1805 4006 Ἰ

349 4012 466 4074 mbae
480 4009 520 4074 de
544 4024 688 4093 conceptu
710 4013 776 4086 filii,
804 4014 944 4089 quoniam
965 4011 997 4072 id
1052 4014 1118 4073 sine
1132 4033 1169 4074 eo
1185 4032 1290 4073 sensus
1314 4014 1426 4094 optime
1447 4024 1580 4093 constat3
1602 4009 1745 4076 videlicet

349 4101 423 4180 spir·
439 4099 544 4161 &ram
559 4100 741 4178 attingebat,
757 4100 824 4179 ejus
838 4098 922 4160 laudi
937 4118 996 4158 sar·
1051 4100 1154 4160 Soram
1194 4101 1344 4179 accepisse
1380 4102 1519 4162 virtutem
1550 4095 1744 4183 concipiendi,

349 4199 380 4246 rs
392 4186 543 4261 voluissa3
558 4207 595 4247 ao
609 4189 757 4259 maxima,
777 4195 884 4246 utnon
900 4185 998 4245 solum
1052 4205 1144 4266 quum
1164 4206 1224 4246 non
1247 4194 1362 4246 tantum
1388 4186 1497 4248 sterilis
1519 4198 1626 4264 esset,‘
1640 4207 1745 4249 varum

349 4279 449 4356 :patra
467 4273 559 4333 totius
581 4275 694 4353 gentis,
721 4291 824 4333 verum
847 4274 937 4333 etiam
961 4290 998 4331 ax
1052 4274 1140 4332 stiam
1152 4280 1284 4332 aetatem
1296 4280 1529 4354 praetergressa.
1551 4273 1745 4337 Hincautam

349 4365 399 4421 Ars
412 4357 558 4419 baberent
572 4359 721 4431 Hebraei,
745 4360 826 4440 quod
850 4360 997 4419 imitaren—
1052 4360 1252 4439 sequabatur,
1280 4369 1314 4419 ut
1329 4360 1420 4420 etiam
1440 4379 1547 4444 parare
1568 4369 1688 4443 posset3
1712 4367 1745 4421 nt

349 4455 364 4506 t.
395 4445 535 4507 'I'amatsl
550 4447 641 4506 tacita
663 4448 750 4506 otiam
768 4445 909 4507 Abrabae
924 4445 999 4505 fides
1052 4445 1177 4526 proinde
1192 4466 1251 4505 non
1268 4465 1341 4527 opus
1359 4444 1452 4509 tuerit
1474 4450 1648 4529 exprimere.
1683 4446 1743 4507 Ad·

349 4549 359 4594 ι
381 4531 564 4612 intelligitur
587 4530 718 4592 laudata.
756 4532 828 4593 blox
854 4533 933 4593 anim
960 4530 999 4591 de
1052 4531 1142 4593 dandi
1156 4532 1242 4593 serbi
1263 4532 1347 4594 dedit
1369 4537 1553 4597 occasionem
1577 4533 1746 4614 conjunctio

349 4635 374 4679 ιι
385 4618 484 4682 addit:
503 4620 642 4695 Psoptcr
655 4619 742 4697 quod
756 4625 786 4678 et
800 4619 840 4680 ab
855 4638 922 4680 ooo
937 4620 1000 4679 orti
1052 4610 1116 4695 acl,
1133 4638 1212 4699 qnae
1227 4619 1431 4682 indifferenter
1446 4631 1475 4683 st
1487 4623 1536 4682 rel
1549 4624 1643 4682 etium
1655 4620 1745 4700 signi·

349 4713 444 4768 asse.
1051 4706 1138 4777 boat,
1166 4725 1202 4766 aa
1225 4708 1316 4785 priori
1337 4708 1426 4769 modo
1452 4714 1593 4788 accepta,
1619 4706 1746 4768 verbum

349 4787 571 4869 Veruntamen,
597 4801 645 4864 ut,
673 4791 753 4873 quod
775 4792 847 4852 mibi
861 4791 999 4873 probabi·
1052 4792 1238 4873 postulabat,
1254 4794 1437 4873 posteriora,
1452 4815 1511 4855 non
1526 4796 1607 4854 item.
1637 4792 1747 4873 Itaque

349 4887 439 4956 aest,
452 4878 570 4953 dicam,
585 4880 681 4959 magis
695 4879 795 4959 placet
811 4899 877 4939 cum
887 4880 998 4939 Lirano
1052 4887 1185 4939 nostram
1201 4881 1371 4940 versionem
1393 4880 1518 4941 arbitror
1531 4879 1589 4941 boc
1603 4879 1670 4941 loeo
1687 4881 1745 4941 sin-

349 4964 434 5042 abts,
458 4985 536 5048 quos
552 4967 659 5041 citavi,
684 4964 772 5027 fidem
789 4964 930 5025 Abrabae
951 4964 1001 5025 blo
1054 4967 1206 5027 cariorem.
1599 4969 1601 4973 '

349 5051 447 5135 ampl,
461 5073 523 5114 non
538 5060 641 5114 autam
656 5052 768 5130 Saraa3
788 5071 879 5133 quam
894 5053 1001 5133 utique
1096 5055 1254 5132 Quoniam
1279 5051 1404 5129 fidelem
1426 5051 1561 5113 credidit
1581 5071 1642 5116 cass
1664 5069 1745 5130 otton,

1472 5150 1542 5221 ts‘
