<?xml version="1.0" encoding="UTF-8"?>
<!DOCTYPE html PUBLIC "-//W3C//DTD XHTML 1.0 Transitional//EN"
    "http://www.w3.org/TR/xhtml1/DTD/xhtml1-transitional.dtd">
<html xmlns="http://www.w3.org/1999/xhtml" xml:lang="en" lang="en">
 <head>
  <title>
</title>
<meta http-equiv="Content-Type" content="text/html;charset=utf-8" />
  <meta name='ocr-system' content='tesseract 3.04.00' />
  <meta name='ocr-capabilities' content='ocr_page ocr_carea ocr_par ocr_line ocrx_word'/>
</head>
<body>
  <div class='ocr_page' id='page_1' title='image "./guilielmiestiii01estigoog_0208.png"; bbox 0 0 4442 5825; ppageno 0'>
   <div class='ocr_carea' id='block_1_1' title="bbox 391 538 1364 669">
    <p class='ocr_par' dir='ltr' id='par_1_1' title="bbox 391 538 1364 669">
     <span class='ocr_line' id='line_1_1' title="bbox 391 538 1364 669; baseline 0 -19"><span class='ocrx_word' id='word_1_1' title='bbox 391 538 462 669; x_wconf 64' lang='lat'>123</span> <span class='ocrx_word' id='word_1_2' title='bbox 902 591 1364 657; x_wconf 71' lang='lat' dir='ltr'>musmssuusmusrm</span> 
     </span>
    </p>
   </div>
   <div class='ocr_carea' id='block_1_2' title="bbox 385 766 1790 5118">
    <p class='ocr_par' dir='ltr' id='par_1_2' title="bbox 385 766 1790 5118">
     <span class='ocr_line' id='line_1_2' title="bbox 385 766 1790 850; baseline 0 -20"><span class='ocrx_word' id='word_1_3' title='bbox 385 769 514 847; x_wconf 83' lang='lat' dir='ltr'>porticu</span> <span class='ocrx_word' id='word_1_4' title='bbox 528 766 708 828; x_wconf 76' lang='lat' dir='ltr'>Salomonis</span> <span class='ocrx_word' id='word_1_5' title='bbox 715 790 727 845; x_wconf 88' lang='lat'>,·</span> <span class='ocrx_word' id='word_1_6' title='bbox 754 786 846 847; x_wconf 88' lang='lat' dir='ltr'>quum</span> <span class='ocrx_word' id='word_1_7' title='bbox 870 775 970 829; x_wconf 86' lang='lat' dir='ltr'>tamen</span> <span class='ocrx_word' id='word_1_8' title='bbox 985 788 1085 850; x_wconf 87' lang='lat' dir='ltr'>neque</span> <span class='ocrx_word' id='word_1_9' title='bbox 1138 789 1236 832; x_wconf 72' lang='lat' dir='ltr'>mose.</span> <span class='ocrx_word' id='word_1_10' title='bbox 1248 777 1376 841; x_wconf 82' lang='lat' dir='ltr'>stantes,</span> <span class='ocrx_word' id='word_1_11' title='bbox 1403 768 1459 828; x_wconf 89' lang='lat' dir='ltr'>slis</span> <span class='ocrx_word' id='word_1_12' title='bbox 1480 787 1573 849; x_wconf 89' lang='lat' dir='ltr'>super</span> <span class='ocrx_word' id='word_1_13' title='bbox 1590 770 1790 850; x_wconf 78' lang='lat' dir='ltr'>propitiatoris</span> 
     </span>
     <span class='ocr_line' id='line_1_3' title="bbox 389 853 1790 936; baseline 0.001 -20"><span class='ocrx_word' id='word_1_14' title='bbox 389 853 514 927; x_wconf 80' lang='lat' dir='ltr'>exedra,</span> <span class='ocrx_word' id='word_1_15' title='bbox 551 873 651 935; x_wconf 88' lang='lat' dir='ltr'>neque</span> <span class='ocrx_word' id='word_1_16' title='bbox 685 856 816 932; x_wconf 87' lang='lat' dir='ltr'>porticus</span> <span class='ocrx_word' id='word_1_17' title='bbox 851 865 950 916; x_wconf 86' lang='lat' dir='ltr'>essent</span> <span class='ocrx_word' id='word_1_18' title='bbox 985 864 1086 934; x_wconf 83' lang='lat' dir='ltr'>partes</span> <span class='ocrx_word' id='word_1_19' title='bbox 1139 877 1200 936; x_wconf 88' lang='lat' dir='ltr'>quo</span> <span class='ocrx_word' id='word_1_20' title='bbox 1215 876 1286 916; x_wconf 83' lang='lat' dir='ltr'>arcs</span> <span class='ocrx_word' id='word_1_21' title='bbox 1297 855 1468 933; x_wconf 86' lang='lat' dir='ltr'>tegebatur,</span> <span class='ocrx_word' id='word_1_22' title='bbox 1484 856 1637 935; x_wconf 81' lang='lat' dir='ltr'>expassis,</span> <span class='ocrx_word' id='word_1_23' title='bbox 1654 858 1790 935; x_wconf 86' lang='lat' dir='ltr'>atqueil</span> 
     </span>
     <span class='ocr_line' id='line_1_4' title="bbox 390 939 1790 1024; baseline 0 -20"><span class='ocrx_word' id='word_1_24' title='bbox 390 941 508 1021; x_wconf 87' lang='lat' dir='ltr'>templi,</span> <span class='ocrx_word' id='word_1_25' title='bbox 539 941 592 1002; x_wconf 90' lang='lat' dir='ltr'>sod</span> <span class='ocrx_word' id='word_1_26' title='bbox 618 950 784 1002; x_wconf 75' lang='lat' dir='ltr'>suuctrrree</span> <span class='ocrx_word' id='word_1_27' title='bbox 813 939 885 1001; x_wconf 80' lang='lat' dir='ltr'>soris</span> <span class='ocrx_word' id='word_1_28' title='bbox 915 941 1085 1021; x_wconf 84' lang='lat' dir='ltr'>adjunctae.</span> <span class='ocrx_word' id='word_1_29' title='bbox 1139 940 1391 1014; x_wconf 73' lang='lat' dir='ltr'>obumbrantibus,</span> <span class='ocrx_word' id='word_1_30' title='bbox 1407 961 1442 1003; x_wconf 91' lang='lat' dir='ltr'>se</span> <span class='ocrx_word' id='word_1_31' title='bbox 1456 951 1568 1016; x_wconf 89' lang='lat' dir='ltr'>mutuo,</span> <span class='ocrx_word' id='word_1_32' title='bbox 1583 943 1682 1004; x_wconf 82' lang='lat' dir='ltr'>versis</span> <span class='ocrx_word' id='word_1_33' title='bbox 1696 945 1728 1006; x_wconf 91' lang='lat' dir='ltr'>in</span> <span class='ocrx_word' id='word_1_34' title='bbox 1745 945 1790 1024; x_wconf 87' lang='lat' dir='ltr'>ips</span> 
     </span>
     <span class='ocr_line' id='line_1_5' title="bbox 389 1025 1790 1112; baseline 0.001 -21"><span class='ocrx_word' id='word_1_35' title='bbox 389 1028 456 1091; x_wconf 76' lang='lat' dir='ltr'>Nec</span> <span class='ocrx_word' id='word_1_36' title='bbox 471 1025 561 1089; x_wconf 87' lang='lat' dir='ltr'>secus</span> <span class='ocrx_word' id='word_1_37' title='bbox 575 1028 794 1107; x_wconf 85' lang='lat' dir='ltr'>accipiendum,</span> <span class='ocrx_word' id='word_1_38' title='bbox 822 1026 904 1106; x_wconf 89' lang='lat' dir='ltr'>quod</span> <span class='ocrx_word' id='word_1_39' title='bbox 926 1031 1010 1109; x_wconf 87' lang='lat' dir='ltr'>apud</span> <span class='ocrx_word' id='word_1_40' title='bbox 1025 1050 1083 1102; x_wconf 80' lang='lat' dir='ltr'>om·</span> <span class='ocrx_word' id='word_1_41' title='bbox 1137 1030 1379 1112; x_wconf 88' lang='lat' dir='ltr'>propitiatorium</span> <span class='ocrx_word' id='word_1_42' title='bbox 1395 1029 1538 1102; x_wconf 83' lang='lat' dir='ltr'>vultibus,</span> <span class='ocrx_word' id='word_1_43' title='bbox 1553 1029 1754 1109; x_wconf 69' lang='lat' dir='ltr'>aspiciebant</span> <span class='ocrx_word' id='word_1_44' title='bbox 1780 1031 1790 1093; x_wconf 95' lang='grc'><strong>]</strong></span> 
     </span>
     <span class='ocr_line' id='line_1_6' title="bbox 389 1114 1790 1194; baseline 0.001 -16"><span class='ocrx_word' id='word_1_45' title='bbox 389 1135 445 1179; x_wconf 87' lang='lat' dir='ltr'>nes</span> <span class='ocrx_word' id='word_1_46' title='bbox 461 1116 675 1194; x_wconf 79' lang='lat' dir='ltr'>Evangelistes</span> <span class='ocrx_word' id='word_1_47' title='bbox 687 1115 804 1193; x_wconf 81' lang='lat' dir='ltr'>legitur,</span> <span class='ocrx_word' id='word_1_48' title='bbox 819 1114 908 1176; x_wconf 81' lang='lat' dir='ltr'>doan.</span> <span class='ocrx_word' id='word_1_49' title='bbox 925 1120 962 1189; x_wconf 74' lang='lat'>2,</span> <span class='ocrx_word' id='word_1_50' title='bbox 978 1117 1085 1177; x_wconf 80' lang='lat' dir='ltr'>Mutth.</span> <span class='ocrx_word' id='word_1_51' title='bbox 1138 1117 1242 1178; x_wconf 79' lang='lat' dir='ltr'>scribit</span> <span class='ocrx_word' id='word_1_52' title='bbox 1265 1137 1316 1177; x_wconf 88' lang='lat' dir='ltr'>ess</span> <span class='ocrx_word' id='word_1_53' title='bbox 1339 1116 1441 1177; x_wconf 83' lang='lat' dir='ltr'>Moses</span> <span class='ocrx_word' id='word_1_54' title='bbox 1459 1115 1558 1177; x_wconf 79' lang='lat' dir='ltr'>Excd</span> <span class='ocrx_word' id='word_1_55' title='bbox 1575 1116 1625 1177; x_wconf 72' lang='lat'>25.</span> <span class='ocrx_word' id='word_1_56' title='bbox 1642 1125 1676 1177; x_wconf 86' lang='lat' dir='ltr'>et</span> <span class='ocrx_word' id='word_1_57' title='bbox 1690 1119 1742 1178; x_wconf 76' lang='grc'><strong>27.</strong></span> <span class='ocrx_word' id='word_1_58' title='bbox 1780 1118 1790 1179; x_wconf 84' lang='lat' dir='ltr'>l</span> 
     </span>
     <span class='ocr_line' id='line_1_7' title="bbox 390 1202 1790 1286; baseline 0.001 -22"><span class='ocrx_word' id='word_1_59' title='bbox 390 1203 458 1275; x_wconf 72' lang='lat'>21..</span> <span class='ocrx_word' id='word_1_60' title='bbox 472 1202 566 1265; x_wconf 75' lang='lat' dir='ltr'>Marc.</span> <span class='ocrx_word' id='word_1_61' title='bbox 584 1206 633 1264; x_wconf 85' lang='lat'>11.</span> <span class='ocrx_word' id='word_1_62' title='bbox 648 1211 679 1262; x_wconf 89' lang='lat' dir='ltr'>et</span> <span class='ocrx_word' id='word_1_63' title='bbox 693 1202 764 1262; x_wconf 88' lang='lat' dir='ltr'>Luc.</span> <span class='ocrx_word' id='word_1_64' title='bbox 783 1204 840 1275; x_wconf 82' lang='lat'>19,</span> <span class='ocrx_word' id='word_1_65' title='bbox 857 1221 918 1276; x_wconf 90' lang='lat' dir='ltr'>eos,</span> <span class='ocrx_word' id='word_1_66' title='bbox 934 1205 985 1283; x_wconf 88' lang='lat' dir='ltr'>qui</span> <span class='ocrx_word' id='word_1_67' title='bbox 1001 1214 1087 1264; x_wconf 88' lang='lat' dir='ltr'>arant</span> <span class='ocrx_word' id='word_1_68' title='bbox 1139 1225 1200 1285; x_wconf 89' lang='lat' dir='ltr'>qus</span> <span class='ocrx_word' id='word_1_69' title='bbox 1213 1204 1309 1282; x_wconf 76' lang='lat' dir='ltr'>figure</span> <span class='ocrx_word' id='word_1_70' title='bbox 1324 1202 1450 1275; x_wconf 84' lang='lat' dir='ltr'>fuerint,</span> <span class='ocrx_word' id='word_1_71' title='bbox 1478 1203 1516 1265; x_wconf 87' lang='lat' dir='ltr'>ab</span> <span class='ocrx_word' id='word_1_72' title='bbox 1540 1222 1578 1263; x_wconf 87' lang='lat' dir='ltr'>ec</span> <span class='ocrx_word' id='word_1_73' title='bbox 1601 1223 1663 1264; x_wconf 89' lang='lat' dir='ltr'>non</span> <span class='ocrx_word' id='word_1_74' title='bbox 1680 1215 1727 1266; x_wconf 90' lang='lat' dir='ltr'>est</span> <span class='ocrx_word' id='word_1_75' title='bbox 1743 1225 1790 1286; x_wconf 82' lang='lat' dir='ltr'>prs</span> 
     </span>
     <span class='ocr_line' id='line_1_8' title="bbox 391 1288 1789 1368; baseline 0 -15"><span class='ocrx_word' id='word_1_76' title='bbox 391 1296 523 1353; x_wconf 87' lang='lat' dir='ltr'>ementes</span> <span class='ocrx_word' id='word_1_77' title='bbox 538 1298 567 1348; x_wconf 90' lang='lat' dir='ltr'>st</span> <span class='ocrx_word' id='word_1_78' title='bbox 582 1288 793 1351; x_wconf 81' lang='lat' dir='ltr'>vendentosiu</span> <span class='ocrx_word' id='word_1_79' title='bbox 805 1291 941 1366; x_wconf 85' lang='lat' dir='ltr'>templo,</span> <span class='ocrx_word' id='word_1_80' title='bbox 956 1290 1051 1352; x_wconf 81' lang='lat' dir='ltr'>luisse</span> <span class='ocrx_word' id='word_1_81' title='bbox 1067 1313 1086 1350; x_wconf 86' lang='lat' dir='ltr'>a</span> <span class='ocrx_word' id='word_1_82' title='bbox 1139 1301 1211 1351; x_wconf 87' lang='lat' dir='ltr'>tum.</span> <span class='ocrx_word' id='word_1_83' title='bbox 1249 1288 1358 1368; x_wconf 90' lang='lat' dir='ltr'>Opinio</span> <span class='ocrx_word' id='word_1_84' title='bbox 1374 1289 1496 1368; x_wconf 78' lang='lat' dir='ltr'>vulgata</span> <span class='ocrx_word' id='word_1_85' title='bbox 1520 1300 1581 1366; x_wconf 89' lang='lat' dir='ltr'>est,</span> <span class='ocrx_word' id='word_1_86' title='bbox 1607 1290 1789 1354; x_wconf 81' lang='lat' dir='ltr'>humanans</span> 
     </span>
     <span class='ocr_line' id='line_1_9' title="bbox 392 1375 1790 1459; baseline 0.002 -21"><span class='ocrx_word' id='word_1_87' title='bbox 392 1375 513 1439; x_wconf 88' lang='lat' dir='ltr'>Christo</span> <span class='ocrx_word' id='word_1_88' title='bbox 529 1375 599 1436; x_wconf 88' lang='lat' dir='ltr'>iuda</span> <span class='ocrx_word' id='word_1_89' title='bbox 615 1376 738 1454; x_wconf 89' lang='lat' dir='ltr'>ejectos.</span> <span class='ocrx_word' id='word_1_90' title='bbox 761 1375 842 1436; x_wconf 84' lang='lat' dir='ltr'>Nam</span> <span class='ocrx_word' id='word_1_91' title='bbox 856 1375 910 1436; x_wconf 86' lang='lat' dir='ltr'>illa</span> <span class='ocrx_word' id='word_1_92' title='bbox 924 1377 1086 1454; x_wconf 83' lang='lat' dir='ltr'>negotiatio</span> <span class='ocrx_word' id='word_1_93' title='bbox 1139 1378 1240 1437; x_wconf 89' lang='lat' dir='ltr'>buisse</span> <span class='ocrx_word' id='word_1_94' title='bbox 1267 1377 1412 1457; x_wconf 82' lang='lat' dir='ltr'>figurem,</span> <span class='ocrx_word' id='word_1_95' title='bbox 1442 1376 1525 1437; x_wconf 84' lang='lat' dir='ltr'>vultu</span> <span class='ocrx_word' id='word_1_96' title='bbox 1551 1377 1702 1456; x_wconf 80' lang='lat' dir='ltr'>juvenili,</span> <span class='ocrx_word' id='word_1_97' title='bbox 1735 1399 1790 1459; x_wconf 90' lang='lat' dir='ltr'>qus</span> 
     </span>
     <span class='ocr_line' id='line_1_10' title="bbox 392 1460 1790 1544; baseline 0.001 -20"><span class='ocrx_word' id='word_1_98' title='bbox 392 1466 422 1524; x_wconf 90' lang='lat' dir='ltr'>iu</span> <span class='ocrx_word' id='word_1_99' title='bbox 437 1463 603 1544; x_wconf 86' lang='lat' dir='ltr'>porticibus</span> <span class='ocrx_word' id='word_1_100' title='bbox 617 1461 722 1541; x_wconf 87' lang='lat' dir='ltr'>templi</span> <span class='ocrx_word' id='word_1_101' title='bbox 733 1461 830 1522; x_wconf 83' lang='lat' dir='ltr'>fiebat.</span> <span class='ocrx_word' id='word_1_102' title='bbox 855 1462 958 1522; x_wconf 81' lang='lat' dir='ltr'>Simile</span> <span class='ocrx_word' id='word_1_103' title='bbox 969 1472 999 1524; x_wconf 89' lang='lat' dir='ltr'>et</span> <span class='ocrx_word' id='word_1_104' title='bbox 1010 1461 1086 1522; x_wconf 93' lang='lat' dir='ltr'>illud</span> <span class='ocrx_word' id='word_1_105' title='bbox 1140 1465 1304 1544; x_wconf 89' lang='lat' dir='ltr'>pinguntur</span> <span class='ocrx_word' id='word_1_106' title='bbox 1318 1460 1437 1541; x_wconf 81' lang='lat' dir='ltr'>angeli3</span> <span class='ocrx_word' id='word_1_107' title='bbox 1462 1482 1551 1542; x_wconf 90' lang='lat' dir='ltr'>quem</span> <span class='ocrx_word' id='word_1_108' title='bbox 1567 1464 1717 1544; x_wconf 79' lang='lat' dir='ltr'>pingendi</span> <span class='ocrx_word' id='word_1_109' title='bbox 1732 1485 1790 1527; x_wconf 85' lang='lat' dir='ltr'>mor</span> 
     </span>
     <span class='ocr_line' id='line_1_11' title="bbox 392 1544 1790 1634; baseline 0.003 -24"><span class='ocrx_word' id='word_1_110' title='bbox 392 1552 555 1617; x_wconf 73' lang='lat' dir='ltr'>humeth:</span> <span class='ocrx_word' id='word_1_111' title='bbox 585 1552 629 1611; x_wconf 82' lang='lat' dir='ltr'>Et</span> <span class='ocrx_word' id='word_1_112' title='bbox 644 1549 791 1609; x_wconf 81' lang='lat' dir='ltr'>dicebaut</span> <span class='ocrx_word' id='word_1_113' title='bbox 814 1544 927 1625; x_wconf 86' lang='lat' dir='ltr'>(Moses</span> <span class='ocrx_word' id='word_1_114' title='bbox 947 1559 975 1610; x_wconf 87' lang='lat' dir='ltr'>et</span> <span class='ocrx_word' id='word_1_115' title='bbox 988 1546 1086 1626; x_wconf 81' lang='lat' dir='ltr'>Elius)</span> <span class='ocrx_word' id='word_1_116' title='bbox 1140 1557 1308 1630; x_wconf 80' lang='lat' dir='ltr'>agnoscunt</span> <span class='ocrx_word' id='word_1_117' title='bbox 1323 1551 1413 1610; x_wconf 82' lang='lat' dir='ltr'>etiam</span> <span class='ocrx_word' id='word_1_118' title='bbox 1429 1557 1460 1609; x_wconf 91' lang='lat' dir='ltr'>st</span> <span class='ocrx_word' id='word_1_119' title='bbox 1482 1550 1610 1631; x_wconf 90' lang='lat' dir='ltr'>probant</span> <span class='ocrx_word' id='word_1_120' title='bbox 1624 1549 1738 1612; x_wconf 86' lang='lat' dir='ltr'>Patres</span> <span class='ocrx_word' id='word_1_121' title='bbox 1753 1572 1790 1634; x_wconf 66' lang='lat' dir='ltr'>ss}</span> 
     </span>
     <span class='ocr_line' id='line_1_12' title="bbox 394 1634 1790 1716; baseline 0.001 -16"><span class='ocrx_word' id='word_1_122' title='bbox 394 1656 548 1700; x_wconf 75' lang='lat' dir='ltr'>cucusum</span> <span class='ocrx_word' id='word_1_123' title='bbox 565 1640 651 1711; x_wconf 80' lang='lat' dir='ltr'>ejus,</span> <span class='ocrx_word' id='word_1_124' title='bbox 676 1655 775 1713; x_wconf 70' lang='lat' dir='ltr'>quem,</span> <span class='ocrx_word' id='word_1_125' title='bbox 791 1638 1002 1712; x_wconf 70' lang='lat' dir='ltr'>completurus</span> <span class='ocrx_word' id='word_1_126' title='bbox 1019 1644 1088 1696; x_wconf 86' lang='lat' dir='ltr'>erut</span> <span class='ocrx_word' id='word_1_127' title='bbox 1141 1656 1208 1697; x_wconf 90' lang='lat' dir='ltr'>mae</span> <span class='ocrx_word' id='word_1_128' title='bbox 1224 1637 1356 1716; x_wconf 85' lang='lat' dir='ltr'>Synodi,</span> <span class='ocrx_word' id='word_1_129' title='bbox 1372 1634 1546 1710; x_wconf 72' lang='lat' dir='ltr'>Nicaeum,</span> <span class='ocrx_word' id='word_1_130' title='bbox 1561 1637 1628 1698; x_wconf 78' lang='lat' dir='ltr'>Act.</span> <span class='ocrx_word' id='word_1_131' title='bbox 1645 1639 1676 1698; x_wconf 77' lang='lat'>4.</span> <span class='ocrx_word' id='word_1_132' title='bbox 1712 1638 1790 1702; x_wconf 88' lang='lat' dir='ltr'>Cous</span> 
     </span>
     <span class='ocr_line' id='line_1_13' title="bbox 393 1721 1790 1806; baseline 0 -18"><span class='ocrx_word' id='word_1_133' title='bbox 393 1729 429 1789; x_wconf 82' lang='lat' dir='ltr'>iu</span> <span class='ocrx_word' id='word_1_134' title='bbox 444 1725 645 1797; x_wconf 83' lang='lat' dir='ltr'>Jerusalem,</span> <span class='ocrx_word' id='word_1_135' title='bbox 671 1732 702 1783; x_wconf 89' lang='lat' dir='ltr'>et</span> <span class='ocrx_word' id='word_1_136' title='bbox 716 1742 780 1802; x_wconf 84' lang='lat' dir='ltr'>cup.</span> <span class='ocrx_word' id='word_1_137' title='bbox 802 1728 867 1786; x_wconf 84' lang='lat'>13.:</span> <span class='ocrx_word' id='word_1_138' title='bbox 893 1726 966 1786; x_wconf 83' lang='lat' dir='ltr'>Nou</span> <span class='ocrx_word' id='word_1_139' title='bbox 990 1728 1086 1801; x_wconf 84' lang='lat' dir='ltr'>capit,</span> <span class='ocrx_word' id='word_1_140' title='bbox 1141 1726 1220 1784; x_wconf 87' lang='lat' dir='ltr'>tiunt</span> <span class='ocrx_word' id='word_1_141' title='bbox 1234 1723 1368 1785; x_wconf 78' lang='lat' dir='ltr'>Hebraei</span> <span class='ocrx_word' id='word_1_142' title='bbox 1383 1721 1515 1802; x_wconf 87' lang='lat' dir='ltr'>quidam,</span> <span class='ocrx_word' id='word_1_143' title='bbox 1532 1732 1650 1803; x_wconf 89' lang='lat' dir='ltr'>sumpto</span> <span class='ocrx_word' id='word_1_144' title='bbox 1662 1745 1790 1806; x_wconf 77' lang='lat' dir='ltr'>arguare</span> 
     </span>
     <span class='ocr_line' id='line_1_14' title="bbox 394 1809 1789 1892; baseline 0 -18"><span class='ocrx_word' id='word_1_145' title='bbox 394 1811 1087 1888; x_wconf 60' lang='lat' dir='ltr'>Propbesumpsrbsecsrasemotsmttorn</span> <span class='ocrx_word' id='word_1_146' title='bbox 1142 1830 1180 1871; x_wconf 87' lang='lat' dir='ltr'>es</span> <span class='ocrx_word' id='word_1_147' title='bbox 1211 1820 1312 1892; x_wconf 80' lang='lat' dir='ltr'>etymo</span> <span class='ocrx_word' id='word_1_148' title='bbox 1341 1811 1425 1871; x_wconf 83' lang='lat' dir='ltr'>vecie</span> <span class='ocrx_word' id='word_1_149' title='bbox 1454 1809 1591 1884; x_wconf 90' lang='lat' dir='ltr'>Cherub,</span> <span class='ocrx_word' id='word_1_150' title='bbox 1618 1830 1713 1892; x_wconf 88' lang='lat' dir='ltr'>quam</span> <span class='ocrx_word' id='word_1_151' title='bbox 1740 1811 1789 1874; x_wconf 85' lang='lat' dir='ltr'>dic</span> 
     </span>
     <span class='ocr_line' id='line_1_15' title="bbox 394 1896 1790 1977; baseline 0.001 -18"><span class='ocrx_word' id='word_1_152' title='bbox 394 1897 549 1968; x_wconf 88' lang='lat' dir='ltr'>Christus,</span> <span class='ocrx_word' id='word_1_153' title='bbox 576 1896 614 1958; x_wconf 91' lang='lat' dir='ltr'>de</span> <span class='ocrx_word' id='word_1_154' title='bbox 639 1916 700 1976; x_wconf 89' lang='lat' dir='ltr'>quo</span> <span class='ocrx_word' id='word_1_155' title='bbox 724 1905 881 1977; x_wconf 87' lang='lat' dir='ltr'>utrumque</span> <span class='ocrx_word' id='word_1_156' title='bbox 904 1897 1013 1958; x_wconf 87' lang='lat' dir='ltr'>dictum</span> <span class='ocrx_word' id='word_1_157' title='bbox 1036 1907 1088 1970; x_wconf 85' lang='lat' dir='ltr'>est,</span> <span class='ocrx_word' id='word_1_158' title='bbox 1143 1915 1208 1958; x_wconf 88' lang='lat' dir='ltr'>esse</span> <span class='ocrx_word' id='word_1_159' title='bbox 1223 1900 1435 1977; x_wconf 82' lang='lat' dir='ltr'>compositam,</span> <span class='ocrx_word' id='word_1_160' title='bbox 1452 1903 1484 1956; x_wconf 92' lang='lat' dir='ltr'>et</span> <span class='ocrx_word' id='word_1_161' title='bbox 1498 1916 1624 1958; x_wconf 85' lang='lat' dir='ltr'>sonare:</span> <span class='ocrx_word' id='word_1_162' title='bbox 1646 1901 1730 1960; x_wconf 80' lang='lat' dir='ltr'>aiesst</span> <span class='ocrx_word' id='word_1_163' title='bbox 1744 1918 1790 1977; x_wconf 88' lang='lat' dir='ltr'>pu</span> 
     </span>
     <span class='ocr_line' id='line_1_16' title="bbox 395 1982 1790 2068; baseline 0.001 -23"><span class='ocrx_word' id='word_1_164' title='bbox 395 2004 455 2047; x_wconf 91' lang='lat' dir='ltr'>nou</span> <span class='ocrx_word' id='word_1_165' title='bbox 483 1986 564 2046; x_wconf 84' lang='lat' dir='ltr'>iutra</span> <span class='ocrx_word' id='word_1_166' title='bbox 592 1983 815 2063; x_wconf 85' lang='lat' dir='ltr'>Jerosolymam</span> <span class='ocrx_word' id='word_1_167' title='bbox 843 1983 946 2044; x_wconf 86' lang='lat' dir='ltr'>urbem</span> <span class='ocrx_word' id='word_1_168' title='bbox 973 1988 1089 2046; x_wconf 86' lang='lat' dir='ltr'>occisus</span> <span class='ocrx_word' id='word_1_169' title='bbox 1143 1987 1282 2063; x_wconf 86' lang='lat' dir='ltr'>quumvis</span> <span class='ocrx_word' id='word_1_170' title='bbox 1305 1985 1371 2045; x_wconf 85' lang='lat' dir='ltr'>aliis</span> <span class='ocrx_word' id='word_1_171' title='bbox 1396 1982 1566 2064; x_wconf 86' lang='lat' dir='ltr'>plerisque,</span> <span class='ocrx_word' id='word_1_172' title='bbox 1591 1991 1672 2045; x_wconf 90' lang='lat' dir='ltr'>teste</span> <span class='ocrx_word' id='word_1_173' title='bbox 1693 1987 1790 2068; x_wconf 66' lang='lat' dir='ltr'>Dion)</span> 
     </span>
     <span class='ocr_line' id='line_1_17' title="bbox 395 2068 1790 2151; baseline 0 -18"><span class='ocrx_word' id='word_1_174' title='bbox 395 2082 453 2145; x_wconf 85' lang='lat' dir='ltr'>est,</span> <span class='ocrx_word' id='word_1_175' title='bbox 480 2070 533 2132; x_wconf 91' lang='lat' dir='ltr'>sed</span> <span class='ocrx_word' id='word_1_176' title='bbox 555 2089 648 2151; x_wconf 83' lang='lat' dir='ltr'>prope</span> <span class='ocrx_word' id='word_1_177' title='bbox 667 2090 732 2130; x_wconf 84' lang='lat' dir='ltr'>esm</span> <span class='ocrx_word' id='word_1_178' title='bbox 753 2071 786 2131; x_wconf 89' lang='lat' dir='ltr'>in</span> <span class='ocrx_word' id='word_1_179' title='bbox 807 2083 907 2131; x_wconf 87' lang='lat' dir='ltr'>moute</span> <span class='ocrx_word' id='word_1_180' title='bbox 922 2071 1089 2133; x_wconf 74' lang='lat' dir='ltr'>calvariae.</span> <span class='ocrx_word' id='word_1_181' title='bbox 1143 2071 1195 2132; x_wconf 87' lang='lat' dir='ltr'>lib.</span> <span class='ocrx_word' id='word_1_182' title='bbox 1226 2072 1366 2133; x_wconf 89' lang='lat' dir='ltr'>coelestis</span> <span class='ocrx_word' id='word_1_183' title='bbox 1396 2068 1539 2131; x_wconf 73' lang='lat' dir='ltr'>hierarch.</span> <span class='ocrx_word' id='word_1_184' title='bbox 1570 2091 1635 2150; x_wconf 89' lang='lat' dir='ltr'>cap.</span> <span class='ocrx_word' id='word_1_185' title='bbox 1668 2075 1714 2146; x_wconf 79' lang='grc'><strong>7.,</strong></span> <span class='ocrx_word' id='word_1_186' title='bbox 1748 2092 1790 2133; x_wconf 85' lang='lat' dir='ltr'>ma</span> 
     </span>
     <span class='ocr_line' id='line_1_18' title="bbox 396 2158 1790 2240; baseline 0.002 -22"><span class='ocrx_word' id='word_1_187' title='bbox 396 2159 487 2240; x_wconf 81' lang='lat' dir='ltr'>Quod</span> <span class='ocrx_word' id='word_1_188' title='bbox 509 2159 583 2220; x_wconf 84' lang='lat' dir='ltr'>satis</span> <span class='ocrx_word' id='word_1_189' title='bbox 607 2166 687 2229; x_wconf 88' lang='lat' dir='ltr'>erat,</span> <span class='ocrx_word' id='word_1_190' title='bbox 713 2168 747 2217; x_wconf 87' lang='lat' dir='ltr'>ut</span> <span class='ocrx_word' id='word_1_191' title='bbox 767 2177 924 2219; x_wconf 72' lang='lat' dir='ltr'>excessum</span> <span class='ocrx_word' id='word_1_192' title='bbox 946 2178 1032 2220; x_wconf 90' lang='lat' dir='ltr'>suum</span> <span class='ocrx_word' id='word_1_193' title='bbox 1054 2161 1090 2219; x_wconf 84' lang='lat' dir='ltr'>iu</span> <span class='ocrx_word' id='word_1_194' title='bbox 1143 2158 1276 2238; x_wconf 82' lang='lat' dir='ltr'>placeat,</span> <span class='ocrx_word' id='word_1_195' title='bbox 1300 2179 1337 2221; x_wconf 83' lang='lat' dir='ltr'>aa</span> <span class='ocrx_word' id='word_1_196' title='bbox 1352 2178 1429 2218; x_wconf 82' lang='lat' dir='ltr'>voce</span> <span class='ocrx_word' id='word_1_197' title='bbox 1443 2158 1604 2236; x_wconf 81' lang='lat' dir='ltr'>significari</span> <span class='ocrx_word' id='word_1_198' title='bbox 1619 2158 1790 2221; x_wconf 87' lang='lat' dir='ltr'>multitudis</span> 
     </span>
     <span class='ocr_line' id='line_1_19' title="bbox 394 2238 1790 2329; baseline -0.002 -19"><span class='ocrx_word' id='word_1_199' title='bbox 394 2246 577 2310; x_wconf 84' lang='lat' dir='ltr'>Jerusalem</span> <span class='ocrx_word' id='word_1_200' title='bbox 603 2245 823 2325; x_wconf 70' lang='lat' dir='ltr'>completurus,</span> <span class='ocrx_word' id='word_1_201' title='bbox 850 2253 881 2307; x_wconf 91' lang='lat' dir='ltr'>et</span> <span class='ocrx_word' id='word_1_202' title='bbox 904 2265 972 2307; x_wconf 77' lang='lat' dir='ltr'>reuss</span> <span class='ocrx_word' id='word_1_203' title='bbox 998 2253 1089 2308; x_wconf 79' lang='lat' dir='ltr'>extra</span> <span class='ocrx_word' id='word_1_204' title='bbox 1143 2247 1298 2308; x_wconf 85' lang='lat' dir='ltr'>scientiae.</span> <span class='ocrx_word' id='word_1_205' title='bbox 1323 2245 1414 2326; x_wconf 81' lang='lat' dir='ltr'>Quod</span> <span class='ocrx_word' id='word_1_206' title='bbox 1430 2238 1790 2329; x_wconf 62' lang='lat' dir='ltr'>stB.Hieronymusse&#39;p</span> 
     </span>
     <span class='ocr_line' id='line_1_20' title="bbox 395 2330 1790 2414; baseline 0 -18"><span class='ocrx_word' id='word_1_207' title='bbox 395 2332 576 2397; x_wconf 76' lang='lat' dir='ltr'>Jesuuslem</span> <span class='ocrx_word' id='word_1_208' title='bbox 592 2335 743 2413; x_wconf 85' lang='lat' dir='ltr'>periturus</span> <span class='ocrx_word' id='word_1_209' title='bbox 758 2330 918 2394; x_wconf 85' lang='lat' dir='ltr'>diceretur.</span> <span class='ocrx_word' id='word_1_210' title='bbox 952 2332 1020 2393; x_wconf 88' lang='lat' dir='ltr'>Hoc</span> <span class='ocrx_word' id='word_1_211' title='bbox 1035 2334 1089 2414; x_wconf 77' lang='lat' dir='ltr'>igi·</span> <span class='ocrx_word' id='word_1_212' title='bbox 1143 2334 1236 2394; x_wconf 89' lang='lat' dir='ltr'>turin</span> <span class='ocrx_word' id='word_1_213' title='bbox 1251 2341 1406 2394; x_wconf 86' lang='lat' dir='ltr'>comment</span> <span class='ocrx_word' id='word_1_214' title='bbox 1421 2331 1519 2393; x_wconf 85' lang='lat' dir='ltr'>Jessi.</span> <span class='ocrx_word' id='word_1_215' title='bbox 1536 2335 1564 2394; x_wconf 87' lang='grc'><strong>6.</strong></span> <span class='ocrx_word' id='word_1_216' title='bbox 1581 2341 1612 2393; x_wconf 92' lang='lat' dir='ltr'>et</span> <span class='ocrx_word' id='word_1_217' title='bbox 1626 2333 1740 2395; x_wconf 72' lang='lat' dir='ltr'>Esuris</span> <span class='ocrx_word' id='word_1_218' title='bbox 1757 2334 1790 2396; x_wconf 80' lang='lat' dir='ltr'>1t</span> 
     </span>
     <span class='ocr_line' id='line_1_21' title="bbox 395 2418 1790 2499; baseline 0.001 -17"><span class='ocrx_word' id='word_1_219' title='bbox 395 2431 445 2482; x_wconf 88' lang='lat' dir='ltr'>tur</span> <span class='ocrx_word' id='word_1_220' title='bbox 473 2440 563 2482; x_wconf 89' lang='lat' dir='ltr'>sensu</span> <span class='ocrx_word' id='word_1_221' title='bbox 593 2427 679 2499; x_wconf 85' lang='lat' dir='ltr'>putat</span> <span class='ocrx_word' id='word_1_222' title='bbox 708 2425 812 2482; x_wconf 86' lang='lat' dir='ltr'>suetos</span> <span class='ocrx_word' id='word_1_223' title='bbox 848 2420 901 2481; x_wconf 87' lang='lat' dir='ltr'>ills</span> <span class='ocrx_word' id='word_1_224' title='bbox 929 2420 1042 2482; x_wconf 89' lang='lat' dir='ltr'>dietum</span> <span class='ocrx_word' id='word_1_225' title='bbox 1072 2440 1092 2479; x_wconf 84' lang='lat' dir='ltr'>a</span> <span class='ocrx_word' id='word_1_226' title='bbox 1186 2419 1284 2481; x_wconf 86' lang='lat' dir='ltr'>Favet</span> <span class='ocrx_word' id='word_1_227' title='bbox 1304 2418 1401 2480; x_wconf 85' lang='lat' dir='ltr'>eidem</span> <span class='ocrx_word' id='word_1_228' title='bbox 1424 2419 1557 2499; x_wconf 88' lang='lat' dir='ltr'>opinioni</span> <span class='ocrx_word' id='word_1_229' title='bbox 1578 2418 1699 2498; x_wconf 85' lang='lat' dir='ltr'>plurale</span> <span class='ocrx_word' id='word_1_230' title='bbox 1721 2421 1790 2484; x_wconf 77' lang='lat' dir='ltr'>ose</span> 
     </span>
     <span class='ocr_line' id='line_1_22' title="bbox 396 2504 1779 2586; baseline -0.001 -15"><span class='ocrx_word' id='word_1_231' title='bbox 396 2507 506 2571; x_wconf 82' lang='lat' dir='ltr'>Paulo:</span> <span class='ocrx_word' id='word_1_232' title='bbox 521 2509 558 2568; x_wconf 82' lang='lat' dir='ltr'>ira</span> <span class='ocrx_word' id='word_1_233' title='bbox 574 2525 651 2567; x_wconf 84' lang='lat' dir='ltr'>urea</span> <span class='ocrx_word' id='word_1_234' title='bbox 663 2506 762 2584; x_wconf 75' lang='lat' dir='ltr'>fuisse</span> <span class='ocrx_word' id='word_1_235' title='bbox 776 2508 852 2569; x_wconf 87' lang='lat' dir='ltr'>buec</span> <span class='ocrx_word' id='word_1_236' title='bbox 866 2511 943 2582; x_wconf 81' lang='lat' dir='ltr'>trie,</span> <span class='ocrx_word' id='word_1_237' title='bbox 957 2526 1087 2582; x_wconf 79' lang='lat' dir='ltr'>urnam,</span> <span class='ocrx_word' id='word_1_238' title='bbox 1145 2506 1207 2566; x_wconf 89' lang='lat' dir='ltr'>bim</span> <span class='ocrx_word' id='word_1_239' title='bbox 1223 2506 1383 2567; x_wconf 79' lang='lat' dir='ltr'>masculini</span> <span class='ocrx_word' id='word_1_240' title='bbox 1401 2506 1537 2586; x_wconf 77' lang='lat' dir='ltr'>generis,</span> <span class='ocrx_word' id='word_1_241' title='bbox 1563 2504 1644 2584; x_wconf 85' lang='lat' dir='ltr'>quod</span> <span class='ocrx_word' id='word_1_242' title='bbox 1669 2507 1779 2569; x_wconf 85' lang='lat' dir='ltr'>eodem</span> 
     </span>
     <span class='ocr_line' id='line_1_23' title="bbox 398 2590 1789 2674; baseline -0.001 -16"><span class='ocrx_word' id='word_1_243' title='bbox 398 2597 520 2672; x_wconf 70' lang='lat' dir='ltr'>circum</span> <span class='ocrx_word' id='word_1_244' title='bbox 544 2602 574 2655; x_wconf 85' lang='lat' dir='ltr'>et</span> <span class='ocrx_word' id='word_1_245' title='bbox 595 2592 723 2654; x_wconf 83' lang='lat' dir='ltr'>tubulus</span> <span class='ocrx_word' id='word_1_246' title='bbox 749 2597 928 2656; x_wconf 79' lang='lat' dir='ltr'>testamenti</span> <span class='ocrx_word' id='word_1_247' title='bbox 933 2617 945 2670; x_wconf 88' lang='lat'>,·</span> <span class='ocrx_word' id='word_1_248' title='bbox 971 2593 1091 2655; x_wconf 84' lang='lat' dir='ltr'>tabulas</span> <span class='ocrx_word' id='word_1_249' title='bbox 1144 2612 1214 2655; x_wconf 87' lang='lat' dir='ltr'>uere</span> <span class='ocrx_word' id='word_1_250' title='bbox 1228 2602 1350 2655; x_wconf 75' lang='lat' dir='ltr'>vertum</span> <span class='ocrx_word' id='word_1_251' title='bbox 1369 2612 1409 2655; x_wconf 86' lang='lat' dir='ltr'>es</span> <span class='ocrx_word' id='word_1_252' title='bbox 1423 2590 1563 2653; x_wconf 81' lang='lat' dir='ltr'>Hebraeo</span> <span class='ocrx_word' id='word_1_253' title='bbox 1578 2592 1789 2674; x_wconf 81' lang='lat' dir='ltr'>Hieronymus</span> 
     </span>
     <span class='ocr_line' id='line_1_24' title="bbox 397 2669 1790 2763; baseline 0.002 -21"><span class='ocrx_word' id='word_1_254' title='bbox 397 2681 533 2763; x_wconf 87' lang='lat' dir='ltr'>quidem,</span> <span class='ocrx_word' id='word_1_255' title='bbox 556 2690 589 2742; x_wconf 91' lang='lat' dir='ltr'>ut</span> <span class='ocrx_word' id='word_1_256' title='bbox 603 2680 681 2742; x_wconf 82' lang='lat' dir='ltr'>iutra</span> <span class='ocrx_word' id='word_1_257' title='bbox 704 2699 804 2741; x_wconf 86' lang='lat' dir='ltr'>arcam</span> <span class='ocrx_word' id='word_1_258' title='bbox 820 2682 966 2758; x_wconf 72' lang='lat' dir='ltr'>inclusas,</span> <span class='ocrx_word' id='word_1_259' title='bbox 987 2700 1092 2742; x_wconf 85' lang='lat' dir='ltr'>urnam</span> <span class='ocrx_word' id='word_1_260' title='bbox 1144 2682 1255 2741; x_wconf 88' lang='lat' dir='ltr'>caeteri</span> <span class='ocrx_word' id='word_1_261' title='bbox 1272 2681 1375 2742; x_wconf 90' lang='lat' dir='ltr'>Lstiui</span> <span class='ocrx_word' id='word_1_262' title='bbox 1389 2669 1584 2759; x_wconf 68' lang='lat' dir='ltr'>interpretes,</span> <span class='ocrx_word' id='word_1_263' title='bbox 1607 2684 1729 2742; x_wconf 79' lang='lat' dir='ltr'>temetsi</span> <span class='ocrx_word' id='word_1_264' title='bbox 1743 2681 1790 2745; x_wconf 64' lang='lat' dir='ltr'>L!</span> 
     </span>
     <span class='ocr_line' id='line_1_25' title="bbox 397 2766 1789 2850; baseline 0.001 -21"><span class='ocrx_word' id='word_1_265' title='bbox 397 2789 468 2829; x_wconf 87' lang='lat' dir='ltr'>vero</span> <span class='ocrx_word' id='word_1_266' title='bbox 483 2777 512 2829; x_wconf 88' lang='lat' dir='ltr'>et</span> <span class='ocrx_word' id='word_1_267' title='bbox 533 2768 666 2845; x_wconf 72' lang='lat' dir='ltr'>virgam,</span> <span class='ocrx_word' id='word_1_268' title='bbox 689 2774 722 2827; x_wconf 89' lang='lat' dir='ltr'>ut</span> <span class='ocrx_word' id='word_1_269' title='bbox 739 2767 831 2845; x_wconf 85' lang='lat' dir='ltr'>juxte</span> <span class='ocrx_word' id='word_1_270' title='bbox 854 2769 983 2846; x_wconf 82' lang='lat' dir='ltr'>positas,</span> <span class='ocrx_word' id='word_1_271' title='bbox 1010 2767 1091 2848; x_wconf 91' lang='lat' dir='ltr'>quod</span> <span class='ocrx_word' id='word_1_272' title='bbox 1144 2766 1278 2828; x_wconf 82' lang='lat' dir='ltr'>tribuant</span> <span class='ocrx_word' id='word_1_273' title='bbox 1289 2769 1333 2828; x_wconf 92' lang='lat' dir='ltr'>sis</span> <span class='ocrx_word' id='word_1_274' title='bbox 1344 2766 1600 2846; x_wconf 82' lang='lat' dir='ltr'>adjectivaneutsi</span> <span class='ocrx_word' id='word_1_275' title='bbox 1611 2767 1789 2850; x_wconf 76' lang='lat' dir='ltr'>generisQ</span> 
     </span>
     <span class='ocr_line' id='line_1_26' title="bbox 398 2852 1790 2935; baseline -0.002 -15"><span class='ocrx_word' id='word_1_276' title='bbox 398 2855 472 2920; x_wconf 89' lang='lat' dir='ltr'>alibi</span> <span class='ocrx_word' id='word_1_277' title='bbox 495 2855 619 2920; x_wconf 82' lang='lat' dir='ltr'>dicitur:</span> <span class='ocrx_word' id='word_1_278' title='bbox 639 2856 676 2915; x_wconf 84' lang='lat' dir='ltr'>iu</span> <span class='ocrx_word' id='word_1_279' title='bbox 696 2853 797 2915; x_wconf 85' lang='lat' dir='ltr'>lutere</span> <span class='ocrx_word' id='word_1_280' title='bbox 818 2873 929 2931; x_wconf 84' lang='lat' dir='ltr'>arcus,</span> <span class='ocrx_word' id='word_1_281' title='bbox 952 2865 986 2917; x_wconf 91' lang='lat' dir='ltr'>ut</span> <span class='ocrx_word' id='word_1_282' title='bbox 999 2855 1092 2915; x_wconf 88' lang='lat' dir='ltr'>Deut.</span> <span class='ocrx_word' id='word_1_283' title='bbox 1147 2863 1177 2914; x_wconf 89' lang='lat' dir='ltr'>et</span> <span class='ocrx_word' id='word_1_284' title='bbox 1193 2854 1358 2935; x_wconf 82' lang='lat' dir='ltr'>Apostolus</span> <span class='ocrx_word' id='word_1_285' title='bbox 1372 2856 1505 2915; x_wconf 84' lang='lat' dir='ltr'>imitatus</span> <span class='ocrx_word' id='word_1_286' title='bbox 1518 2853 1632 2927; x_wconf 82' lang='lat' dir='ltr'>esthon</span> <span class='ocrx_word' id='word_1_287' title='bbox 1647 2852 1724 2929; x_wconf 85' lang='lat' dir='ltr'>luco,</span> <span class='ocrx_word' id='word_1_288' title='bbox 1742 2854 1790 2917; x_wconf 85' lang='lat' dir='ltr'>dis</span> 
     </span>
     <span class='ocr_line' id='line_1_27' title="bbox 398 2936 1790 3021; baseline 0 -15"><span class='ocrx_word' id='word_1_289' title='bbox 398 2946 462 3013; x_wconf 67' lang='lat'>31„</span> <span class='ocrx_word' id='word_1_290' title='bbox 487 2942 540 3003; x_wconf 90' lang='lat' dir='ltr'>ubi</span> <span class='ocrx_word' id='word_1_291' title='bbox 554 2941 657 3003; x_wconf 81' lang='lat' dir='ltr'>Moses</span> <span class='ocrx_word' id='word_1_292' title='bbox 680 2943 827 3021; x_wconf 81' lang='lat' dir='ltr'>praecipit</span> <span class='ocrx_word' id='word_1_293' title='bbox 845 2943 975 3015; x_wconf 85' lang='lat' dir='ltr'>Levitis,</span> <span class='ocrx_word' id='word_1_294' title='bbox 1000 2949 1036 3004; x_wconf 89' lang='lat' dir='ltr'>ut</span> <span class='ocrx_word' id='word_1_295' title='bbox 1051 2943 1092 3001; x_wconf 79' lang='lat' dir='ltr'>li·</span> <span class='ocrx_word' id='word_1_296' title='bbox 1146 2936 1399 3018; x_wconf 76' lang='grc' dir='ltr'><strong>κατασκιάζοντα,</strong></span> <span class='ocrx_word' id='word_1_297' title='bbox 1416 2940 1449 3003; x_wconf 90' lang='lat' dir='ltr'>id</span> <span class='ocrx_word' id='word_1_298' title='bbox 1464 2950 1512 3002; x_wconf 87' lang='lat' dir='ltr'>est</span> <span class='ocrx_word' id='word_1_299' title='bbox 1528 2941 1768 3018; x_wconf 78' lang='lat' dir='ltr'>obumbrantia,</span> <span class='ocrx_word' id='word_1_300' title='bbox 1783 2964 1790 3006; x_wconf 82' lang='grc' dir='ltr'>ι</span> 
     </span>
     <span class='ocr_line' id='line_1_28' title="bbox 398 3028 1790 3110; baseline -0.001 -16"><span class='ocrx_word' id='word_1_301' title='bbox 398 3034 489 3094; x_wconf 61' lang='lat' dir='ltr'>bum</span> <span class='ocrx_word' id='word_1_302' title='bbox 514 3032 755 3091; x_wconf 77' lang='lat' dir='ltr'>Deuteronomii</span> <span class='ocrx_word' id='word_1_303' title='bbox 778 3038 906 3105; x_wconf 79' lang='lat' dir='ltr'>portant</span> <span class='ocrx_word' id='word_1_304' title='bbox 930 3034 966 3091; x_wconf 82' lang='lat' dir='ltr'>iu</span> <span class='ocrx_word' id='word_1_305' title='bbox 992 3031 1092 3091; x_wconf 81' lang='lat' dir='ltr'>lutere</span> <span class='ocrx_word' id='word_1_306' title='bbox 1147 3028 1376 3091; x_wconf 79' lang='lat' dir='ltr'>obumbrantes.</span> <span class='ocrx_word' id='word_1_307' title='bbox 1410 3030 1451 3090; x_wconf 83' lang='lat' dir='ltr'>At</span> <span class='ocrx_word' id='word_1_308' title='bbox 1472 3048 1543 3088; x_wconf 84' lang='lat' dir='ltr'>vero</span> <span class='ocrx_word' id='word_1_309' title='bbox 1565 3028 1722 3110; x_wconf 85' lang='lat' dir='ltr'>Josephus</span> <span class='ocrx_word' id='word_1_310' title='bbox 1744 3030 1790 3092; x_wconf 89' lang='lat' dir='ltr'>lib</span> 
     </span>
     <span class='ocr_line' id='line_1_29' title="bbox 397 3113 1790 3198; baseline -0.002 -16"><span class='ocrx_word' id='word_1_311' title='bbox 397 3137 493 3182; x_wconf 82' lang='lat' dir='ltr'>ureae</span> <span class='ocrx_word' id='word_1_312' title='bbox 505 3116 658 3195; x_wconf 77' lang='lat' dir='ltr'>foederis,</span> <span class='ocrx_word' id='word_1_313' title='bbox 682 3116 775 3178; x_wconf 91' lang='lat' dir='ltr'>idest</span> <span class='ocrx_word' id='word_1_314' title='bbox 796 3116 867 3179; x_wconf 83' lang='lat' dir='ltr'>ioris</span> <span class='ocrx_word' id='word_1_315' title='bbox 878 3117 970 3197; x_wconf 86' lang='lat' dir='ltr'>juxta</span> <span class='ocrx_word' id='word_1_316' title='bbox 984 3138 1092 3191; x_wconf 86' lang='lat' dir='ltr'>arcam,</span> <span class='ocrx_word' id='word_1_317' title='bbox 1146 3119 1238 3196; x_wconf 85' lang='lat' dir='ltr'>antiq.</span> <span class='ocrx_word' id='word_1_318' title='bbox 1254 3116 1327 3179; x_wconf 88' lang='lat' dir='ltr'>Jud.</span> <span class='ocrx_word' id='word_1_319' title='bbox 1344 3137 1408 3198; x_wconf 84' lang='lat' dir='ltr'>cup.</span> <span class='ocrx_word' id='word_1_320' title='bbox 1424 3118 1452 3175; x_wconf 89' lang='lat'>8.</span> <span class='ocrx_word' id='word_1_321' title='bbox 1469 3113 1508 3176; x_wconf 88' lang='lat' dir='ltr'>ds</span> <span class='ocrx_word' id='word_1_322' title='bbox 1522 3116 1618 3195; x_wconf 79' lang='lat' dir='ltr'>ligura</span> <span class='ocrx_word' id='word_1_323' title='bbox 1633 3116 1790 3179; x_wconf 80' lang='lat' dir='ltr'>remissit</span> 
     </span>
     <span class='ocr_line' id='line_1_30' title="bbox 399 3200 1790 3285; baseline -0.001 -17"><span class='ocrx_word' id='word_1_324' title='bbox 399 3225 459 3269; x_wconf 89' lang='lat' dir='ltr'>nun</span> <span class='ocrx_word' id='word_1_325' title='bbox 473 3207 570 3276; x_wconf 91' lang='lat' dir='ltr'>intus,</span> <span class='ocrx_word' id='word_1_326' title='bbox 585 3210 619 3265; x_wconf 89' lang='lat' dir='ltr'>ut</span> <span class='ocrx_word' id='word_1_327' title='bbox 631 3203 712 3264; x_wconf 87' lang='lat' dir='ltr'>mals</span> <span class='ocrx_word' id='word_1_328' title='bbox 725 3202 846 3285; x_wconf 82' lang='lat' dir='ltr'>quidam</span> <span class='ocrx_word' id='word_1_329' title='bbox 862 3206 1042 3268; x_wconf 83' lang='lat' dir='ltr'>existimant</span> <span class='ocrx_word' id='word_1_330' title='bbox 1147 3213 1265 3264; x_wconf 89' lang='lat' dir='ltr'>certam.</span> <span class='ocrx_word' id='word_1_331' title='bbox 1289 3204 1371 3265; x_wconf 84' lang='lat' dir='ltr'>Dicit</span> <span class='ocrx_word' id='word_1_332' title='bbox 1387 3205 1480 3277; x_wconf 90' lang='lat' dir='ltr'>enim,</span> <span class='ocrx_word' id='word_1_333' title='bbox 1496 3200 1655 3264; x_wconf 81' lang='lat' dir='ltr'>Cherubim</span> <span class='ocrx_word' id='word_1_334' title='bbox 1671 3203 1790 3266; x_wconf 78' lang='lat' dir='ltr'>fuisset</span> 
     </span>
     <span class='ocr_line' id='line_1_31' title="bbox 441 3290 1790 3373; baseline -0.002 -19"><span class='ocrx_word' id='word_1_335' title='bbox 441 3292 598 3370; x_wconf 80' lang='lat' dir='ltr'>Expositis</span> <span class='ocrx_word' id='word_1_336' title='bbox 625 3299 705 3353; x_wconf 88' lang='lat' dir='ltr'>certe</span> <span class='ocrx_word' id='word_1_337' title='bbox 728 3291 907 3370; x_wconf 85' lang='lat' dir='ltr'>probabilis,</span> <span class='ocrx_word' id='word_1_338' title='bbox 933 3312 1012 3371; x_wconf 87' lang='lat' dir='ltr'>quse</span> <span class='ocrx_word' id='word_1_339' title='bbox 1039 3312 1094 3353; x_wconf 89' lang='lat' dir='ltr'>neo</span> <span class='ocrx_word' id='word_1_340' title='bbox 1147 3291 1240 3351; x_wconf 82' lang='lat' dir='ltr'>malis</span> <span class='ocrx_word' id='word_1_341' title='bbox 1254 3290 1394 3364; x_wconf 81' lang='lat' dir='ltr'>volucris,</span> <span class='ocrx_word' id='word_1_342' title='bbox 1408 3310 1490 3350; x_wconf 88' lang='lat' dir='ltr'>nova</span> <span class='ocrx_word' id='word_1_343' title='bbox 1505 3292 1615 3370; x_wconf 80' lang='lat' dir='ltr'>specie,</span> <span class='ocrx_word' id='word_1_344' title='bbox 1629 3308 1688 3351; x_wconf 91' lang='lat' dir='ltr'>nec</span> <span class='ocrx_word' id='word_1_345' title='bbox 1703 3307 1790 3373; x_wconf 79' lang='lat' dir='ltr'>umqs</span> 
     </span>
     <span class='ocr_line' id='line_1_32' title="bbox 397 3376 1790 3460; baseline -0.002 -17"><span class='ocrx_word' id='word_1_346' title='bbox 397 3380 563 3443; x_wconf 82' lang='lat' dir='ltr'>Franciseo</span> <span class='ocrx_word' id='word_1_347' title='bbox 575 3378 705 3441; x_wconf 81' lang='lat' dir='ltr'>Biberae</span> <span class='ocrx_word' id='word_1_348' title='bbox 717 3377 866 3460; x_wconf 81' lang='lat' dir='ltr'>displicet,</span> <span class='ocrx_word' id='word_1_349' title='bbox 881 3388 912 3441; x_wconf 88' lang='lat' dir='ltr'>et</span> <span class='ocrx_word' id='word_1_350' title='bbox 921 3379 1008 3441; x_wconf 86' lang='lat' dir='ltr'>nobis</span> <span class='ocrx_word' id='word_1_351' title='bbox 1020 3398 1094 3460; x_wconf 86' lang='lat' dir='ltr'>prae</span> <span class='ocrx_word' id='word_1_352' title='bbox 1147 3379 1285 3456; x_wconf 84' lang='lat' dir='ltr'>cuiquam</span> <span class='ocrx_word' id='word_1_353' title='bbox 1307 3378 1460 3437; x_wconf 90' lang='lat' dir='ltr'>hominum</span> <span class='ocrx_word' id='word_1_354' title='bbox 1482 3376 1563 3448; x_wconf 84' lang='lat' dir='ltr'>viss,</span> <span class='ocrx_word' id='word_1_355' title='bbox 1589 3396 1667 3457; x_wconf 88' lang='lat' dir='ltr'>quae</span> <span class='ocrx_word' id='word_1_356' title='bbox 1689 3379 1790 3441; x_wconf 74' lang='lat' dir='ltr'>Moses</span> 
     </span>
     <span class='ocr_line' id='line_1_33' title="bbox 400 3464 1781 3547; baseline -0.002 -16"><span class='ocrx_word' id='word_1_357' title='bbox 400 3469 524 3531; x_wconf 86' lang='lat' dir='ltr'>caeteris</span> <span class='ocrx_word' id='word_1_358' title='bbox 539 3464 660 3528; x_wconf 87' lang='lat' dir='ltr'>arridet.</span> <span class='ocrx_word' id='word_1_359' title='bbox 683 3465 761 3527; x_wconf 84' lang='lat' dir='ltr'>Nam</span> <span class='ocrx_word' id='word_1_360' title='bbox 774 3476 806 3527; x_wconf 86' lang='lat' dir='ltr'>et</span> <span class='ocrx_word' id='word_1_361' title='bbox 820 3487 890 3547; x_wconf 84' lang='lat' dir='ltr'>pars</span> <span class='ocrx_word' id='word_1_362' title='bbox 904 3465 958 3528; x_wconf 88' lang='lat' dir='ltr'>ills</span> <span class='ocrx_word' id='word_1_363' title='bbox 973 3486 1092 3545; x_wconf 87' lang='lat' dir='ltr'>praece·</span> <span class='ocrx_word' id='word_1_364' title='bbox 1146 3465 1207 3526; x_wconf 92' lang='lat' dir='ltr'>Dei</span> <span class='ocrx_word' id='word_1_365' title='bbox 1222 3465 1300 3526; x_wconf 88' lang='lat' dir='ltr'>solio</span> <span class='ocrx_word' id='word_1_366' title='bbox 1315 3464 1432 3525; x_wconf 86' lang='lat' dir='ltr'>videret</span> <span class='ocrx_word' id='word_1_367' title='bbox 1444 3465 1581 3543; x_wconf 62' lang='lat' dir='ltr'>figurate</span> <span class='ocrx_word' id='word_1_368' title='bbox 1602 3466 1648 3527; x_wconf 81' lang='lat' dir='ltr'>Ac</span> <span class='ocrx_word' id='word_1_369' title='bbox 1659 3485 1781 3528; x_wconf 76' lang='lat' dir='ltr'>rursum</span> 
     </span>
     <span class='ocr_line' id='line_1_34' title="bbox 398 3550 1790 3633; baseline -0.001 -15"><span class='ocrx_word' id='word_1_370' title='bbox 398 3557 484 3618; x_wconf 88' lang='lat' dir='ltr'>dens:</span> <span class='ocrx_word' id='word_1_371' title='bbox 500 3574 635 3617; x_wconf 82' lang='lat' dir='ltr'>curcum</span> <span class='ocrx_word' id='word_1_372' title='bbox 651 3554 769 3616; x_wconf 78' lang='lat' dir='ltr'>babens</span> <span class='ocrx_word' id='word_1_373' title='bbox 783 3555 990 3629; x_wconf 85' lang='lat' dir='ltr'>tburibulum,</span> <span class='ocrx_word' id='word_1_374' title='bbox 1006 3563 1094 3633; x_wconf 88' lang='lat' dir='ltr'>prout</span> <span class='ocrx_word' id='word_1_375' title='bbox 1148 3555 1176 3614; x_wconf 86' lang='grc'><strong>8.</strong></span> <span class='ocrx_word' id='word_1_376' title='bbox 1185 3571 1252 3631; x_wconf 86' lang='lat' dir='ltr'>cap.</span> <span class='ocrx_word' id='word_1_377' title='bbox 1262 3552 1301 3624; x_wconf 81' lang='grc'><strong>3.,</strong></span> <span class='ocrx_word' id='word_1_378' title='bbox 1315 3552 1367 3613; x_wconf 92' lang='lat' dir='ltr'>ubi</span> <span class='ocrx_word' id='word_1_379' title='bbox 1375 3550 1414 3611; x_wconf 89' lang='lat' dir='ltr'>de</span> <span class='ocrx_word' id='word_1_380' title='bbox 1422 3559 1575 3614; x_wconf 85' lang='lat' dir='ltr'>structura</span> <span class='ocrx_word' id='word_1_381' title='bbox 1584 3552 1790 3620; x_wconf 74' lang='lat' dir='ltr'>sanctuariiflt</span> 
     </span>
     <span class='ocr_line' id='line_1_35' title="bbox 398 3638 1790 3722; baseline -0.004 -18"><span class='ocrx_word' id='word_1_382' title='bbox 398 3665 418 3704; x_wconf 87' lang='lat' dir='ltr'>a</span> <span class='ocrx_word' id='word_1_383' title='bbox 431 3643 518 3704; x_wconf 89' lang='lat' dir='ltr'>nobis</span> <span class='ocrx_word' id='word_1_384' title='bbox 533 3642 669 3722; x_wconf 75' lang='lat' dir='ltr'>exposita</span> <span class='ocrx_word' id='word_1_385' title='bbox 683 3650 743 3713; x_wconf 88' lang='lat' dir='ltr'>est,</span> <span class='ocrx_word' id='word_1_386' title='bbox 768 3643 849 3702; x_wconf 88' lang='lat' dir='ltr'>hunc</span> <span class='ocrx_word' id='word_1_387' title='bbox 870 3640 995 3721; x_wconf 85' lang='lat' dir='ltr'>adjuvet</span> <span class='ocrx_word' id='word_1_388' title='bbox 1008 3641 1093 3702; x_wconf 91' lang='lat' dir='ltr'>intel·</span> <span class='ocrx_word' id='word_1_389' title='bbox 1147 3640 1255 3699; x_wconf 88' lang='lat' dir='ltr'>monici</span> <span class='ocrx_word' id='word_1_390' title='bbox 1270 3639 1403 3711; x_wconf 77' lang='lat' dir='ltr'>dureris,</span> <span class='ocrx_word' id='word_1_391' title='bbox 1430 3638 1571 3709; x_wconf 83' lang='lat' dir='ltr'>affirmat,</span> <span class='ocrx_word' id='word_1_392' title='bbox 1593 3641 1743 3703; x_wconf 89' lang='lat' dir='ltr'>nemiuem</span> <span class='ocrx_word' id='word_1_393' title='bbox 1752 3664 1790 3719; x_wconf 14' lang='lat' dir='ltr'>,pr</span> 
     </span>
     <span class='ocr_line' id='line_1_36' title="bbox 398 3725 1771 3809; baseline -0.004 -17"><span class='ocrx_word' id='word_1_394' title='bbox 398 3730 517 3796; x_wconf 80' lang='lat' dir='ltr'>lectum.</span> <span class='ocrx_word' id='word_1_395' title='bbox 540 3728 683 3790; x_wconf 86' lang='lat' dir='ltr'>Dixius</span> <span class='ocrx_word' id='word_1_396' title='bbox 695 3729 942 3802; x_wconf 84' lang='lat' dir='ltr'>enim,exmente</span> <span class='ocrx_word' id='word_1_397' title='bbox 954 3728 1093 3809; x_wconf 80' lang='lat' dir='ltr'>Apostoli</span> <span class='ocrx_word' id='word_1_398' title='bbox 1146 3728 1248 3806; x_wconf 91' lang='lat' dir='ltr'>specis</span> <span class='ocrx_word' id='word_1_399' title='bbox 1273 3727 1401 3799; x_wconf 81' lang='lat' dir='ltr'>fuerint,</span> <span class='ocrx_word' id='word_1_400' title='bbox 1426 3726 1477 3787; x_wconf 87' lang='lat' dir='ltr'>vel</span> <span class='ocrx_word' id='word_1_401' title='bbox 1503 3725 1649 3805; x_wconf 85' lang='lat' dir='ltr'>conjicere</span> <span class='ocrx_word' id='word_1_402' title='bbox 1664 3748 1771 3808; x_wconf 86' lang='lat' dir='ltr'>posse,</span> 
     </span>
     <span class='ocr_line' id='line_1_37' title="bbox 397 3812 1772 3892; baseline -0.001 -13"><span class='ocrx_word' id='word_1_403' title='bbox 397 3816 624 3879; x_wconf 86' lang='lat' dir='ltr'>tabernaculum</span> <span class='ocrx_word' id='word_1_404' title='bbox 644 3815 810 3877; x_wconf 86' lang='lat' dir='ltr'>secuudum</span> <span class='ocrx_word' id='word_1_405' title='bbox 832 3814 974 3877; x_wconf 79' lang='lat' dir='ltr'>babuisse</span> <span class='ocrx_word' id='word_1_406' title='bbox 1000 3816 1093 3877; x_wconf 85' lang='lat' dir='ltr'>thuri·</span> <span class='ocrx_word' id='word_1_407' title='bbox 1131 3815 1256 3892; x_wconf 80' lang='lat' dir='ltr'>eloqui.</span> <span class='ocrx_word' id='word_1_408' title='bbox 1285 3814 1397 3876; x_wconf 90' lang='lat' dir='ltr'>Verum</span> <span class='ocrx_word' id='word_1_409' title='bbox 1409 3812 1563 3875; x_wconf 90' lang='lat' dir='ltr'>nonnullis</span> <span class='ocrx_word' id='word_1_410' title='bbox 1576 3815 1708 3892; x_wconf 88' lang='lat' dir='ltr'>suspicio</span> <span class='ocrx_word' id='word_1_411' title='bbox 1724 3824 1772 3878; x_wconf 86' lang='lat' dir='ltr'>est</span> 
     </span>
     <span class='ocr_line' id='line_1_38' title="bbox 397 3899 1789 3982; baseline 0 -17"><span class='ocrx_word' id='word_1_412' title='bbox 397 3904 499 3966; x_wconf 91' lang='lat' dir='ltr'>bulum</span> <span class='ocrx_word' id='word_1_413' title='bbox 515 3922 655 3976; x_wconf 86' lang='lat' dir='ltr'>aureum,</span> <span class='ocrx_word' id='word_1_414' title='bbox 677 3922 738 3962; x_wconf 86' lang='lat' dir='ltr'>uon</span> <span class='ocrx_word' id='word_1_415' title='bbox 758 3905 844 3982; x_wconf 90' lang='lat' dir='ltr'>quasi</span> <span class='ocrx_word' id='word_1_416' title='bbox 867 3905 985 3982; x_wconf 84' lang='lat' dir='ltr'>proprie</span> <span class='ocrx_word' id='word_1_417' title='bbox 1000 3902 1092 3964; x_wconf 90' lang='lat' dir='ltr'>thuri·</span> <span class='ocrx_word' id='word_1_418' title='bbox 1146 3901 1272 3981; x_wconf 87' lang='lat' dir='ltr'>sephum</span> <span class='ocrx_word' id='word_1_419' title='bbox 1282 3899 1789 3966; x_wconf 76' lang='lat' dir='ltr'>calumniasadversaricrumvesib</span> 
     </span>
     <span class='ocr_line' id='line_1_39' title="bbox 396 3984 1790 4071; baseline 0.001 -18"><span class='ocrx_word' id='word_1_420' title='bbox 396 3991 501 4053; x_wconf 88' lang='lat' dir='ltr'>bulum</span> <span class='ocrx_word' id='word_1_421' title='bbox 513 3992 544 4051; x_wconf 93' lang='lat' dir='ltr'>in</span> <span class='ocrx_word' id='word_1_422' title='bbox 559 4009 595 4051; x_wconf 90' lang='lat' dir='ltr'>eo</span> <span class='ocrx_word' id='word_1_423' title='bbox 608 3988 712 4067; x_wconf 83' lang='lat' dir='ltr'>fuerit3</span> <span class='ocrx_word' id='word_1_424' title='bbox 729 3988 783 4052; x_wconf 93' lang='lat' dir='ltr'>sed</span> <span class='ocrx_word' id='word_1_425' title='bbox 799 3991 873 4071; x_wconf 89' lang='lat' dir='ltr'>quis</span> <span class='ocrx_word' id='word_1_426' title='bbox 883 3991 1018 4071; x_wconf 87' lang='lat' dir='ltr'>proxime</span> <span class='ocrx_word' id='word_1_427' title='bbox 1030 3999 1094 4051; x_wconf 83' lang='lat' dir='ltr'>eret</span> <span class='ocrx_word' id='word_1_428' title='bbox 1146 3987 1246 4050; x_wconf 89' lang='lat' dir='ltr'>studio</span> <span class='ocrx_word' id='word_1_429' title='bbox 1262 3985 1468 4049; x_wconf 72' lang='lat' dir='ltr'>dissimulasse</span> <span class='ocrx_word' id='word_1_430' title='bbox 1490 3987 1529 4048; x_wconf 92' lang='lat' dir='ltr'>de</span> <span class='ocrx_word' id='word_1_431' title='bbox 1543 3988 1640 4067; x_wconf 69' lang='lat' dir='ltr'>figura</span> <span class='ocrx_word' id='word_1_432' title='bbox 1655 3984 1790 4054; x_wconf 82' lang='lat' dir='ltr'>Cherubi</span> 
     </span>
     <span class='ocr_line' id='line_1_40' title="bbox 399 4074 1790 4158; baseline -0.001 -20"><span class='ocrx_word' id='word_1_433' title='bbox 399 4078 558 4157; x_wconf 81' lang='lat' dir='ltr'>admotum.</span> <span class='ocrx_word' id='word_1_434' title='bbox 1146 4094 1221 4148; x_wconf 88' lang='lat' dir='ltr'>rum,</span> <span class='ocrx_word' id='word_1_435' title='bbox 1236 4095 1301 4135; x_wconf 89' lang='lat' dir='ltr'>cum</span> <span class='ocrx_word' id='word_1_436' title='bbox 1316 4074 1405 4135; x_wconf 90' lang='lat' dir='ltr'>homo</span> <span class='ocrx_word' id='word_1_437' title='bbox 1420 4074 1562 4136; x_wconf 86' lang='lat' dir='ltr'>sacerdos</span> <span class='ocrx_word' id='word_1_438' title='bbox 1578 4074 1601 4135; x_wconf 87' lang='lat' dir='ltr'>J</span> <span class='ocrx_word' id='word_1_439' title='bbox 1603 4074 1731 4137; x_wconf 90' lang='lat' dir='ltr'>udaicse</span> <span class='ocrx_word' id='word_1_440' title='bbox 1746 4098 1790 4158; x_wconf 73' lang='lat' dir='ltr'>gu</span> 
     </span>
     <span class='ocr_line' id='line_1_41' title="bbox 441 4160 1776 4241; baseline 0.001 -16"><span class='ocrx_word' id='word_1_441' title='bbox 441 4166 469 4225; x_wconf 81' lang='lat'>5.</span> <span class='ocrx_word' id='word_1_442' title='bbox 491 4166 656 4240; x_wconf 77' lang='lat' dir='ltr'>Superque</span> <span class='ocrx_word' id='word_1_443' title='bbox 693 4181 762 4224; x_wconf 83' lang='lat' dir='ltr'>eum</span> <span class='ocrx_word' id='word_1_444' title='bbox 799 4171 892 4223; x_wconf 80' lang='lat' dir='ltr'>erant</span> <span class='ocrx_word' id='word_1_445' title='bbox 925 4162 1093 4226; x_wconf 82' lang='lat' dir='ltr'>Cherubim</span> <span class='ocrx_word' id='word_1_446' title='bbox 1146 4181 1227 4234; x_wconf 87' lang='lat' dir='ltr'>eam,</span> <span class='ocrx_word' id='word_1_447' title='bbox 1255 4163 1388 4241; x_wconf 88' lang='lat' dir='ltr'>ipsorum</span> <span class='ocrx_word' id='word_1_448' title='bbox 1399 4160 1531 4239; x_wconf 87' lang='lat' dir='ltr'>judicio,</span> <span class='ocrx_word' id='word_1_449' title='bbox 1556 4161 1696 4241; x_wconf 76' lang='lat' dir='ltr'>ignorare</span> <span class='ocrx_word' id='word_1_450' title='bbox 1714 4183 1776 4226; x_wconf 89' lang='lat' dir='ltr'>non</span> 
     </span>
     <span class='ocr_line' id='line_1_42' title="bbox 396 4250 1244 4331; baseline -0.008 -18"><span class='ocrx_word' id='word_1_451' title='bbox 396 4254 518 4331; x_wconf 71' lang='lat' dir='ltr'>plurius</span> <span class='ocrx_word' id='word_1_452' title='bbox 558 4250 783 4312; x_wconf 80' lang='lat' dir='ltr'>obumbrantia</span> <span class='ocrx_word' id='word_1_453' title='bbox 818 4253 1092 4328; x_wconf 81' lang='lat' dir='ltr'>propitiatorium.</span> <span class='ocrx_word' id='word_1_454' title='bbox 1146 4250 1244 4308; x_wconf 88' lang='lat' dir='ltr'>tuerit.</span> 
     </span>
     <span class='ocr_line' id='line_1_43' title="bbox 398 4333 1790 4420; baseline -0.006 -16"><span class='ocrx_word' id='word_1_455' title='bbox 398 4339 565 4405; x_wconf 75' lang='lat' dir='ltr'>Cherubim</span> <span class='ocrx_word' id='word_1_456' title='bbox 588 4337 709 4414; x_wconf 76' lang='lat' dir='ltr'>plurius</span> <span class='ocrx_word' id='word_1_457' title='bbox 723 4337 804 4399; x_wconf 86' lang='lat' dir='ltr'>dixit</span> <span class='ocrx_word' id='word_1_458' title='bbox 819 4337 961 4399; x_wconf 78' lang='lat' dir='ltr'>Hebraea</span> <span class='ocrx_word' id='word_1_459' title='bbox 982 4336 1093 4417; x_wconf 83' lang='lat' dir='ltr'>phrasi,</span> <span class='ocrx_word' id='word_1_460' title='bbox 1190 4333 1320 4414; x_wconf 82' lang='lat' dir='ltr'>Quidam</span> <span class='ocrx_word' id='word_1_461' title='bbox 1335 4353 1409 4396; x_wconf 90' lang='lat' dir='ltr'>sana</span> <span class='ocrx_word' id='word_1_462' title='bbox 1432 4353 1539 4397; x_wconf 87' lang='lat' dir='ltr'>recens</span> <span class='ocrx_word' id='word_1_463' title='bbox 1554 4335 1698 4416; x_wconf 87' lang='lat' dir='ltr'>scriptor,</span> <span class='ocrx_word' id='word_1_464' title='bbox 1726 4337 1790 4420; x_wconf 81' lang='lat' dir='ltr'>conj</span> 
     </span>
     <span class='ocr_line' id='line_1_44' title="bbox 397 4420 1790 4506; baseline -0.002 -17"><span class='ocrx_word' id='word_1_465' title='bbox 397 4427 429 4490; x_wconf 93' lang='lat' dir='ltr'>id</span> <span class='ocrx_word' id='word_1_466' title='bbox 452 4435 498 4489; x_wconf 89' lang='lat' dir='ltr'>est</span> <span class='ocrx_word' id='word_1_467' title='bbox 512 4424 673 4487; x_wconf 80' lang='lat' dir='ltr'>Cherubim</span> <span class='ocrx_word' id='word_1_468' title='bbox 696 4425 836 4505; x_wconf 81' lang='lat' dir='ltr'>gloriosa.</span> <span class='ocrx_word' id='word_1_469' title='bbox 875 4424 942 4504; x_wconf 80' lang='lat' dir='ltr'>Quo</span> <span class='ocrx_word' id='word_1_470' title='bbox 962 4423 1093 4506; x_wconf 89' lang='lat' dir='ltr'>epitheto</span> <span class='ocrx_word' id='word_1_471' title='bbox 1146 4423 1221 4484; x_wconf 88' lang='lat' dir='ltr'>turis</span> <span class='ocrx_word' id='word_1_472' title='bbox 1245 4420 1326 4483; x_wconf 81' lang='lat' dir='ltr'>haud</span> <span class='ocrx_word' id='word_1_473' title='bbox 1348 4421 1466 4485; x_wconf 86' lang='lat' dir='ltr'>levibus</span> <span class='ocrx_word' id='word_1_474' title='bbox 1490 4421 1653 4495; x_wconf 87' lang='lat' dir='ltr'>adductus,</span> <span class='ocrx_word' id='word_1_475' title='bbox 1681 4424 1790 4486; x_wconf 82' lang='lat' dir='ltr'>existis</span> 
     </span>
     <span class='ocr_line' id='line_1_45' title="bbox 398 4508 1789 4592; baseline -0.004 -16"><span class='ocrx_word' id='word_1_476' title='bbox 398 4524 555 4586; x_wconf 84' lang='lat' dir='ltr'>vocantur,</span> <span class='ocrx_word' id='word_1_477' title='bbox 578 4512 658 4590; x_wconf 89' lang='lat' dir='ltr'>quod</span> <span class='ocrx_word' id='word_1_478' title='bbox 673 4512 798 4573; x_wconf 88' lang='lat' dir='ltr'>multum</span> <span class='ocrx_word' id='word_1_479' title='bbox 812 4513 975 4592; x_wconf 85' lang='lat' dir='ltr'>majestatis</span> <span class='ocrx_word' id='word_1_480' title='bbox 990 4532 1026 4572; x_wconf 87' lang='lat' dir='ltr'>sc</span> <span class='ocrx_word' id='word_1_481' title='bbox 1040 4529 1090 4571; x_wconf 85' lang='lat' dir='ltr'>ve·</span> <span class='ocrx_word' id='word_1_482' title='bbox 1145 4530 1184 4571; x_wconf 89' lang='lat' dir='ltr'>es</span> <span class='ocrx_word' id='word_1_483' title='bbox 1197 4509 1319 4571; x_wconf 85' lang='lat' dir='ltr'>vitulini</span> <span class='ocrx_word' id='word_1_484' title='bbox 1335 4508 1439 4571; x_wconf 84' lang='lat' dir='ltr'>vultus</span> <span class='ocrx_word' id='word_1_485' title='bbox 1453 4508 1593 4570; x_wconf 85' lang='lat' dir='ltr'>hahuisse</span> <span class='ocrx_word' id='word_1_486' title='bbox 1608 4510 1789 4580; x_wconf 69' lang='lat' dir='ltr'>similitudis</span> 
     </span>
     <span class='ocr_line' id='line_1_46' title="bbox 397 4596 1790 4681; baseline -0.002 -19"><span class='ocrx_word' id='word_1_487' title='bbox 397 4602 558 4662; x_wconf 75' lang='lat' dir='ltr'>necationis</span> <span class='ocrx_word' id='word_1_488' title='bbox 574 4598 722 4670; x_wconf 82' lang='lat' dir='ltr'>adferrent</span> <span class='ocrx_word' id='word_1_489' title='bbox 735 4599 780 4660; x_wconf 93' lang='lat' dir='ltr'>illi</span> <span class='ocrx_word' id='word_1_490' title='bbox 795 4599 870 4673; x_wconf 91' lang='lat' dir='ltr'>loco,</span> <span class='ocrx_word' id='word_1_491' title='bbox 884 4599 916 4658; x_wconf 93' lang='lat' dir='ltr'>in</span> <span class='ocrx_word' id='word_1_492' title='bbox 931 4618 991 4679; x_wconf 90' lang='lat' dir='ltr'>quo</span> <span class='ocrx_word' id='word_1_493' title='bbox 1007 4597 1093 4658; x_wconf 90' lang='lat' dir='ltr'>Deus</span> <span class='ocrx_word' id='word_1_494' title='bbox 1145 4597 1266 4669; x_wconf 88' lang='lat' dir='ltr'>ssltsm,</span> <span class='ocrx_word' id='word_1_495' title='bbox 1296 4616 1376 4676; x_wconf 87' lang='lat' dir='ltr'>quas</span> <span class='ocrx_word' id='word_1_496' title='bbox 1402 4596 1504 4656; x_wconf 79' lang='lat' dir='ltr'>Moses</span> <span class='ocrx_word' id='word_1_497' title='bbox 1525 4597 1618 4658; x_wconf 81' lang='lat' dir='ltr'>finxit</span> <span class='ocrx_word' id='word_1_498' title='bbox 1655 4596 1739 4659; x_wconf 81' lang='lat' dir='ltr'>Nam</span> <span class='ocrx_word' id='word_1_499' title='bbox 1764 4617 1790 4681; x_wconf 80' lang='lat' dir='ltr'>sp</span> 
     </span>
     <span class='ocr_line' id='line_1_47' title="bbox 397 4682 1790 4767; baseline -0.001 -18"><span class='ocrx_word' id='word_1_500' title='bbox 397 4708 480 4749; x_wconf 88' lang='lat' dir='ltr'>suam</span> <span class='ocrx_word' id='word_1_501' title='bbox 503 4685 722 4767; x_wconf 87' lang='lat' dir='ltr'>quodammodo</span> <span class='ocrx_word' id='word_1_502' title='bbox 746 4686 946 4764; x_wconf 82' lang='lat' dir='ltr'>praesentiam</span> <span class='ocrx_word' id='word_1_503' title='bbox 969 4684 1091 4746; x_wconf 86' lang='lat' dir='ltr'>exhibe·</span> <span class='ocrx_word' id='word_1_504' title='bbox 1146 4683 1289 4745; x_wconf 82' lang='lat' dir='ltr'>Salomon</span> <span class='ocrx_word' id='word_1_505' title='bbox 1305 4682 1478 4756; x_wconf 82' lang='lat' dir='ltr'>fabricavit,</span> <span class='ocrx_word' id='word_1_506' title='bbox 1494 4682 1790 4766; x_wconf 83' lang='lat' dir='ltr'>humenicorporias</span> 
     </span>
     <span class='ocr_line' id='line_1_48' title="bbox 396 4769 1790 4853; baseline 0 -17"><span class='ocrx_word' id='word_1_507' title='bbox 396 4774 458 4836; x_wconf 82' lang='lat' dir='ltr'>het.</span> <span class='ocrx_word' id='word_1_508' title='bbox 502 4775 598 4834; x_wconf 77' lang='lat' dir='ltr'>Erant</span> <span class='ocrx_word' id='word_1_509' title='bbox 620 4781 719 4833; x_wconf 85' lang='lat' dir='ltr'>auteur</span> <span class='ocrx_word' id='word_1_510' title='bbox 745 4774 856 4853; x_wconf 77' lang='lat' dir='ltr'>effigies</span> <span class='ocrx_word' id='word_1_511' title='bbox 879 4773 1029 4853; x_wconf 83' lang='lat' dir='ltr'>quaedam</span> <span class='ocrx_word' id='word_1_512' title='bbox 1052 4791 1092 4833; x_wconf 88' lang='lat' dir='ltr'>ex</span> <span class='ocrx_word' id='word_1_513' title='bbox 1146 4772 1222 4832; x_wconf 88' lang='lat' dir='ltr'>ciem</span> <span class='ocrx_word' id='word_1_514' title='bbox 1233 4770 1382 4841; x_wconf 81' lang='lat' dir='ltr'>babuisse.</span> <span class='ocrx_word' id='word_1_515' title='bbox 1392 4790 1430 4831; x_wconf 82' lang='lat' dir='ltr'>ex</span> <span class='ocrx_word' id='word_1_516' title='bbox 1442 4772 1510 4849; x_wconf 90' lang='lat' dir='ltr'>ipss</span> <span class='ocrx_word' id='word_1_517' title='bbox 1520 4790 1621 4832; x_wconf 87' lang='lat' dir='ltr'>eorum</span> <span class='ocrx_word' id='word_1_518' title='bbox 1631 4769 1790 4853; x_wconf 79' lang='lat' dir='ltr'>descriptis</span> 
     </span>
     <span class='ocr_line' id='line_1_49' title="bbox 397 4857 1790 4938; baseline 0.001 -18"><span class='ocrx_word' id='word_1_519' title='bbox 397 4880 479 4921; x_wconf 89' lang='lat' dir='ltr'>mero</span> <span class='ocrx_word' id='word_1_520' title='bbox 501 4880 574 4920; x_wconf 89' lang='lat' dir='ltr'>suro</span> <span class='ocrx_word' id='word_1_521' title='bbox 597 4859 762 4935; x_wconf 84' lang='lat' dir='ltr'>conflatae,</span> <span class='ocrx_word' id='word_1_522' title='bbox 784 4860 929 4921; x_wconf 86' lang='lat' dir='ltr'>habentes</span> <span class='ocrx_word' id='word_1_523' title='bbox 951 4859 1032 4932; x_wconf 87' lang='lat' dir='ltr'>slas,</span> <span class='ocrx_word' id='word_1_524' title='bbox 1059 4867 1093 4920; x_wconf 90' lang='lat' dir='ltr'>ut</span> <span class='ocrx_word' id='word_1_525' title='bbox 1146 4877 1226 4938; x_wconf 89' lang='lat' dir='ltr'>quse</span> <span class='ocrx_word' id='word_1_526' title='bbox 1240 4858 1350 4937; x_wconf 80' lang='lat' dir='ltr'>legitur</span> <span class='ocrx_word' id='word_1_527' title='bbox 1365 4858 1384 4917; x_wconf 82' lang='grc'><strong>3</strong></span> <span class='ocrx_word' id='word_1_528' title='bbox 1397 4858 1471 4935; x_wconf 72' lang='lat' dir='ltr'>eug.</span> <span class='ocrx_word' id='word_1_529' title='bbox 1488 4859 1516 4917; x_wconf 87' lang='grc'><strong>6.</strong></span> <span class='ocrx_word' id='word_1_530' title='bbox 1533 4867 1565 4917; x_wconf 89' lang='lat' dir='ltr'>et</span> <span class='ocrx_word' id='word_1_531' title='bbox 1579 4860 1598 4918; x_wconf 73' lang='lat'><strong>2</strong></span> <span class='ocrx_word' id='word_1_532' title='bbox 1611 4857 1679 4919; x_wconf 85' lang='lat' dir='ltr'>Par.</span> <span class='ocrx_word' id='word_1_533' title='bbox 1698 4863 1744 4931; x_wconf 80' lang='grc'><strong>3.,</strong></span> <span class='ocrx_word' id='word_1_534' title='bbox 1769 4879 1790 4922; x_wconf 85' lang='lat' dir='ltr'>s</span> 
     </span>
     <span class='ocr_line' id='line_1_50' title="bbox 398 4943 1790 5028; baseline 0.002 -21"><span class='ocrx_word' id='word_1_535' title='bbox 398 4945 575 5028; x_wconf 84' lang='lat' dir='ltr'>quibusdam</span> <span class='ocrx_word' id='word_1_536' title='bbox 601 4947 718 5027; x_wconf 85' lang='lat' dir='ltr'>placet,</span> <span class='ocrx_word' id='word_1_537' title='bbox 748 4954 927 5027; x_wconf 82' lang='lat' dir='ltr'>quaternus,</span> <span class='ocrx_word' id='word_1_538' title='bbox 956 4953 1002 5006; x_wconf 87' lang='lat' dir='ltr'>ut·</span> <span class='ocrx_word' id='word_1_539' title='bbox 1015 4944 1092 5020; x_wconf 85' lang='lat' dir='ltr'>aliis,</span> <span class='ocrx_word' id='word_1_540' title='bbox 1145 4944 1247 5024; x_wconf 76' lang='lat' dir='ltr'>colligi</span> <span class='ocrx_word' id='word_1_541' title='bbox 1261 4943 1391 5006; x_wconf 82' lang='lat' dir='ltr'>videtur.</span> <span class='ocrx_word' id='word_1_542' title='bbox 1414 4943 1487 5006; x_wconf 85' lang='lat' dir='ltr'>Sive</span> <span class='ocrx_word' id='word_1_543' title='bbox 1502 4953 1601 5005; x_wconf 88' lang='lat' dir='ltr'>sutem</span> <span class='ocrx_word' id='word_1_544' title='bbox 1615 4943 1790 5020; x_wconf 86' lang='lat' dir='ltr'>hominis,s</span> 
     </span>
     <span class='ocr_line' id='line_1_51' title="bbox 398 5028 1772 5118; baseline -0.001 -20"><span class='ocrx_word' id='word_1_545' title='bbox 398 5034 497 5118; x_wconf 66' lang='lat' dir='ltr'>biuasr</span> <span class='ocrx_word' id='word_1_546' title='bbox 523 5052 602 5117; x_wconf 84' lang='lat' dir='ltr'>quas</span> <span class='ocrx_word' id='word_1_547' title='bbox 625 5031 747 5118; x_wconf 84' lang='lat' dir='ltr'>quidest</span> <span class='ocrx_word' id='word_1_548' title='bbox 769 5054 790 5094; x_wconf 90' lang='lat' dir='ltr'>a</span> <span class='ocrx_word' id='word_1_549' title='bbox 809 5030 918 5096; x_wconf 81' lang='lat' dir='ltr'>dextra</span> <span class='ocrx_word' id='word_1_550' title='bbox 942 5032 1092 5114; x_wconf 75' lang='lat' dir='ltr'>bursone</span> <span class='ocrx_word' id='word_1_551' title='bbox 1144 5033 1359 5114; x_wconf 86' lang='lat' dir='ltr'>cujuscumque</span> <span class='ocrx_word' id='word_1_552' title='bbox 1379 5028 1520 5095; x_wconf 78' lang='lat' dir='ltr'>animalis</span> <span class='ocrx_word' id='word_1_553' title='bbox 1540 5029 1772 5116; x_wconf 74' lang='lat' dir='ltr'>similitudinem</span> 
     </span>
    </p>
   </div>
   <div class='ocr_carea' id='block_1_3' title="bbox 0 0 2234 5825">
    <p class='ocr_par' dir='ltr' id='par_1_3' title="bbox 0 0 2234 5825">
     <span class='ocr_line' id='line_1_52' title="bbox 0 0 2234 5825; baseline 0 0"><span class='ocrx_word' id='word_1_554' title='bbox 0 0 2234 5825; x_wconf 95' lang='lat' dir='ltr'> </span> 
     </span>
    </p>
   </div>
  </div>
 </body>
</html>
