4442 5825
811 558 1210 616 nominenominee.
1234 559 1320 616 ms.
1339 561 1364 613 d.
1382 559 1407 616 7.
1711 562 1784 633 4⁶8

364 754 590 818 uumquemque
604 757 764 821 psnperem
775 740 908 820 justum,
934 761 1036 822 quem·
1089 759 1147 801 nee
1160 738 1263 821 probo,
1287 735 1371 817 qnod
1386 732 1554 815 Csjetenus
1570 741 1703 810 unumst,
1719 753 1785 795 ver-

364 824 558 887 rissoliterins
572 844 609 886 ee
624 823 762 887 desertus
785 826 933 900 videntur,
956 828 1037 888 ideo·
1090 828 1162 888 bum
1188 827 1323 901 resistit,
1349 844 1411 885 non
1436 821 1639 897 adjustum,
1668 822 1721 883 sed
1747 820 1787 881 ed

364 928 407 995 pes
419 911 546 973 divitum
558 910 690 993 prsedse
702 915 868 993 expositus,
885 913 1037 976 ediverso
1090 916 1190 974 Deum
1212 911 1329 974 referri.
1353 911 1433 971 Nem
1453 907 1492 970 de
1506 909 1573 969 Deo
1595 910 1696 989 potius
1711 910 1785 971 offir-

364 1008 449 1072 heu,
464 1006 557 1081 etque
569 1000 597 1060 si
610 998 853 1063 solnsetunious
868 1010 959 1075 esset,
976 1003 1036 1062 sin·
1088 1010 1207 1062 menter
1230 1008 1261 1060 et
1284 997 1495 1060 oomminetive
1521 994 1680 1057 dicendum
1706 1004 1787 1058 eret:

364 1082 485 1167 ptntrsr
499 1107 519 1147 e
533 1086 599 1147 Deo
614 1088 720 1147 onreri
742 1088 794 1150 die
817 1089 896 1148 enim
919 1097 947 1148 et
962 1088 1036 1150 olibi
1090 1089 1210 1149 resistet
1232 1087 1338 1162 eobis;
1361 1082 1524 1145 seeundum
1546 1082 1586 1157 id,
1610 1084 1694 1163 qnod
1716 1090 1787 1145 ente

364 1176 459 1235 mm
485 1172 631 1235 divitibus
653 1193 690 1233 eo
712 1175 885 1254 potentibus
911 1178 1037 1256 opponit
1090 1176 1184 1236 dixit:
1209 1174 1338 1236 Oiemor
1354 1189 1464 1232 eonem
1486 1173 1523 1232 in
1544 1189 1639 1232 oteres
1653 1172 1787 1233 Domini

364 1258 504 1342 irripere,
527 1268 562 1319 nt
577 1260 642 1321 Jes.
661 1260 729 1320 bin
755 1266 870 1326 Jsestus
892 1265 986 1340 perit,
1008 1270 1038 1323 et
1089 1262 1249 1325 Sobbootir
1260 1261 1415 1321 introivit.
1425 1257 1664 1338 Neoquidqusm
1675 1260 1786 1322 insom-

363 1364 410 1411 ιω
427 1354 481 1422 est,
505 1350 562 1425 qui
581 1350 729 1422 resopitet
750 1352 786 1410 in
801 1350 895 1410 eorde
910 1369 977 1425 sno,
1005 1357 1037 1409 et
1089 1348 1179 1421 modi,
1203 1348 1228 1407 si
1243 1348 1416 1422 adjustum
1439 1344 1587 1405 referetur
1609 1345 1666 1406 hoe
1681 1345 1786 1406 modo:

363 1432 454 1497 tuln.
466 1438 533 1497 93.ι
550 1434 734 1511 Ooptobrsnt
745 1439 781 1495 in
792 1439 1036 1512 enimomjusti,
1091 1435 1253 1497 Occidistis
1263 1438 1387 1509 iustum
1398 1450 1467 1494 non
1482 1435 1674 1494 resistentem
1690 1433 1787 1495 vobis.

363 1524 584 1598 tmnpninem
614 1524 814 1585 innocentem
842 1525 1037 1585 condemno-
1089 1523 1246 1583 Postremo
1276 1519 1456 1593 notendnm,
1485 1521 1516 1579 in
1542 1518 1665 1581 Greeoo
1692 1529 1787 1581 totum

363 1614 429 1673 ni.
450 1608 495 1669 Et
509 1608 584 1669 olibi
600 1609 632 1668 in
645 1609 785 1671 Psalmis.
1090 1611 1271 1670 sententiam
1283 1608 1416 1688 siolegi:
1432 1607 1618 1683 Addioeitiis,
1631 1606 1788 1668 ooeids'stit

386 1694 455 1759 Jsm
471 1694 554 1776 qnod
569 1696 628 1755 eit:
645 1696 813 1759 addixistis
829 1704 858 1758 et
873 1698 1036 1773 occidistis,
1085 1700 1207 1771 justum
1216 1719 1228 1773 ;
1250 1714 1319 1758 non
1341 1696 1460 1756 resistit
1480 1694 1586 1772 vobin·
1608 1693 1693 1757 nulls
1707 1694 1786 1757 soili-

363 1780 405 1847 ive
418 1782 568 1844 oddieere
583 1783 625 1842 sit
638 1782 849 1857 condemnere,
868 1784 933 1846 sive
948 1804 1036 1845 soen·
1091 1793 1139 1844 oet
1154 1782 1258 1843 addite
1280 1783 1498 1861 conjunctione,
1520 1801 1612 1862 quem
1632 1790 1732 1843 temen
1747 1781 1788 1845 sd

363 1888 416 1945 sse,
435 1868 658 1951 syneedochiee
679 1871 725 1932 sio
746 1872 845 1949 eeoipi
868 1879 978 1951 potest,
1004 1880 1038 1931 ut
1090 1871 1255 1950 pleniorem
1267 1889 1387 1931 sensum
1399 1869 1590 1930 reeteLetini
1598 1870 1787 1951 interpretem

363 1955 573 2036 aprehendet
602 1976 690 2020 omne
726 1977 825 2038 genus
862 1958 1037 2032 eslumnise,
1090 1960 1224 2038 itemq'ue
1239 1956 1333 2037 Syrus
1349 1956 1579 2037 edsoripserunt

362 2042 504 2107 blentise
530 2052 562 2105 et
590 2045 811 2124 oppressionis,
845 2047 1036 2125 quemadmo·
1136 2047 1163 2105 7.
1194 2047 1354 2105 Patientes
1383 2046 1483 2119 ipttus·
1509 2051 1620 2119 estote,
1653 2046 1786 2125 fratres,

362 2132 411 2193 ht
425 2140 458 2193 et
471 2134 604 2207 resipuit
625 2151 842 2213 saepenumero
862 2135 991 2194 sumitur
1006 2137 1038 2195 in
1089 2131 1245 2209 usquead
1260 2132 1433 2192 adventum
1446 2131 1589 2192 Domini.
1612 2131 1786 2213 Nunepeu-

362 2218 510 2299 teiptnris.
548 2218 653 2292 Unde,
683 2220 738 2299 qui
764 2220 902 2280 innoxios
925 2222 1037 2301 quovis
1090 2219 1210 2299 poribus
1236 2219 1354 2279 efflictis
1378 2227 1406 2278 et
1432 2220 1585 2299 oppressio
1608 2220 1787 2282 eonsoletio

362 2304 428 2369 sodo
446 2314 676 2388 persequuntur,
704 2309 768 2367 viri
782 2309 977 2383 sanquinem
994 2309 1036 2371 di·
1088 2326 1158 2368 uem
1173 2305 1304 2379 adhibet,
1328 2305 1489 2366 exhortans
1505 2324 1567 2378 eos,
1589 2314 1624 2366 ut
1637 2309 1788 2387 patienter

362 2402 454 2467 entus,
471 2393 582 2474 quibus
599 2400 629 2452 et
644 2392 753 2455 dieitur
767 2394 833 2455 Jes.
852 2398 896 2454 1.:
918 2397 1037 2458 Montes
1089 2393 1190 2455 terent
1216 2393 1344 2471 injurias
1370 2411 1469 2472 usque
1499 2393 1531 2452 in
1556 2392 1632 2454 illud
1657 2403 1787 2474 ternpus,

362 2488 461 2543 αισι
471 2483 630 2557 sanquine
638 2480 756 2557 plenae
766 2488 849 2542 ssent.
872 2484 918 2542 Ae
931 2494 1036 2544 notum
1090 2501 1151 2560 quo
1166 2490 1196 2541 et
1212 2481 1271 2560 ipsi
1286 2500 1358 2541 ense
1373 2480 1538 2559 petientise
1557 2482 1721 2560 proemium
1736 2502 1786 2543 en·

362 2567 489 2631 entre:
506 2570 627 2642 Omnis,
639 2573 695 2645 qni
706 2569 773 2630 odit
782 2569 921 2645 fratrem
932 2589 1036 2644 snum,
1090 2569 1208 2648 cepturi
1235 2569 1311 2642 sint,
1342 2575 1372 2627 et
1395 2565 1504 2627 divites
1531 2567 1699 2648 condignos
1724 2573 1786 2631 suis

361 2655 497 2719 cnidda
521 2662 574 2731 est,
601 2655 725 2717 lJoen.
743 2660 772 2720 3.
806 2655 893 2716 Siout
914 2677 983 2738 ergo
1006 2659 1038 2718 in
1089 2654 1254 2716 sceleribus
1270 2674 1384 2735 poenes
1404 2653 1511 2714 deteri.
1535 2656 1603 2716 Hoe
1619 2657 1699 2716 euim
1714 2665 1787 2718 tem·

361 2740 547 2825 sperioribns
577 2742 637 2802 slis
667 2742 796 2803 divitum
828 2745 903 2804 vitis
931 2755 1038 2805 texete
1089 2761 1146 2823 pne
1176 2741 1325 2822 signifieat
1352 2761 1406 2821 per
1435 2741 1610 2803 adventum
1639 2744 1786 2821 Domini,-

361 2830 638 2905 minervarum,
664 2840 694 2891 et
716 2828 815 2903 luxus,
842 2838 871 2889 et
891 2830 1037 2892 merendis
1089 2829 1231 2891 videlieet
1254 2827 1374 2900 Christi,
1398 2826 1437 2888 ed
1460 2827 1613 2905 judicium.
1638 2829 1787 2908 Quemvis

361 2920 541 3000 pereriorum
556 2915 702 2978 detentio:
726 2920 771 2977 its
784 2917 832 2978 irie
849 2926 941 2993 notet,
956 2918 1037 3001 quod
1091 2919 1170 2978 enim
1188 2918 1305 2997 judicie
1325 2916 1520 2997 psrtionleris
1536 2918 1727 2995 preeoedsnt,
1750 2940 1787 2981 ee

361 3009 504 3068 utimum
526 3012 582 3076 est,
604 3004 776 3065 violentiam
800 3004 921 3079 scilieet,
944 3016 1037 3086 empne
1088 3005 1177 3065 nobis
1193 3005 1310 3064 interim
1332 3002 1451 3064 oesulte
1467 3012 1543 3076 sunt,
1565 3026 1621 3065 neo
1636 3025 1697 3067 uno
1712 3016 1785 3068 tem·

361 3091 554 3154 domnionem
567 3091 715 3169 justorum
728 3110 896 3171 pauperum
911 3112 1035 3172 oppres·
1088 3112 1161 3172 pore
1175 3091 1265 3166 fiunt3
1282 3090 1449 3170 eodemque
1463 3110 1524 3151 non
1538 3091 1691 3154 hominnm
1706 3102 1785 3168 sunt,

360 3179 462 3254 ionem
486 3197 568 3259 quse
589 3177 737 3239 interdum
760 3180 851 3238 etism
878 3197 975 3259 usqne
998 3178 1037 3239 ed
1088 3179 1143 3240 sed
1168 3179 1334 3238 enimsrnm
1365 3187 1489 3238 tentum.
1528 3178 1645 3239 Idoireo
1672 3184 1785 3259 possim

360 3267 440 3328 rutis
454 3265 705 3326 meehinstionem
720 3264 862 3345 prooedit.
1084 3266 1231 3345 Jndioium
1255 3264 1427 3325 universale
1448 3266 1628 3345 proponitur
1652 3267 1683 3326 in
1705 3268 1784 3329 Seri·

378 3353 424 3416 Es
437 3371 508 3413 non
519 3355 633 3414 restitit
647 3352 743 3413 eodm.
767 3354 903 3428 Restitit,
921 3352 1036 3414 Greeoe
1088 3354 1192 3434 pturis,
1219 3351 1258 3410 nd
1282 3351 1364 3431 qnod
1390 3371 1495 3412 omnes
1519 3361 1672 3430 spectent3
1698 3362 1731 3413 nt
1754 3355 1786 3414 in

360 3431 568 3514 nudauerat,
587 3439 619 3500 id
642 3440 838 3516 ostresistit3
862 3441 945 3519 quod
960 3449 991 3500 et
1006 3443 1037 3500 in
1088 3460 1150 3519 quo
1180 3437 1338 3498 manifeste
1367 3439 1455 3498 simul
1484 3441 1658 3499 universnm
1687 3459 1785 3519 genus

360 3527 454 3588 etinie
465 3528 678 3606 manuscriptis
692 3546 751 3586 non
763 3528 869 3606 pennis
881 3528 1036 3608 reperitur,
1087 3524 1500 3605 hominumjudicendumsit.
1509 3526 1785 3603 Patientesestote,

360 3613 530 3688 tErssmo
553 3621 627 3674 teste
660 3608 812 3690 (dissentit
842 3615 922 3674 enim
951 3634 1036 3674 meus
1090 3612 1219 3674 Graece:
1261 3605 1540 3690 μακροθυμήσατε,
1587 3613 1785 3689 Ιοπρσιιίιιιιι

360 3697 458 3775 sdes),
475 3699 557 3779 spnd
569 3699 685 3762 Bedem
697 3700 816 3778 legiter.
841 3699 931 3779 Qnse
945 3700 1036 3761 lentio
1088 3707 1193 3774 estote,
1207 3700 1390 3776 perdurate.
1407 3699 1566 3779 Significat
1581 3703 1658 3760 enim
1670 3704 1784 3781 petien-

359 3805 440 3848 trsns
459 3785 500 3846 ed
516 3785 668 3848 Christum
692 3789 790 3846 minus
813 3789 909 3867 epteri
926 3797 1036 3868 potest.
1088 3788 1159 3847 tium
1183 3794 1437 3866 perseverantem.
1460 3786 1518 3847 Sed
1544 3785 1583 3846 ed
1607 3787 1784 3850 eonsoletio·

359 3875 454 3936 teitus
469 3873 550 3936 euim
565 3876 632 3956 quis
648 3874 801 3953 injurianti
821 3894 881 3934 non
895 3877 1037 3936 resistere
1089 3894 1157 3934 nem
1184 3874 1343 3934 terminum
1369 3873 1436 3952 figit
1462 3873 1623 3934 adventum
1652 3874 1784 3936 Domini.

359 3979 423 4036 me,
450 3960 575 4042 quando
600 3962 729 4041 petitur,
754 3981 814 4020 non
838 3972 1035 4041 posteaquem
1088 3961 1168 4021 Nem
1185 3962 1240 4020 etsi
1256 3967 1323 4039 post
1335 3960 1425 4036 hujus
1437 3961 1520 4020 vites
1537 3962 1698 4021 terminum
1713 3962 1785 4024 meli

359 4065 447 4110 mus
468 4056 522 4108 eet.
545 4049 639 4128 Atqui
658 4048 758 4128 passio
776 4046 897 4122 Christi,
919 4048 1035 4110 Jeoobo
1087 4068 1147 4108 nen
1162 4047 1293 4107 hebesut
1308 4046 1447 4127 emplius,
1473 4047 1546 4125 quid
1562 4048 1673 4109 isoient
1688 4049 1785 4124 bonis,

359 4153 413 4196 see
439 4133 602 4209 seribente,
625 4133 806 4213 jamdudum
830 4137 1034 4214 praeterierat
1087 4135 1160 4195 Lus.
1180 4139 1238 4206 12,
1253 4134 1342 4212 plens
1357 4143 1457 4194 tamen
1473 4135 1639 4208 retributio,
1654 4146 1717 4198 tem
1731 4137 1783 4199 bo·

359 4221 551 4300 mittuntur
562 4241 633 4302 ergo
644 4220 772 4281 divitum
783 4219 947 4283 violentius
961 4243 1034 4302 quo·
1088 4223 1144 4295 nis,
1167 4240 1258 4301 quem
1278 4220 1366 4280 melis
1390 4230 1528 4282 servetur
1550 4224 1580 4283 in
1596 4222 1681 4283 illum
1696 4224 1784 4298 diem,

359 4307 470 4370 diense
485 4309 516 4368 in
533 4328 689 4389 pauperes,
714 4307 751 4367 ob
774 4308 907 4388 inopium
924 4311 1033 4370 amieo·
1088 4328 1147 4388 quo
1164 4308 1270 4367 reddet
1281 4309 1426 4368 Dominus
1437 4310 1604 4390 unicnique
1619 4311 1784 4372 seeundum

358 4413 400 4458 nn
420 4395 567 4457 resistere
587 4417 647 4456 non
669 4395 813 4456 veientes.
845 4394 914 4476 Quo
939 4397 1036 4475 megis
1088 4414 1181 4475 opere
1196 4413 1259 4454 sue.
1285 4395 1378 4454 Porro
1401 4415 1490 4473 quem
1506 4394 1709 4459 Oeonmenius
1729 4396 1783 4458 ed·

358 4491 418 4544 ute
446 4491 582 4543 metuere
611 4482 722 4543 debent
755 4480 867 4543 divites
896 4481 1034 4543 ultricem
1086 4491 1210 4542 ventem
1225 4481 1349 4542 Domini
1369 4482 1524 4561 intelliget,
1547 4483 1640 4564 peulo
1656 4493 1726 4565 post
1740 4483 1783 4545 di·

358 4587 456 4632 unum
471 4569 549 4648 ejus,
565 4570 614 4630 oui
629 4568 755 4632 dieitur:
782 4569 853 4630 stoi
869 4569 1035 4631 derelictus
1086 4589 1198 4629 semus.

358 4661 552 4734 ipseper,
576 4656 722 4734 orphano
748 4663 784 4717 tu
805 4660 867 4716 eris
892 4656 1032 4732 adjutor,
1129 4657 1227 4729 Eece,
1255 4655 1398 4731 oqrieoio
1428 4664 1584 4733 exspectnt
1607 4660 1783 4734 pretiosum

358 4741 449 4806 'ssim
466 4747 496 4807 9.
1084 4743 1229 4819 frustum
1255 4749 1376 4815 terroe,
1398 4747 1562 4819 potientes·
1582 4745 1699 4821 ferens.
1722 4745 1783 4807 iix·

375 4831 475 4894 Porro
497 4828 578 4912 quod
593 4829 737 4891 Erasmus
756 4828 931 4890 vertendum
947 4840 1032 4910 pute·
1086 4829 1285 4891 hortstionem
1299 4828 1455 4890 confirmet
1470 4831 1608 4910 exemplo
1624 4833 1783 4910 sgrioolee,

358 4915 652 5000 impersonaliter:
666 4937 736 4980 non
748 4920 924 4993 opponitur
934 4918 1032 4991 vobis,
1086 4918 1140 4997 qui
1165 4915 1301 4990 lebores,
1328 4934 1403 4997 quos
1427 4916 1572 4997 impendit
1598 4920 1630 4979 in
1657 4919 1784 4981 nolendo

357 5001 498 5090 lpseeter
512 5001 890 5068 nsnmestrerbiGrseei.
910 5002 1033 5065 Deinde
1085 5010 1182 5077 terre,
1207 5004 1358 5083 petimen
1382 5002 1493 5065 toleret
1517 5024 1573 5086 spe
1596 5005 1785 5088 pereipiendi
