<?xml version="1.0" encoding="UTF-8"?>
<!DOCTYPE html PUBLIC "-//W3C//DTD XHTML 1.0 Transitional//EN"
    "http://www.w3.org/TR/xhtml1/DTD/xhtml1-transitional.dtd">
<html xmlns="http://www.w3.org/1999/xhtml" xml:lang="en" lang="en">
 <head>
  <title>
</title>
<meta http-equiv="Content-Type" content="text/html;charset=utf-8" />
  <meta name='ocr-system' content='tesseract 3.04.00' />
  <meta name='ocr-capabilities' content='ocr_page ocr_carea ocr_par ocr_line ocrx_word'/>
</head>
<body>
  <div class='ocr_page' id='page_1' title='image "./guilielmiestiii01estigoog_0286.png"; bbox 0 0 4442 5825; ppageno 0'>
   <div class='ocr_carea' id='block_1_1' title="bbox 393 588 1337 672">
    <p class='ocr_par' dir='ltr' id='par_1_1' title="bbox 393 588 1337 672">
     <span class='ocr_line' id='line_1_1' title="bbox 393 588 1337 672; baseline -0.005 -26"><span class='ocrx_word' id='word_1_1' title='bbox 393 603 467 672; x_wconf 63' lang='lat'>270</span> <span class='ocrx_word' id='word_1_2' title='bbox 909 588 1142 647; x_wconf 69' lang='lat' dir='ltr'>COMMENTARIUS</span> <span class='ocrx_word' id='word_1_3' title='bbox 1159 590 1191 645; x_wconf 81' lang='lat' dir='ltr'>ur</span> <span class='ocrx_word' id='word_1_4' title='bbox 1208 590 1275 647; x_wconf 70' lang='grc' dir='ltr'>ω.</span> <span class='ocrx_word' id='word_1_5' title='bbox 1296 591 1337 646; x_wconf 83' lang='lat' dir='ltr'>xl.</span> 
     </span>
    </p>
   </div>
   <div class='ocr_carea' id='block_1_2' title="bbox 302 765 1822 5103">
    <p class='ocr_par' dir='ltr' id='par_1_2' title="bbox 302 765 1822 5103">
     <span class='ocr_line' id='line_1_2' title="bbox 390 765 1805 850; baseline -0.004 -18"><span class='ocrx_word' id='word_1_6' title='bbox 390 773 566 832; x_wconf 86' lang='lat' dir='ltr'>tissimorum</span> <span class='ocrx_word' id='word_1_7' title='bbox 580 787 709 850; x_wconf 87' lang='lat' dir='ltr'>operum,</span> <span class='ocrx_word' id='word_1_8' title='bbox 725 766 891 848; x_wconf 88' lang='lat' dir='ltr'>cujusmodi</span> <span class='ocrx_word' id='word_1_9' title='bbox 903 765 1018 827; x_wconf 87' lang='lat' dir='ltr'>Paulus</span> <span class='ocrx_word' id='word_1_10' title='bbox 1033 766 1089 827; x_wconf 92' lang='lat' dir='ltr'>boc</span> <span class='ocrx_word' id='word_1_11' title='bbox 1142 767 1264 840; x_wconf 77' lang='lat' dir='ltr'>Enoch,</span> <span class='ocrx_word' id='word_1_12' title='bbox 1280 767 1357 840; x_wconf 67' lang='lat' dir='ltr'>Noli,</span> <span class='ocrx_word' id='word_1_13' title='bbox 1373 766 1537 840; x_wconf 77' lang='lat' dir='ltr'>Abrabam,</span> <span class='ocrx_word' id='word_1_14' title='bbox 1553 787 1590 828; x_wconf 86' lang='lat' dir='ltr'>ac</span> <span class='ocrx_word' id='word_1_15' title='bbox 1605 775 1740 841; x_wconf 80' lang='lat' dir='ltr'>caeteros,</span> <span class='ocrx_word' id='word_1_16' title='bbox 1751 785 1805 850; x_wconf 87' lang='lat' dir='ltr'>ques</span> 
     </span>
     <span class='ocr_line' id='line_1_3' title="bbox 391 853 1809 938; baseline -0.003 -19"><span class='ocrx_word' id='word_1_17' title='bbox 391 860 490 938; x_wconf 84' lang='lat' dir='ltr'>eapite</span> <span class='ocrx_word' id='word_1_18' title='bbox 510 865 675 918; x_wconf 85' lang='lat' dir='ltr'>enumerat</span> <span class='ocrx_word' id='word_1_19' title='bbox 1142 856 1200 915; x_wconf 92' lang='lat' dir='ltr'>boc</span> <span class='ocrx_word' id='word_1_20' title='bbox 1224 875 1290 934; x_wconf 88' lang='lat' dir='ltr'>cap.</span> <span class='ocrx_word' id='word_1_21' title='bbox 1311 863 1478 935; x_wconf 70' lang='lat' dir='ltr'><strong>percenset.</strong></span> <span class='ocrx_word' id='word_1_22' title='bbox 1515 853 1594 914; x_wconf 84' lang='lat' dir='ltr'>Nem</span> <span class='ocrx_word' id='word_1_23' title='bbox 1617 853 1750 934; x_wconf 78' lang='lat' dir='ltr'>deinceps</span> <span class='ocrx_word' id='word_1_24' title='bbox 1765 855 1809 915; x_wconf 86' lang='lat' dir='ltr'>rin</span> 
     </span>
     <span class='ocr_line' id='line_1_4' title="bbox 437 938 1809 1024; baseline -0.001 -21"><span class='ocrx_word' id='word_1_25' title='bbox 437 945 590 1024; x_wconf 81' lang='lat' dir='ltr'>Quaeres:</span> <span class='ocrx_word' id='word_1_26' title='bbox 621 940 683 1003; x_wconf 81' lang='lat' dir='ltr'>Cur</span> <span class='ocrx_word' id='word_1_27' title='bbox 709 962 781 1022; x_wconf 85' lang='lat' dir='ltr'>ergo</span> <span class='ocrx_word' id='word_1_28' title='bbox 806 962 867 1000; x_wconf 91' lang='lat' dir='ltr'>non</span> <span class='ocrx_word' id='word_1_29' title='bbox 893 941 924 999; x_wconf 93' lang='lat' dir='ltr'>in</span> <span class='ocrx_word' id='word_1_30' title='bbox 953 938 1090 1001; x_wconf 91' lang='lat' dir='ltr'>omnibus</span> <span class='ocrx_word' id='word_1_31' title='bbox 1144 961 1180 1001; x_wconf 89' lang='lat' dir='ltr'>ee</span> <span class='ocrx_word' id='word_1_32' title='bbox 1202 944 1414 1020; x_wconf 67' lang='lat' dir='ltr'>proprietatem</span> <span class='ocrx_word' id='word_1_33' title='bbox 1441 942 1527 1014; x_wconf 89' lang='lat' dir='ltr'>fidei,</span> <span class='ocrx_word' id='word_1_34' title='bbox 1554 939 1743 1021; x_wconf 79' lang='lat' dir='ltr'>praecedenti</span> <span class='ocrx_word' id='word_1_35' title='bbox 1763 961 1809 1002; x_wconf 78' lang='lat' dir='ltr'>ssu</span> 
     </span>
     <span class='ocr_line' id='line_1_5' title="bbox 393 1026 1811 1108; baseline -0.004 -16"><span class='ocrx_word' id='word_1_36' title='bbox 393 1031 582 1092; x_wconf 84' lang='lat' dir='ltr'>credentibus</span> <span class='ocrx_word' id='word_1_37' title='bbox 613 1039 756 1108; x_wconf 90' lang='lat' dir='ltr'>operatur</span> <span class='ocrx_word' id='word_1_38' title='bbox 793 1027 870 1087; x_wconf 89' lang='lat' dir='ltr'>fides</span> <span class='ocrx_word' id='word_1_39' title='bbox 908 1046 1000 1106; x_wconf 86' lang='lat' dir='ltr'>opera</span> <span class='ocrx_word' id='word_1_40' title='bbox 1029 1033 1091 1085; x_wconf 87' lang='lat' dir='ltr'>tam</span> <span class='ocrx_word' id='word_1_41' title='bbox 1144 1029 1240 1088; x_wconf 84' lang='lat' dir='ltr'>tentia</span> <span class='ocrx_word' id='word_1_42' title='bbox 1257 1028 1470 1107; x_wconf 83' lang='lat' dir='ltr'>significatam,</span> <span class='ocrx_word' id='word_1_43' title='bbox 1497 1026 1631 1088; x_wconf 74' lang='lat' dir='ltr'><strong>declarat</strong></span> <span class='ocrx_word' id='word_1_44' title='bbox 1656 1036 1745 1108; x_wconf 82' lang='lat' dir='ltr'>etque</span> <span class='ocrx_word' id='word_1_45' title='bbox 1764 1027 1811 1088; x_wconf 85' lang='lat' dir='ltr'>illu·</span> 
     </span>
     <span class='ocr_line' id='line_1_6' title="bbox 391 1112 1813 1200; baseline -0.001 -22"><span class='ocrx_word' id='word_1_46' title='bbox 391 1115 572 1200; x_wconf 78' lang='lat' dir='ltr'>praeclare?</span> <span class='ocrx_word' id='word_1_47' title='bbox 588 1113 650 1176; x_wconf 80' lang='lat' dir='ltr'>Gur</span> <span class='ocrx_word' id='word_1_48' title='bbox 665 1118 756 1176; x_wconf 87' lang='lat' dir='ltr'>etiem</span> <span class='ocrx_word' id='word_1_49' title='bbox 771 1117 802 1175; x_wconf 91' lang='lat' dir='ltr'>in</span> <span class='ocrx_word' id='word_1_50' title='bbox 817 1112 917 1174; x_wconf 90' lang='lat' dir='ltr'>multis</span> <span class='ocrx_word' id='word_1_51' title='bbox 929 1112 1004 1172; x_wconf 92' lang='lat' dir='ltr'>nibil</span> <span class='ocrx_word' id='word_1_52' title='bbox 1019 1130 1089 1193; x_wconf 91' lang='lat' dir='ltr'>ope·</span> <span class='ocrx_word' id='word_1_53' title='bbox 1126 1123 1217 1176; x_wconf 55' lang='lat' dir='ltr'>‘suat</span> <span class='ocrx_word' id='word_1_54' title='bbox 1231 1117 1324 1174; x_wconf 85' lang='lat' dir='ltr'>variis</span> <span class='ocrx_word' id='word_1_55' title='bbox 1339 1116 1531 1192; x_wconf 85' lang='lat' dir='ltr'>antiquorum</span> <span class='ocrx_word' id='word_1_56' title='bbox 1547 1114 1672 1176; x_wconf 85' lang='lat' dir='ltr'>Petrum</span> <span class='ocrx_word' id='word_1_57' title='bbox 1688 1114 1813 1197; x_wconf 55' lang='lat' dir='ltr'>exemplu</span> 
     </span>
     <span class='ocr_line' id='line_1_7' title="bbox 389 1197 1815 1283; baseline -0.004 -15"><span class='ocrx_word' id='word_1_58' title='bbox 389 1202 494 1268; x_wconf 77' lang='lat' dir='ltr'>ratur?</span> <span class='ocrx_word' id='word_1_59' title='bbox 522 1203 560 1264; x_wconf 95' lang='lat' dir='ltr'>In</span> <span class='ocrx_word' id='word_1_60' title='bbox 577 1211 718 1282; x_wconf 89' lang='lat' dir='ltr'>promptu</span> <span class='ocrx_word' id='word_1_61' title='bbox 733 1204 809 1263; x_wconf 89' lang='lat' dir='ltr'>ratio</span> <span class='ocrx_word' id='word_1_62' title='bbox 824 1209 886 1272; x_wconf 92' lang='lat' dir='ltr'>est,</span> <span class='ocrx_word' id='word_1_63' title='bbox 908 1200 981 1280; x_wconf 87' lang='lat' dir='ltr'>qaia</span> <span class='ocrx_word' id='word_1_64' title='bbox 1001 1197 1092 1279; x_wconf 82' lang='lat' dir='ltr'>friget</span> <span class='ocrx_word' id='word_1_65' title='bbox 1145 1203 1195 1283; x_wconf 92' lang='lat' dir='ltr'>qui</span> <span class='ocrx_word' id='word_1_66' title='bbox 1211 1221 1265 1283; x_wconf 90' lang='lat' dir='ltr'>per</span> <span class='ocrx_word' id='word_1_67' title='bbox 1280 1200 1370 1261; x_wconf 82' lang='lat' dir='ltr'>fidem</span> <span class='ocrx_word' id='word_1_68' title='bbox 1393 1222 1504 1282; x_wconf 82' lang='lat' dir='ltr'>megna</span> <span class='ocrx_word' id='word_1_69' title='bbox 1520 1210 1553 1262; x_wconf 92' lang='lat' dir='ltr'>et</span> <span class='ocrx_word' id='word_1_70' title='bbox 1571 1203 1648 1262; x_wconf 81' lang='lat' dir='ltr'>mira</span> <span class='ocrx_word' id='word_1_71' title='bbox 1661 1203 1741 1282; x_wconf 84' lang='lat' dir='ltr'>passi</span> <span class='ocrx_word' id='word_1_72' title='bbox 1753 1200 1815 1262; x_wconf 73' lang='lat' dir='ltr'>luet</span> 
     </span>
     <span class='ocr_line' id='line_1_8' title="bbox 394 1285 1816 1369; baseline -0.002 -18"><span class='ocrx_word' id='word_1_73' title='bbox 394 1312 431 1352; x_wconf 85' lang='lat' dir='ltr'>ae</span> <span class='ocrx_word' id='word_1_74' title='bbox 454 1290 563 1350; x_wconf 81' lang='lat' dir='ltr'>dormit</span> <span class='ocrx_word' id='word_1_75' title='bbox 584 1291 614 1348; x_wconf 91' lang='lat' dir='ltr'>in</span> <span class='ocrx_word' id='word_1_76' title='bbox 635 1290 735 1349; x_wconf 90' lang='lat' dir='ltr'>multis</span> <span class='ocrx_word' id='word_1_77' title='bbox 750 1288 839 1361; x_wconf 88' lang='lat' dir='ltr'>fides,</span> <span class='ocrx_word' id='word_1_78' title='bbox 868 1307 926 1346; x_wconf 92' lang='lat' dir='ltr'>nec</span> <span class='ocrx_word' id='word_1_79' title='bbox 941 1285 1091 1367; x_wconf 78' lang='lat' dir='ltr'>frequenti</span> <span class='ocrx_word' id='word_1_80' title='bbox 1146 1297 1177 1349; x_wconf 92' lang='lat' dir='ltr'>et</span> <span class='ocrx_word' id='word_1_81' title='bbox 1191 1290 1325 1369; x_wconf 90' lang='lat' dir='ltr'>operati,</span> <span class='ocrx_word' id='word_1_82' title='bbox 1341 1287 1472 1369; x_wconf 91' lang='lat' dir='ltr'>ideoque</span> <span class='ocrx_word' id='word_1_83' title='bbox 1486 1308 1543 1368; x_wconf 89' lang='lat' dir='ltr'>per</span> <span class='ocrx_word' id='word_1_84' title='bbox 1557 1307 1625 1349; x_wconf 87' lang='lat' dir='ltr'>earn</span> <span class='ocrx_word' id='word_1_85' title='bbox 1640 1291 1816 1350; x_wconf 77' lang='lat' dir='ltr'>testimonias</span> 
     </span>
     <span class='ocr_line' id='line_1_9' title="bbox 393 1374 1818 1456; baseline -0.001 -18"><span class='ocrx_word' id='word_1_86' title='bbox 393 1377 586 1438; x_wconf 81' lang='lat' dir='ltr'>meditatione</span> <span class='ocrx_word' id='word_1_87' title='bbox 601 1376 754 1436; x_wconf 89' lang='lat' dir='ltr'>recalescit</span> <span class='ocrx_word' id='word_1_88' title='bbox 769 1383 824 1435; x_wconf 92' lang='lat' dir='ltr'>aut</span> <span class='ocrx_word' id='word_1_89' title='bbox 841 1376 1007 1449; x_wconf 59' lang='lat' dir='ltr'>excitatum</span> <span class='ocrx_word' id='word_1_90' title='bbox 1026 1381 1089 1431; x_wconf 84' lang='lat' dir='ltr'>tan·</span> <span class='ocrx_word' id='word_1_91' title='bbox 1146 1374 1249 1456; x_wconf 89' lang='lat' dir='ltr'>adepti</span> <span class='ocrx_word' id='word_1_92' title='bbox 1264 1376 1295 1436; x_wconf 93' lang='lat' dir='ltr'>in</span> <span class='ocrx_word' id='word_1_93' title='bbox 1310 1377 1403 1435; x_wconf 88' lang='lat' dir='ltr'>sacris</span> <span class='ocrx_word' id='word_1_94' title='bbox 1415 1374 1525 1449; x_wconf 89' lang='lat' dir='ltr'>literis,</span> <span class='ocrx_word' id='word_1_95' title='bbox 1549 1374 1632 1455; x_wconf 88' lang='lat' dir='ltr'>quod</span> <span class='ocrx_word' id='word_1_96' title='bbox 1650 1377 1726 1455; x_wconf 89' lang='lat' dir='ltr'>justi</span> <span class='ocrx_word' id='word_1_97' title='bbox 1739 1379 1818 1437; x_wconf 67' lang='lat' dir='ltr'>saed</span> 
     </span>
     <span class='ocr_line' id='line_1_10' title="bbox 302 1457 1818 1545; baseline 0 -21"><span class='ocrx_word' id='word_1_98' title='bbox 302 1457 308 1466; x_wconf 49' lang='lat'>⁵</span> <span class='ocrx_word' id='word_1_99' title='bbox 395 1474 486 1545; x_wconf 88' lang='lat' dir='ltr'>taque</span> <span class='ocrx_word' id='word_1_100' title='bbox 501 1474 547 1525; x_wconf 88' lang='lat' dir='ltr'>est</span> <span class='ocrx_word' id='word_1_101' title='bbox 561 1465 593 1522; x_wconf 91' lang='lat' dir='ltr'>in</span> <span class='ocrx_word' id='word_1_102' title='bbox 615 1462 767 1542; x_wconf 87' lang='lat' dir='ltr'>plerisque</span> <span class='ocrx_word' id='word_1_103' title='bbox 781 1463 985 1542; x_wconf 78' lang='lat' dir='ltr'>praesentium</span> <span class='ocrx_word' id='word_1_104' title='bbox 1000 1459 1091 1519; x_wconf 89' lang='lat' dir='ltr'>bono·</span> <span class='ocrx_word' id='word_1_105' title='bbox 1146 1482 1183 1522; x_wconf 91' lang='lat' dir='ltr'>ec</span> <span class='ocrx_word' id='word_1_106' title='bbox 1197 1462 1265 1522; x_wconf 90' lang='lat' dir='ltr'>Deo</span> <span class='ocrx_word' id='word_1_107' title='bbox 1280 1462 1410 1542; x_wconf 87' lang='lat' dir='ltr'>probati.</span> <span class='ocrx_word' id='word_1_108' title='bbox 1446 1461 1582 1523; x_wconf 86' lang='lat' dir='ltr'>Verbum</span> <span class='ocrx_word' id='word_1_109' title='bbox 1599 1463 1679 1522; x_wconf 91' lang='lat' dir='ltr'>enim</span> <span class='ocrx_word' id='word_1_110' title='bbox 1695 1462 1818 1524; x_wconf 74' lang='lat' dir='ltr'>Gneus</span> 
     </span>
     <span class='ocr_line' id='line_1_11' title="bbox 392 1546 1819 1631; baseline -0.002 -20"><span class='ocrx_word' id='word_1_111' title='bbox 392 1571 457 1611; x_wconf 90' lang='lat' dir='ltr'>rum</span> <span class='ocrx_word' id='word_1_112' title='bbox 476 1549 641 1631; x_wconf 75' lang='lat' dir='ltr'>cupiditas,</span> <span class='ocrx_word' id='word_1_113' title='bbox 666 1558 701 1609; x_wconf 89' lang='lat' dir='ltr'>ut</span> <span class='ocrx_word' id='word_1_114' title='bbox 721 1547 887 1608; x_wconf 80' lang='lat' dir='ltr'>futurorum</span> <span class='ocrx_word' id='word_1_115' title='bbox 910 1565 1040 1607; x_wconf 86' lang='lat' dir='ltr'>amorem</span> <span class='ocrx_word' id='word_1_116' title='bbox 1061 1546 1092 1605; x_wconf 93' lang='lat' dir='ltr'>iu</span> <span class='ocrx_word' id='word_1_117' title='bbox 1146 1546 1389 1627; x_wconf 77' lang='grc' dir='ltr'><strong>μαρτυρεῖσθαι,</strong></span> <span class='ocrx_word' id='word_1_118' title='bbox 1413 1568 1474 1630; x_wconf 90' lang='lat' dir='ltr'>quo</span> <span class='ocrx_word' id='word_1_119' title='bbox 1489 1548 1539 1609; x_wconf 91' lang='lat' dir='ltr'>hic</span> <span class='ocrx_word' id='word_1_120' title='bbox 1553 1551 1664 1624; x_wconf 89' lang='lat' dir='ltr'>utitur,</span> <span class='ocrx_word' id='word_1_121' title='bbox 1686 1548 1819 1630; x_wconf 85' lang='lat' dir='ltr'>passinir</span> 
     </span>
     <span class='ocr_line' id='line_1_12' title="bbox 393 1634 1820 1718; baseline 0 -20"><span class='ocrx_word' id='word_1_122' title='bbox 393 1638 454 1699; x_wconf 91' lang='lat' dir='ltr'>illis</span> <span class='ocrx_word' id='word_1_123' title='bbox 479 1647 532 1697; x_wconf 93' lang='lat' dir='ltr'>eut</span> <span class='ocrx_word' id='word_1_124' title='bbox 556 1637 686 1707; x_wconf 90' lang='lat' dir='ltr'>minuat,</span> <span class='ocrx_word' id='word_1_125' title='bbox 712 1644 765 1695; x_wconf 89' lang='lat' dir='ltr'>eut</span> <span class='ocrx_word' id='word_1_126' title='bbox 791 1637 880 1695; x_wconf 87' lang='lat' dir='ltr'>etiam</span> <span class='ocrx_word' id='word_1_127' title='bbox 906 1635 1092 1713; x_wconf 80' lang='lat' dir='ltr'>exstinguet.</span> <span class='ocrx_word' id='word_1_128' title='bbox 1146 1636 1255 1697; x_wconf 87' lang='lat' dir='ltr'>bonam</span> <span class='ocrx_word' id='word_1_129' title='bbox 1285 1645 1400 1716; x_wconf 80' lang='lat' dir='ltr'>purtem</span> <span class='ocrx_word' id='word_1_130' title='bbox 1430 1638 1589 1718; x_wconf 86' lang='lat' dir='ltr'>accipitur,</span> <span class='ocrx_word' id='word_1_131' title='bbox 1622 1645 1659 1696; x_wconf 91' lang='lat' dir='ltr'>ut</span> <span class='ocrx_word' id='word_1_132' title='bbox 1687 1636 1763 1698; x_wconf 90' lang='lat' dir='ltr'>idem</span> <span class='ocrx_word' id='word_1_133' title='bbox 1787 1634 1820 1709; x_wconf 73' lang='lat' dir='ltr'>til.</span> 
     </span>
     <span class='ocr_line' id='line_1_13' title="bbox 397 1719 1821 1804; baseline -0.001 -20"><span class='ocrx_word' id='word_1_134' title='bbox 397 1722 486 1804; x_wconf 80' lang='lat' dir='ltr'>Quod</span> <span class='ocrx_word' id='word_1_135' title='bbox 502 1726 527 1784; x_wconf 94' lang='lat' dir='ltr'>si</span> <span class='ocrx_word' id='word_1_136' title='bbox 541 1723 631 1784; x_wconf 85' lang='lat' dir='ltr'>fidem</span> <span class='ocrx_word' id='word_1_137' title='bbox 647 1724 776 1803; x_wconf 89' lang='lat' dir='ltr'>quisque</span> <span class='ocrx_word' id='word_1_138' title='bbox 791 1741 875 1782; x_wconf 85' lang='lat' dir='ltr'>suem</span> <span class='ocrx_word' id='word_1_139' title='bbox 887 1722 956 1801; x_wconf 86' lang='lat' dir='ltr'>jugi</span> <span class='ocrx_word' id='word_1_140' title='bbox 969 1719 1092 1780; x_wconf 89' lang='lat' dir='ltr'>medite-</span> <span class='ocrx_word' id='word_1_141' title='bbox 1147 1722 1229 1803; x_wconf 89' lang='lat' dir='ltr'>quod</span> <span class='ocrx_word' id='word_1_142' title='bbox 1253 1722 1364 1783; x_wconf 88' lang='lat' dir='ltr'>bonnm</span> <span class='ocrx_word' id='word_1_143' title='bbox 1390 1722 1503 1783; x_wconf 89' lang='lat' dir='ltr'>babere</span> <span class='ocrx_word' id='word_1_144' title='bbox 1526 1724 1741 1798; x_wconf 87' lang='lat' dir='ltr'>testimonium,</span> <span class='ocrx_word' id='word_1_145' title='bbox 1763 1722 1821 1802; x_wconf 71' lang='lat' dir='ltr'>bae</span> 
     </span>
     <span class='ocr_line' id='line_1_14' title="bbox 393 1806 1821 1888; baseline -0.001 -17"><span class='ocrx_word' id='word_1_146' title='bbox 393 1813 476 1871; x_wconf 93' lang='lat' dir='ltr'>tione</span> <span class='ocrx_word' id='word_1_147' title='bbox 498 1829 596 1871; x_wconf 87' lang='lat' dir='ltr'>rerum</span> <span class='ocrx_word' id='word_1_148' title='bbox 619 1809 794 1870; x_wconf 86' lang='lat' dir='ltr'>creditarum</span> <span class='ocrx_word' id='word_1_149' title='bbox 821 1828 857 1867; x_wconf 89' lang='lat' dir='ltr'>ac</span> <span class='ocrx_word' id='word_1_150' title='bbox 878 1806 1093 1888; x_wconf 90' lang='lat' dir='ltr'>sperandarum</span> <span class='ocrx_word' id='word_1_151' title='bbox 1147 1810 1269 1884; x_wconf 86' lang='lat' dir='ltr'>audire,</span> <span class='ocrx_word' id='word_1_152' title='bbox 1291 1809 1421 1871; x_wconf 91' lang='lat' dir='ltr'>laudari.</span> <span class='ocrx_word' id='word_1_153' title='bbox 1457 1809 1507 1869; x_wconf 83' lang='lat' dir='ltr'>Ite</span> <span class='ocrx_word' id='word_1_154' title='bbox 1522 1812 1653 1873; x_wconf 87' lang='lat' dir='ltr'>sumitur</span> <span class='ocrx_word' id='word_1_155' title='bbox 1668 1815 1732 1872; x_wconf 74' lang='lat' dir='ltr'>Act</span> <span class='ocrx_word' id='word_1_156' title='bbox 1748 1813 1774 1872; x_wconf 84' lang='grc'>6.</span> <span class='ocrx_word' id='word_1_157' title='bbox 1787 1808 1821 1873; x_wconf 83' lang='grc'>10.</span> 
     </span>
     <span class='ocr_line' id='line_1_15' title="bbox 396 1892 1821 1979; baseline -0.001 -20"><span class='ocrx_word' id='word_1_158' title='bbox 396 1897 544 1959; x_wconf 71' lang='lat' dir='ltr'>excitaret</span> <span class='ocrx_word' id='word_1_159' title='bbox 556 1907 787 1977; x_wconf 83' lang='lat' dir='ltr'>exerceretque,</span> <span class='ocrx_word' id='word_1_160' title='bbox 806 1896 912 1954; x_wconf 91' lang='lat' dir='ltr'>mirum</span> <span class='ocrx_word' id='word_1_161' title='bbox 927 1897 958 1954; x_wconf 92' lang='lat' dir='ltr'>in</span> <span class='ocrx_word' id='word_1_162' title='bbox 973 1892 1093 1954; x_wconf 92' lang='lat' dir='ltr'>modum</span> <span class='ocrx_word' id='word_1_163' title='bbox 1148 1906 1179 1957; x_wconf 91' lang='lat' dir='ltr'>et</span> <span class='ocrx_word' id='word_1_164' title='bbox 1197 1900 1256 1969; x_wconf 83' lang='lat'>16,</span> <span class='ocrx_word' id='word_1_165' title='bbox 1272 1906 1304 1957; x_wconf 92' lang='lat' dir='ltr'>et</span> <span class='ocrx_word' id='word_1_166' title='bbox 1317 1915 1421 1957; x_wconf 87' lang='lat' dir='ltr'>rursus</span> <span class='ocrx_word' id='word_1_167' title='bbox 1438 1898 1469 1956; x_wconf 93' lang='lat' dir='ltr'>in</span> <span class='ocrx_word' id='word_1_168' title='bbox 1483 1898 1541 1958; x_wconf 92' lang='lat' dir='ltr'>boc</span> <span class='ocrx_word' id='word_1_169' title='bbox 1557 1900 1660 1978; x_wconf 82' lang='lat' dir='ltr'>capite</span> <span class='ocrx_word' id='word_1_170' title='bbox 1675 1897 1821 1979; x_wconf 70' lang='lat' dir='ltr'>aliquoties·</span> 
     </span>
     <span class='ocr_line' id='line_1_16' title="bbox 396 1981 1822 2065; baseline -0.001 -20"><span class='ocrx_word' id='word_1_171' title='bbox 396 1985 591 2045; x_wconf 84' lang='lat' dir='ltr'>efficacemet</span> <span class='ocrx_word' id='word_1_172' title='bbox 606 2002 760 2064; x_wconf 89' lang='lat' dir='ltr'>operosam</span> <span class='ocrx_word' id='word_1_173' title='bbox 776 1992 807 2043; x_wconf 86' lang='lat' dir='ltr'>et</span> <span class='ocrx_word' id='word_1_174' title='bbox 829 1981 1011 2042; x_wconf 83' lang='lat' dir='ltr'>fructuosam</span> <span class='ocrx_word' id='word_1_175' title='bbox 1027 2000 1094 2041; x_wconf 86' lang='lat' dir='ltr'>eam</span> <span class='ocrx_word' id='word_1_176' title='bbox 1190 1984 1239 2044; x_wconf 86' lang='lat' dir='ltr'>Er</span> <span class='ocrx_word' id='word_1_177' title='bbox 1253 1984 1310 2043; x_wconf 88' lang='lat' dir='ltr'>hoc</span> <span class='ocrx_word' id='word_1_178' title='bbox 1326 1983 1391 2043; x_wconf 87' lang='lat' dir='ltr'>loco</span> <span class='ocrx_word' id='word_1_179' title='bbox 1407 1993 1499 2062; x_wconf 92' lang='lat' dir='ltr'>etque</span> <span class='ocrx_word' id='word_1_180' title='bbox 1515 1985 1593 2045; x_wconf 86' lang='lat' dir='ltr'>adeo</span> <span class='ocrx_word' id='word_1_181' title='bbox 1613 2005 1653 2046; x_wconf 87' lang='lat' dir='ltr'>ex</span> <span class='ocrx_word' id='word_1_182' title='bbox 1669 1995 1731 2046; x_wconf 92' lang='lat' dir='ltr'>toto</span> <span class='ocrx_word' id='word_1_183' title='bbox 1747 1984 1822 2065; x_wconf 74' lang='lat' dir='ltr'>oepit</span> 
     </span>
     <span class='ocr_line' id='line_1_17' title="bbox 395 2066 1821 2153; baseline 0 -22"><span class='ocrx_word' id='word_1_184' title='bbox 395 2073 428 2132; x_wconf 92' lang='lat' dir='ltr'>in</span> <span class='ocrx_word' id='word_1_185' title='bbox 442 2089 476 2132; x_wconf 88' lang='lat' dir='ltr'>ae</span> <span class='ocrx_word' id='word_1_186' title='bbox 490 2071 621 2130; x_wconf 81' lang='lat' dir='ltr'>sentiret</span> <span class='ocrx_word' id='word_1_187' title='bbox 655 2069 735 2130; x_wconf 84' lang='lat' dir='ltr'>Nem</span> <span class='ocrx_word' id='word_1_188' title='bbox 751 2066 833 2150; x_wconf 88' lang='lat' dir='ltr'>quod</span> <span class='ocrx_word' id='word_1_189' title='bbox 846 2070 966 2128; x_wconf 78' lang='lat' dir='ltr'>scutarii</span> <span class='ocrx_word' id='word_1_190' title='bbox 981 2068 1094 2140; x_wconf 87' lang='lat' dir='ltr'>volunt,</span> <span class='ocrx_word' id='word_1_191' title='bbox 1149 2072 1316 2132; x_wconf 76' lang='lat' dir='ltr'>destruitur</span> <span class='ocrx_word' id='word_1_192' title='bbox 1338 2072 1441 2151; x_wconf 91' lang='lat' dir='ltr'>opinio</span> <span class='ocrx_word' id='word_1_193' title='bbox 1462 2073 1669 2151; x_wconf 82' lang='lat' dir='ltr'>quorundam,</span> <span class='ocrx_word' id='word_1_194' title='bbox 1691 2073 1744 2153; x_wconf 88' lang='lat' dir='ltr'>qui</span> <span class='ocrx_word' id='word_1_195' title='bbox 1757 2077 1821 2152; x_wconf 66' lang='lat' dir='ltr'>pub</span> 
     </span>
     <span class='ocr_line' id='line_1_18' title="bbox 303 2150 1821 2238; baseline 0 -20"><span class='ocrx_word' id='word_1_196' title='bbox 303 2165 305 2171; x_wconf 84' lang='lat'>&#39;</span> <span class='ocrx_word' id='word_1_197' title='bbox 394 2177 451 2218; x_wconf 84' lang='lat' dir='ltr'>nee</span> <span class='ocrx_word' id='word_1_198' title='bbox 478 2178 497 2217; x_wconf 88' lang='lat' dir='ltr'>a</span> <span class='ocrx_word' id='word_1_199' title='bbox 526 2156 586 2217; x_wconf 83' lang='lat' dir='ltr'>fide</span> <span class='ocrx_word' id='word_1_200' title='bbox 617 2155 772 2230; x_wconf 82' lang='lat' dir='ltr'>fiduciam,</span> <span class='ocrx_word' id='word_1_201' title='bbox 801 2175 857 2215; x_wconf 92' lang='lat' dir='ltr'>nec</span> <span class='ocrx_word' id='word_1_202' title='bbox 886 2155 924 2216; x_wconf 87' lang='lat' dir='ltr'>ab</span> <span class='ocrx_word' id='word_1_203' title='bbox 955 2154 1095 2215; x_wconf 79' lang='lat' dir='ltr'>utralibet</span> <span class='ocrx_word' id='word_1_204' title='bbox 1147 2165 1233 2229; x_wconf 89' lang='lat' dir='ltr'>runt,</span> <span class='ocrx_word' id='word_1_205' title='bbox 1254 2160 1396 2238; x_wconf 90' lang='lat' dir='ltr'>antiquos</span> <span class='ocrx_word' id='word_1_206' title='bbox 1415 2159 1513 2237; x_wconf 89' lang='lat' dir='ltr'>justos</span> <span class='ocrx_word' id='word_1_207' title='bbox 1536 2167 1606 2220; x_wconf 90' lang='lat' dir='ltr'>ente</span> <span class='ocrx_word' id='word_1_208' title='bbox 1628 2159 1731 2238; x_wconf 88' lang='lat' dir='ltr'>legem</span> <span class='ocrx_word' id='word_1_209' title='bbox 1744 2150 1821 2218; x_wconf 80' lang='lat' dir='ltr'>strui</span> 
     </span>
     <span class='ocr_line' id='line_1_19' title="bbox 396 2239 1820 2326; baseline 0 -21"><span class='ocrx_word' id='word_1_210' title='bbox 396 2263 490 2324; x_wconf 84' lang='lat' dir='ltr'>opere</span> <span class='ocrx_word' id='word_1_211' title='bbox 505 2244 584 2305; x_wconf 85' lang='lat' dir='ltr'>bona</span> <span class='ocrx_word' id='word_1_212' title='bbox 598 2263 687 2325; x_wconf 86' lang='lat' dir='ltr'>posse</span> <span class='ocrx_word' id='word_1_213' title='bbox 702 2243 765 2305; x_wconf 89' lang='lat' dir='ltr'>ulla</span> <span class='ocrx_word' id='word_1_214' title='bbox 786 2244 901 2302; x_wconf 90' lang='lat' dir='ltr'>ratione</span> <span class='ocrx_word' id='word_1_215' title='bbox 916 2242 1032 2317; x_wconf 84' lang='lat' dir='ltr'>divelli,</span> <span class='ocrx_word' id='word_1_216' title='bbox 1056 2239 1095 2301; x_wconf 92' lang='lat' dir='ltr'>ed</span> <span class='ocrx_word' id='word_1_217' title='bbox 1148 2244 1216 2323; x_wconf 87' lang='lat' dir='ltr'>lege</span> <span class='ocrx_word' id='word_1_218' title='bbox 1243 2265 1301 2306; x_wconf 93' lang='lat' dir='ltr'>non</span> <span class='ocrx_word' id='word_1_219' title='bbox 1325 2244 1465 2306; x_wconf 86' lang='lat' dir='ltr'>babuisse</span> <span class='ocrx_word' id='word_1_220' title='bbox 1486 2245 1578 2307; x_wconf 82' lang='lat' dir='ltr'>fidem</span> <span class='ocrx_word' id='word_1_221' title='bbox 1602 2246 1774 2326; x_wconf 84' lang='lat' dir='ltr'>explicitum</span> <span class='ocrx_word' id='word_1_222' title='bbox 1786 2246 1820 2305; x_wconf 70' lang='lat' dir='ltr'>ia</span> 
     </span>
     <span class='ocr_line' id='line_1_20' title="bbox 396 2328 1821 2412; baseline 0 -20"><span class='ocrx_word' id='word_1_223' title='bbox 396 2329 537 2392; x_wconf 88' lang='lat' dir='ltr'>damnate</span> <span class='ocrx_word' id='word_1_224' title='bbox 552 2351 654 2392; x_wconf 90' lang='lat' dir='ltr'>eorum</span> <span class='ocrx_word' id='word_1_225' title='bbox 669 2329 812 2412; x_wconf 75' lang='lat' dir='ltr'>dogmate</span> <span class='ocrx_word' id='word_1_226' title='bbox 827 2332 966 2409; x_wconf 84' lang='lat' dir='ltr'>pertinet</span> <span class='ocrx_word' id='word_1_227' title='bbox 1148 2331 1337 2392; x_wconf 81' lang='lat' dir='ltr'>mortalitatis</span> <span class='ocrx_word' id='word_1_228' title='bbox 1358 2333 1540 2408; x_wconf 85' lang='lat' dir='ltr'>animarum,</span> <span class='ocrx_word' id='word_1_229' title='bbox 1562 2354 1600 2394; x_wconf 84' lang='lat' dir='ltr'>ec</span> <span class='ocrx_word' id='word_1_230' title='bbox 1620 2328 1821 2396; x_wconf 64' lang='lat' dir='ltr'>resurrectioni</span> 
     </span>
     <span class='ocr_line' id='line_1_21' title="bbox 440 2416 1820 2498; baseline 0.002 -20"><span class='ocrx_word' id='word_1_231' title='bbox 440 2418 558 2498; x_wconf 81' lang='lat' dir='ltr'>Quaeri</span> <span class='ocrx_word' id='word_1_232' title='bbox 581 2421 670 2479; x_wconf 92' lang='lat' dir='ltr'>etiem</span> <span class='ocrx_word' id='word_1_233' title='bbox 691 2418 783 2490; x_wconf 86' lang='lat' dir='ltr'>solet,</span> <span class='ocrx_word' id='word_1_234' title='bbox 806 2437 846 2478; x_wconf 92' lang='lat' dir='ltr'>an</span> <span class='ocrx_word' id='word_1_235' title='bbox 862 2416 1025 2496; x_wconf 83' lang='lat' dir='ltr'>Apostolus</span> <span class='ocrx_word' id='word_1_236' title='bbox 1048 2416 1095 2477; x_wconf 90' lang='lat' dir='ltr'>bis</span> <span class='ocrx_word' id='word_1_237' title='bbox 1148 2437 1321 2498; x_wconf 89' lang='lat' dir='ltr'>corporum,</span> <span class='ocrx_word' id='word_1_238' title='bbox 1345 2427 1376 2479; x_wconf 89' lang='lat' dir='ltr'>et</span> <span class='ocrx_word' id='word_1_239' title='bbox 1390 2421 1509 2482; x_wconf 90' lang='lat' dir='ltr'>omnino</span> <span class='ocrx_word' id='word_1_240' title='bbox 1531 2419 1740 2483; x_wconf 77' lang='lat' dir='ltr'>retributionis</span> <span class='ocrx_word' id='word_1_241' title='bbox 1752 2421 1820 2481; x_wconf 76' lang='lat' dir='ltr'>boat</span> 
     </span>
     <span class='ocr_line' id='line_1_22' title="bbox 398 2502 1820 2588; baseline 0.001 -20"><span class='ocrx_word' id='word_1_242' title='bbox 398 2505 497 2568; x_wconf 83' lang='lat' dir='ltr'>verbis</span> <span class='ocrx_word' id='word_1_243' title='bbox 513 2505 613 2566; x_wconf 89' lang='lat' dir='ltr'>tredat</span> <span class='ocrx_word' id='word_1_244' title='bbox 630 2503 835 2566; x_wconf 83' lang='lat' dir='ltr'>definitionem</span> <span class='ocrx_word' id='word_1_245' title='bbox 850 2502 936 2577; x_wconf 82' lang='lat' dir='ltr'>fidei,</span> <span class='ocrx_word' id='word_1_246' title='bbox 960 2513 990 2565; x_wconf 89' lang='lat' dir='ltr'>et</span> <span class='ocrx_word' id='word_1_247' title='bbox 1005 2524 1044 2564; x_wconf 93' lang='lat' dir='ltr'>en</span> <span class='ocrx_word' id='word_1_248' title='bbox 1059 2523 1096 2563; x_wconf 82' lang='lat' dir='ltr'>ee</span> <span class='ocrx_word' id='word_1_249' title='bbox 1127 2533 1129 2537; x_wconf 34' lang='lat' dir='ltr'>v</span> <span class='ocrx_word' id='word_1_250' title='bbox 1147 2525 1213 2564; x_wconf 89' lang='lat' dir='ltr'>rum</span> <span class='ocrx_word' id='word_1_251' title='bbox 1236 2513 1265 2565; x_wconf 91' lang='lat' dir='ltr'>et</span> <span class='ocrx_word' id='word_1_252' title='bbox 1292 2504 1438 2565; x_wconf 87' lang='lat' dir='ltr'>malorum</span> <span class='ocrx_word' id='word_1_253' title='bbox 1466 2518 1536 2588; x_wconf 87' lang='lat' dir='ltr'>poet</span> <span class='ocrx_word' id='word_1_254' title='bbox 1558 2506 1636 2568; x_wconf 83' lang='lat' dir='ltr'>benc</span> <span class='ocrx_word' id='word_1_255' title='bbox 1659 2511 1763 2586; x_wconf 78' lang='lat' dir='ltr'>ritem3</span> <span class='ocrx_word' id='word_1_256' title='bbox 1783 2523 1820 2587; x_wconf 78' lang='lat' dir='ltr'>pst</span> 
     </span>
     <span class='ocr_line' id='line_1_23' title="bbox 399 2591 1819 2675; baseline 0 -20"><span class='ocrx_word' id='word_1_257' title='bbox 399 2594 558 2655; x_wconf 72' lang='lat' dir='ltr'>conmutat</span> <span class='ocrx_word' id='word_1_258' title='bbox 583 2592 640 2654; x_wconf 90' lang='lat' dir='ltr'>soli</span> <span class='ocrx_word' id='word_1_259' title='bbox 669 2591 740 2652; x_wconf 81' lang='lat' dir='ltr'>fidei</span> <span class='ocrx_word' id='word_1_260' title='bbox 765 2591 921 2651; x_wconf 78' lang='lat' dir='ltr'>formatae.</span> <span class='ocrx_word' id='word_1_261' title='bbox 960 2591 1096 2651; x_wconf 83' lang='lat' dir='ltr'>Breviter</span> <span class='ocrx_word' id='word_1_262' title='bbox 1148 2602 1322 2671; x_wconf 80' lang='lat' dir='ltr'>argumento</span> <span class='ocrx_word' id='word_1_263' title='bbox 1339 2602 1505 2668; x_wconf 86' lang='lat' dir='ltr'>sumentes,</span> <span class='ocrx_word' id='word_1_264' title='bbox 1533 2595 1616 2675; x_wconf 90' lang='lat' dir='ltr'>quod</span> <span class='ocrx_word' id='word_1_265' title='bbox 1631 2593 1669 2655; x_wconf 90' lang='lat' dir='ltr'>de</span> <span class='ocrx_word' id='word_1_266' title='bbox 1684 2595 1730 2656; x_wconf 91' lang='lat' dir='ltr'>bis</span> <span class='ocrx_word' id='word_1_267' title='bbox 1744 2592 1819 2655; x_wconf 67' lang='lat' dir='ltr'>edne</span> 
     </span>
     <span class='ocr_line' id='line_1_24' title="bbox 398 2677 1822 2763; baseline 0.002 -19"><span class='ocrx_word' id='word_1_268' title='bbox 398 2678 584 2761; x_wconf 75' lang='lat' dir='ltr'>respondeo,</span> <span class='ocrx_word' id='word_1_269' title='bbox 607 2699 668 2739; x_wconf 93' lang='lat' dir='ltr'>non</span> <span class='ocrx_word' id='word_1_270' title='bbox 683 2687 743 2739; x_wconf 90' lang='lat' dir='ltr'>tem</span> <span class='ocrx_word' id='word_1_271' title='bbox 763 2677 982 2753; x_wconf 89' lang='lat' dir='ltr'>definitionem,</span> <span class='ocrx_word' id='word_1_272' title='bbox 1004 2696 1095 2758; x_wconf 86' lang='lat' dir='ltr'>quem</span> <span class='ocrx_word' id='word_1_273' title='bbox 1149 2677 1218 2739; x_wconf 94' lang='lat' dir='ltr'>dum</span> <span class='ocrx_word' id='word_1_274' title='bbox 1235 2677 1361 2740; x_wconf 91' lang='lat' dir='ltr'>obscure</span> <span class='ocrx_word' id='word_1_275' title='bbox 1382 2680 1482 2741; x_wconf 81' lang='lat' dir='ltr'>Moses</span> <span class='ocrx_word' id='word_1_276' title='bbox 1505 2688 1536 2742; x_wconf 91' lang='lat' dir='ltr'>et</span> <span class='ocrx_word' id='word_1_277' title='bbox 1551 2683 1664 2742; x_wconf 89' lang='lat' dir='ltr'>ceeteri</span> <span class='ocrx_word' id='word_1_278' title='bbox 1678 2681 1822 2763; x_wconf 72' lang='lat' dir='ltr'>Propius·</span> 
     </span>
     <span class='ocr_line' id='line_1_25' title="bbox 398 2763 1821 2846; baseline 0 -17"><span class='ocrx_word' id='word_1_279' title='bbox 398 2767 632 2846; x_wconf 72' lang='lat' dir='ltr'>descriptionem</span> <span class='ocrx_word' id='word_1_280' title='bbox 657 2785 711 2827; x_wconf 90' lang='lat' dir='ltr'>seu</span> <span class='ocrx_word' id='word_1_281' title='bbox 736 2765 920 2830; x_wconf 87' lang='lat' dir='ltr'>notationem</span> <span class='ocrx_word' id='word_1_282' title='bbox 943 2763 1094 2844; x_wconf 83' lang='lat' dir='ltr'>quendam</span> <span class='ocrx_word' id='word_1_283' title='bbox 1149 2767 1180 2825; x_wconf 92' lang='lat' dir='ltr'>in</span> <span class='ocrx_word' id='word_1_284' title='bbox 1194 2768 1258 2826; x_wconf 86' lang='lat' dir='ltr'>auis</span> <span class='ocrx_word' id='word_1_285' title='bbox 1272 2765 1360 2826; x_wconf 91' lang='lat' dir='ltr'>libris</span> <span class='ocrx_word' id='word_1_286' title='bbox 1375 2766 1470 2827; x_wconf 90' lang='lat' dir='ltr'>locuti</span> <span class='ocrx_word' id='word_1_287' title='bbox 1482 2770 1550 2841; x_wconf 83' lang='lat' dir='ltr'>sint,</span> <span class='ocrx_word' id='word_1_288' title='bbox 1567 2770 1628 2827; x_wconf 92' lang='lat' dir='ltr'>imo</span> <span class='ocrx_word' id='word_1_289' title='bbox 1646 2775 1678 2829; x_wconf 89' lang='lat' dir='ltr'>et</span> <span class='ocrx_word' id='word_1_290' title='bbox 1692 2767 1821 2829; x_wconf 74' lang='lat' dir='ltr'>dubius·</span> 
     </span>
     <span class='ocr_line' id='line_1_26' title="bbox 398 2851 1820 2934; baseline 0.001 -17"><span class='ocrx_word' id='word_1_291' title='bbox 398 2854 468 2917; x_wconf 83' lang='lat' dir='ltr'>fidei</span> <span class='ocrx_word' id='word_1_292' title='bbox 479 2853 526 2913; x_wconf 86' lang='lat' dir='ltr'>bia</span> <span class='ocrx_word' id='word_1_293' title='bbox 538 2851 676 2934; x_wconf 79' lang='lat' dir='ltr'>Apostoli</span> <span class='ocrx_word' id='word_1_294' title='bbox 686 2852 786 2913; x_wconf 81' lang='lat' dir='ltr'>verbis</span> <span class='ocrx_word' id='word_1_295' title='bbox 798 2851 958 2929; x_wconf 78' lang='lat' dir='ltr'>contineri3</span> <span class='ocrx_word' id='word_1_296' title='bbox 974 2852 1095 2911; x_wconf 89' lang='lat' dir='ltr'>temetsi</span> <span class='ocrx_word' id='word_1_297' title='bbox 1149 2851 1286 2915; x_wconf 89' lang='lat' dir='ltr'>nonnulli</span> <span class='ocrx_word' id='word_1_298' title='bbox 1312 2873 1412 2914; x_wconf 91' lang='lat' dir='ltr'>eorum</span> <span class='ocrx_word' id='word_1_299' title='bbox 1433 2856 1611 2930; x_wconf 72' lang='lat' dir='ltr'>rideantur,</span> <span class='ocrx_word' id='word_1_300' title='bbox 1639 2863 1674 2916; x_wconf 92' lang='lat' dir='ltr'>ut</span> <span class='ocrx_word' id='word_1_301' title='bbox 1695 2855 1755 2918; x_wconf 86' lang='lat' dir='ltr'>Job</span> <span class='ocrx_word' id='word_1_302' title='bbox 1773 2870 1820 2934; x_wconf 72' lang='lat' dir='ltr'>esp</span> 
     </span>
     <span class='ocr_line' id='line_1_27' title="bbox 400 2938 1819 3021; baseline 0.001 -18"><span class='ocrx_word' id='word_1_303' title='bbox 400 2941 603 3003; x_wconf 79' lang='lat' dir='ltr'>definitionem</span> <span class='ocrx_word' id='word_1_304' title='bbox 626 2950 737 3000; x_wconf 81' lang='lat' dir='ltr'>vocent</span> <span class='ocrx_word' id='word_1_305' title='bbox 751 2939 973 3018; x_wconf 85' lang='lat' dir='ltr'>Hieronymus,</span> <span class='ocrx_word' id='word_1_306' title='bbox 996 2938 1095 2998; x_wconf 84' lang='lat' dir='ltr'>Theo·</span> <span class='ocrx_word' id='word_1_307' title='bbox 1150 2941 1219 3013; x_wconf 67' lang='lat'>21„</span> <span class='ocrx_word' id='word_1_308' title='bbox 1244 2940 1347 3002; x_wconf 85' lang='lat' dir='ltr'>David</span> <span class='ocrx_word' id='word_1_309' title='bbox 1368 2941 1479 3002; x_wconf 88' lang='lat' dir='ltr'>Psalm.</span> <span class='ocrx_word' id='word_1_310' title='bbox 1496 2945 1545 3002; x_wconf 73' lang='lat' dir='ltr'>st.</span> <span class='ocrx_word' id='word_1_311' title='bbox 1568 2951 1602 3003; x_wconf 92' lang='lat' dir='ltr'>et</span> <span class='ocrx_word' id='word_1_312' title='bbox 1616 2941 1819 3021; x_wconf 75' lang='lat' dir='ltr'>deremiasup</span> 
     </span>
     <span class='ocr_line' id='line_1_28' title="bbox 398 3022 1820 3111; baseline 0.001 -22"><span class='ocrx_word' id='word_1_313' title='bbox 398 3031 520 3090; x_wconf 86' lang='lat' dir='ltr'>doretus</span> <span class='ocrx_word' id='word_1_314' title='bbox 543 3036 575 3088; x_wconf 92' lang='lat' dir='ltr'>et</span> <span class='ocrx_word' id='word_1_315' title='bbox 598 3025 864 3107; x_wconf 79' lang='lat' dir='ltr'>Theopbylectus,</span> <span class='ocrx_word' id='word_1_316' title='bbox 891 3044 927 3085; x_wconf 93' lang='lat' dir='ltr'>eo</span> <span class='ocrx_word' id='word_1_317' title='bbox 952 3024 1034 3104; x_wconf 92' lang='lat' dir='ltr'>quod</span> <span class='ocrx_word' id='word_1_318' title='bbox 1056 3024 1096 3084; x_wconf 95' lang='lat' dir='ltr'>ed</span> <span class='ocrx_word' id='word_1_319' title='bbox 1152 3028 1218 3086; x_wconf 70' lang='lat'>12:</span> <span class='ocrx_word' id='word_1_320' title='bbox 1252 3028 1365 3107; x_wconf 84' lang='lat' dir='ltr'>quibua</span> <span class='ocrx_word' id='word_1_321' title='bbox 1381 3028 1455 3088; x_wconf 87' lang='lat' dir='ltr'>loeis</span> <span class='ocrx_word' id='word_1_322' title='bbox 1470 3029 1584 3110; x_wconf 88' lang='lat' dir='ltr'>legitur</span> <span class='ocrx_word' id='word_1_323' title='bbox 1602 3049 1706 3091; x_wconf 89' lang='lat' dir='ltr'>eorum</span> <span class='ocrx_word' id='word_1_324' title='bbox 1721 3022 1820 3111; x_wconf 64' lang='lat' dir='ltr'>quereb</span> 
     </span>
     <span class='ocr_line' id='line_1_29' title="bbox 401 3111 1819 3197; baseline 0.001 -21"><span class='ocrx_word' id='word_1_325' title='bbox 401 3133 504 3177; x_wconf 85' lang='lat' dir='ltr'>reram</span> <span class='ocrx_word' id='word_1_326' title='bbox 529 3115 675 3174; x_wconf 77' lang='lat' dir='ltr'>rationem</span> <span class='ocrx_word' id='word_1_327' title='bbox 700 3113 770 3173; x_wconf 87' lang='lat' dir='ltr'>lidei</span> <span class='ocrx_word' id='word_1_328' title='bbox 798 3111 1012 3173; x_wconf 79' lang='lat' dir='ltr'>notificandam</span> <span class='ocrx_word' id='word_1_329' title='bbox 1041 3112 1095 3171; x_wconf 92' lang='lat' dir='ltr'>im·</span> <span class='ocrx_word' id='word_1_330' title='bbox 1150 3121 1264 3174; x_wconf 91' lang='lat' dir='ltr'>etcum</span> <span class='ocrx_word' id='word_1_331' title='bbox 1279 3114 1347 3175; x_wconf 90' lang='lat' dir='ltr'>Deo</span> <span class='ocrx_word' id='word_1_332' title='bbox 1370 3115 1520 3195; x_wconf 87' lang='lat' dir='ltr'>quaedam</span> <span class='ocrx_word' id='word_1_333' title='bbox 1538 3117 1819 3197; x_wconf 68' lang='lat' dir='ltr'>expeculatores</span> 
     </span>
     <span class='ocr_line' id='line_1_30' title="bbox 402 3196 1818 3284; baseline 0.002 -22"><span class='ocrx_word' id='word_1_334' title='bbox 402 3201 507 3284; x_wconf 86' lang='lat' dir='ltr'>primia</span> <span class='ocrx_word' id='word_1_335' title='bbox 521 3200 638 3277; x_wconf 77' lang='lat' dir='ltr'>veleat3</span> <span class='ocrx_word' id='word_1_336' title='bbox 661 3197 786 3272; x_wconf 87' lang='lat' dir='ltr'>deinde,</span> <span class='ocrx_word' id='word_1_337' title='bbox 801 3220 863 3260; x_wconf 90' lang='lat' dir='ltr'>non</span> <span class='ocrx_word' id='word_1_338' title='bbox 877 3197 972 3259; x_wconf 88' lang='lat' dir='ltr'>solem</span> <span class='ocrx_word' id='word_1_339' title='bbox 986 3196 1094 3259; x_wconf 79' lang='lat' dir='ltr'>forma·</span> <span class='ocrx_word' id='word_1_340' title='bbox 1148 3201 1309 3278; x_wconf 90' lang='lat' dir='ltr'>impiorum</span> <span class='ocrx_word' id='word_1_341' title='bbox 1323 3203 1523 3282; x_wconf 77' lang='lat' dir='ltr'>prosperitate</span> <span class='ocrx_word' id='word_1_342' title='bbox 1548 3211 1578 3262; x_wconf 92' lang='lat' dir='ltr'>et</span> <span class='ocrx_word' id='word_1_343' title='bbox 1597 3204 1715 3283; x_wconf 89' lang='lat' dir='ltr'>piorum</span> <span class='ocrx_word' id='word_1_344' title='bbox 1729 3215 1818 3265; x_wconf 73' lang='lat' dir='ltr'>seru·</span> 
     </span>
     <span class='ocr_line' id='line_1_31' title="bbox 400 3280 1822 3370; baseline 0.002 -21"><span class='ocrx_word' id='word_1_345' title='bbox 400 3300 460 3349; x_wconf 89' lang='lat' dir='ltr'>tem</span> <span class='ocrx_word' id='word_1_346' title='bbox 476 3287 575 3362; x_wconf 87' lang='lat' dir='ltr'>fidem,</span> <span class='ocrx_word' id='word_1_347' title='bbox 589 3285 643 3347; x_wconf 90' lang='lat' dir='ltr'>sed</span> <span class='ocrx_word' id='word_1_348' title='bbox 659 3288 748 3346; x_wconf 87' lang='lat' dir='ltr'>etiam</span> <span class='ocrx_word' id='word_1_349' title='bbox 763 3287 919 3346; x_wconf 82' lang='lat' dir='ltr'>informem</span> <span class='ocrx_word' id='word_1_350' title='bbox 934 3306 970 3345; x_wconf 90' lang='lat' dir='ltr'>ee</span> <span class='ocrx_word' id='word_1_351' title='bbox 984 3284 1094 3346; x_wconf 90' lang='lat' dir='ltr'>descri-</span> <span class='ocrx_word' id='word_1_352' title='bbox 1149 3289 1205 3359; x_wconf 88' lang='lat' dir='ltr'>nia,</span> <span class='ocrx_word' id='word_1_353' title='bbox 1221 3286 1332 3366; x_wconf 89' lang='lat' dir='ltr'>quibus</span> <span class='ocrx_word' id='word_1_354' title='bbox 1344 3287 1382 3348; x_wconf 86' lang='lat' dir='ltr'>ab</span> <span class='ocrx_word' id='word_1_355' title='bbox 1395 3288 1493 3370; x_wconf 89' lang='lat' dir='ltr'>impiis</span> <span class='ocrx_word' id='word_1_356' title='bbox 1510 3290 1725 3370; x_wconf 89' lang='lat' dir='ltr'>opprimuntur.</span> <span class='ocrx_word' id='word_1_357' title='bbox 1746 3280 1822 3369; x_wconf 71' lang='lat' dir='ltr'>int</span> 
     </span>
     <span class='ocr_line' id='line_1_32' title="bbox 399 3366 1819 3457; baseline -0.001 -21"><span class='ocrx_word' id='word_1_358' title='bbox 399 3378 503 3457; x_wconf 89' lang='lat' dir='ltr'>ptione</span> <span class='ocrx_word' id='word_1_359' title='bbox 511 3372 732 3454; x_wconf 88' lang='lat' dir='ltr'>comprehendi.</span> <span class='ocrx_word' id='word_1_360' title='bbox 756 3371 845 3452; x_wconf 80' lang='lat' dir='ltr'>Quod</span> <span class='ocrx_word' id='word_1_361' title='bbox 857 3370 995 3432; x_wconf 79' lang='lat' dir='ltr'>fecileex</span> <span class='ocrx_word' id='word_1_362' title='bbox 1008 3372 1096 3432; x_wconf 89' lang='lat' dir='ltr'>dictis</span> <span class='ocrx_word' id='word_1_363' title='bbox 1149 3372 1242 3447; x_wconf 92' lang='lat' dir='ltr'>nibil,</span> <span class='ocrx_word' id='word_1_364' title='bbox 1271 3381 1306 3433; x_wconf 89' lang='lat' dir='ltr'>ut</span> <span class='ocrx_word' id='word_1_365' title='bbox 1320 3377 1414 3453; x_wconf 86' lang='lat' dir='ltr'>ajunt,</span> <span class='ocrx_word' id='word_1_366' title='bbox 1439 3375 1477 3435; x_wconf 91' lang='lat' dir='ltr'>eb</span> <span class='ocrx_word' id='word_1_367' title='bbox 1493 3377 1530 3437; x_wconf 86' lang='lat' dir='ltr'>iis</span> <span class='ocrx_word' id='word_1_368' title='bbox 1545 3375 1738 3449; x_wconf 85' lang='lat' dir='ltr'>scriberetur,</span> <span class='ocrx_word' id='word_1_369' title='bbox 1761 3366 1819 3455; x_wconf 71' lang='lat' dir='ltr'>spel</span> 
     </span>
     <span class='ocr_line' id='line_1_33' title="bbox 399 3459 1817 3543; baseline -0.005 -19"><span class='ocrx_word' id='word_1_370' title='bbox 399 3459 531 3539; x_wconf 77' lang='lat' dir='ltr'>intelligi</span> <span class='ocrx_word' id='word_1_371' title='bbox 545 3468 655 3541; x_wconf 89' lang='lat' dir='ltr'>potest.</span> <span class='ocrx_word' id='word_1_372' title='bbox 692 3459 757 3519; x_wconf 83' lang='lat' dir='ltr'>Nec</span> <span class='ocrx_word' id='word_1_373' title='bbox 778 3461 878 3520; x_wconf 89' lang='lat' dir='ltr'>obstet</span> <span class='ocrx_word' id='word_1_374' title='bbox 897 3461 1027 3520; x_wconf 87' lang='lat' dir='ltr'>strictior</span> <span class='ocrx_word' id='word_1_375' title='bbox 1047 3479 1095 3517; x_wconf 86' lang='lat' dir='ltr'>ac·</span> <span class='ocrx_word' id='word_1_376' title='bbox 1150 3479 1228 3539; x_wconf 87' lang='lat' dir='ltr'>quos</span> <span class='ocrx_word' id='word_1_377' title='bbox 1245 3461 1362 3540; x_wconf 85' lang='lat' dir='ltr'>vigeret</span> <span class='ocrx_word' id='word_1_378' title='bbox 1384 3460 1460 3521; x_wconf 82' lang='lat' dir='ltr'>fides</span> <span class='ocrx_word' id='word_1_379' title='bbox 1483 3463 1666 3525; x_wconf 80' lang='lat' dir='ltr'>universalis</span> <span class='ocrx_word' id='word_1_380' title='bbox 1685 3461 1817 3543; x_wconf 72' lang='lat' dir='ltr'>judiciis</span> 
     </span>
     <span class='ocr_line' id='line_1_34' title="bbox 401 3544 1817 3631; baseline -0.002 -21"><span class='ocrx_word' id='word_1_381' title='bbox 401 3548 504 3628; x_wconf 89' lang='lat' dir='ltr'>ceptio</span> <span class='ocrx_word' id='word_1_382' title='bbox 519 3545 589 3608; x_wconf 82' lang='lat' dir='ltr'>fidoi</span> <span class='ocrx_word' id='word_1_383' title='bbox 604 3548 635 3607; x_wconf 92' lang='lat' dir='ltr'>in</span> <span class='ocrx_word' id='word_1_384' title='bbox 651 3546 702 3605; x_wconf 87' lang='lat' dir='ltr'>illa</span> <span class='ocrx_word' id='word_1_385' title='bbox 716 3548 866 3607; x_wconf 88' lang='lat' dir='ltr'>sententia</span> <span class='ocrx_word' id='word_1_386' title='bbox 880 3544 1095 3626; x_wconf 83' lang='lat' dir='ltr'>praecedente:</span> <span class='ocrx_word' id='word_1_387' title='bbox 1149 3545 1357 3610; x_wconf 88' lang='lat' dir='ltr'>retributionis</span> <span class='ocrx_word' id='word_1_388' title='bbox 1382 3548 1476 3608; x_wconf 79' lang='lat' dir='ltr'>futuri</span> <span class='ocrx_word' id='word_1_389' title='bbox 1501 3547 1626 3610; x_wconf 87' lang='lat' dir='ltr'>saeculi.</span> <span class='ocrx_word' id='word_1_390' title='bbox 1664 3550 1758 3631; x_wconf 82' lang='lat' dir='ltr'>Quasi</span> <span class='ocrx_word' id='word_1_391' title='bbox 1778 3559 1817 3607; x_wconf 79' lang='lat' dir='ltr'>stt</span> 
     </span>
     <span class='ocr_line' id='line_1_35' title="bbox 399 3632 1818 3718; baseline 0.001 -22"><span class='ocrx_word' id='word_1_392' title='bbox 399 3641 515 3701; x_wconf 80' lang='lat' dir='ltr'>Justus</span> <span class='ocrx_word' id='word_1_393' title='bbox 530 3641 637 3694; x_wconf 78' lang='lat' dir='ltr'>erstem</span> <span class='ocrx_word' id='word_1_394' title='bbox 659 3651 745 3693; x_wconf 67' lang='lat' dir='ltr'>mess</span> <span class='ocrx_word' id='word_1_395' title='bbox 766 3650 804 3693; x_wconf 79' lang='lat' dir='ltr'>ex</span> <span class='ocrx_word' id='word_1_396' title='bbox 825 3632 889 3709; x_wconf 74' lang='lat' dir='ltr'>fide</span> <span class='ocrx_word' id='word_1_397' title='bbox 911 3634 1010 3710; x_wconf 78' lang='lat' dir='ltr'>oioit,·</span> <span class='ocrx_word' id='word_1_398' title='bbox 1043 3634 1095 3694; x_wconf 88' lang='lat' dir='ltr'>ubi</span> <span class='ocrx_word' id='word_1_399' title='bbox 1151 3641 1270 3693; x_wconf 83' lang='lat' dir='ltr'>exstent</span> <span class='ocrx_word' id='word_1_400' title='bbox 1291 3635 1322 3696; x_wconf 93' lang='lat' dir='ltr'>in</span> <span class='ocrx_word' id='word_1_401' title='bbox 1344 3633 1430 3696; x_wconf 88' lang='lat' dir='ltr'>libris</span> <span class='ocrx_word' id='word_1_402' title='bbox 1454 3635 1677 3717; x_wconf 70' lang='lat' dir='ltr'>Prophetarum</span> <span class='ocrx_word' id='word_1_403' title='bbox 1699 3633 1818 3718; x_wconf 71' lang='lat' dir='ltr'>spuet</span> 
     </span>
     <span class='ocr_line' id='line_1_36' title="bbox 400 3717 1816 3801; baseline -0.001 -17"><span class='ocrx_word' id='word_1_404' title='bbox 400 3722 476 3784; x_wconf 81' lang='lat' dir='ltr'>fides</span> <span class='ocrx_word' id='word_1_405' title='bbox 493 3738 576 3801; x_wconf 86' lang='lat' dir='ltr'>spem</span> <span class='ocrx_word' id='word_1_406' title='bbox 590 3739 627 3779; x_wconf 87' lang='lat' dir='ltr'>ac</span> <span class='ocrx_word' id='word_1_407' title='bbox 649 3718 791 3780; x_wconf 86' lang='lat' dir='ltr'>fiduciam</span> <span class='ocrx_word' id='word_1_408' title='bbox 813 3738 881 3779; x_wconf 90' lang='lat' dir='ltr'>cum</span> <span class='ocrx_word' id='word_1_409' title='bbox 895 3718 975 3779; x_wconf 87' lang='lat' dir='ltr'>bona</span> <span class='ocrx_word' id='word_1_410' title='bbox 991 3717 1095 3778; x_wconf 89' lang='lat' dir='ltr'>volun·</span> <span class='ocrx_word' id='word_1_411' title='bbox 1149 3718 1281 3779; x_wconf 87' lang='lat' dir='ltr'>illustria</span> <span class='ocrx_word' id='word_1_412' title='bbox 1296 3722 1467 3782; x_wconf 92' lang='lat' dir='ltr'>testimonie</span> <span class='ocrx_word' id='word_1_413' title='bbox 1482 3724 1708 3786; x_wconf 85' lang='lat' dir='ltr'>resurrectionis</span> <span class='ocrx_word' id='word_1_414' title='bbox 1718 3728 1816 3785; x_wconf 66' lang='lat' dir='ltr'>morter</span> 
     </span>
     <span class='ocr_line' id='line_1_37' title="bbox 399 3801 1816 3889; baseline -0.004 -19"><span class='ocrx_word' id='word_1_415' title='bbox 399 3816 462 3870; x_wconf 83' lang='lat' dir='ltr'>tato</span> <span class='ocrx_word' id='word_1_416' title='bbox 491 3806 681 3885; x_wconf 86' lang='lat' dir='ltr'>conjunctam</span> <span class='ocrx_word' id='word_1_417' title='bbox 708 3804 849 3878; x_wconf 89' lang='lat' dir='ltr'>includit,</span> <span class='ocrx_word' id='word_1_418' title='bbox 878 3812 911 3864; x_wconf 95' lang='lat' dir='ltr'>nt</span> <span class='ocrx_word' id='word_1_419' title='bbox 941 3812 1096 3866; x_wconf 90' lang='lat' dir='ltr'>ostensum</span> <span class='ocrx_word' id='word_1_420' title='bbox 1149 3825 1230 3878; x_wconf 88' lang='lat' dir='ltr'>rum,</span> <span class='ocrx_word' id='word_1_421' title='bbox 1254 3816 1286 3867; x_wconf 94' lang='lat' dir='ltr'>et</span> <span class='ocrx_word' id='word_1_422' title='bbox 1300 3808 1483 3869; x_wconf 89' lang='lat' dir='ltr'>universalis</span> <span class='ocrx_word' id='word_1_423' title='bbox 1495 3810 1621 3888; x_wconf 86' lang='lat' dir='ltr'>judicii,</span> <span class='ocrx_word' id='word_1_424' title='bbox 1644 3801 1816 3889; x_wconf 78' lang='lat' dir='ltr'>vitaequelt·</span> 
     </span>
     <span class='ocr_line' id='line_1_38' title="bbox 401 3890 1816 3976; baseline -0.002 -20"><span class='ocrx_word' id='word_1_425' title='bbox 401 3903 447 3956; x_wconf 88' lang='lat' dir='ltr'>est</span> <span class='ocrx_word' id='word_1_426' title='bbox 462 3892 555 3970; x_wconf 80' lang='lat' dir='ltr'>alibi3</span> <span class='ocrx_word' id='word_1_427' title='bbox 589 3913 660 3953; x_wconf 94' lang='lat' dir='ltr'>nam</span> <span class='ocrx_word' id='word_1_428' title='bbox 675 3891 714 3952; x_wconf 93' lang='lat' dir='ltr'>ed</span> <span class='ocrx_word' id='word_1_429' title='bbox 729 3892 819 3969; x_wconf 88' lang='lat' dir='ltr'>hujus</span> <span class='ocrx_word' id='word_1_430' title='bbox 834 3890 905 3952; x_wconf 84' lang='lat' dir='ltr'>fidei</span> <span class='ocrx_word' id='word_1_431' title='bbox 921 3891 1095 3953; x_wconf 89' lang='lat' dir='ltr'>declaratio·</span> <span class='ocrx_word' id='word_1_432' title='bbox 1150 3900 1244 3954; x_wconf 87' lang='lat' dir='ltr'>turae.</span> <span class='ocrx_word' id='word_1_433' title='bbox 1282 3895 1416 3955; x_wconf 85' lang='lat' dir='ltr'>Tantum</span> <span class='ocrx_word' id='word_1_434' title='bbox 1446 3896 1574 3976; x_wconf 87' lang='lat' dir='ltr'>adjicio,</span> <span class='ocrx_word' id='word_1_435' title='bbox 1608 3898 1701 3959; x_wconf 89' lang='lat' dir='ltr'>etiarn</span> <span class='ocrx_word' id='word_1_436' title='bbox 1729 3894 1816 3956; x_wconf 73' lang='lat' dir='ltr'>ilion!</span> 
     </span>
     <span class='ocr_line' id='line_1_39' title="bbox 398 3971 1816 4062; baseline -0.002 -19"><span class='ocrx_word' id='word_1_437' title='bbox 398 4000 467 4043; x_wconf 89' lang='lat' dir='ltr'>nem</span> <span class='ocrx_word' id='word_1_438' title='bbox 488 3981 663 4060; x_wconf 89' lang='lat' dir='ltr'>cumprimis</span> <span class='ocrx_word' id='word_1_439' title='bbox 685 3978 770 4052; x_wconf 83' lang='lat' dir='ltr'>facit,</span> <span class='ocrx_word' id='word_1_440' title='bbox 801 3979 923 4041; x_wconf 87' lang='lat' dir='ltr'>sibene</span> <span class='ocrx_word' id='word_1_441' title='bbox 946 3981 1097 4059; x_wconf 93' lang='lat' dir='ltr'>cognitum</span> <span class='ocrx_word' id='word_1_442' title='bbox 1150 3978 1339 4041; x_wconf 88' lang='lat' dir='ltr'>saeculorum</span> <span class='ocrx_word' id='word_1_443' title='bbox 1354 3982 1445 4062; x_wconf 87' lang='lat' dir='ltr'>vulgo</span> <span class='ocrx_word' id='word_1_444' title='bbox 1461 4001 1641 4062; x_wconf 85' lang='lat' dir='ltr'>persuasum</span> <span class='ocrx_word' id='word_1_445' title='bbox 1656 3982 1758 4055; x_wconf 84' lang='lat' dir='ltr'>luisse,</span> <span class='ocrx_word' id='word_1_446' title='bbox 1776 3971 1816 4040; x_wconf 56' lang='grc' dir='ltr'>αὖ</span> 
     </span>
     <span class='ocr_line' id='line_1_40' title="bbox 401 4051 1817 4150; baseline 0.001 -21"><span class='ocrx_word' id='word_1_447' title='bbox 401 4074 432 4129; x_wconf 89' lang='lat' dir='ltr'>et</span> <span class='ocrx_word' id='word_1_448' title='bbox 457 4074 644 4149; x_wconf 85' lang='lat' dir='ltr'>perspectum</span> <span class='ocrx_word' id='word_1_449' title='bbox 666 4064 774 4136; x_wconf 78' lang='lat' dir='ltr'>fuerit,</span> <span class='ocrx_word' id='word_1_450' title='bbox 801 4063 875 4147; x_wconf 90' lang='lat' dir='ltr'>quid</span> <span class='ocrx_word' id='word_1_451' title='bbox 900 4067 940 4125; x_wconf 89' lang='lat' dir='ltr'>sit</span> <span class='ocrx_word' id='word_1_452' title='bbox 965 4066 1039 4126; x_wconf 86' lang='lat' dir='ltr'>tides</span> <span class='ocrx_word' id='word_1_453' title='bbox 1065 4066 1097 4125; x_wconf 93' lang='lat' dir='ltr'>in</span> <span class='ocrx_word' id='word_1_454' title='bbox 1150 4086 1214 4126; x_wconf 90' lang='lat' dir='ltr'>mes</span> <span class='ocrx_word' id='word_1_455' title='bbox 1230 4087 1249 4127; x_wconf 91' lang='lat' dir='ltr'>a</span> <span class='ocrx_word' id='word_1_456' title='bbox 1263 4077 1359 4130; x_wconf 90' lang='lat' dir='ltr'>morte</span> <span class='ocrx_word' id='word_1_457' title='bbox 1382 4089 1536 4150; x_wconf 86' lang='lat' dir='ltr'>corporum</span> <span class='ocrx_word' id='word_1_458' title='bbox 1555 4090 1616 4130; x_wconf 91' lang='lat' dir='ltr'>non</span> <span class='ocrx_word' id='word_1_459' title='bbox 1631 4070 1762 4141; x_wconf 84' lang='lat' dir='ltr'>interire,</span> <span class='ocrx_word' id='word_1_460' title='bbox 1781 4051 1817 4125; x_wconf 54' lang='lat' dir='ltr'>d</span> 
     </span>
     <span class='ocr_line' id='line_1_41' title="bbox 402 4150 1815 4235; baseline 0.001 -20"><span class='ocrx_word' id='word_1_461' title='bbox 402 4173 520 4234; x_wconf 84' lang='lat' dir='ltr'>genere.</span> <span class='ocrx_word' id='word_1_462' title='bbox 543 4153 653 4233; x_wconf 87' lang='lat' dir='ltr'>Itaque</span> <span class='ocrx_word' id='word_1_463' title='bbox 675 4155 818 4213; x_wconf 90' lang='lat' dir='ltr'>trensitns</span> <span class='ocrx_word' id='word_1_464' title='bbox 839 4151 962 4232; x_wconf 86' lang='lat' dir='ltr'>quidam</span> <span class='ocrx_word' id='word_1_465' title='bbox 985 4160 1031 4212; x_wconf 91' lang='lat' dir='ltr'>est</span> <span class='ocrx_word' id='word_1_466' title='bbox 1046 4150 1095 4211; x_wconf 92' lang='lat' dir='ltr'>do·</span> <span class='ocrx_word' id='word_1_467' title='bbox 1150 4152 1189 4211; x_wconf 94' lang='lat' dir='ltr'>ed</span> <span class='ocrx_word' id='word_1_468' title='bbox 1205 4152 1317 4214; x_wconf 80' lang='lat' dir='ltr'>inferos</span> <span class='ocrx_word' id='word_1_469' title='bbox 1333 4154 1525 4216; x_wconf 88' lang='lat' dir='ltr'>descendere.</span> <span class='ocrx_word' id='word_1_470' title='bbox 1558 4156 1640 4218; x_wconf 85' lang='lat' dir='ltr'>Nam</span> <span class='ocrx_word' id='word_1_471' title='bbox 1663 4154 1740 4219; x_wconf 89' lang='lat' dir='ltr'>unde</span> <span class='ocrx_word' id='word_1_472' title='bbox 1758 4155 1815 4235; x_wconf 58' lang='lat' dir='ltr'>pt*</span> 
     </span>
     <span class='ocr_line' id='line_1_42' title="bbox 399 4236 1816 4319; baseline -0.001 -17"><span class='ocrx_word' id='word_1_473' title='bbox 399 4242 513 4302; x_wconf 90' lang='lat' dir='ltr'>ctrinee</span> <span class='ocrx_word' id='word_1_474' title='bbox 534 4239 742 4299; x_wconf 89' lang='lat' dir='ltr'>accommodus</span> <span class='ocrx_word' id='word_1_475' title='bbox 765 4259 784 4298; x_wconf 91' lang='lat' dir='ltr'>e</span> <span class='ocrx_word' id='word_1_476' title='bbox 806 4238 907 4317; x_wconf 86' lang='lat' dir='ltr'>specie</span> <span class='ocrx_word' id='word_1_477' title='bbox 930 4237 969 4298; x_wconf 91' lang='lat' dir='ltr'>ad</span> <span class='ocrx_word' id='word_1_478' title='bbox 991 4258 1095 4319; x_wconf 88' lang='lat' dir='ltr'>genus.</span> <span class='ocrx_word' id='word_1_479' title='bbox 1150 4236 1255 4312; x_wconf 88' lang='lat' dir='ltr'>betur,</span> <span class='ocrx_word' id='word_1_480' title='bbox 1271 4261 1324 4302; x_wconf 91' lang='lat' dir='ltr'>eas</span> <span class='ocrx_word' id='word_1_481' title='bbox 1339 4243 1594 4304; x_wconf 78' lang='lat' dir='ltr'>incantationibus</span> <span class='ocrx_word' id='word_1_482' title='bbox 1604 4243 1645 4304; x_wconf 85' lang='lat' dir='ltr'>ab</span> <span class='ocrx_word' id='word_1_483' title='bbox 1661 4243 1816 4305; x_wconf 73' lang='lat' dir='ltr'>interim</span> 
     </span>
     <span class='ocr_line' id='line_1_43' title="bbox 400 4309 1816 4409; baseline 0.003 -21"><span class='ocrx_word' id='word_1_484' title='bbox 400 4326 545 4398; x_wconf 79' lang='lat' dir='ltr'>Caetera,</span> <span class='ocrx_word' id='word_1_485' title='bbox 568 4346 645 4408; x_wconf 87' lang='lat' dir='ltr'>quae</span> <span class='ocrx_word' id='word_1_486' title='bbox 660 4326 699 4386; x_wconf 89' lang='lat' dir='ltr'>ad</span> <span class='ocrx_word' id='word_1_487' title='bbox 714 4333 853 4386; x_wconf 87' lang='lat' dir='ltr'>exactem</span> <span class='ocrx_word' id='word_1_488' title='bbox 868 4325 1096 4406; x_wconf 81' lang='lat' dir='ltr'>intelligentiam</span> <span class='ocrx_word' id='word_1_489' title='bbox 1150 4328 1212 4386; x_wconf 88' lang='lat' dir='ltr'>ceri</span> <span class='ocrx_word' id='word_1_490' title='bbox 1235 4346 1341 4406; x_wconf 90' lang='lat' dir='ltr'>posse,</span> <span class='ocrx_word' id='word_1_491' title='bbox 1368 4330 1425 4389; x_wconf 91' lang='lat' dir='ltr'>nisi</span> <span class='ocrx_word' id='word_1_492' title='bbox 1448 4331 1528 4409; x_wconf 90' lang='lat' dir='ltr'>quod</span> <span class='ocrx_word' id='word_1_493' title='bbox 1551 4328 1744 4392; x_wconf 86' lang='lat' dir='ltr'>crederentur</span> <span class='ocrx_word' id='word_1_494' title='bbox 1760 4309 1816 4406; x_wconf 57' lang='lat' dir='ltr'>qd</span> 
     </span>
     <span class='ocr_line' id='line_1_44' title="bbox 399 4411 1816 4494; baseline 0.003 -19"><span class='ocrx_word' id='word_1_495' title='bbox 399 4413 500 4476; x_wconf 87' lang='lat' dir='ltr'>dictae</span> <span class='ocrx_word' id='word_1_496' title='bbox 526 4414 705 4475; x_wconf 86' lang='lat' dir='ltr'>definitionis</span> <span class='ocrx_word' id='word_1_497' title='bbox 727 4411 798 4472; x_wconf 85' lang='lat' dir='ltr'>fidei</span> <span class='ocrx_word' id='word_1_498' title='bbox 820 4413 988 4492; x_wconf 89' lang='lat' dir='ltr'>pertinent,</span> <span class='ocrx_word' id='word_1_499' title='bbox 1017 4421 1096 4493; x_wconf 91' lang='lat' dir='ltr'>pete,</span> <span class='ocrx_word' id='word_1_500' title='bbox 1150 4411 1262 4473; x_wconf 83' lang='lat' dir='ltr'>inferos</span> <span class='ocrx_word' id='word_1_501' title='bbox 1278 4413 1390 4494; x_wconf 81' lang='lat' dir='ltr'>agere?</span> <span class='ocrx_word' id='word_1_502' title='bbox 1416 4415 1477 4477; x_wconf 84' lang='lat' dir='ltr'>Sed</span> <span class='ocrx_word' id='word_1_503' title='bbox 1492 4417 1579 4477; x_wconf 87' lang='lat' dir='ltr'>istius</span> <span class='ocrx_word' id='word_1_504' title='bbox 1594 4418 1704 4478; x_wconf 90' lang='lat' dir='ltr'>erroris</span> <span class='ocrx_word' id='word_1_505' title='bbox 1718 4421 1816 4490; x_wconf 57' lang='lat' dir='ltr'>etet!</span> 
     </span>
     <span class='ocr_line' id='line_1_45' title="bbox 398 4500 1817 4583; baseline -0.001 -22"><span class='ocrx_word' id='word_1_506' title='bbox 398 4504 424 4563; x_wconf 90' lang='lat' dir='ltr'>si</span> <span class='ocrx_word' id='word_1_507' title='bbox 438 4500 537 4573; x_wconf 90' lang='lat' dir='ltr'>lubet,</span> <span class='ocrx_word' id='word_1_508' title='bbox 552 4500 590 4560; x_wconf 92' lang='lat' dir='ltr'>eb</span> <span class='ocrx_word' id='word_1_509' title='bbox 607 4502 660 4573; x_wconf 88' lang='lat' dir='ltr'>iis,</span> <span class='ocrx_word' id='word_1_510' title='bbox 687 4500 738 4580; x_wconf 90' lang='lat' dir='ltr'>qni</span> <span class='ocrx_word' id='word_1_511' title='bbox 752 4500 936 4578; x_wconf 86' lang='lat' dir='ltr'>scripserunt</span> <span class='ocrx_word' id='word_1_512' title='bbox 951 4500 982 4559; x_wconf 93' lang='lat' dir='ltr'>in</span> <span class='ocrx_word' id='word_1_513' title='bbox 998 4500 1092 4577; x_wconf 86' lang='lat' dir='ltr'>Magi·</span> <span class='ocrx_word' id='word_1_514' title='bbox 1150 4509 1332 4574; x_wconf 88' lang='lat' dir='ltr'>mentorum,</span> <span class='ocrx_word' id='word_1_515' title='bbox 1356 4522 1436 4582; x_wconf 89' lang='lat' dir='ltr'>quae</span> <span class='ocrx_word' id='word_1_516' title='bbox 1450 4524 1505 4583; x_wconf 92' lang='lat' dir='ltr'>pro</span> <span class='ocrx_word' id='word_1_517' title='bbox 1522 4522 1556 4563; x_wconf 90' lang='lat' dir='ltr'>eo</span> <span class='ocrx_word' id='word_1_518' title='bbox 1572 4502 1762 4576; x_wconf 75' lang='lat' dir='ltr'>sdtsmntn,</span> <span class='ocrx_word' id='word_1_519' title='bbox 1778 4508 1817 4559; x_wconf 71' lang='lat' dir='ltr'>fl·</span> 
     </span>
     <span class='ocr_line' id='line_1_46' title="bbox 398 4582 1785 4669; baseline 0.001 -21"><span class='ocrx_word' id='word_1_520' title='bbox 398 4597 493 4649; x_wconf 88' lang='lat' dir='ltr'>strum</span> <span class='ocrx_word' id='word_1_521' title='bbox 508 4586 559 4648; x_wconf 91' lang='lat' dir='ltr'>lib.</span> <span class='ocrx_word' id='word_1_522' title='bbox 576 4587 605 4647; x_wconf 87' lang='grc'>3.</span> <span class='ocrx_word' id='word_1_523' title='bbox 622 4593 696 4647; x_wconf 90' lang='lat' dir='ltr'>sent.</span> <span class='ocrx_word' id='word_1_524' title='bbox 712 4584 780 4647; x_wconf 84' lang='lat' dir='ltr'>dist</span> <span class='ocrx_word' id='word_1_525' title='bbox 796 4586 863 4660; x_wconf 65' lang='lat'>23„</span> <span class='ocrx_word' id='word_1_526' title='bbox 888 4582 971 4665; x_wconf 93' lang='lat' dir='ltr'>quod</span> <span class='ocrx_word' id='word_1_527' title='bbox 987 4593 1017 4645; x_wconf 91' lang='lat' dir='ltr'>et</span> <span class='ocrx_word' id='word_1_528' title='bbox 1030 4603 1094 4659; x_wconf 90' lang='lat' dir='ltr'>noe,</span> <span class='ocrx_word' id='word_1_529' title='bbox 1150 4584 1228 4666; x_wconf 89' lang='lat' dir='ltr'>plior</span> <span class='ocrx_word' id='word_1_530' title='bbox 1243 4587 1390 4648; x_wconf 84' lang='lat' dir='ltr'>refutatio</span> <span class='ocrx_word' id='word_1_531' title='bbox 1405 4609 1465 4649; x_wconf 92' lang='lat' dir='ltr'>non</span> <span class='ocrx_word' id='word_1_532' title='bbox 1481 4598 1529 4650; x_wconf 88' lang='lat' dir='ltr'>est</span> <span class='ocrx_word' id='word_1_533' title='bbox 1543 4593 1714 4669; x_wconf 87' lang='lat' dir='ltr'>praesentis</span> <span class='ocrx_word' id='word_1_534' title='bbox 1726 4586 1785 4650; x_wconf 78' lang='lat' dir='ltr'>lost</span> 
     </span>
     <span class='ocr_line' id='line_1_47' title="bbox 398 4672 1816 4755; baseline -0.001 -20"><span class='ocrx_word' id='word_1_535' title='bbox 398 4675 458 4737; x_wconf 89' lang='lat' dir='ltr'>Dei</span> <span class='ocrx_word' id='word_1_536' title='bbox 474 4673 568 4746; x_wconf 93' lang='lat' dir='ltr'>dono,</span> <span class='ocrx_word' id='word_1_537' title='bbox 584 4672 721 4734; x_wconf 83' lang='lat' dir='ltr'>fecimus.</span> <span class='ocrx_word' id='word_1_538' title='bbox 1194 4677 1222 4735; x_wconf 84' lang='lat'>3.</span> <span class='ocrx_word' id='word_1_539' title='bbox 1246 4674 1328 4736; x_wconf 79' lang='lat' dir='ltr'>Fide</span> <span class='ocrx_word' id='word_1_540' title='bbox 1343 4676 1550 4752; x_wconf 79' lang='lat' dir='ltr'>intellipimus</span> <span class='ocrx_word' id='word_1_541' title='bbox 1569 4685 1687 4755; x_wconf 81' lang='lat' dir='ltr'>optutu</span> <span class='ocrx_word' id='word_1_542' title='bbox 1703 4694 1760 4739; x_wconf 79' lang='lat' dir='ltr'>esse</span> <span class='ocrx_word' id='word_1_543' title='bbox 1770 4681 1816 4733; x_wconf 65' lang='lat' dir='ltr'>tr</span> 
     </span>
     <span class='ocr_line' id='line_1_48' title="bbox 441 4745 1819 4845; baseline 0.002 -24"><span class='ocrx_word' id='word_1_544' title='bbox 441 4763 470 4821; x_wconf 76' lang='grc'>2.</span> <span class='ocrx_word' id='word_1_545' title='bbox 493 4761 536 4821; x_wconf 79' lang='lat' dir='ltr'>ln</span> <span class='ocrx_word' id='word_1_546' title='bbox 557 4760 617 4821; x_wconf 79' lang='lat' dir='ltr'>hoc</span> <span class='ocrx_word' id='word_1_547' title='bbox 639 4761 723 4819; x_wconf 78' lang='lat' dir='ltr'>mim</span> <span class='ocrx_word' id='word_1_548' title='bbox 745 4760 959 4820; x_wconf 75' lang='lat' dir='ltr'>testimonium</span> <span class='ocrx_word' id='word_1_549' title='bbox 987 4775 1094 4818; x_wconf 79' lang='lat' dir='ltr'>conse·</span> <span class='ocrx_word' id='word_1_550' title='bbox 1149 4760 1222 4820; x_wconf 74' lang='lat' dir='ltr'>cralo</span> <span class='ocrx_word' id='word_1_551' title='bbox 1238 4761 1332 4821; x_wconf 83' lang='lat' dir='ltr'>verbo</span> <span class='ocrx_word' id='word_1_552' title='bbox 1348 4763 1417 4822; x_wconf 79' lang='lat' dir='ltr'>Dei.</span> <span class='ocrx_word' id='word_1_553' title='bbox 1455 4762 1636 4845; x_wconf 87' lang='lat' dir='ltr'>Priusquam</span> <span class='ocrx_word' id='word_1_554' title='bbox 1655 4762 1696 4826; x_wconf 80' lang='lat' dir='ltr'>ad</span> <span class='ocrx_word' id='word_1_555' title='bbox 1710 4745 1819 4836; x_wconf 52' lang='lat' dir='ltr'>ord</span> 
     </span>
     <span class='ocr_line' id='line_1_49' title="bbox 398 4837 1821 4926; baseline -0.001 -17"><span class='ocrx_word' id='word_1_556' title='bbox 398 4850 463 4910; x_wconf 80' lang='lat' dir='ltr'>cuti</span> <span class='ocrx_word' id='word_1_557' title='bbox 488 4855 563 4908; x_wconf 77' lang='lat' dir='ltr'>runt</span> <span class='ocrx_word' id='word_1_558' title='bbox 587 4865 683 4908; x_wconf 80' lang='lat' dir='ltr'>senes.</span> <span class='ocrx_word' id='word_1_559' title='bbox 720 4843 853 4907; x_wconf 81' lang='lat' dir='ltr'>Graece:</span> <span class='ocrx_word' id='word_1_560' title='bbox 883 4837 1094 4922; x_wconf 81' lang='grc' dir='ltr'><strong>πρεσβύτεροι,</strong></span> <span class='ocrx_word' id='word_1_561' title='bbox 1150 4854 1285 4906; x_wconf 85' lang='lat' dir='ltr'>veterum</span> <span class='ocrx_word' id='word_1_562' title='bbox 1307 4848 1459 4926; x_wconf 88' lang='lat' dir='ltr'>justorum</span> <span class='ocrx_word' id='word_1_563' title='bbox 1482 4852 1601 4923; x_wconf 84' lang='lat' dir='ltr'>veniet,</span> <span class='ocrx_word' id='word_1_564' title='bbox 1628 4869 1666 4909; x_wconf 85' lang='lat' dir='ltr'>ex</span> <span class='ocrx_word' id='word_1_565' title='bbox 1687 4842 1744 4907; x_wconf 79' lang='lat' dir='ltr'>fide</span> <span class='ocrx_word' id='word_1_566' title='bbox 1760 4842 1821 4923; x_wconf 63' lang='lat' dir='ltr'>&#39;pst&#39;</span> 
     </span>
     <span class='ocr_line' id='line_1_50' title="bbox 398 4931 1819 5013; baseline -0.002 -18"><span class='ocrx_word' id='word_1_567' title='bbox 398 4938 542 4995; x_wconf 73' lang='lat' dir='ltr'>tortiores.</span> <span class='ocrx_word' id='word_1_568' title='bbox 579 4932 727 5013; x_wconf 89' lang='lat' dir='ltr'>Intelligit</span> <span class='ocrx_word' id='word_1_569' title='bbox 740 4933 899 5011; x_wconf 89' lang='lat' dir='ltr'>antiquos,</span> <span class='ocrx_word' id='word_1_570' title='bbox 927 4931 959 4991; x_wconf 91' lang='lat' dir='ltr'>id</span> <span class='ocrx_word' id='word_1_571' title='bbox 975 4940 1022 4992; x_wconf 90' lang='lat' dir='ltr'>est</span> <span class='ocrx_word' id='word_1_572' title='bbox 1036 4949 1095 5002; x_wconf 86' lang='lat' dir='ltr'>eos,</span> <span class='ocrx_word' id='word_1_573' title='bbox 1149 4952 1228 5006; x_wconf 91' lang='lat' dir='ltr'>rum,</span> <span class='ocrx_word' id='word_1_574' title='bbox 1245 4932 1283 4992; x_wconf 91' lang='lat' dir='ltr'>ed</span> <span class='ocrx_word' id='word_1_575' title='bbox 1300 4954 1377 5013; x_wconf 91' lang='lat' dir='ltr'>qnos</span> <span class='ocrx_word' id='word_1_576' title='bbox 1393 4935 1511 5007; x_wconf 87' lang='lat' dir='ltr'>scribit,</span> <span class='ocrx_word' id='word_1_577' title='bbox 1528 4932 1676 5010; x_wconf 88' lang='lat' dir='ltr'>ostendit,</span> <span class='ocrx_word' id='word_1_578' title='bbox 1694 4935 1819 5006; x_wconf 46' lang='lat' dir='ltr'>eam*</span> 
     </span>
     <span class='ocr_line' id='line_1_51' title="bbox 400 5005 1820 5103; baseline -0.001 -22"><span class='ocrx_word' id='word_1_579' title='bbox 400 5021 452 5102; x_wconf 83' lang='lat' dir='ltr'>qui</span> <span class='ocrx_word' id='word_1_580' title='bbox 466 5021 586 5083; x_wconf 77' lang='lat' dir='ltr'>fument</span> <span class='ocrx_word' id='word_1_581' title='bbox 599 5022 735 5101; x_wconf 83' lang='lat' dir='ltr'>antiquis</span> <span class='ocrx_word' id='word_1_582' title='bbox 749 5019 943 5099; x_wconf 88' lang='lat' dir='ltr'>temporibus,</span> <span class='ocrx_word' id='word_1_583' title='bbox 961 5026 994 5079; x_wconf 95' lang='lat' dir='ltr'>ut</span> <span class='ocrx_word' id='word_1_584' title='bbox 1008 5017 1095 5091; x_wconf 81' lang='lat' dir='ltr'>Abel,</span> <span class='ocrx_word' id='word_1_585' title='bbox 1149 5028 1358 5099; x_wconf 86' lang='lat' dir='ltr'>argumentum</span> <span class='ocrx_word' id='word_1_586' title='bbox 1373 5041 1434 5082; x_wconf 92' lang='lat' dir='ltr'>non</span> <span class='ocrx_word' id='word_1_587' title='bbox 1449 5022 1675 5103; x_wconf 82' lang='lat' dir='ltr'>apperentium,</span> <span class='ocrx_word' id='word_1_588' title='bbox 1698 5005 1820 5100; x_wconf 52' lang='lat' dir='ltr'>idqutfi</span> 
     </span>
    </p>
   </div>
   <div class='ocr_carea' id='block_1_3' title="bbox 0 0 2234 5825">
    <p class='ocr_par' dir='ltr' id='par_1_3' title="bbox 0 0 2234 5825">
     <span class='ocr_line' id='line_1_52' title="bbox 0 0 2234 5825; baseline 0 0"><span class='ocrx_word' id='word_1_589' title='bbox 0 0 2234 5825; x_wconf 95' lang='lat' dir='ltr'> </span> 
     </span>
    </p>
   </div>
  </div>
 </body>
</html>
