4442 5825
701 587 1105 645 rarsrorrrrnrrmmros.
1139 586 1342 643 masana.
1613 566 1687 663 §oo

371 766 414 826 sie
429 764 518 825 etiam
534 762 573 824 de
589 785 632 839 eo,
656 765 738 846 qnod
754 766 803 826 hio
820 766 939 838 dicitnr,
993 787 1070 849 qnos
1085 776 1133 828 est
1144 767 1258 828 inserte
1268 764 1489 827 commentariis
1499 760 1690 844 Hieronymi,

371 853 485 913 andum.
524 851 593 913 Hoc
614 862 716 914 autem
740 871 858 933 tompus
885 858 940 915 etsi
994 856 1045 934 qui
1063 864 1093 915 st
1107 855 1213 915 erroris
1229 872 1366 927 eausam,
1382 871 1436 911 cor
1446 871 1499 930 pro
1515 869 1574 911 arse
1589 858 1688 912 verte·

371 939 465 999 istaro
485 938 623 999 videatur
650 941 687 1001 ab
716 940 767 1000 illo
796 951 940 1021 tempore,
993 944 1054 1002 rint
1067 960 1156 1017 oreo,
1181 942 1253 1002 dicit
1271 940 1364 1001 fnisse
1379 937 1607 999 similitudinem
1622 936 1687 999 lite·

371 1025 433 1086 olus
453 1025 528 1085 haee
551 1029 685 1106 scripsit,
711 1048 817 1089 revera
839 1036 940 1088 tamen
994 1048 1093 1088 rarum
1117 1030 1187 1090 Vuae
1210 1035 1240 1088 et
1254 1027 1340 1101 Joe,
1364 1044 1445 1106 quae
1467 1044 1609 1086 mensura
1623 1032 1688 1086 tau·

370 1133 420 1174 rno
436 1110 496 1172 dici
512 1122 645 1192 poterat,
663 1115 748 1176 brevi
764 1122 940 1191 venturum3
994 1123 1057 1175 tum
1072 1116 1151 1176 inter
1166 1134 1198 1174 se
1215 1114 1335 1175 distant.

371 1220 394 1259 a
409 1202 634 1279 comparatione
654 1204 853 1275 aeternitatis,
880 1221 941 1283 que
1036 1201 1153 1263 Eadem
1168 1200 1258 1262 lectio
1282 1209 1328 1263 est
1349 1197 1431 1280 apud
1445 1198 1622 1273 Eusebium,
1636 1196 1688 1260 lib.

371 1287 442 1346 ratio
456 1286 582 1362 durabit,
599 1308 684 1350 omne
697 1298 812 1369 tempus
824 1290 940 1349 finitum
995 1292 1022 1351 6.
1042 1288 1188 1349 demonst.
1213 1308 1319 1368 evang.
1344 1307 1410 1367 cap.
1436 1288 1484 1345 14.
1508 1284 1602 1346 rerba
1617 1286 1689 1349 Pro·

371 1382 396 1433 st
412 1382 444 1433 et
467 1376 562 1434 instar
579 1378 697 1454 puncti3
721 1385 783 1435 tum
807 1379 938 1456 quieto·
994 1375 1104 1455 phetae
1141 1374 1288 1436 Habacuc
1325 1380 1618 1447 commemorantem,
1661 1380 1692 1433 et

371 1480 452 1541 rpus,
469 1461 549 1542 quod
565 1461 694 1522 decurrit
710 1465 837 1541 aprime
854 1461 939 1522 Chri·
993 1461 1072 1543 opud
1090 1457 1316 1523 Theodoretum
1334 1461 1366 1521 in
1381 1468 1537 1522 comment.
1553 1458 1689 1539 ejusdem

371 1556 430 1608 tntu
447 1547 597 1629 usquead
614 1550 790 1623 seeundum,
807 1558 941 1609 extrema
994 1549 1173 1629 Prophetae.
1211 1550 1262 1610 Sic
1285 1550 1375 1609 etiam
1400 1547 1494 1608 refert
1516 1545 1691 1627 Cyprianus

371 1643 445 1695 retas
461 1643 523 1703 est,
546 1645 614 1715 poet
637 1656 726 1716 qnam
750 1636 885 1697 alienon
901 1638 942 1696 sit
994 1634 1044 1695 lib.
1062 1641 1089 1696 1.
1107 1644 1137 1695 et
1152 1637 1181 1695 3.
1204 1637 1312 1696 testim.
1335 1635 1373 1695 ad
1390 1635 1557 1716 Quirinum.
1594 1633 1691 1713 Syrus

371 1720 455 1782 anda.
478 1721 619 1801 Alioqui,
643 1725 674 1783 in
688 1725 744 1784 hac
760 1724 826 1803 ipsa
840 1724 939 1784 brevi·
995 1742 1117 1803 quoque
1147 1724 1293 1804 interpres
1323 1721 1380 1782 hoc
1409 1721 1476 1781 loeo
1513 1722 1558 1781 ita
1586 1720 1691 1782 vertit:

371 1829 432 1869 ram
448 1810 589 1883 trituram,
609 1809 696 1871 docet
710 1812 775 1890 ipse
789 1810 942 1891 Propheta
993 1814 1109 1874 Jostor
1124 1818 1230 1870 autem
1255 1828 1293 1871 es
1316 1809 1379 1885 tide
1398 1811 1460 1868 roei
1482 1809 1582 1885 ipsius
1597 1811 1691 1870 vivet.

389 1898 514 1957 citatus:
541 1899 718 1959 semerom
739 1898 868 1975 feceret,
897 1900 938 1957 in·
995 1896 1131 1957 Tametsi
1144 1897 1335 1970 Tremellius,
1351 1896 1469 1956 diverso
1481 1895 1691 1957 lorsitonnrns

371 1991 485 2060 :specta
501 1985 601 2044 illam.
636 1983 726 2064 Quod
741 1984 767 2045 si
783 1984 862 2045 torte
877 1985 939 2045 He·
995 1984 1175 2065 exemplari,
1191 1987 1324 2066 scripsit:
1340 2002 1378 2044 es
1392 1983 1455 2059 tide
1470 2002 1537 2044 sua.
1562 1982 1603 2041 At
1617 2000 1691 2044 vero

371 2090 470 2150 empus
486 2072 571 2150 justo
591 2070 711 2131 brevius
737 2092 776 2132 ex
803 2071 941 2154 Apostoli
996 2073 1025 2130 in
1041 2072 1122 2146 eliis,
1139 2091 1218 2150 qnae
1233 2093 1312 2132 nnnc
1327 2079 1455 2142 exstant,
1470 2069 1693 2151 exemplaribus

371 2158 610 2236 maginabantur,
627 2158 862 2221 dissimulandos
878 2168 943 2219 erat
996 2157 1135 2218 editionis
1150 2157 1267 2231 Lxx„
1294 2157 1374 2239 qnod
1392 2161 1483 2218 etiam
1497 2164 1625 2218 testetur
1639 2177 1690 2220 au-

371 2246 506 2318 rnoxins,
533 2253 586 2304 aut
607 2246 696 2306 etiam
724 2247 808 2307 utilis
832 2246 869 2306 ad
890 2267 941 2326 pa·
995 2247 1107 2305 notatio
1132 2244 1270 2306 Sixtinae
1293 2244 1449 2319 editionis,
1477 2246 1518 2305 ita
1545 2245 1691 2325 legititur:

371 2332 941 2413 rpromptioribusanimisretinendom.
996 2321 1032 2389 ι0
1057 2324 1090 2390 δὲ
1114 2324 1235 2401 δίκαιός
1256 2349 1314 2409 μου
1339 2324 1374 2390 ἐκ
1396 2326 1534 2400 πίστεως
1557 2326 1692 2411 ζήσεται.

371 2422 478 2480 Iustus
500 2425 607 2481 autem
623 2438 710 2480 meus
726 2440 763 2482 es
776 2420 838 2498 tide
854 2424 941 2481 vivit.
997 2416 1092 2498 Cujus
1115 2418 1252 2479 lectionis
1278 2420 1410 2480 meminit
1433 2419 1692 2501 Theopbylaotus,

371 2505 507 2577 udinem,
531 2507 583 2586 qui
605 2515 651 2566 eet
666 2516 727 2567 tam
744 2510 774 2567 in
790 2507 942 2581 Hebraeo,
996 2525 1087 2586 super
1108 2504 1257 2566 Habacnc
1277 2507 1419 2568 scribens.
1456 2509 1559 2587 Atque
1581 2508 1625 2568 ita
1639 2525 1691 2567 no·

371 2590 433 2671 pud
449 2592 565 2665 Lxx,
588 2592 695 2673 quibus
718 2593 791 2655 haee
806 2615 875 2675 pars
890 2615 942 2675 po·
996 2601 1088 2655 strum
1118 2595 1309 2674 interpretem
1338 2593 1396 2653 hoe
1420 2594 1486 2654 loeo
1517 2594 1549 2656 in
1575 2592 1692 2655 Graeco

371 2688 411 2737 rst
425 2679 524 2739 illam:
548 2681 640 2758 Qvod
664 2682 898 2742 eisubtraxerit
912 2701 943 2742 ae
996 2678 1122 2760 legisse,
1152 2678 1244 2762 plane
1274 2679 1458 2740 crediderim.
1497 2681 1586 2743 Unde
1613 2680 1693 2743 euim

371 2765 400 2826 td
425 2765 500 2825 haec
527 2769 719 2846 transpositio
743 2771 844 2829 sensui
870 2768 944 2829 nihil
996 2766 1110 2848 elioqni
1127 2769 1158 2828 in
1180 2768 1247 2847 ejus
1269 2769 1408 2828 versione
1429 2768 1575 2848 particula
1593 2783 1691 2841 meus,

376 2897 384 2927 ,
412 2862 444 2914 et
459 2870 544 2915 suam
561 2853 654 2915 babet
667 2856 830 2932 rationem,
853 2876 943 2939 quern
997 2875 1086 2936 qnam
1118 2876 1174 2917 neu
1204 2856 1234 2916 in
1265 2854 1419 2916 Hebraeis
1456 2875 1522 2917 osse
1551 2852 1693 2917 constet?

371 2943 492 3001 icemus.
530 2942 586 3001 Est
607 2951 705 3002 autem
730 2953 868 3004 constans
884 2965 943 3004 onr·
997 2940 1086 3003 Certe
1112 2941 1280 3015 Eusebius,
1310 2943 1375 3002 loco
1401 2950 1580 3017 memorato,
1609 2949 1691 3023 post-

371 3047 522 3087 caecorum
543 3028 679 3088 codicum
702 3029 790 3090 lectio
809 3024 943 3108 ζήσεται,
997 3049 1086 3109 qoam
1101 3028 1277 3109 Prophetae
1299 3030 1391 3089 verbe
1413 3031 1534 3091 citassct
1553 3027 1692 3092 eomodo

373 3135 436 3174 non
460 3117 558 3192 vioit5
587 3115 677 3195 idque
700 3138 760 3176 non
776 3116 822 3177 hie
838 3118 943 3191 solnm,
996 3125 1027 3176 et
1049 3116 1170 3191 ordine,
1197 3136 1286 3196 quom
1307 3126 1377 3176 ante
1403 3115 1483 3190 dixi,
1509 3117 1639 3196 subjecit
1664 3125 1694 3177 et

371 3202 458 3262 etiam
482 3201 567 3260 Rom.
588 3207 612 3262 1.
630 3213 661 3262 et
677 3201 744 3263 Gal.
761 3205 806 3277 3.,
829 3205 880 3264 ubi
895 3225 942 3264 ea·
995 3201 1089 3263 verba
1104 3203 1243 3284 Apostoli
1260 3203 1416 3263 scribentis
1433 3202 1470 3263 ad
1482 3203 1647 3275 Hebraeos,
1661 3204 1693 3264 in

371 3308 404 3348 ec
420 3290 571 3348 sententia
587 3291 703 3362 citatur,
720 3301 750 3349 et
765 3292 847 3370 apud
863 3293 943 3371 ipsos
997 3290 1108 3368 quibos
1124 3290 1219 3362 hone,
1242 3289 1280 3350 de
1297 3308 1357 3366 qun
1371 3289 1502 3368 agimus,
1524 3290 1693 3370 Prophetae

382 3375 568 3454 suffragante
591 3377 681 3436 etiam
701 3385 783 3437 textu
801 3377 943 3458 Syriaco,
996 3378 1171 3437 sententiam
1185 3375 1287 3438 eodem
1305 3395 1427 3455 prorsus
1438 3375 1526 3436 modo
1537 3378 1615 3451 citat,
1630 3394 1692 3458 quo

371 3482 416 3522 nm
431 3463 564 3538 nonsit,
591 3464 665 3543 quin
688 3483 724 3523 ea
746 3484 886 3544 germana
905 3466 944 3524 sit
998 3465 1145 3524 citaverat
1167 3465 1196 3524 in
1220 3462 1320 3523 verbis
1341 3461 1521 3541 Prophetae.
1558 3465 1599 3524 At
1620 3481 1693 3524 vero

371 3551 451 3609 sicut
474 3559 503 3608 ct
518 3549 548 3609 in
564 3549 679 3610 dnobus
695 3549 768 3613 locis
779 3552 842 3630 jam
858 3552 944 3612 dictis
997 3549 1051 3610 sub
1066 3551 1156 3610 finem
1172 3551 1290 3630 capitis,
1318 3548 1447 3610 eandem
1461 3551 1640 3610 sententiam
1655 3568 1693 3611 ex

371 3637 396 3695 i.
443 3633 603 3696 Caeterum
632 3657 808 3716 pronomen:
846 3658 942 3713 meua,
996 3637 1143 3716 Apostolo
1159 3646 1312 3716 repetens,
1330 3637 1406 3696 eitat
1417 3637 1574 3716 posteriori
1588 3633 1692 3698 modo:

371 3729 466 3782 rtaxat
481 3721 547 3782 loco
564 3722 697 3783 additum
714 3723 827 3785 habent
841 3725 943 3786 Latini
997 3717 1013 3782 ὁ
1031 3716 1064 3781 δὲ
1089 3716 1212 3793 δίκαιός
1234 3740 1301 3801 μου.
1335 3722 1424 3803 Quae
1446 3742 1494 3783 res
1515 3730 1693 3805 argumento

375 3808 523 3889 vulgatae
538 3812 693 3883 versionis,
709 3813 790 3891 iique
806 3820 940 3872 constan·
996 3819 1056 3881 est,
1080 3811 1150 3870 olim
1167 3810 1299 3872 Graecos
1322 3810 1442 3872 codices
1463 3810 1554 3890 hujus
1570 3811 1692 3892 Episto-

371 3915 425 3971 ,ως
441 3916 496 3976 pro
512 3916 574 3976 quo
589 3896 663 3956 nihil
678 3897 728 3957 hic
741 3906 786 3956 est
803 3898 833 3958 in
849 3897 940 3959 Grae·
997 3897 1044 3957 loe
1059 3896 1199 3958 babuisse
1223 3896 1357 3959 additum
1380 3917 1542 3978 pronomen
1562 3913 1635 3976 μου,
1662 3905 1693 3959 et

371 3983 387 4042 :i
417 3981 508 4042 hodie
539 3991 675 4060 exstant3
706 3986 824 4044 tametsi
852 3984 944 4046 valde
996 3982 1118 4063 quidem
1148 4004 1184 4044 eo
1214 3984 1296 4058 loco,
1327 4002 1388 4062 qno
1418 3991 1519 4045 noster
1547 3985 1693 4067 interpres

370 4067 411 4131 ile
425 4077 480 4143 est,
497 4069 566 4129 olim
581 4071 612 4129 in
629 4070 752 4131 Graecis
768 4068 861 4131 fuisse
874 4093 941 4152 pro·
996 4072 1115 4151 scripsit
1140 4090 1245 4148 meue;
1271 4072 1349 4130 siout
1371 4073 1460 4131 etiam
1482 4070 1574 4134 habet
1596 4071 1694 4134 codex

371 4156 396 4216 si
409 4156 605 4236 respondens.
640 4159 776 4231 Etenim,
802 4167 837 4217 ut
851 4178 944 4239 saepe
996 4156 1133 4219 Graecus
1148 4156 1353 4238 impressionis
1368 4157 1608 4238 Argentinensia.
1631 4157 1710 4221 Gur·

371 4265 381 4303 ι
404 4240 462 4302 bae
476 4243 615 4323 Epistola
635 4243 809 4323 Scripturas
831 4247 942 4305 veteris
997 4253 1095 4304 autem
1112 4246 1144 4303 in
1160 4243 1288 4306 Graecis
1306 4243 1397 4304 bodie
1417 4246 1480 4306 fere
1503 4267 1562 4306 non
1586 4255 1693 4321 exstet,

371 4330 433 4389 enti
449 4331 537 4410 quasi
557 4339 702 4410 perpetuo
717 4350 800 4392 more
815 4333 944 4392 citantur
997 4351 1061 4391 eam
1076 4331 1222 4391 rationem
1239 4331 1383 4405 arbitror,
1404 4332 1486 4412 qnod
1501 4334 1533 4394 in
1547 4333 1694 4414 Epistolis

371 4416 512 4477 ersionom
527 4416 626 4477 LXX.
657 4417 861 4479 Haerentem
877 4439 942 4479 ver·
996 4417 1035 4478 ad
1056 4418 1144 4478 Rom.
1168 4427 1197 4479 et
1219 4417 1287 4479 Gal.
1311 4439 1370 4480 non
1397 4419 1551 4481 habeatur.
1592 4419 1694 4501 Saepe

371 4503 502 4564 labacuo
518 4523 680 4583 pronomen
697 4521 754 4582 μου
771 4507 942 4587 interponit,
996 4505 1075 4565 enim
1097 4504 1289 4565 observatum
1313 4515 1375 4579 est,
1402 4508 1432 4567 in
1456 4505 1632 4587 Scripturis,
1657 4525 1694 4568 ae

371 4590 429 4651 bus
451 4590 569 4652 interim
593 4592 826 4672 exemplaribus.
864 4592 942 4652 Nam
996 4593 1171 4652 nominatim
1195 4594 1225 4651 in
1247 4591 1394 4674 Epistolis
1415 4593 1568 4667 Paulinis,
1593 4592 1692 4656 locum

371 4678 395 4738 ia
418 4683 449 4737 et
467 4676 595 4738 Sixtinis
617 4698 654 4738 ex
670 4678 816 4741 Vaticano
840 4681 943 4742 codiee
995 4699 1086 4740 unum
1103 4699 1142 4739 ex
1158 4679 1218 4739 alio
1233 4680 1324 4740 simili
1338 4680 1456 4740 mutari.

371 4764 412 4832 is,
437 4783 557 4825 necnon
572 4766 603 4825 in
619 4765 686 4825 aliis
703 4766 884 4847 quibusdem
900 4769 944 4827 sic
1040 4765 1134 4826 Porro
1158 4764 1313 4827 sciendum
1335 4776 1397 4838 est,
1423 4766 1582 4827 lectionem
1598 4765 1692 4830 Gree-

401 4837 440 4908 ‘0
464 4842 499 4907 δὲ
523 4844 643 4920 δίκαιος
665 4844 701 4911 ἐκ
723 4846 860 4922 πίστεώς
885 4870 943 4931 poe
996 4874 1060 4913 cnm
1090 4855 1286 4934 posteriorem
1314 4852 1449 4914 bituriam
1486 4853 1517 4913 in
1550 4851 1693 4917 Latinum

393 4941 512 5002 Jartoo
526 4946 632 4999 eutem
644 4958 684 5002 cx
693 4941 755 5017 tide
767 4945 942 5001 occasiost.
995 4941 1072 5000 verti
1086 4960 1190 5021 posse:
1216 4945 1331 5005 Justus
1352 4946 1459 5002 autem
1477 4959 1565 5002 meua
1579 4959 1617 5005 ce·
1630 4942 1693 5020 tide

371 5045 403 5086 rn
421 5023 640 5088 babstLatina
661 5026 944 5104 senlacium,
996 5027 1096 5103 vivet,
1121 5025 1190 5089 rel:
1218 5031 1335 5091 Joraa
1357 5032 1464 5089 autem
1485 5043 1558 5090 mea
1577 5047 1616 5093 ea
1628 5029 1694 5108 fido
