<?xml version="1.0" encoding="UTF-8"?>
<!DOCTYPE html PUBLIC "-//W3C//DTD XHTML 1.0 Transitional//EN"
    "http://www.w3.org/TR/xhtml1/DTD/xhtml1-transitional.dtd">
<html xmlns="http://www.w3.org/1999/xhtml" xml:lang="en" lang="en">
 <head>
  <title>
</title>
<meta http-equiv="Content-Type" content="text/html;charset=utf-8" />
  <meta name='ocr-system' content='tesseract 3.04.00' />
  <meta name='ocr-capabilities' content='ocr_page ocr_carea ocr_par ocr_line ocrx_word'/>
</head>
<body>
  <div class='ocr_page' id='page_1' title='image "./guilielmiestiii01estigoog_0350.png"; bbox 0 0 4442 5825; ppageno 0'>
   <div class='ocr_carea' id='block_1_1' title="bbox 393 570 1355 653">
    <p class='ocr_par' dir='ltr' id='par_1_1' title="bbox 393 570 1355 653">
     <span class='ocr_line' id='line_1_1' title="bbox 393 570 1355 653; baseline 0.006 -29"><span class='ocrx_word' id='word_1_1' title='bbox 393 583 469 653; x_wconf 67' lang='lat'>340</span> <span class='ocrx_word' id='word_1_2' title='bbox 919 572 1154 629; x_wconf 67' lang='lat' dir='ltr'>commeatus</span> <span class='ocrx_word' id='word_1_3' title='bbox 1170 571 1203 629; x_wconf 79' lang='lat' dir='ltr'>ra</span> <span class='ocrx_word' id='word_1_4' title='bbox 1219 571 1287 629; x_wconf 73' lang='lat' dir='ltr'>cdl.</span> <span class='ocrx_word' id='word_1_5' title='bbox 1302 570 1355 629; x_wconf 81' lang='lat' dir='ltr'>xa</span> 
     </span>
    </p>
   </div>
   <div class='ocr_carea' id='block_1_2' title="bbox 391 746 1709 1093">
    <p class='ocr_par' dir='ltr' id='par_1_2' title="bbox 391 746 1709 1093">
     <span class='ocr_line' id='line_1_2' title="bbox 392 746 1709 831; baseline -0.008 -16"><span class='ocrx_word' id='word_1_6' title='bbox 392 761 528 815; x_wconf 80' lang='lat' dir='ltr'>veterum</span> <span class='ocrx_word' id='word_1_7' title='bbox 552 750 758 831; x_wconf 89' lang='lat' dir='ltr'>expositorum</span> <span class='ocrx_word' id='word_1_8' title='bbox 773 751 804 810; x_wconf 92' lang='lat' dir='ltr'>in</span> <span class='ocrx_word' id='word_1_9' title='bbox 819 748 912 829; x_wconf 88' lang='lat' dir='ltr'>hujus</span> <span class='ocrx_word' id='word_1_10' title='bbox 935 749 994 811; x_wconf 93' lang='lat' dir='ltr'>loci</span> <span class='ocrx_word' id='word_1_11' title='bbox 1010 770 1088 810; x_wconf 91' lang='lat' dir='ltr'>com·</span> <span class='ocrx_word' id='word_1_12' title='bbox 1142 752 1383 830; x_wconf 84' lang='lat' dir='ltr'>praerogativam</span> <span class='ocrx_word' id='word_1_13' title='bbox 1429 746 1652 809; x_wconf 76' lang='lat' dir='ltr'>benedictionis</span> <span class='ocrx_word' id='word_1_14' title='bbox 1690 762 1709 825; x_wconf 83' lang='lat' dir='ltr'>p</span> 
     </span>
     <span class='ocr_line' id='line_1_3' title="bbox 392 826 1709 917; baseline -0.007 -15"><span class='ocrx_word' id='word_1_15' title='bbox 392 842 538 902; x_wconf 84' lang='lat' dir='ltr'>menterio</span> <span class='ocrx_word' id='word_1_16' title='bbox 554 839 620 914; x_wconf 85' lang='lat' dir='ltr'>ejus</span> <span class='ocrx_word' id='word_1_17' title='bbox 640 839 683 897; x_wconf 90' lang='lat' dir='ltr'>rei</span> <span class='ocrx_word' id='word_1_18' title='bbox 699 837 842 909; x_wconf 81' lang='lat' dir='ltr'>meminit,</span> <span class='ocrx_word' id='word_1_19' title='bbox 865 857 958 916; x_wconf 87' lang='lat' dir='ltr'>quum</span> <span class='ocrx_word' id='word_1_20' title='bbox 974 836 1088 916; x_wconf 78' lang='lat' dir='ltr'>alioqui</span> <span class='ocrx_word' id='word_1_21' title='bbox 1143 858 1233 917; x_wconf 88' lang='lat' dir='ltr'>quam</span> <span class='ocrx_word' id='word_1_22' title='bbox 1254 836 1445 917; x_wconf 84' lang='lat' dir='ltr'>primogeniti</span> <span class='ocrx_word' id='word_1_23' title='bbox 1469 835 1599 914; x_wconf 87' lang='lat' dir='ltr'>quodam</span> <span class='ocrx_word' id='word_1_24' title='bbox 1622 826 1679 893; x_wconf 74' lang='lat' dir='ltr'>s‘uo</span> <span class='ocrx_word' id='word_1_25' title='bbox 1698 832 1709 911; x_wconf 83' lang='lat' dir='ltr'>j</span> 
     </span>
     <span class='ocr_line' id='line_1_4' title="bbox 391 918 1709 1005; baseline -0.008 -16"><span class='ocrx_word' id='word_1_26' title='bbox 391 930 523 989; x_wconf 88' lang='lat' dir='ltr'>maxime</span> <span class='ocrx_word' id='word_1_27' title='bbox 543 932 707 1005; x_wconf 82' lang='lat' dir='ltr'>oporteret,</span> <span class='ocrx_word' id='word_1_28' title='bbox 734 924 806 1004; x_wconf 89' lang='lat' dir='ltr'>quin</span> <span class='ocrx_word' id='word_1_29' title='bbox 833 942 890 984; x_wconf 89' lang='lat' dir='ltr'>nec</span> <span class='ocrx_word' id='word_1_30' title='bbox 915 925 1089 1003; x_wconf 87' lang='lat' dir='ltr'>posterioris</span> <span class='ocrx_word' id='word_1_31' title='bbox 1143 924 1336 1003; x_wconf 86' lang='lat' dir='ltr'>spectabant;</span> <span class='ocrx_word' id='word_1_32' title='bbox 1352 925 1418 983; x_wconf 78' lang='lat' dir='ltr'>sive</span> <span class='ocrx_word' id='word_1_33' title='bbox 1432 943 1486 1004; x_wconf 91' lang='lat' dir='ltr'>per</span> <span class='ocrx_word' id='word_1_34' title='bbox 1498 919 1648 998; x_wconf 89' lang='lat' dir='ltr'>ejusmodi</span> <span class='ocrx_word' id='word_1_35' title='bbox 1659 918 1709 980; x_wconf 85' lang='lat' dir='ltr'>ber</span> 
     </span>
     <span class='ocr_line' id='line_1_5' title="bbox 393 1007 1709 1093; baseline -0.008 -17"><span class='ocrx_word' id='word_1_36' title='bbox 393 1016 535 1093; x_wconf 89' lang='lat' dir='ltr'>temporis</span> <span class='ocrx_word' id='word_1_37' title='bbox 579 1013 741 1093; x_wconf 86' lang='lat' dir='ltr'>scriptores</span> <span class='ocrx_word' id='word_1_38' title='bbox 779 1030 846 1071; x_wconf 88' lang='lat' dir='ltr'>eam</span> <span class='ocrx_word' id='word_1_39' title='bbox 889 1009 1091 1083; x_wconf 80' lang='lat' dir='ltr'>traditionem,</span> <span class='ocrx_word' id='word_1_40' title='bbox 1143 1032 1210 1071; x_wconf 91' lang='lat' dir='ltr'>nem</span> <span class='ocrx_word' id='word_1_41' title='bbox 1225 1010 1416 1072; x_wconf 79' lang='lat' dir='ltr'>intenderent</span> <span class='ocrx_word' id='word_1_42' title='bbox 1439 1010 1586 1088; x_wconf 83' lang='lat' dir='ltr'>consequi</span> <span class='ocrx_word' id='word_1_43' title='bbox 1603 1007 1709 1069; x_wconf 75' lang='lat' dir='ltr'>bonae</span> 
     </span>
    </p>
   </div>
   <div class='ocr_carea' id='block_1_3' title="bbox 388 1091 1709 5088">
    <p class='ocr_par' dir='ltr' id='par_1_3' title="bbox 388 1091 1709 5088">
     <span class='ocr_line' id='line_1_6' title="bbox 393 1091 1708 1181; baseline -0.008 -19"><span class='ocrx_word' id='word_1_44' title='bbox 393 1101 532 1181; x_wconf 84' lang='lat' dir='ltr'>quamvis</span> <span class='ocrx_word' id='word_1_45' title='bbox 540 1097 633 1179; x_wconf 82' lang='lat' dir='ltr'>vulgo</span> <span class='ocrx_word' id='word_1_46' title='bbox 645 1107 804 1177; x_wconf 88' lang='lat' dir='ltr'>receptam,</span> <span class='ocrx_word' id='word_1_47' title='bbox 816 1118 869 1177; x_wconf 88' lang='lat' dir='ltr'>pre</span> <span class='ocrx_word' id='word_1_48' title='bbox 883 1105 965 1157; x_wconf 84' lang='lat' dir='ltr'>certa</span> <span class='ocrx_word' id='word_1_49' title='bbox 978 1107 1088 1156; x_wconf 90' lang='lat' dir='ltr'>teuent.</span> <span class='ocrx_word' id='word_1_50' title='bbox 1144 1118 1178 1158; x_wconf 84' lang='lat' dir='ltr'>ae</span> <span class='ocrx_word' id='word_1_51' title='bbox 1195 1117 1267 1158; x_wconf 86' lang='lat' dir='ltr'>rere</span> <span class='ocrx_word' id='word_1_52' title='bbox 1280 1096 1456 1177; x_wconf 86' lang='lat' dir='ltr'>spiritualia,</span> <span class='ocrx_word' id='word_1_53' title='bbox 1473 1096 1538 1156; x_wconf 86' lang='lat' dir='ltr'>sive</span> <span class='ocrx_word' id='word_1_54' title='bbox 1550 1091 1600 1170; x_wconf 90' lang='lat' dir='ltr'>(ut</span> <span class='ocrx_word' id='word_1_55' title='bbox 1611 1093 1708 1172; x_wconf 84' lang='lat' dir='ltr'>pleriq</span> 
     </span>
     <span class='ocr_line' id='line_1_7' title="bbox 392 1180 1702 1264; baseline -0.008 -16"><span class='ocrx_word' id='word_1_56' title='bbox 392 1188 473 1249; x_wconf 82' lang='lat' dir='ltr'>Nam</span> <span class='ocrx_word' id='word_1_57' title='bbox 487 1187 522 1247; x_wconf 90' lang='grc' dir='ltr'>Β.</span> <span class='ocrx_word' id='word_1_58' title='bbox 539 1186 675 1247; x_wconf 79' lang='lat' dir='ltr'>Thomas</span> <span class='ocrx_word' id='word_1_59' title='bbox 696 1188 726 1245; x_wconf 92' lang='lat' dir='ltr'>in</span> <span class='ocrx_word' id='word_1_60' title='bbox 744 1189 771 1246; x_wconf 76' lang='grc'>2.</span> <span class='ocrx_word' id='word_1_61' title='bbox 788 1186 817 1244; x_wconf 81' lang='lat'>2.</span> <span class='ocrx_word' id='word_1_62' title='bbox 841 1205 870 1264; x_wconf 92' lang='lat' dir='ltr'>q.</span> <span class='ocrx_word' id='word_1_63' title='bbox 887 1184 937 1244; x_wconf 81' lang='grc'>87.</span> <span class='ocrx_word' id='word_1_64' title='bbox 964 1206 990 1243; x_wconf 86' lang='lat' dir='ltr'>a.</span> <span class='ocrx_word' id='word_1_65' title='bbox 1009 1188 1036 1244; x_wconf 90' lang='lat'>1.</span> <span class='ocrx_word' id='word_1_66' title='bbox 1052 1183 1090 1242; x_wconf 88' lang='lat' dir='ltr'>ad</span> <span class='ocrx_word' id='word_1_67' title='bbox 1144 1194 1270 1245; x_wconf 82' lang='lat' dir='ltr'>terrene.</span> <span class='ocrx_word' id='word_1_68' title='bbox 1293 1185 1334 1244; x_wconf 84' lang='lat' dir='ltr'>Et</span> <span class='ocrx_word' id='word_1_69' title='bbox 1356 1184 1414 1243; x_wconf 92' lang='lat' dir='ltr'>boc</span> <span class='ocrx_word' id='word_1_70' title='bbox 1429 1192 1483 1256; x_wconf 88' lang='lat' dir='ltr'>est,</span> <span class='ocrx_word' id='word_1_71' title='bbox 1508 1180 1591 1262; x_wconf 88' lang='lat' dir='ltr'>quod</span> <span class='ocrx_word' id='word_1_72' title='bbox 1613 1180 1702 1258; x_wconf 88' lang='lat' dir='ltr'>ajunt</span> 
     </span>
     <span class='ocr_line' id='line_1_8' title="bbox 394 1268 1709 1351; baseline -0.011 -12"><span class='ocrx_word' id='word_1_73' title='bbox 394 1280 434 1348; x_wconf 78' lang='lat' dir='ltr'>a,</span> <span class='ocrx_word' id='word_1_74' title='bbox 456 1275 540 1337; x_wconf 85' lang='lat' dir='ltr'>velut</span> <span class='ocrx_word' id='word_1_75' title='bbox 555 1274 593 1333; x_wconf 91' lang='lat' dir='ltr'>de</span> <span class='ocrx_word' id='word_1_76' title='bbox 614 1293 647 1333; x_wconf 90' lang='lat' dir='ltr'>re</span> <span class='ocrx_word' id='word_1_77' title='bbox 669 1271 762 1333; x_wconf 88' lang='lat' dir='ltr'>dubia</span> <span class='ocrx_word' id='word_1_78' title='bbox 785 1270 926 1351; x_wconf 90' lang='lat' dir='ltr'>loquens:</span> <span class='ocrx_word' id='word_1_79' title='bbox 951 1272 1089 1347; x_wconf 80' lang='lat' dir='ltr'>Dicitur,</span> <span class='ocrx_word' id='word_1_80' title='bbox 1146 1282 1261 1332; x_wconf 90' lang='lat' dir='ltr'>stemus</span> <span class='ocrx_word' id='word_1_81' title='bbox 1285 1279 1316 1331; x_wconf 92' lang='lat' dir='ltr'>et</span> <span class='ocrx_word' id='word_1_82' title='bbox 1339 1268 1607 1351; x_wconf 81' lang='lat' dir='ltr'>&#39;l&#39;beophylactus,</span> <span class='ocrx_word' id='word_1_83' title='bbox 1634 1268 1709 1329; x_wconf 83' lang='lat' dir='ltr'>Esar</span> 
     </span>
     <span class='ocr_line' id='line_1_9' title="bbox 393 1355 1709 1443; baseline -0.007 -22"><span class='ocrx_word' id='word_1_84' title='bbox 393 1362 507 1443; x_wconf 91' lang='lat' dir='ltr'>inquit,</span> <span class='ocrx_word' id='word_1_85' title='bbox 535 1361 620 1438; x_wconf 86' lang='lat' dir='ltr'>quod</span> <span class='ocrx_word' id='word_1_86' title='bbox 640 1361 849 1437; x_wconf 70' lang='lat' dir='ltr'>primogeniti</span> <span class='ocrx_word' id='word_1_87' title='bbox 869 1365 964 1419; x_wconf 81' lang='lat' dir='ltr'>eruat</span> <span class='ocrx_word' id='word_1_88' title='bbox 985 1376 1090 1418; x_wconf 46' lang='lat' dir='ltr'>tuce*</span> <span class='ocrx_word' id='word_1_89' title='bbox 1144 1358 1201 1419; x_wconf 87' lang='lat' dir='ltr'>sibi</span> <span class='ocrx_word' id='word_1_90' title='bbox 1216 1378 1235 1417; x_wconf 91' lang='lat' dir='ltr'>a</span> <span class='ocrx_word' id='word_1_91' title='bbox 1250 1358 1315 1418; x_wconf 91' lang='lat' dir='ltr'>Deo</span> <span class='ocrx_word' id='word_1_92' title='bbox 1339 1358 1482 1418; x_wconf 85' lang='lat' dir='ltr'>honoram</span> <span class='ocrx_word' id='word_1_93' title='bbox 1507 1355 1709 1434; x_wconf 88' lang='lat' dir='ltr'>primogenito</span> 
     </span>
     <span class='ocr_line' id='line_1_10' title="bbox 394 1443 1707 1526; baseline -0.006 -17"><span class='ocrx_word' id='word_1_94' title='bbox 394 1450 489 1511; x_wconf 83' lang='lat' dir='ltr'>dotes.</span> <span class='ocrx_word' id='word_1_95' title='bbox 513 1447 674 1526; x_wconf 82' lang='lat' dir='ltr'>Cajetunus</span> <span class='ocrx_word' id='word_1_96' title='bbox 692 1456 802 1518; x_wconf 87' lang='lat' dir='ltr'>autem,</span> <span class='ocrx_word' id='word_1_97' title='bbox 820 1443 1090 1507; x_wconf 89' lang='lat' dir='ltr'>scribensinGen.</span> <span class='ocrx_word' id='word_1_98' title='bbox 1146 1464 1215 1505; x_wconf 86' lang='lat' dir='ltr'>esca</span> <span class='ocrx_word' id='word_1_99' title='bbox 1240 1444 1417 1505; x_wconf 86' lang='lat' dir='ltr'>vendidisse.</span> <span class='ocrx_word' id='word_1_100' title='bbox 1452 1444 1593 1522; x_wconf 86' lang='lat' dir='ltr'>Denique</span> <span class='ocrx_word' id='word_1_101' title='bbox 1615 1460 1707 1502; x_wconf 83' lang='lat' dir='ltr'>senen</span> 
     </span>
     <span class='ocr_line' id='line_1_11' title="bbox 395 1530 1709 1614; baseline -0.007 -17"><span class='ocrx_word' id='word_1_102' title='bbox 395 1536 462 1611; x_wconf 62' lang='lat'>25„</span> <span class='ocrx_word' id='word_1_103' title='bbox 489 1545 518 1596; x_wconf 92' lang='lat' dir='ltr'>et</span> <span class='ocrx_word' id='word_1_104' title='bbox 540 1533 747 1614; x_wconf 85' lang='lat' dir='ltr'>Hieronymus</span> <span class='ocrx_word' id='word_1_105' title='bbox 772 1534 810 1593; x_wconf 85' lang='lat' dir='ltr'>ab</span> <span class='ocrx_word' id='word_1_106' title='bbox 834 1530 974 1594; x_wconf 75' lang='lat' dir='ltr'>Oleastro</span> <span class='ocrx_word' id='word_1_107' title='bbox 999 1551 1090 1610; x_wconf 89' lang='lat' dir='ltr'>super</span> <span class='ocrx_word' id='word_1_108' title='bbox 1145 1531 1325 1592; x_wconf 84' lang='lat' dir='ltr'>confirmant</span> <span class='ocrx_word' id='word_1_109' title='bbox 1347 1552 1392 1601; x_wconf 90' lang='lat' dir='ltr'>ea,</span> <span class='ocrx_word' id='word_1_110' title='bbox 1412 1551 1490 1610; x_wconf 90' lang='lat' dir='ltr'>quae</span> <span class='ocrx_word' id='word_1_111' title='bbox 1515 1539 1709 1608; x_wconf 72' lang='lat' dir='ltr'>sequuntur«</span> 
     </span>
     <span class='ocr_line' id='line_1_12' title="bbox 392 1618 1285 1700; baseline -0.008 -17"><span class='ocrx_word' id='word_1_112' title='bbox 392 1621 489 1685; x_wconf 81' lang='lat' dir='ltr'>Exod.</span> <span class='ocrx_word' id='word_1_113' title='bbox 515 1622 565 1682; x_wconf 80' lang='lat'>24.</span> <span class='ocrx_word' id='word_1_114' title='bbox 593 1630 718 1700; x_wconf 77' lang='lat' dir='ltr'>negant,</span> <span class='ocrx_word' id='word_1_115' title='bbox 745 1640 784 1681; x_wconf 91' lang='lat' dir='ltr'>ex</span> <span class='ocrx_word' id='word_1_116' title='bbox 810 1618 965 1699; x_wconf 76' lang='lat' dir='ltr'>Scriptura</span> <span class='ocrx_word' id='word_1_117' title='bbox 992 1618 1091 1679; x_wconf 88' lang='lat' dir='ltr'>doceri</span> <span class='ocrx_word' id='word_1_118' title='bbox 1146 1621 1285 1680; x_wconf 86' lang='lat' dir='ltr'>dictione.</span> 
     </span>
     <span class='ocr_line' id='line_1_13' title="bbox 394 1706 1707 1790; baseline -0.008 -18"><span class='ocrx_word' id='word_1_119' title='bbox 394 1728 494 1790; x_wconf 85' lang='lat' dir='ltr'>posse.</span> <span class='ocrx_word' id='word_1_120' title='bbox 524 1706 618 1769; x_wconf 80' lang='lat' dir='ltr'>Addit</span> <span class='ocrx_word' id='word_1_121' title='bbox 641 1708 824 1786; x_wconf 79' lang='lat' dir='ltr'>Uajstanus,</span> <span class='ocrx_word' id='word_1_122' title='bbox 846 1706 1015 1765; x_wconf 80' lang='lat' dir='ltr'>liubenitas</span> <span class='ocrx_word' id='word_1_123' title='bbox 1037 1706 1089 1764; x_wconf 86' lang='lat' dir='ltr'>ad·</span> <span class='ocrx_word' id='word_1_124' title='bbox 1191 1706 1238 1766; x_wconf 86' lang='grc'>17.</span> <span class='ocrx_word' id='word_1_125' title='bbox 1263 1707 1377 1767; x_wconf 84' lang='lat' dir='ltr'>Scitote</span> <span class='ocrx_word' id='word_1_126' title='bbox 1400 1707 1495 1779; x_wconf 82' lang='lat' dir='ltr'>enim,</span> <span class='ocrx_word' id='word_1_127' title='bbox 1519 1706 1707 1781; x_wconf 77' lang='lat' dir='ltr'>quoniame</span> 
     </span>
     <span class='ocr_line' id='line_1_14' title="bbox 394 1790 1704 1874; baseline -0.005 -18"><span class='ocrx_word' id='word_1_128' title='bbox 394 1815 499 1856; x_wconf 81' lang='lat' dir='ltr'>versus</span> <span class='ocrx_word' id='word_1_129' title='bbox 521 1794 644 1867; x_wconf 83' lang='lat' dir='ltr'>Mosen,</span> <span class='ocrx_word' id='word_1_130' title='bbox 671 1815 731 1854; x_wconf 88' lang='lat' dir='ltr'>non</span> <span class='ocrx_word' id='word_1_131' title='bbox 753 1815 807 1874; x_wconf 90' lang='lat' dir='ltr'>pro</span> <span class='ocrx_word' id='word_1_132' title='bbox 831 1790 1010 1866; x_wconf 86' lang='lat' dir='ltr'>sacerdotio,</span> <span class='ocrx_word' id='word_1_133' title='bbox 1038 1791 1089 1851; x_wconf 88' lang='lat' dir='ltr'>sed</span> <span class='ocrx_word' id='word_1_134' title='bbox 1145 1796 1274 1871; x_wconf 78' lang='lat' dir='ltr'>cupiens</span> <span class='ocrx_word' id='word_1_135' title='bbox 1291 1792 1489 1852; x_wconf 76' lang='lat' dir='ltr'>haereditare</span> <span class='ocrx_word' id='word_1_136' title='bbox 1506 1790 1704 1852; x_wconf 78' lang='lat' dir='ltr'>benedictina</span> 
     </span>
     <span class='ocr_line' id='line_1_15' title="bbox 394 1868 1709 1963; baseline -0.008 -19"><span class='ocrx_word' id='word_1_137' title='bbox 394 1903 450 1963; x_wconf 90' lang='lat' dir='ltr'>pro</span> <span class='ocrx_word' id='word_1_138' title='bbox 465 1883 645 1963; x_wconf 90' lang='lat' dir='ltr'>principatu,</span> <span class='ocrx_word' id='word_1_139' title='bbox 667 1891 817 1961; x_wconf 89' lang='lat' dir='ltr'>tamquam</span> <span class='ocrx_word' id='word_1_140' title='bbox 840 1881 1090 1960; x_wconf 83' lang='lat' dir='ltr'>primogeniturae</span> <span class='ocrx_word' id='word_1_141' title='bbox 1142 1880 1361 1957; x_wconf 72' lang='lat' dir='ltr'>prebuissent.</span> <span class='ocrx_word' id='word_1_142' title='bbox 1384 1881 1509 1952; x_wconf 84' lang='lat' dir='ltr'>Scitote,</span> <span class='ocrx_word' id='word_1_143' title='bbox 1528 1868 1709 1937; x_wconf 69' lang='lat' dir='ltr'>Graeceius</span> 
     </span>
     <span class='ocr_line' id='line_1_16' title="bbox 396 1964 1709 2045; baseline -0.007 -15"><span class='ocrx_word' id='word_1_144' title='bbox 396 1970 508 2043; x_wconf 92' lang='lat' dir='ltr'>debito,</span> <span class='ocrx_word' id='word_1_145' title='bbox 524 1968 725 2041; x_wconf 74' lang='lat' dir='ltr'>contendisse,</span> <span class='ocrx_word' id='word_1_146' title='bbox 749 1968 837 2028; x_wconf 89' lang='lat' dir='ltr'>Num.</span> <span class='ocrx_word' id='word_1_147' title='bbox 856 1968 903 2027; x_wconf 83' lang='lat'>16.</span> <span class='ocrx_word' id='word_1_148' title='bbox 936 1964 1092 2027; x_wconf 87' lang='lat' dir='ltr'>Accedunt</span> <span class='ocrx_word' id='word_1_149' title='bbox 1146 1968 1199 2027; x_wconf 88' lang='lat' dir='ltr'>alii</span> <span class='ocrx_word' id='word_1_150' title='bbox 1214 1975 1349 2027; x_wconf 86' lang='lat' dir='ltr'>vertunt:</span> <span class='ocrx_word' id='word_1_151' title='bbox 1364 1969 1465 2042; x_wconf 83' lang='lat' dir='ltr'>scitia‚·</span> <span class='ocrx_word' id='word_1_152' title='bbox 1482 1975 1642 2045; x_wconf 88' lang='lat' dir='ltr'>utrumqne</span> <span class='ocrx_word' id='word_1_153' title='bbox 1658 1964 1709 2023; x_wconf 86' lang='lat' dir='ltr'>cni:</span> 
     </span>
     <span class='ocr_line' id='line_1_17' title="bbox 398 2052 1709 2135; baseline -0.005 -19"><span class='ocrx_word' id='word_1_154' title='bbox 398 2056 485 2117; x_wconf 87' lang='lat' dir='ltr'>etiam</span> <span class='ocrx_word' id='word_1_155' title='bbox 511 2056 648 2135; x_wconf 88' lang='lat' dir='ltr'>exempla</span> <span class='ocrx_word' id='word_1_156' title='bbox 662 2054 839 2135; x_wconf 79' lang='lat' dir='ltr'>Scripturas</span> <span class='ocrx_word' id='word_1_157' title='bbox 853 2054 884 2113; x_wconf 92' lang='lat' dir='ltr'>in</span> <span class='ocrx_word' id='word_1_158' title='bbox 900 2055 1090 2113; x_wconf 85' lang='lat' dir='ltr'>eontrarium.</span> <span class='ocrx_word' id='word_1_159' title='bbox 1145 2055 1232 2132; x_wconf 78' lang='lat' dir='ltr'>ficat3</span> <span class='ocrx_word' id='word_1_160' title='bbox 1255 2054 1324 2115; x_wconf 90' lang='lat' dir='ltr'>licet</span> <span class='ocrx_word' id='word_1_161' title='bbox 1340 2055 1396 2114; x_wconf 92' lang='lat' dir='ltr'>boc</span> <span class='ocrx_word' id='word_1_162' title='bbox 1418 2053 1566 2134; x_wconf 85' lang='lat' dir='ltr'>posterius</span> <span class='ocrx_word' id='word_1_163' title='bbox 1588 2052 1685 2130; x_wconf 86' lang='lat' dir='ltr'>magis</span> <span class='ocrx_word' id='word_1_164' title='bbox 1707 2079 1709 2096; x_wconf 92' lang='lat'><em>·</em></span> 
     </span>
     <span class='ocr_line' id='line_1_18' title="bbox 396 2139 1709 2221; baseline -0.005 -18"><span class='ocrx_word' id='word_1_165' title='bbox 396 2144 475 2203; x_wconf 86' lang='lat' dir='ltr'>Nam</span> <span class='ocrx_word' id='word_1_166' title='bbox 491 2142 569 2203; x_wconf 84' lang='lat' dir='ltr'>Abel</span> <span class='ocrx_word' id='word_1_167' title='bbox 584 2150 614 2202; x_wconf 88' lang='lat' dir='ltr'>et</span> <span class='ocrx_word' id='word_1_168' title='bbox 629 2142 790 2215; x_wconf 85' lang='lat' dir='ltr'>Abrabam,</span> <span class='ocrx_word' id='word_1_169' title='bbox 806 2143 944 2220; x_wconf 87' lang='lat' dir='ltr'>quamvis</span> <span class='ocrx_word' id='word_1_170' title='bbox 959 2162 1019 2200; x_wconf 90' lang='lat' dir='ltr'>non</span> <span class='ocrx_word' id='word_1_171' title='bbox 1034 2140 1092 2220; x_wconf 88' lang='lat' dir='ltr'>pri·</span> <span class='ocrx_word' id='word_1_172' title='bbox 1146 2150 1267 2221; x_wconf 86' lang='lat' dir='ltr'>propter</span> <span class='ocrx_word' id='word_1_173' title='bbox 1294 2139 1444 2201; x_wconf 79' lang='lat' dir='ltr'>causalem</span> <span class='ocrx_word' id='word_1_174' title='bbox 1477 2139 1657 2221; x_wconf 88' lang='lat' dir='ltr'>particulam</span> <span class='ocrx_word' id='word_1_175' title='bbox 1686 2156 1709 2197; x_wconf 85' lang='grc' dir='ltr'>ιι</span> 
     </span>
     <span class='ocr_line' id='line_1_19' title="bbox 396 2226 1709 2311; baseline -0.007 -20"><span class='ocrx_word' id='word_1_176' title='bbox 396 2231 547 2311; x_wconf 87' lang='lat' dir='ltr'>mogeniti,</span> <span class='ocrx_word' id='word_1_177' title='bbox 571 2238 671 2290; x_wconf 88' lang='lat' dir='ltr'>tamen</span> <span class='ocrx_word' id='word_1_178' title='bbox 694 2238 727 2288; x_wconf 91' lang='lat' dir='ltr'>ut</span> <span class='ocrx_word' id='word_1_179' title='bbox 750 2227 920 2288; x_wconf 84' lang='lat' dir='ltr'>sacerdotes</span> <span class='ocrx_word' id='word_1_180' title='bbox 943 2226 1092 2289; x_wconf 83' lang='lat' dir='ltr'>sacrificia</span> <span class='ocrx_word' id='word_1_181' title='bbox 1147 2231 1220 2308; x_wconf 87' lang='lat' dir='ltr'>quie</span> <span class='ocrx_word' id='word_1_182' title='bbox 1232 2227 1391 2288; x_wconf 87' lang='lat' dir='ltr'>Hebraeos</span> <span class='ocrx_word' id='word_1_183' title='bbox 1408 2226 1572 2305; x_wconf 73' lang='lat' dir='ltr'>alloquitur</span> <span class='ocrx_word' id='word_1_184' title='bbox 1588 2227 1709 2285; x_wconf 78' lang='lat' dir='ltr'>scienter</span> 
     </span>
     <span class='ocr_line' id='line_1_20' title="bbox 396 2310 1709 2396; baseline -0.005 -19"><span class='ocrx_word' id='word_1_185' title='bbox 396 2317 576 2389; x_wconf 78' lang='lat' dir='ltr'>obtulerunt,</span> <span class='ocrx_word' id='word_1_186' title='bbox 600 2314 675 2376; x_wconf 87' lang='lat' dir='ltr'>Gen.</span> <span class='ocrx_word' id='word_1_187' title='bbox 693 2320 721 2377; x_wconf 86' lang='lat'>4.</span> <span class='ocrx_word' id='word_1_188' title='bbox 739 2323 768 2377; x_wconf 91' lang='lat' dir='ltr'>et</span> <span class='ocrx_word' id='word_1_189' title='bbox 785 2315 834 2377; x_wconf 85' lang='lat' dir='ltr'>lb.</span> <span class='ocrx_word' id='word_1_190' title='bbox 1146 2316 1239 2375; x_wconf 90' lang='lat' dir='ltr'>Porro</span> <span class='ocrx_word' id='word_1_191' title='bbox 1269 2317 1350 2396; x_wconf 88' lang='lat' dir='ltr'>quod</span> <span class='ocrx_word' id='word_1_192' title='bbox 1383 2316 1529 2392; x_wconf 87' lang='lat' dir='ltr'>interpres</span> <span class='ocrx_word' id='word_1_193' title='bbox 1568 2310 1664 2372; x_wconf 86' lang='lat' dir='ltr'>dixit:</span> <span class='ocrx_word' id='word_1_194' title='bbox 1701 2332 1709 2370; x_wconf 92' lang='grc' dir='ltr'>ι</span> 
     </span>
     <span class='ocr_line' id='line_1_21' title="bbox 440 2394 1708 2483; baseline -0.006 -19"><span class='ocrx_word' id='word_1_195' title='bbox 440 2404 604 2467; x_wconf 86' lang='lat' dir='ltr'>Praeterea</span> <span class='ocrx_word' id='word_1_196' title='bbox 620 2406 646 2462; x_wconf 87' lang='lat' dir='ltr'>si</span> <span class='ocrx_word' id='word_1_197' title='bbox 669 2396 764 2483; x_wconf 89' lang='lat' dir='ltr'>(quod</span> <span class='ocrx_word' id='word_1_198' title='bbox 786 2401 882 2462; x_wconf 90' lang='lat' dir='ltr'>multo</span> <span class='ocrx_word' id='word_1_199' title='bbox 906 2399 1092 2478; x_wconf 77' lang='lat' dir='ltr'>probabilius</span> <span class='ocrx_word' id='word_1_200' title='bbox 1147 2401 1266 2463; x_wconf 85' lang='lat' dir='ltr'>Graece</span> <span class='ocrx_word' id='word_1_201' title='bbox 1281 2411 1344 2463; x_wconf 89' lang='lat' dir='ltr'>est:</span> <span class='ocrx_word' id='word_1_202' title='bbox 1367 2394 1479 2477; x_wconf 76' lang='grc' dir='ltr'><strong>θέλων,</strong></span> <span class='ocrx_word' id='word_1_203' title='bbox 1508 2400 1624 2461; x_wconf 78' lang='lat' dir='ltr'>voleat.</span> <span class='ocrx_word' id='word_1_204' title='bbox 1648 2397 1708 2458; x_wconf 89' lang='lat' dir='ltr'>Illu</span> 
     </span>
     <span class='ocr_line' id='line_1_22' title="bbox 396 2484 1689 2569; baseline -0.005 -18"><span class='ocrx_word' id='word_1_205' title='bbox 396 2492 434 2551; x_wconf 86' lang='lat' dir='ltr'>ab</span> <span class='ocrx_word' id='word_1_206' title='bbox 457 2491 565 2551; x_wconf 89' lang='lat' dir='ltr'>iisdem</span> <span class='ocrx_word' id='word_1_207' title='bbox 588 2489 738 2551; x_wconf 85' lang='lat' dir='ltr'>Hebraeis</span> <span class='ocrx_word' id='word_1_208' title='bbox 761 2484 901 2563; x_wconf 84' lang='lat' dir='ltr'>traditur)</span> <span class='ocrx_word' id='word_1_209' title='bbox 922 2486 961 2549; x_wconf 91' lang='lat' dir='ltr'>ad</span> <span class='ocrx_word' id='word_1_210' title='bbox 983 2490 1091 2569; x_wconf 86' lang='lat' dir='ltr'>primo·</span> <span class='ocrx_word' id='word_1_211' title='bbox 1145 2490 1344 2550; x_wconf 75' lang='lat' dir='ltr'>haereditare</span> <span class='ocrx_word' id='word_1_212' title='bbox 1367 2490 1627 2561; x_wconf 80' lang='lat' dir='ltr'>benedictionem,</span> <span class='ocrx_word' id='word_1_213' title='bbox 1649 2488 1689 2545; x_wconf 87' lang='lat' dir='ltr'>ita</span> 
     </span>
     <span class='ocr_line' id='line_1_23' title="bbox 396 2574 1709 2658; baseline -0.001 -22"><span class='ocrx_word' id='word_1_214' title='bbox 396 2579 527 2656; x_wconf 88' lang='lat' dir='ltr'>genitum</span> <span class='ocrx_word' id='word_1_215' title='bbox 548 2577 715 2658; x_wconf 88' lang='lat' dir='ltr'>pertinebat</span> <span class='ocrx_word' id='word_1_216' title='bbox 736 2577 921 2655; x_wconf 87' lang='lat' dir='ltr'>principatus</span> <span class='ocrx_word' id='word_1_217' title='bbox 948 2574 1091 2647; x_wconf 78' lang='lat' dir='ltr'>familiae,</span> <span class='ocrx_word' id='word_1_218' title='bbox 1146 2578 1304 2636; x_wconf 85' lang='lat' dir='ltr'>Erasmus:</span> <span class='ocrx_word' id='word_1_219' title='bbox 1327 2578 1540 2637; x_wconf 79' lang='lat' dir='ltr'>haereditario</span> <span class='ocrx_word' id='word_1_220' title='bbox 1558 2578 1635 2650; x_wconf 77' lang='lat' dir='ltr'>jure</span> <span class='ocrx_word' id='word_1_221' title='bbox 1651 2574 1709 2635; x_wconf 83' lang='lat' dir='ltr'>beu</span> 
     </span>
     <span class='ocr_line' id='line_1_24' title="bbox 396 2661 1685 2742; baseline -0.004 -17"><span class='ocrx_word' id='word_1_222' title='bbox 396 2684 456 2726; x_wconf 93' lang='lat' dir='ltr'>non</span> <span class='ocrx_word' id='word_1_223' title='bbox 468 2673 515 2724; x_wconf 89' lang='lat' dir='ltr'>est</span> <span class='ocrx_word' id='word_1_224' title='bbox 526 2661 700 2734; x_wconf 85' lang='lat' dir='ltr'>verisimile,</span> <span class='ocrx_word' id='word_1_225' title='bbox 717 2663 756 2722; x_wconf 86' lang='lat' dir='ltr'>ad</span> <span class='ocrx_word' id='word_1_226' title='bbox 768 2661 897 2723; x_wconf 87' lang='lat' dir='ltr'>eundem</span> <span class='ocrx_word' id='word_1_227' title='bbox 910 2663 1092 2740; x_wconf 88' lang='lat' dir='ltr'>pertinuisse</span> <span class='ocrx_word' id='word_1_228' title='bbox 1145 2683 1217 2724; x_wconf 82' lang='lat' dir='ltr'>aem</span> <span class='ocrx_word' id='word_1_229' title='bbox 1241 2668 1381 2742; x_wconf 77' lang='lat' dir='ltr'>assequi5</span> <span class='ocrx_word' id='word_1_230' title='bbox 1410 2664 1550 2723; x_wconf 91' lang='lat' dir='ltr'>videlicet</span> <span class='ocrx_word' id='word_1_231' title='bbox 1574 2681 1685 2741; x_wconf 86' lang='lat' dir='ltr'>urgens</span> 
     </span>
     <span class='ocr_line' id='line_1_25' title="bbox 394 2748 1709 2830; baseline 0 -21"><span class='ocrx_word' id='word_1_232' title='bbox 394 2750 446 2828; x_wconf 88' lang='lat' dir='ltr'>jus</span> <span class='ocrx_word' id='word_1_233' title='bbox 467 2749 637 2812; x_wconf 87' lang='lat' dir='ltr'>sacerdotii.</span> <span class='ocrx_word' id='word_1_234' title='bbox 660 2748 739 2809; x_wconf 86' lang='lat' dir='ltr'>Nam</span> <span class='ocrx_word' id='word_1_235' title='bbox 762 2750 819 2809; x_wconf 87' lang='lat' dir='ltr'>etsi</span> <span class='ocrx_word' id='word_1_236' title='bbox 841 2748 991 2810; x_wconf 90' lang='lat' dir='ltr'>interdum</span> <span class='ocrx_word' id='word_1_237' title='bbox 1012 2748 1091 2809; x_wconf 93' lang='lat' dir='ltr'>idem</span> <span class='ocrx_word' id='word_1_238' title='bbox 1146 2759 1238 2810; x_wconf 87' lang='lat' dir='ltr'>tatem</span> <span class='ocrx_word' id='word_1_239' title='bbox 1263 2751 1419 2824; x_wconf 82' lang='lat' dir='ltr'>vocabuli,</span> <span class='ocrx_word' id='word_1_240' title='bbox 1449 2771 1542 2830; x_wconf 91' lang='lat' dir='ltr'>quum</span> <span class='ocrx_word' id='word_1_241' title='bbox 1570 2752 1611 2810; x_wconf 93' lang='lat' dir='ltr'>sit</span> <span class='ocrx_word' id='word_1_242' title='bbox 1638 2750 1709 2809; x_wconf 78' lang='lat' dir='ltr'>verit</span> 
     </span>
     <span class='ocr_line' id='line_1_26' title="bbox 397 2834 1709 2920; baseline 0.001 -23"><span class='ocrx_word' id='word_1_243' title='bbox 397 2836 494 2898; x_wconf 81' lang='lat' dir='ltr'>fuisse</span> <span class='ocrx_word' id='word_1_244' title='bbox 508 2835 629 2917; x_wconf 86' lang='lat' dir='ltr'>legatur</span> <span class='ocrx_word' id='word_1_245' title='bbox 643 2855 698 2897; x_wconf 90' lang='lat' dir='ltr'>rex</span> <span class='ocrx_word' id='word_1_246' title='bbox 714 2844 744 2896; x_wconf 91' lang='lat' dir='ltr'>et</span> <span class='ocrx_word' id='word_1_247' title='bbox 758 2834 907 2906; x_wconf 87' lang='lat' dir='ltr'>sacerdos,</span> <span class='ocrx_word' id='word_1_248' title='bbox 922 2844 955 2895; x_wconf 92' lang='lat' dir='ltr'>ut</span> <span class='ocrx_word' id='word_1_249' title='bbox 969 2834 1091 2896; x_wconf 87' lang='lat' dir='ltr'>Melebi·</span> <span class='ocrx_word' id='word_1_250' title='bbox 1146 2857 1211 2897; x_wconf 89' lang='lat' dir='ltr'>esse</span> <span class='ocrx_word' id='word_1_251' title='bbox 1226 2846 1352 2918; x_wconf 90' lang='lat' dir='ltr'>tropum,</span> <span class='ocrx_word' id='word_1_252' title='bbox 1377 2859 1437 2919; x_wconf 88' lang='lat' dir='ltr'>quo</span> <span class='ocrx_word' id='word_1_253' title='bbox 1453 2839 1571 2920; x_wconf 87' lang='lat' dir='ltr'>species</span> <span class='ocrx_word' id='word_1_254' title='bbox 1594 2857 1649 2917; x_wconf 92' lang='lat' dir='ltr'>pro</span> <span class='ocrx_word' id='word_1_255' title='bbox 1665 2857 1709 2918; x_wconf 79' lang='lat' dir='ltr'>ger</span> 
     </span>
     <span class='ocr_line' id='line_1_27' title="bbox 397 2922 1709 3004; baseline -0.002 -19"><span class='ocrx_word' id='word_1_256' title='bbox 397 2924 523 2994; x_wconf 88' lang='lat' dir='ltr'>sedech,</span> <span class='ocrx_word' id='word_1_257' title='bbox 549 2923 581 2983; x_wconf 92' lang='lat' dir='ltr'>id</span> <span class='ocrx_word' id='word_1_258' title='bbox 604 2931 704 2983; x_wconf 91' lang='lat' dir='ltr'>tamen</span> <span class='ocrx_word' id='word_1_259' title='bbox 726 2943 823 2983; x_wconf 86' lang='lat' dir='ltr'>rarum</span> <span class='ocrx_word' id='word_1_260' title='bbox 847 2933 928 2994; x_wconf 90' lang='lat' dir='ltr'>erat,</span> <span class='ocrx_word' id='word_1_261' title='bbox 951 2932 981 2983; x_wconf 89' lang='lat' dir='ltr'>ct</span> <span class='ocrx_word' id='word_1_262' title='bbox 1004 2922 1092 3002; x_wconf 89' lang='lat' dir='ltr'>quasi</span> <span class='ocrx_word' id='word_1_263' title='bbox 1146 2927 1234 2995; x_wconf 89' lang='lat' dir='ltr'>nitur,</span> <span class='ocrx_word' id='word_1_264' title='bbox 1252 2937 1285 2985; x_wconf 90' lang='lat' dir='ltr'>ut</span> <span class='ocrx_word' id='word_1_265' title='bbox 1299 2926 1500 2986; x_wconf 77' lang='lat' dir='ltr'>haereditare</span> <span class='ocrx_word' id='word_1_266' title='bbox 1516 2928 1555 2987; x_wconf 90' lang='lat' dir='ltr'>sit</span> <span class='ocrx_word' id='word_1_267' title='bbox 1570 2924 1659 2995; x_wconf 83' lang='lat' dir='ltr'>idem,</span> <span class='ocrx_word' id='word_1_268' title='bbox 1676 2944 1709 3004; x_wconf 82' lang='lat' dir='ltr'>qt</span> 
     </span>
     <span class='ocr_line' id='line_1_28' title="bbox 397 3007 1709 3090; baseline -0.002 -18"><span class='ocrx_word' id='word_1_269' title='bbox 397 3009 673 3072; x_wconf 74' lang='lat' dir='ltr'>exuaordinarium.</span> <span class='ocrx_word' id='word_1_270' title='bbox 697 3008 774 3071; x_wconf 86' lang='lat' dir='ltr'>Sunt</span> <span class='ocrx_word' id='word_1_271' title='bbox 795 3011 873 3070; x_wconf 90' lang='lat' dir='ltr'>euim</span> <span class='ocrx_word' id='word_1_272' title='bbox 891 3009 989 3071; x_wconf 85' lang='lat' dir='ltr'>officia</span> <span class='ocrx_word' id='word_1_273' title='bbox 1002 3007 1092 3070; x_wconf 87' lang='lat' dir='ltr'>valde</span> <span class='ocrx_word' id='word_1_274' title='bbox 1146 3014 1247 3090; x_wconf 73' lang='lat' dir='ltr'>sequi,</span> <span class='ocrx_word' id='word_1_275' title='bbox 1276 3013 1356 3072; x_wconf 90' lang='lat' dir='ltr'>sicut</span> <span class='ocrx_word' id='word_1_276' title='bbox 1376 3021 1405 3072; x_wconf 80' lang='lat' dir='ltr'>et</span> <span class='ocrx_word' id='word_1_277' title='bbox 1426 3012 1499 3073; x_wconf 88' lang='lat' dir='ltr'>alibi</span> <span class='ocrx_word' id='word_1_278' title='bbox 1523 3012 1709 3073; x_wconf 81' lang='lat' dir='ltr'>annotavimr</span> 
     </span>
     <span class='ocr_line' id='line_1_29' title="bbox 397 3096 1709 3179; baseline 0.002 -23"><span class='ocrx_word' id='word_1_279' title='bbox 397 3097 520 3158; x_wconf 82' lang='lat' dir='ltr'>divam</span> <span class='ocrx_word' id='word_1_280' title='bbox 541 3100 621 3177; x_wconf 86' lang='lat' dir='ltr'>regis</span> <span class='ocrx_word' id='word_1_281' title='bbox 646 3104 676 3158; x_wconf 90' lang='lat' dir='ltr'>et</span> <span class='ocrx_word' id='word_1_282' title='bbox 692 3098 874 3173; x_wconf 73' lang='lat' dir='ltr'>sacerdotis3</span> <span class='ocrx_word' id='word_1_283' title='bbox 897 3116 954 3157; x_wconf 86' lang='lat' dir='ltr'>neo</span> <span class='ocrx_word' id='word_1_284' title='bbox 978 3096 1008 3157; x_wconf 90' lang='lat' dir='ltr'>in</span> <span class='ocrx_word' id='word_1_285' title='bbox 1025 3117 1091 3157; x_wconf 84' lang='lat' dir='ltr'>aan-</span> <span class='ocrx_word' id='word_1_286' title='bbox 1145 3099 1224 3158; x_wconf 92' lang='lat' dir='ltr'>enim</span> <span class='ocrx_word' id='word_1_287' title='bbox 1255 3098 1425 3160; x_wconf 89' lang='lat' dir='ltr'>benedictio</span> <span class='ocrx_word' id='word_1_288' title='bbox 1455 3119 1526 3179; x_wconf 87' lang='lat' dir='ltr'>pars</span> <span class='ocrx_word' id='word_1_289' title='bbox 1557 3108 1623 3160; x_wconf 87' lang='lat' dir='ltr'>erat</span> <span class='ocrx_word' id='word_1_290' title='bbox 1649 3099 1709 3159; x_wconf 79' lang='lat' dir='ltr'>hae</span> 
     </span>
     <span class='ocr_line' id='line_1_30' title="bbox 397 3181 1709 3267; baseline 0.003 -25"><span class='ocrx_word' id='word_1_291' title='bbox 397 3181 463 3244; x_wconf 90' lang='lat' dir='ltr'>dem</span> <span class='ocrx_word' id='word_1_292' title='bbox 480 3202 645 3264; x_wconf 87' lang='lat' dir='ltr'>personam,</span> <span class='ocrx_word' id='word_1_293' title='bbox 669 3192 904 3255; x_wconf 87' lang='lat' dir='ltr'>uteuntrnores,</span> <span class='ocrx_word' id='word_1_294' title='bbox 926 3183 1048 3263; x_wconf 86' lang='lat' dir='ltr'>ingonia</span> <span class='ocrx_word' id='word_1_295' title='bbox 1065 3191 1092 3243; x_wconf 90' lang='lat' dir='ltr'>et</span> <span class='ocrx_word' id='word_1_296' title='bbox 1145 3186 1369 3265; x_wconf 83' lang='lat' dir='ltr'>exspectandae</span> <span class='ocrx_word' id='word_1_297' title='bbox 1398 3193 1467 3267; x_wconf 89' lang='lat' dir='ltr'>post</span> <span class='ocrx_word' id='word_1_298' title='bbox 1496 3186 1612 3247; x_wconf 90' lang='lat' dir='ltr'>obitum</span> <span class='ocrx_word' id='word_1_299' title='bbox 1644 3194 1709 3264; x_wconf 84' lang='lat' dir='ltr'>patr</span> 
     </span>
     <span class='ocr_line' id='line_1_31' title="bbox 397 3267 1709 3353; baseline 0.004 -24"><span class='ocrx_word' id='word_1_300' title='bbox 397 3271 612 3350; x_wconf 80' lang='lat' dir='ltr'>occupationes</span> <span class='ocrx_word' id='word_1_301' title='bbox 623 3267 784 3341; x_wconf 89' lang='lat' dir='ltr'>bominum,</span> <span class='ocrx_word' id='word_1_302' title='bbox 799 3268 889 3329; x_wconf 79' lang='lat' dir='ltr'>facile</span> <span class='ocrx_word' id='word_1_303' title='bbox 900 3271 1091 3345; x_wconf 85' lang='lat' dir='ltr'>conveniunt.</span> <span class='ocrx_word' id='word_1_304' title='bbox 1144 3269 1331 3342; x_wconf 84' lang='lat' dir='ltr'>beneficium,</span> <span class='ocrx_word' id='word_1_305' title='bbox 1356 3272 1437 3353; x_wconf 89' lang='lat' dir='ltr'>quod</span> <span class='ocrx_word' id='word_1_306' title='bbox 1454 3295 1472 3332; x_wconf 88' lang='lat' dir='ltr'>a</span> <span class='ocrx_word' id='word_1_307' title='bbox 1486 3274 1607 3334; x_wconf 76' lang='lat' dir='ltr'>vivente</span> <span class='ocrx_word' id='word_1_308' title='bbox 1623 3291 1709 3352; x_wconf 81' lang='lat' dir='ltr'>praet</span> 
     </span>
     <span class='ocr_line' id='line_1_32' title="bbox 396 3354 1709 3439; baseline 0.002 -22"><span class='ocrx_word' id='word_1_309' title='bbox 396 3355 510 3434; x_wconf 86' lang='lat' dir='ltr'>Itaque</span> <span class='ocrx_word' id='word_1_310' title='bbox 535 3356 620 3417; x_wconf 91' lang='lat' dir='ltr'>nullo</span> <span class='ocrx_word' id='word_1_311' title='bbox 645 3355 733 3417; x_wconf 88' lang='lat' dir='ltr'>modo</span> <span class='ocrx_word' id='word_1_312' title='bbox 763 3354 906 3416; x_wconf 90' lang='lat' dir='ltr'>credibile</span> <span class='ocrx_word' id='word_1_313' title='bbox 937 3364 995 3429; x_wconf 88' lang='lat' dir='ltr'>est,</span> <span class='ocrx_word' id='word_1_314' title='bbox 1023 3358 1092 3432; x_wconf 87' lang='lat' dir='ltr'>jure</span> <span class='ocrx_word' id='word_1_315' title='bbox 1144 3357 1279 3418; x_wconf 85' lang='lat' dir='ltr'>Historia</span> <span class='ocrx_word' id='word_1_316' title='bbox 1303 3369 1350 3419; x_wconf 89' lang='lat' dir='ltr'>est</span> <span class='ocrx_word' id='word_1_317' title='bbox 1373 3359 1447 3421; x_wconf 83' lang='lat' dir='ltr'>Gen.</span> <span class='ocrx_word' id='word_1_318' title='bbox 1472 3363 1532 3432; x_wconf 78' lang='lat'>27,</span> <span class='ocrx_word' id='word_1_319' title='bbox 1553 3359 1621 3430; x_wconf 88' lang='lat' dir='ltr'>ubi,</span> <span class='ocrx_word' id='word_1_320' title='bbox 1645 3369 1709 3439; x_wconf 87' lang='lat' dir='ltr'>post</span> 
     </span>
     <span class='ocr_line' id='line_1_33' title="bbox 396 3441 1700 3527; baseline 0.005 -25"><span class='ocrx_word' id='word_1_321' title='bbox 396 3441 517 3523; x_wconf 89' lang='lat' dir='ltr'>publico</span> <span class='ocrx_word' id='word_1_322' title='bbox 555 3445 732 3525; x_wconf 84' lang='lat' dir='ltr'>passimque</span> <span class='ocrx_word' id='word_1_323' title='bbox 767 3451 888 3524; x_wconf 89' lang='lat' dir='ltr'>recepto</span> <span class='ocrx_word' id='word_1_324' title='bbox 917 3443 994 3503; x_wconf 90' lang='lat' dir='ltr'>haec</span> <span class='ocrx_word' id='word_1_325' title='bbox 1030 3444 1091 3503; x_wconf 91' lang='lat' dir='ltr'>duo</span> <span class='ocrx_word' id='word_1_326' title='bbox 1144 3443 1243 3505; x_wconf 85' lang='lat' dir='ltr'>Jacob</span> <span class='ocrx_word' id='word_1_327' title='bbox 1270 3447 1374 3507; x_wconf 89' lang='lat' dir='ltr'>matris</span> <span class='ocrx_word' id='word_1_328' title='bbox 1396 3446 1521 3507; x_wconf 89' lang='lat' dir='ltr'>consilio</span> <span class='ocrx_word' id='word_1_329' title='bbox 1543 3455 1700 3527; x_wconf 80' lang='lat' dir='ltr'>paternam</span> 
     </span>
     <span class='ocr_line' id='line_1_34' title="bbox 394 3528 1709 3613; baseline 0.004 -24"><span class='ocrx_word' id='word_1_330' title='bbox 394 3529 490 3591; x_wconf 85' lang='lat' dir='ltr'>luisse</span> <span class='ocrx_word' id='word_1_331' title='bbox 505 3528 667 3609; x_wconf 86' lang='lat' dir='ltr'>aliquando</span> <span class='ocrx_word' id='word_1_332' title='bbox 682 3529 851 3609; x_wconf 84' lang='lat' dir='ltr'>conjuncta.</span> <span class='ocrx_word' id='word_1_333' title='bbox 1146 3531 1274 3612; x_wconf 79' lang='lat' dir='ltr'>ctionem</span> <span class='ocrx_word' id='word_1_334' title='bbox 1303 3534 1530 3613; x_wconf 84' lang='lat' dir='ltr'>praeripuisset,</span> <span class='ocrx_word' id='word_1_335' title='bbox 1567 3533 1655 3593; x_wconf 81' lang='lat' dir='ltr'>Esau</span> <span class='ocrx_word' id='word_1_336' title='bbox 1686 3533 1709 3594; x_wconf 81' lang='lat' dir='ltr'>ei</span> 
     </span>
     <span class='ocr_line' id='line_1_35' title="bbox 439 3614 1709 3701; baseline 0.006 -26"><span class='ocrx_word' id='word_1_337' title='bbox 439 3615 509 3677; x_wconf 85' lang='lat' dir='ltr'>Hae</span> <span class='ocrx_word' id='word_1_338' title='bbox 531 3616 623 3696; x_wconf 81' lang='lat' dir='ltr'>igitur</span> <span class='ocrx_word' id='word_1_339' title='bbox 639 3615 846 3677; x_wconf 82' lang='lat' dir='ltr'>Hebraeorum</span> <span class='ocrx_word' id='word_1_340' title='bbox 865 3614 1024 3676; x_wconf 87' lang='lat' dir='ltr'>traditione</span> <span class='ocrx_word' id='word_1_341' title='bbox 1038 3635 1090 3676; x_wconf 82' lang='lat' dir='ltr'>ve·</span> <span class='ocrx_word' id='word_1_342' title='bbox 1145 3620 1257 3697; x_wconf 85' lang='lat' dir='ltr'>petenti</span> <span class='ocrx_word' id='word_1_343' title='bbox 1272 3637 1359 3699; x_wconf 88' lang='lat' dir='ltr'>pater</span> <span class='ocrx_word' id='word_1_344' title='bbox 1382 3619 1553 3701; x_wconf 87' lang='lat' dir='ltr'>respondit:</span> <span class='ocrx_word' id='word_1_345' title='bbox 1576 3620 1709 3682; x_wconf 79' lang='lat' dir='ltr'>Benedit</span> 
     </span>
     <span class='ocr_line' id='line_1_36' title="bbox 396 3701 1699 3788; baseline 0.006 -27"><span class='ocrx_word' id='word_1_346' title='bbox 396 3701 441 3762; x_wconf 90' lang='lat' dir='ltr'>lut</span> <span class='ocrx_word' id='word_1_347' title='bbox 467 3701 656 3784; x_wconf 89' lang='lat' dir='ltr'>improbabili</span> <span class='ocrx_word' id='word_1_348' title='bbox 682 3701 809 3779; x_wconf 84' lang='lat' dir='ltr'>rejecta,</span> <span class='ocrx_word' id='word_1_349' title='bbox 837 3702 1020 3764; x_wconf 85' lang='lat' dir='ltr'>Graecorum</span> <span class='ocrx_word' id='word_1_350' title='bbox 1046 3722 1091 3762; x_wconf 90' lang='lat' dir='ltr'>se·</span> <span class='ocrx_word' id='word_1_351' title='bbox 1145 3708 1206 3764; x_wconf 86' lang='lat' dir='ltr'>erit</span> <span class='ocrx_word' id='word_1_352' title='bbox 1222 3706 1409 3767; x_wconf 83' lang='lat' dir='ltr'>benedictus.</span> <span class='ocrx_word' id='word_1_353' title='bbox 1439 3707 1541 3788; x_wconf 83' lang='lat' dir='ltr'>Atque</span> <span class='ocrx_word' id='word_1_354' title='bbox 1564 3706 1609 3768; x_wconf 91' lang='lat' dir='ltr'>illi</span> <span class='ocrx_word' id='word_1_355' title='bbox 1631 3728 1699 3769; x_wconf 90' lang='lat' dir='ltr'>cum</span> 
     </span>
     <span class='ocr_line' id='line_1_37' title="bbox 396 3789 1698 3870; baseline 0.002 -22"><span class='ocrx_word' id='word_1_356' title='bbox 396 3807 522 3870; x_wconf 89' lang='lat' dir='ltr'>qnamur</span> <span class='ocrx_word' id='word_1_357' title='bbox 547 3789 782 3869; x_wconf 82' lang='lat' dir='ltr'>expositionem,</span> <span class='ocrx_word' id='word_1_358' title='bbox 810 3790 861 3869; x_wconf 89' lang='lat' dir='ltr'>qui</span> <span class='ocrx_word' id='word_1_359' title='bbox 885 3808 987 3850; x_wconf 80' lang='lat' dir='ltr'>omnes</span> <span class='ocrx_word' id='word_1_360' title='bbox 1011 3807 1090 3865; x_wconf 84' lang='lat' dir='ltr'>pro·</span> <span class='ocrx_word' id='word_1_361' title='bbox 1145 3789 1274 3852; x_wconf 82' lang='lat' dir='ltr'>clamore</span> <span class='ocrx_word' id='word_1_362' title='bbox 1299 3794 1440 3866; x_wconf 88' lang='lat' dir='ltr'>instanti,</span> <span class='ocrx_word' id='word_1_363' title='bbox 1466 3813 1582 3856; x_wconf 82' lang='lat' dir='ltr'>rursum</span> <span class='ocrx_word' id='word_1_364' title='bbox 1605 3793 1698 3855; x_wconf 83' lang='lat' dir='ltr'>dixit:</span> 
     </span>
     <span class='ocr_line' id='line_1_38' title="bbox 393 3868 1709 3962; baseline 0.004 -26"><span class='ocrx_word' id='word_1_365' title='bbox 393 3876 523 3953; x_wconf 73' lang='lat' dir='ltr'>funum,</span> <span class='ocrx_word' id='word_1_366' title='bbox 548 3875 666 3936; x_wconf 87' lang='lat' dir='ltr'>Graece</span> <span class='ocrx_word' id='word_1_367' title='bbox 689 3868 831 3952; x_wconf 77' lang='grc' dir='ltr'><strong>βέβηλον,</strong></span> <span class='ocrx_word' id='word_1_368' title='bbox 857 3879 1091 3956; x_wconf 89' lang='lat' dir='ltr'>interpretantur</span> <span class='ocrx_word' id='word_1_369' title='bbox 1143 3897 1220 3938; x_wconf 83' lang='lat' dir='ltr'>num</span> <span class='ocrx_word' id='word_1_370' title='bbox 1238 3886 1326 3939; x_wconf 83' lang='lat' dir='ltr'>tuum</span> <span class='ocrx_word' id='word_1_371' title='bbox 1342 3881 1434 3940; x_wconf 82' lang='lat' dir='ltr'>illum</span> <span class='ocrx_word' id='word_1_372' title='bbox 1450 3884 1611 3955; x_wconf 80' lang='lat' dir='ltr'>constitui,</span> <span class='ocrx_word' id='word_1_373' title='bbox 1636 3890 1709 3962; x_wconf 71' lang='lat' dir='ltr'>etpr</span> 
     </span>
     <span class='ocr_line' id='line_1_39' title="bbox 394 3961 1709 4047; baseline 0.004 -24"><span class='ocrx_word' id='word_1_374' title='bbox 394 3961 478 4023; x_wconf 78' lang='lat' dir='ltr'>Esau</span> <span class='ocrx_word' id='word_1_375' title='bbox 493 3961 594 4033; x_wconf 76' lang='lat' dir='ltr'>titisse,</span> <span class='ocrx_word' id='word_1_376' title='bbox 615 3961 672 4023; x_wconf 91' lang='lat' dir='ltr'>boc</span> <span class='ocrx_word' id='word_1_377' title='bbox 687 3971 741 4037; x_wconf 86' lang='lat' dir='ltr'>est,</span> <span class='ocrx_word' id='word_1_378' title='bbox 764 3983 860 4044; x_wconf 88' lang='lat' dir='ltr'>nsque</span> <span class='ocrx_word' id='word_1_379' title='bbox 876 3962 950 4023; x_wconf 88' lang='lat' dir='ltr'>adeo</span> <span class='ocrx_word' id='word_1_380' title='bbox 964 3962 1089 4023; x_wconf 87' lang='lat' dir='ltr'>munda·</span> <span class='ocrx_word' id='word_1_381' title='bbox 1147 3965 1216 4024; x_wconf 83' lang='lat' dir='ltr'>Tibi</span> <span class='ocrx_word' id='word_1_382' title='bbox 1231 3984 1306 4027; x_wconf 82' lang='lat' dir='ltr'>veru</span> <span class='ocrx_word' id='word_1_383' title='bbox 1320 3974 1392 4043; x_wconf 80' lang='lat' dir='ltr'>port</span> <span class='ocrx_word' id='word_1_384' title='bbox 1407 3969 1483 4028; x_wconf 84' lang='lat' dir='ltr'>beee</span> <span class='ocrx_word' id='word_1_385' title='bbox 1497 3970 1576 4045; x_wconf 85' lang='lat' dir='ltr'>quid</span> <span class='ocrx_word' id='word_1_386' title='bbox 1588 3969 1709 4047; x_wconf 72' lang='lat' dir='ltr'>faciam</span> 
     </span>
     <span class='ocr_line' id='line_1_40' title="bbox 394 4049 1709 4134; baseline 0.006 -25"><span class='ocrx_word' id='word_1_387' title='bbox 394 4067 474 4120; x_wconf 87' lang='lat' dir='ltr'>num,</span> <span class='ocrx_word' id='word_1_388' title='bbox 490 4050 641 4110; x_wconf 85' lang='lat' dir='ltr'>carnalem</span> <span class='ocrx_word' id='word_1_389' title='bbox 658 4056 689 4108; x_wconf 90' lang='lat' dir='ltr'>et</span> <span class='ocrx_word' id='word_1_390' title='bbox 703 4051 799 4110; x_wconf 86' lang='lat' dir='ltr'>ventri</span> <span class='ocrx_word' id='word_1_391' title='bbox 816 4049 958 4124; x_wconf 91' lang='lat' dir='ltr'>deditum,</span> <span class='ocrx_word' id='word_1_392' title='bbox 980 4057 1014 4108; x_wconf 88' lang='lat' dir='ltr'>ut</span> <span class='ocrx_word' id='word_1_393' title='bbox 1030 4050 1088 4128; x_wconf 91' lang='lat' dir='ltr'>spi·</span> <span class='ocrx_word' id='word_1_394' title='bbox 1186 4053 1234 4113; x_wconf 82' lang='lat' dir='ltr'>Ex</span> <span class='ocrx_word' id='word_1_395' title='bbox 1251 4051 1359 4131; x_wconf 89' lang='lat' dir='ltr'>quibus</span> <span class='ocrx_word' id='word_1_396' title='bbox 1375 4054 1562 4134; x_wconf 75' lang='lat' dir='ltr'>intelligitur,</span> <span class='ocrx_word' id='word_1_397' title='bbox 1585 4056 1673 4116; x_wconf 75' lang='lat' dir='ltr'>Esau</span> <span class='ocrx_word' id='word_1_398' title='bbox 1693 4055 1709 4117; x_wconf 90' lang='lat' dir='ltr'>b</span> 
     </span>
     <span class='ocr_line' id='line_1_41' title="bbox 395 4133 1708 4215; baseline 0.007 -20"><span class='ocrx_word' id='word_1_399' title='bbox 395 4133 515 4196; x_wconf 84' lang='lat' dir='ltr'>ritualia</span> <span class='ocrx_word' id='word_1_400' title='bbox 540 4155 598 4195; x_wconf 92' lang='lat' dir='ltr'>uon</span> <span class='ocrx_word' id='word_1_401' title='bbox 626 4145 759 4209; x_wconf 88' lang='lat' dir='ltr'>curaret,</span> <span class='ocrx_word' id='word_1_402' title='bbox 785 4137 840 4196; x_wconf 87' lang='lat' dir='ltr'>sed</span> <span class='ocrx_word' id='word_1_403' title='bbox 861 4135 1029 4215; x_wconf 77' lang='lat' dir='ltr'>negligeret</span> <span class='ocrx_word' id='word_1_404' title='bbox 1053 4157 1089 4195; x_wconf 83' lang='lat' dir='ltr'>ac</span> <span class='ocrx_word' id='word_1_405' title='bbox 1142 4138 1346 4214; x_wconf 83' lang='lat' dir='ltr'>reprobatum</span> <span class='ocrx_word' id='word_1_406' title='bbox 1363 4139 1431 4207; x_wconf 83' lang='lat' dir='ltr'>dici,</span> <span class='ocrx_word' id='word_1_407' title='bbox 1448 4162 1507 4201; x_wconf 92' lang='lat' dir='ltr'>uon</span> <span class='ocrx_word' id='word_1_408' title='bbox 1520 4163 1538 4202; x_wconf 89' lang='lat' dir='ltr'>a</span> <span class='ocrx_word' id='word_1_409' title='bbox 1551 4143 1629 4215; x_wconf 86' lang='lat' dir='ltr'>Deo,</span> <span class='ocrx_word' id='word_1_410' title='bbox 1646 4144 1708 4204; x_wconf 87' lang='lat' dir='ltr'>sicu</span> 
     </span>
     <span class='ocr_line' id='line_1_42' title="bbox 395 4221 1709 4304; baseline 0.007 -23"><span class='ocrx_word' id='word_1_411' title='bbox 395 4221 660 4303; x_wconf 80' lang='lat' dir='ltr'>parvipenderet,</span> <span class='ocrx_word' id='word_1_412' title='bbox 683 4222 742 4283; x_wconf 90' lang='lat' dir='ltr'>imo</span> <span class='ocrx_word' id='word_1_413' title='bbox 766 4223 836 4304; x_wconf 80' lang='lat' dir='ltr'>gula</span> <span class='ocrx_word' id='word_1_414' title='bbox 859 4225 1005 4294; x_wconf 87' lang='lat' dir='ltr'>irritatus,</span> <span class='ocrx_word' id='word_1_415' title='bbox 1028 4243 1087 4282; x_wconf 85' lang='lat' dir='ltr'>uuo</span> <span class='ocrx_word' id='word_1_416' title='bbox 1142 4225 1258 4285; x_wconf 86' lang='lat' dir='ltr'>verbis:</span> <span class='ocrx_word' id='word_1_417' title='bbox 1280 4227 1384 4289; x_wconf 82' lang='lat' dir='ltr'>Jacob</span> <span class='ocrx_word' id='word_1_418' title='bbox 1400 4228 1508 4302; x_wconf 76' lang='lat' dir='ltr'>dilexi,</span> <span class='ocrx_word' id='word_1_419' title='bbox 1526 4229 1615 4290; x_wconf 83' lang='lat' dir='ltr'>Esau</span> <span class='ocrx_word' id='word_1_420' title='bbox 1638 4229 1709 4290; x_wconf 90' lang='lat' dir='ltr'>odio</span> 
     </span>
     <span class='ocr_line' id='line_1_43' title="bbox 394 4306 1709 4390; baseline 0.007 -23"><span class='ocrx_word' id='word_1_421' title='bbox 394 4324 430 4367; x_wconf 91' lang='lat' dir='ltr'>ac</span> <span class='ocrx_word' id='word_1_422' title='bbox 457 4308 510 4368; x_wconf 90' lang='lat' dir='ltr'>vili</span> <span class='ocrx_word' id='word_1_423' title='bbox 537 4306 638 4368; x_wconf 92' lang='lat' dir='ltr'>edulio</span> <span class='ocrx_word' id='word_1_424' title='bbox 665 4309 787 4370; x_wconf 78' lang='lat' dir='ltr'>venalia</span> <span class='ocrx_word' id='word_1_425' title='bbox 812 4309 947 4369; x_wconf 89' lang='lat' dir='ltr'>baberet.</span> <span class='ocrx_word' id='word_1_426' title='bbox 989 4308 1087 4388; x_wconf 74' lang='lat' dir='ltr'>Quem</span> <span class='ocrx_word' id='word_1_427' title='bbox 1141 4311 1274 4387; x_wconf 89' lang='lat' dir='ltr'>Mal.1.;</span> <span class='ocrx_word' id='word_1_428' title='bbox 1299 4312 1352 4372; x_wconf 90' lang='lat' dir='ltr'>sed</span> <span class='ocrx_word' id='word_1_429' title='bbox 1368 4316 1585 4390; x_wconf 81' lang='lat' dir='ltr'>reprobatum,</span> <span class='ocrx_word' id='word_1_430' title='bbox 1608 4317 1642 4378; x_wconf 91' lang='lat' dir='ltr'>id</span> <span class='ocrx_word' id='word_1_431' title='bbox 1665 4323 1709 4376; x_wconf 85' lang='lat' dir='ltr'>est</span> 
     </span>
     <span class='ocr_line' id='line_1_44' title="bbox 393 4395 1694 4481; baseline 0.006 -27"><span class='ocrx_word' id='word_1_432' title='bbox 393 4395 638 4456; x_wconf 87' lang='lat' dir='ltr'>commentarium</span> <span class='ocrx_word' id='word_1_433' title='bbox 665 4395 743 4457; x_wconf 89' lang='lat' dir='ltr'>inter</span> <span class='ocrx_word' id='word_1_434' title='bbox 764 4395 890 4457; x_wconf 86' lang='lat' dir='ltr'>Latinos</span> <span class='ocrx_word' id='word_1_435' title='bbox 913 4396 1001 4456; x_wconf 89' lang='lat' dir='ltr'>etiam</span> <span class='ocrx_word' id='word_1_436' title='bbox 1026 4397 1086 4453; x_wconf 86' lang='lat' dir='ltr'>An·</span> <span class='ocrx_word' id='word_1_437' title='bbox 1141 4417 1204 4457; x_wconf 85' lang='lat' dir='ltr'>sam</span> <span class='ocrx_word' id='word_1_438' title='bbox 1228 4418 1351 4476; x_wconf 89' lang='lat' dir='ltr'>passum</span> <span class='ocrx_word' id='word_1_439' title='bbox 1371 4410 1499 4481; x_wconf 82' lang='lat' dir='ltr'>epatre,</span> <span class='ocrx_word' id='word_1_440' title='bbox 1522 4402 1646 4465; x_wconf 90' lang='lat' dir='ltr'>uolente</span> <span class='ocrx_word' id='word_1_441' title='bbox 1667 4405 1694 4462; x_wconf 89' lang='lat' dir='ltr'>ei</span> 
     </span>
     <span class='ocr_line' id='line_1_45' title="bbox 392 4481 1709 4569; baseline 0.005 -27"><span class='ocrx_word' id='word_1_442' title='bbox 392 4481 505 4542; x_wconf 85' lang='lat' dir='ltr'>seimus</span> <span class='ocrx_word' id='word_1_443' title='bbox 527 4483 636 4555; x_wconf 84' lang='lat' dir='ltr'>tradit,</span> <span class='ocrx_word' id='word_1_444' title='bbox 663 4501 716 4542; x_wconf 88' lang='lat' dir='ltr'>seu</span> <span class='ocrx_word' id='word_1_445' title='bbox 738 4484 878 4562; x_wconf 88' lang='lat' dir='ltr'>quisquis</span> <span class='ocrx_word' id='word_1_446' title='bbox 903 4488 1013 4542; x_wconf 88' lang='lat' dir='ltr'>auctor.</span> <span class='ocrx_word' id='word_1_447' title='bbox 1044 4483 1085 4543; x_wconf 89' lang='lat' dir='ltr'>Hi</span> <span class='ocrx_word' id='word_1_448' title='bbox 1141 4485 1267 4545; x_wconf 77' lang='lat' dir='ltr'>ctionem</span> <span class='ocrx_word' id='word_1_449' title='bbox 1287 4489 1442 4565; x_wconf 88' lang='lat' dir='ltr'>impertiri,</span> <span class='ocrx_word' id='word_1_450' title='bbox 1464 4510 1555 4569; x_wconf 89' lang='lat' dir='ltr'>qnam</span> <span class='ocrx_word' id='word_1_451' title='bbox 1570 4500 1604 4549; x_wconf 91' lang='lat' dir='ltr'>ut</span> <span class='ocrx_word' id='word_1_452' title='bbox 1621 4491 1709 4567; x_wconf 85' lang='lat' dir='ltr'>prime</span> 
     </span>
     <span class='ocr_line' id='line_1_46' title="bbox 390 4569 1709 4654; baseline 0.006 -26"><span class='ocrx_word' id='word_1_453' title='bbox 390 4569 592 4648; x_wconf 83' lang='lat' dir='ltr'>primogenita</span> <span class='ocrx_word' id='word_1_454' title='bbox 607 4575 719 4628; x_wconf 86' lang='lat' dir='ltr'>vocant</span> <span class='ocrx_word' id='word_1_455' title='bbox 733 4569 927 4646; x_wconf 70' lang='lat' dir='ltr'>spiritualia,</span> <span class='ocrx_word' id='word_1_456' title='bbox 945 4588 1003 4628; x_wconf 90' lang='lat' dir='ltr'>non</span> <span class='ocrx_word' id='word_1_457' title='bbox 1018 4588 1084 4648; x_wconf 90' lang='lat' dir='ltr'>pro·</span> <span class='ocrx_word' id='word_1_458' title='bbox 1141 4572 1343 4651; x_wconf 82' lang='lat' dir='ltr'>exspectabat</span> <span class='ocrx_word' id='word_1_459' title='bbox 1374 4574 1463 4635; x_wconf 86' lang='lat' dir='ltr'>Hanc</span> <span class='ocrx_word' id='word_1_460' title='bbox 1487 4577 1566 4635; x_wconf 90' lang='lat' dir='ltr'>enim</span> <span class='ocrx_word' id='word_1_461' title='bbox 1592 4595 1709 4654; x_wconf 75' lang='lat' dir='ltr'>poenam</span> 
     </span>
     <span class='ocr_line' id='line_1_47' title="bbox 389 4649 1709 4743; baseline 0.009 -29"><span class='ocrx_word' id='word_1_462' title='bbox 389 4665 457 4734; x_wconf 90' lang='lat' dir='ltr'>pter</span> <span class='ocrx_word' id='word_1_463' title='bbox 481 4674 632 4717; x_wconf 86' lang='lat' dir='ltr'>annexum</span> <span class='ocrx_word' id='word_1_464' title='bbox 652 4655 704 4734; x_wconf 89' lang='lat' dir='ltr'>jus</span> <span class='ocrx_word' id='word_1_465' title='bbox 725 4655 885 4715; x_wconf 86' lang='lat' dir='ltr'>sacerdotii</span> <span class='ocrx_word' id='word_1_466' title='bbox 910 4663 963 4714; x_wconf 88' lang='lat' dir='ltr'>ant</span> <span class='ocrx_word' id='word_1_467' title='bbox 986 4655 1085 4733; x_wconf 89' lang='lat' dir='ltr'>eujus·</span> <span class='ocrx_word' id='word_1_468' title='bbox 1139 4657 1230 4718; x_wconf 91' lang='lat' dir='ltr'>betur</span> <span class='ocrx_word' id='word_1_469' title='bbox 1254 4658 1343 4719; x_wconf 90' lang='lat' dir='ltr'>bomo</span> <span class='ocrx_word' id='word_1_470' title='bbox 1370 4649 1541 4738; x_wconf 57' lang='lat' dir='ltr'>profanus?</span> <span class='ocrx_word' id='word_1_471' title='bbox 1559 4663 1609 4743; x_wconf 90' lang='lat' dir='ltr'>qui</span> <span class='ocrx_word' id='word_1_472' title='bbox 1639 4664 1709 4743; x_wconf 72' lang='lat' dir='ltr'>prim</span> 
     </span>
     <span class='ocr_line' id='line_1_48' title="bbox 390 4741 1709 4822; baseline 0.009 -23"><span class='ocrx_word' id='word_1_473' title='bbox 390 4761 480 4822; x_wconf 91' lang='lat' dir='ltr'>quam</span> <span class='ocrx_word' id='word_1_474' title='bbox 493 4741 616 4803; x_wconf 88' lang='lat' dir='ltr'>alterius</span> <span class='ocrx_word' id='word_1_475' title='bbox 628 4743 681 4814; x_wconf 91' lang='lat' dir='ltr'>rei,</span> <span class='ocrx_word' id='word_1_476' title='bbox 695 4741 1084 4820; x_wconf 76' lang='lat' dir='ltr'>‹puae,proprieloqueudo,</span> <span class='ocrx_word' id='word_1_477' title='bbox 1140 4764 1197 4804; x_wconf 91' lang='lat' dir='ltr'>sua</span> <span class='ocrx_word' id='word_1_478' title='bbox 1220 4753 1281 4805; x_wconf 85' lang='lat' dir='ltr'>taur</span> <span class='ocrx_word' id='word_1_479' title='bbox 1304 4747 1356 4806; x_wconf 81' lang='lat' dir='ltr'>vili</span> <span class='ocrx_word' id='word_1_480' title='bbox 1380 4748 1571 4809; x_wconf 78' lang='lat' dir='ltr'>vendiderat.</span> <span class='ocrx_word' id='word_1_481' title='bbox 1602 4749 1709 4811; x_wconf 78' lang='lat' dir='ltr'>Noluit</span> 
     </span>
     <span class='ocr_line' id='line_1_49' title="bbox 389 4826 1709 4910; baseline 0.011 -24"><span class='ocrx_word' id='word_1_482' title='bbox 389 4828 554 4907; x_wconf 87' lang='lat' dir='ltr'>spiritualis</span> <span class='ocrx_word' id='word_1_483' title='bbox 572 4836 669 4904; x_wconf 72' lang='lat' dir='ltr'>esset,</span> <span class='ocrx_word' id='word_1_484' title='bbox 685 4826 738 4888; x_wconf 89' lang='lat' dir='ltr'>sed</span> <span class='ocrx_word' id='word_1_485' title='bbox 754 4828 834 4906; x_wconf 90' lang='lat' dir='ltr'>quod</span> <span class='ocrx_word' id='word_1_486' title='bbox 847 4829 1084 4907; x_wconf 86' lang='lat' dir='ltr'>primogenitura</span> <span class='ocrx_word' id='word_1_487' title='bbox 1139 4840 1224 4910; x_wconf 89' lang='lat' dir='ltr'>pater</span> <span class='ocrx_word' id='word_1_488' title='bbox 1247 4832 1349 4893; x_wconf 84' lang='lat' dir='ltr'>datam</span> <span class='ocrx_word' id='word_1_489' title='bbox 1373 4832 1460 4895; x_wconf 82' lang='lat' dir='ltr'>alteri</span> <span class='ocrx_word' id='word_1_490' title='bbox 1488 4835 1709 4900; x_wconf 65' lang='lat' dir='ltr'>benedictione</span> 
     </span>
     <span class='ocr_line' id='line_1_50' title="bbox 388 4913 1709 5006; baseline 0.008 -33"><span class='ocrx_word' id='word_1_491' title='bbox 388 4915 541 4994; x_wconf 82' lang='lat' dir='ltr'>singulare</span> <span class='ocrx_word' id='word_1_492' title='bbox 555 4913 615 4975; x_wconf 91' lang='lat' dir='ltr'>Dei</span> <span class='ocrx_word' id='word_1_493' title='bbox 640 4913 750 4973; x_wconf 86' lang='lat' dir='ltr'>dunum</span> <span class='ocrx_word' id='word_1_494' title='bbox 774 4914 936 4976; x_wconf 87' lang='lat' dir='ltr'>baberetur</span> <span class='ocrx_word' id='word_1_495' title='bbox 950 4913 1003 4974; x_wconf 85' lang='lat' dir='ltr'>illc</span> <span class='ocrx_word' id='word_1_496' title='bbox 1020 4936 1082 4975; x_wconf 90' lang='lat' dir='ltr'>sae·</span> <span class='ocrx_word' id='word_1_497' title='bbox 1139 4938 1216 4990; x_wconf 90' lang='lat' dir='ltr'>care,</span> <span class='ocrx_word' id='word_1_498' title='bbox 1240 4921 1379 4997; x_wconf 87' lang='lat' dir='ltr'>quamvis</span> <span class='ocrx_word' id='word_1_499' title='bbox 1401 4921 1545 5001; x_wconf 89' lang='lat' dir='ltr'>ignoraus</span> <span class='ocrx_word' id='word_1_500' title='bbox 1562 4932 1590 4984; x_wconf 91' lang='lat' dir='ltr'>et</span> <span class='ocrx_word' id='word_1_501' title='bbox 1606 4922 1709 5006; x_wconf 84' lang='lat' dir='ltr'>decept</span> 
     </span>
     <span class='ocr_line' id='line_1_51' title="bbox 389 4999 1709 5088; baseline 0.012 -29"><span class='ocrx_word' id='word_1_502' title='bbox 389 5003 467 5078; x_wconf 88' lang='lat' dir='ltr'>culo,</span> <span class='ocrx_word' id='word_1_503' title='bbox 490 5023 558 5063; x_wconf 88' lang='lat' dir='ltr'>eum</span> <span class='ocrx_word' id='word_1_504' title='bbox 581 5000 619 5062; x_wconf 94' lang='lat' dir='ltr'>ob</span> <span class='ocrx_word' id='word_1_505' title='bbox 643 4999 712 5077; x_wconf 80' lang='lat' dir='ltr'>alia,</span> <span class='ocrx_word' id='word_1_506' title='bbox 735 5010 798 5063; x_wconf 90' lang='lat' dir='ltr'>tum</span> <span class='ocrx_word' id='word_1_507' title='bbox 818 5003 948 5064; x_wconf 87' lang='lat' dir='ltr'>maxime</span> <span class='ocrx_word' id='word_1_508' title='bbox 963 5011 1084 5082; x_wconf 86' lang='lat' dir='ltr'>propter</span> <span class='ocrx_word' id='word_1_509' title='bbox 1139 5002 1288 5084; x_wconf 70' lang='lat' dir='ltr'>dedisset,</span> <span class='ocrx_word' id='word_1_510' title='bbox 1304 5005 1356 5070; x_wconf 90' lang='lat' dir='ltr'>eed</span> <span class='ocrx_word' id='word_1_511' title='bbox 1368 5009 1467 5088; x_wconf 83' lang='lat' dir='ltr'>potius</span> <span class='ocrx_word' id='word_1_512' title='bbox 1480 5029 1545 5070; x_wconf 82' lang='lat' dir='ltr'>eam</span> <span class='ocrx_word' id='word_1_513' title='bbox 1558 5009 1709 5074; x_wconf 72' lang='lat' dir='ltr'>anama</span> 
     </span>
    </p>
   </div>
   <div class='ocr_carea' id='block_1_4' title="bbox 0 0 2226 5825">
    <p class='ocr_par' dir='ltr' id='par_1_4' title="bbox 0 0 2226 5825">
     <span class='ocr_line' id='line_1_52' title="bbox 0 0 2226 5825; baseline 0 0"><span class='ocrx_word' id='word_1_514' title='bbox 0 0 2226 5825; x_wconf 95' lang='lat' dir='ltr'> </span> 
     </span>
    </p>
   </div>
  </div>
 </body>
</html>
