4442 5825
721 582 1118 641 rrrsromnnnnncoon
1152 581 1279 638 sensu
1298 585 1323 638 ι.
1643 591 1717 673 445

367 762 537 826 uconvenit.
560 762 705 825 Estenim
718 763 968 824 communisomni
1021 762 1252 840 propterquod
1261 761 1439 839 ponciaco.
1455 761 1569 824 Verum
1582 772 1719 844 apparet,

367 848 441 915 diter
458 850 607 932 peccanti.
631 849 723 930 Quod
738 850 765 913 si
780 850 815 911 B.
831 850 968 911 Jsuobus
1022 847 1526 930 esmlectiouemessemcndossrn3
1543 859 1627 911 esset
1638 851 1718 910 enim

367 954 413 1001 πο
441 937 599 1000 voluisset:
639 938 794 1012 occiditis,
834 937 967 999 ordinem
1021 936 1197 1025 tautologis.
1220 935 1298 997 Num
1311 936 1368 996 hoc
1380 938 1478 1017 ipsum
1490 939 1640 1018 seqnitur:
1656 937 1718 998 Pc-

367 1031 492 1100 rutusset
504 1023 643 1085 dicendo:
655 1024 765 1085 zelotis
776 1031 805 1085 ct
817 1024 966 1098 occiditis,
1021 1026 1096 1098 titis,
1115 1028 1144 1083 et
1159 1041 1226 1083 non
1243 1026 1393 1099 accipitis.
1417 1025 1474 1084 Est
1488 1025 1580 1104 igitur
1592 1042 1717 1087 seusus:

367 1110 452 1173 uiuos
473 1112 559 1193 gruvi
583 1108 697 1173 feceret
718 1107 845 1199 gradum
869 1110 907 1171 ud
926 1108 966 1183 id,
1020 1108 1068 1169 Ad
1085 1128 1123 1173 cu
1138 1110 1225 1185 bons,
1241 1130 1318 1203 quse
1334 1109 1523 1184 desideretis,
1540 1132 1600 1171 non
1615 1130 1652 1172 es
1668 1110 1718 1171 vis

378 1199 491 1279 presius
507 1206 561 1259 est.
585 1196 706 1259 Deinde
729 1197 882 1279 quidest:
907 1198 967 1258 Oc·
1021 1196 1185 1271 conemini,
1211 1216 1272 1277 qua
1298 1199 1436 1276 oportuit.
1475 1197 1605 1279 Siquid
1631 1194 1718 1258 vobis

367 1282 399 1358 it,
424 1292 451 1345 ct
473 1303 541 1347 non
563 1287 693 1363 potestis
719 1285 876 1360 adipisci?
899 1302 967 1344 cnm
1020 1281 1114 1354 deest,
1138 1281 1221 1363 quod
1243 1284 1348 1342 merito
1371 1281 1577 1358 desideretur,
1603 1280 1635 1344 id
1657 1304 1718 1361 non

367 1366 411 1445 lue
437 1391 496 1433 non
526 1372 566 1432 sit
595 1372 645 1433 vis
671 1370 709 1431 ud
739 1369 966 1452 adipiscendum
1020 1372 1130 1449 pugnis
1146 1378 1199 1430 sut
1213 1369 1485 1431 conflictationibus
1500 1367 1715 1452 quaerendum,

367 1455 437 1535 p‘urn,
449 1458 510 1519 nisi
523 1458 604 1538 opud
620 1457 754 1518 homines
770 1458 860 1533 opido
876 1455 967 1517 sceie-
1020 1455 1071 1516 sed
1087 1475 1106 1515 ιι
1122 1456 1187 1515 Deo
1209 1455 1430 1536 postulandum,
1454 1460 1509 1534 qui
1531 1459 1587 1518 dut
1609 1460 1716 1519 omni·

367 1538 386 1601 ιθ
401 1545 551 1609 levidetis
565 1552 663 1604 sutem
686 1543 735 1604 bic
749 1545 878 1621 inprime
893 1562 965 1625 qus·
1020 1543 1075 1603 bus
1090 1543 1283 1621 affluentem
1306 1544 1384 1604 sicut
1406 1543 1521 1605 dictum
1545 1554 1591 1605 est
1606 1565 1672 1626 usp.
1689 1551 1717 1607 1.

367 1630 512 1705 5invident
534 1632 613 1693 enim
635 1630 823 1712 plerumque,
846 1631 897 1713 qui
913 1629 964 1689 nd·
1063 1632 1090 1691 3.
1114 1630 1234 1706 Potitio,
1258 1637 1288 1691 ct
1309 1649 1376 1692 iton
1400 1633 1554 1708 accipitis,
1579 1650 1615 1693 eo
1629 1632 1715 1711 quod

367 1716 494 1794 isoluut,
517 1716 600 1799 quod
623 1715 727 1789 vident
749 1716 828 1778 ulios
846 1715 966 1793 hebere,
1018 1717 1102 1775 mole
1122 1720 1246 1793 petatis.
1269 1717 1487 1799 Prseoccnpet,
1511 1717 1592 1800 quod
1608 1717 1715 1780 dicturi

367 1810 484 1873 teuteus
501 1804 666 1886 Apostolus
682 1803 737 1865 hoc
753 1803 828 1878 loco,
852 1823 906 1865 cur
920 1822 965 1877 es,
1018 1815 1115 1863 erunt:
1142 1799 1208 1864 Imo
1224 1824 1296 1864 vero
1316 1806 1446 1883 petimus
1462 1826 1480 1866 s
1495 1805 1562 1866 Deo
1577 1804 1716 1886 precibus

373 1892 725 1970 pstuntnonsecipisut3
742 1891 965 1970 quisnimiruur
1018 1887 1208 1971 quotidianis.
1238 1891 1341 1973 Atqui,
1365 1892 1469 1972 inquit,
1492 1893 1579 1953 mule
1594 1894 1716 1972 petitis,

367 1976 601 2047 bbusinvidiseet
609 1977 817 2045 aemulationis
826 1985 964 2059 aguntur.
1018 1975 1087 2036 idco
1110 1997 1170 2036 non
1194 1978 1339 2059 accipitis.
1362 1978 1443 2060 Ergo
1466 1978 1546 2060 quod
1563 1980 1714 2041 Dominus

367 2074 401 2129 tet
412 2066 571 2137 invidiam
595 2072 627 2125 ut
648 2065 893 2135 aemulationem
910 2062 966 2125 hoo
1016 2064 1049 2123 in
1059 2063 1226 2143 Evangelio
1242 2065 1403 2145 promittit:
1421 2067 1541 2143 Omnis,
1559 2070 1715 2149 quipetit,

367 2152 449 2215 iuinis
465 2171 533 2221 esse
548 2150 613 2217 uult
628 2149 800 2235 Oujetunus,
816 2149 896 2235 quod
911 2152 965 2227 in·
1018 2153 1150 2227 accipit,
1179 2150 1283 2211 Muttb.
1300 2155 1342 2224 7.,
1368 2153 1412 2211 its
1433 2152 1657 2233 accipiendum,
1683 2164 1717 2215 ut

367 2238 530 2303 =reierotur
552 2238 591 2299 sd
613 2239 764 2307 tristitiem
784 2239 965 2317 interiorem,
1017 2257 1077 2307 nou
1100 2237 1173 2297 satis
1197 2238 1246 2310 sit,
1268 2238 1347 2299 bons
1368 2246 1481 2318 petere,
1506 2242 1562 2302 nisi
1585 2247 1616 2302 et
1637 2241 1717 2303 bene

367 2324 443 2389 flutio
465 2325 662 2395 eduensium
686 2324 866 2387 conformem
889 2326 964 2385 invi·
1017 2331 1174 2404 petuntur3
1196 2324 1307 2405 alioqui
1335 2345 1390 2386 uec
1417 2332 1519 2406 petere
1547 2327 1715 2389 censendus

375 2412 481 2475 Verum
505 2412 604 2497 mugio
621 2412 730 2494 placet,
754 2414 799 2472 its
814 2412 964 2491 distingui,
1018 2418 1073 2485 est,
1094 2412 1149 2492 qni
1171 2432 1232 2472 non
1255 2412 1339 2491 petit,
1362 2412 1511 2493 quomodo
1528 2414 1669 2476 Salvator
1684 2416 1715 2476 iu

384 2501 512 2565 invidus
541 2501 664 2581 proprie
694 2495 797 2569 dolent
823 2498 860 2561 de
886 2499 965 2567 bono
1018 2499 1277 2577 snupromissione
1289 2497 1411 2558 verbum
1420 2500 1542 2579 petendi
1555 2501 1714 2563 intellexit

367 2586 507 2661 evolsus
531 2585 605 2661 illud
628 2606 687 2661 uon
710 2606 794 2661 esse;
822 2587 965 2647 aemulus
1017 2584 1087 2647 Jsm
1110 2594 1209 2646 nutem
1225 2582 1263 2646 sd
1287 2584 1364 2646 bene
1385 2585 1545 2665 petendum
1566 2589 1715 2670 inprimis

367 2671 694 2755 tpropriesnumvelit
708 2671 819 2745 bonum
831 2692 963 2753 sequan-
1018 2673 1188 2733 necessaris
1210 2677 1258 2732 est
1279 2669 1358 2732 boun
1379 2673 1520 2750 intentio,
1543 2695 1624 2758 quse
1645 2676 1715 2738 istis

367 2761 471 2837 sileno.
509 2758 600 2821 Certe
625 2761 682 2821 nisi
711 2758 862 2821 diderront
888 2758 964 2819 heco
1018 2757 1125 2819 defuit.
1148 2758 1291 2841 Sequitur
1310 2761 1403 2819 cuim:

367 2849 443 2914 uitur
462 2848 578 2916 durnin
593 2846 672 2911 molo
688 2847 883 2930 accipiuntur,
904 2866 965 2906 non
1068 2846 1107 2907 Ut
1134 2848 1170 2907 in
1196 2849 1458 2926 concupiscentiis
1487 2852 1598 2910 vestris
1623 2851 1714 2913 imu-

367 2954 430 3018 uuo
454 2942 580 3017 poneret
603 2933 769 3018 Apostolus
794 2933 907 2996 Psulus
934 2936 966 2995 iu
1018 2936 1120 2993 mutis.
1153 2935 1432 3011 Concupiscentiis,
1460 2936 1592 2999 Graece:
1619 2939 1714 3000 volu·

367 3022 492 3084 erutione
506 3040 632 3102 operum
648 3021 754 3095 cornis,
771 3018 839 3082 Gal.
856 3024 885 3083 5.
1016 3020 1167 3097 ptatibus,
1193 3029 1228 3080 ut
1249 3039 1349 3100 supro„
1387 3023 1516 3085 Sensus:
1543 3026 1599 3100 Eu,
1627 3044 1715 3106 quoe,

367 3129 406 3170 rro
430 3110 461 3174 si
493 3108 561 3188 quis
587 3106 763 3184 contendat,
793 3127 965 3185 germanum
1017 3107 1128 3188 petitis,
1152 3110 1218 3167 sive
1233 3110 1386 3186 pecunius,
1410 3112 1474 3170 sive
1488 3111 1625 3183 honores,
1648 3114 1714 3176 sive

367 3197 520 3262 monem:
538 3195 689 3270 occiditis,
704 3213 765 3255 nou
776 3193 966 3276 repugnabo,
1017 3195 1181 3267 scientium,
1193 3214 1228 3254 oo
1240 3195 1299 3254 fine
1311 3196 1421 3273 petitis,
1432 3206 1466 3257 ut
1477 3196 1620 3272 habentis,
1632 3198 1714 3260 uude

367 3284 450 3356 uero,
470 3300 591 3346 sensum
607 3280 685 3342 hunc
702 3299 784 3341 esse:
808 3282 964 3356 occidito,
1017 3280 1188 3361 voluptates
1225 3289 1342 3341 vostros
1380 3282 1536 3363 explectis.
1581 3284 1713 3345 Nomine

367 3413 370 3436 ‚
394 3368 465 3434 odio
488 3365 609 3430 bebetis
632 3368 708 3427 alius
730 3365 839 3445 alium,
864 3369 966 3429 omnis
1017 3368 1221 3444 voluptatum
1244 3367 1494 3448 comprehendere
1517 3369 1638 3435 videtur
1652 3386 1712 3430 om·

378 3459 434 3534 qui
451 3456 519 3517 odit
533 3455 673 3533 fratrem
687 3472 789 3529 mum,
806 3454 965 3514 homicida
1017 3474 1084 3514 nem
1100 3453 1236 3515 illicitum
1252 3451 1492 3530 delectationem,
1508 3457 1609 3536 qualis
1621 3459 1714 3518 etism

385 3541 479 3616 Jeep.
503 3545 531 3604 3.
565 3539 739 3608 Notandum
763 3560 851 3617 vero,
875 3542 964 3601 etism
1018 3560 1055 3602 es
1069 3550 1122 3616 est,
1138 3561 1227 3621 quem
1242 3559 1281 3600 ex
1296 3544 1433 3620 pecuniis
1447 3545 1543 3616 sveri,
1565 3563 1603 3606 ex
1617 3543 1710 3605 bono·

367 3628 504 3694 Paulum
530 3626 596 3689 loco
619 3628 684 3708 jem
711 3628 821 3701 citato,
847 3635 907 3698 tum
934 3628 964 3687 in
1016 3628 1099 3688 ribus
1115 3627 1273 3701 ambitiosi,
1296 3647 1333 3688 ex
1349 3630 1483 3690 scientiis
1498 3637 1649 3711 quaerunt
1661 3651 1711 3692 cu-

367 3713 565 3789 iscodicibus,
578 3733 667 3796 quam
678 3714 804 3788 Latinis,
816 3714 876 3795 legi
888 3713 965 3782 hoec
1016 3715 1105 3793 riosi3
1127 3715 1197 3775 licet
1219 3715 1338 3795 proprie
1359 3717 1453 3778 verbs
1468 3717 1501 3777 B.
1517 3716 1625 3780 Jacobi
1646 3738 1710 3798 per·

367 3803 508 3874 dividiae
522 3808 551 3862 et
566 3802 758 3879 homicidia,
781 3800 836 3862 sed
853 3809 964 3861 etcum
1016 3802 1131 3861 tineent
1156 3800 1195 3861 sd
1221 3799 1393 3881 voluptates
1416 3822 1574 3877 sensnum,
1602 3804 1711 3886 quibus

367 3908 424 3958 sem
435 3889 643 3967 Hieronymus
658 3889 688 3948 iu
705 3895 859 3950 comment.
877 3887 962 3946 vitio·
1016 3888 1186 3949 saturandis
1207 3886 1304 3949 solent
1325 3886 1461 3950 homines
1481 3890 1601 3951 saeculo
1617 3889 1712 3954 dediti

367 3995 418 4042 sse
439 3975 612 4052 confirmet,
637 3994 767 4054 negans,
794 3973 964 4034 bosirioidio
1016 3974 1178 4035 facultates
1201 3994 1271 4035 sues
1295 3975 1476 4055 impendere,
1501 3975 1580 4058 quod
1596 3976 1714 4042 (insece

367 4063 610 4145 cumportione,
633 4059 885 4142 quemadmodum
901 4058 964 4120 illio
1016 4069 1075 4122 est:
1104 4057 1252 4137 daucido,
1281 4064 1450 4140 insumere,
1473 4071 1634 4142 sumptum
1655 4066 1712 4142 fa·

367 4150 487 4212 ivimus.
1015 4167 1092 4220 cere.
1108 4147 1145 4208 In
1156 4168 1270 4209 summu
1281 4147 1349 4208 vult
1359 4150 1532 4230 Apostolus,
1547 4149 1710 4214 irensudss

367 4237 498 4314 wisel
510 4235 708 4311 bellicorutis.
724 4234 849 4315 Repetit
860 4234 964 4294 ordine
1016 4255 1083 4296 esse
1098 4234 1291 4318 cupiditates,
1311 4245 1345 4296 ut
1358 4236 1527 4316 moderatos
1542 4240 1602 4299 sint
1618 4246 1649 4299 et
1665 4257 1710 4298 or-

367 4343 419 4402 rso,
446 4342 525 4405 quse
552 4322 637 4396 initio
663 4319 799 4383 dixerut:
826 4321 908 4384 bello
934 4327 963 4379 et
1015 4321 1150 4401 dinstse3
1170 4321 1286 4396 deinde,
1303 4342 1384 4403 quse
1398 4323 1550 4387 moderate
1565 4326 1710 4405 cupimus,

367 4410 444 4482 Sunt
465 4411 544 4476 enim
569 4407 619 4469 bio
633 4408 735 4480 verbs,
757 4427 884 4488 quorum
900 4404 963 4467 illic
1014 4428 1033 4467 u
1047 4408 1116 4469 Deo
1138 4408 1321 4491 postulanda
1340 4428 1423 4488 esse,
1446 4412 1490 4471 its
1503 4412 1645 4486 futurum,
1668 4420 1711 4486 ut,

367 4518 392 4570 s.
430 4495 564 4558 Graece:
589 4497 746 4573 puocatis
771 4502 801 4556 ct
827 4495 961 4569 bellatis,
1014 4496 1137 4570 remotis
1160 4496 1401 4576 contentionibus
1423 4504 1517 4579 etque
1533 4497 1708 4574 uemulstio·

367 4593 382 4646 t
408 4584 546 4654 verbosis
572 4589 603 4642 et
627 4580 769 4654 clamosis
796 4581 961 4643 contentio·
1013 4582 1110 4656 nibus,
1135 4603 1240 4666 pacem
1256 4581 1358 4659 colunt
1380 4590 1411 4643 et
1426 4583 1555 4647 fructum
1576 4585 1711 4663 justitiae

1034 4667 1175 4730 referunt.

368 4776 440 4821 uon
464 4756 601 4832 bebetis,
625 4756 867 4858 propterquod
893 4774 961 4817 noo
1012 4689 1033 4749 P
1055 4756 1116 4817 Hic
1131 4756 1294 4826 monendus
1310 4776 1352 4831 ss,
1374 4758 1476 4830 lector,
1502 4754 1650 4838 quosdam
1663 4758 1708 4822 iu·

367 4848 440 4920 utis.
471 4841 671 4922 oecumenius
693 4843 886 4922 negationem
908 4862 958 4924 po·
1012 4849 1166 4924 terpretes,
1182 4841 1356 4906 Oscumenii
1369 4847 1615 4920 commentarium
1627 4860 1708 4904 secu-

367 4951 383 4996 e
411 4930 481 5006 leco
503 4931 624 5008 omittit.
662 4928 713 4991 Sic
738 4938 838 4990 sutem
861 4928 959 5004 hebet,
1012 4938 1066 5005 tos,
1083 4938 1178 4991 totum
1194 4929 1274 5006 hunc
1289 4930 1387 4991 locum
1403 4931 1541 5012 restricte
1556 4949 1709 5012 exponere

367 5027 422 5098 ,pe
438 5016 609 5092 uentano:
623 5018 748 5080 nonen
759 5015 958 5095 amposta,
1011 5015 1222 5097 commuue,
1237 5003 1643 5112 seemegooanuejtemue
1658 5035 1707 5079 eu-
