4442 5825
790 585 952 641 EPlSTOLlE
970 586 988 640 1.
1005 586 1092 640 essu
1108 584 1240 640 solonis
1274 582 1359 638 titus
1378 587 1402 638 2.
1421 587 1445 638 3.
1752 589 1831 658 156

392 760 491 840 ipsum
504 759 597 833 fellat,
610 762 791 835 existimans,
805 782 838 822 se
847 762 943 823 Deum
956 760 1089 843 diligere,
1119 796 1121 799 ·
1142 763 1230 822 Deus
1256 782 1274 820 s
1295 761 1381 822 uobis
1408 761 1520 820 servari
1543 758 1621 832 ruit,
1647 760 1752 838 grevia
1771 781 1832 821 nou

392 867 452 906 nec
478 857 580 908 tomen
606 847 719 910 faciens
747 868 799 922 ea,
826 869 905 928 quae
932 852 1087 930 praecipit.
1143 868 1215 909 esse.
1240 849 1308 928 Quo
1332 851 1362 907 in
1385 866 1521 907 sermone
1544 848 1667 925 Liptote
1689 855 1749 918 est,
1772 867 1833 928 qna

392 935 471 993 Nam
489 938 543 1012 qui
559 936 644 1010 dicit,
661 954 691 994 se
707 954 795 996 nosse
812 931 856 1011 (id
874 945 928 1009 est,
949 933 1087 1016 diligere)
1141 938 1238 996 minus
1250 937 1364 1008 dicitur,
1381 943 1411 993 et
1423 934 1492 1013 plus
1508 933 1696 1013 intelligitur.
1720 934 1832 994 Sensus

392 1022 510 1094 Deum,
536 1030 565 1080 et
580 1022 736 1082 mundate
759 1027 827 1096 ejus
850 1041 918 1083 reon
941 1025 1086 1097 custodit,
1143 1025 1219 1082 enim
1236 1033 1291 1093 est,
1306 1019 1447 1081 mandata
1460 1021 1519 1081 Dei
1534 1039 1600 1081 esse
1615 1028 1736 1081 servato
1752 1020 1832 1081 levio

390 1108 534 1169 mendae
557 1117 619 1186 ett,·
643 1128 734 1188 supro
755 1129 820 1188 esp.
847 1114 874 1170 2.
899 1110 977 1171 Tale
998 1113 1088 1190 igitur
1141 1119 1233 1190 atque
1249 1108 1358 1179 facilia,
1372 1108 1460 1185 juxta
1475 1110 1652 1168 seutentiam
1665 1106 1832 1166 Salvatoris

391 1205 450 1262 est,
473 1194 552 1274 quod
570 1196 618 1255 hic
634 1198 678 1256 cit
691 1197 874 1276 Apostolus:
897 1196 1034 1269 Rursum,
1058 1206 1087 1257 et
1141 1195 1248 1255 Matth.
1267 1199 1329 1254 11.:
1352 1198 1475 1270 Jupum
1493 1213 1597 1254 meum
1612 1211 1710 1253 suove
1725 1201 1779 1268 ert,
1802 1201 1832 1254 et

391 1299 409 1340 e
426 1280 545 1341 diverso
561 1302 616 1361 per
631 1283 689 1343 hoc
700 1283 846 1360 judicium
862 1303 1035 1362 cognosces,
1057 1295 1086 1342 te
1141 1299 1222 1343 onus
1237 1299 1340 1341 meum
1357 1283 1432 1341 leve.

390 1367 519 1447 diligere
535 1369 643 1442 Deum,
668 1371 693 1428 ei
717 1388 819 1429 serves
844 1371 912 1448 ejus
935 1370 1084 1429 mundata.
1183 1369 1242 1429 Sed
1260 1368 1331 1428 dicit
1354 1367 1483 1448 aliquis:
1508 1365 1666 1445 Quomodo
1690 1365 1832 1425 mandata

390 1452 484 1531 Quod
501 1456 598 1534 ipsum
615 1456 714 1515 verbis
731 1456 899 1533 subjunctis
916 1455 1061 1516 declarat:
1139 1454 1196 1514 Dei
1212 1455 1316 1514 facilia
1328 1462 1407 1527 sunt,
1424 1462 1456 1513 et
1467 1473 1526 1514 non
1539 1455 1653 1532 grevia,
1669 1471 1733 1513 eum
1746 1453 1832 1512 Deus

438 1545 465 1601 3.
498 1543 584 1601 Haec
611 1550 655 1603 est
682 1547 765 1602 enim
792 1548 912 1603 caritas
938 1545 1019 1617 Dei,
1049 1551 1085 1602 ut
1134 1543 1241 1620 jubeat
1267 1544 1366 1601 omnia
1394 1540 1470 1600 dura
1497 1540 1630 1620 perterre
1656 1559 1709 1621 pro
1736 1540 1831 1619 ipsius

389 1629 551 1687 mandute
579 1630 659 1704 Eius
688 1630 911 1690 custodiamus.
951 1628 1083 1690 Graece:
1138 1647 1254 1702 amore,
1271 1628 1354 1687 velut
1366 1628 1507 1708 inopiam,
1520 1628 1637 1701 lumem,
1649 1627 1827 1707 persecutio

385 1732 558 1774 servemus.
583 1716 756 1776 Ueritatem
780 1718 843 1776 Dei
866 1717 1008 1795 intelligit
1031 1716 1080 1775 ob·
1137 1733 1200 1786 nes,
1224 1714 1393 1796 opprobrie,
1419 1714 1616 1775 membrorum
1631 1716 1779 1774 cruciatus
1794 1732 1830 1773 ae

380 1800 512 1878 jective,
536 1822 645 1882 nempe
667 1823 742 1873 earn,
766 1822 826 1882 qua
850 1804 935 1864 Deus
959 1824 976 1864 a
996 1803 1083 1863 nobis
1137 1811 1293 1873 tormenta,
1316 1811 1440 1863 mortem
1464 1800 1596 1879 denique
1618 1801 1728 1878 ipsam,
1752 1818 1831 1880 quse

385 1886 533 1966 diligitur.
572 1888 623 1949 Sic
646 1890 718 1949 alibi
742 1890 867 1967 legimus
890 1891 983 1966 fidem
1008 1892 1080 1964 Dei,
1137 1896 1184 1948 eat
1199 1890 1328 1949 omnium
1345 1890 1472 1949 maxime
1487 1885 1653 1947 terribilis?
1670 1886 1761 1967 Quod
1775 1905 1831 1948 uec

387 1977 496 2053 quain
509 1975 608 2035 Deum
624 1976 762 2050 ereditur,
779 1977 994 2038 utMe1·cill.:
1011 1978 1082 2037 Ha·
1136 1975 1274 2036 Jounnes
1303 1977 1397 2035 tacuit
1422 1977 1453 2035 in
1480 1974 1536 2035 hec
1562 1973 1708 2053 Epistola,
1736 1992 1830 2054 supra

386 2062 458 2120 bete
472 2063 563 2138 pidem
581 2065 642 2123 Dei
651 2087 662 2140 ,·
686 2066 918 2125 sicorotionem
933 2066 1004 2139 Dei,
1022 2083 1083 2143 qna
1137 2083 1203 2142 eap.
1226 2063 1272 2121 3.:
1300 2065 1344 2123 Et
1366 2080 1440 2136 rios,
1465 2064 1573 2142 inquit,
1600 2061 1746 2122 debemus
1766 2077 1829 2138 pre

383 2149 477 2208 Deus
493 2157 603 2222 oretur,
620 2161 654 2209 ut
668 2150 740 2210 Luc.
759 2154 804 2211 tt:
822 2153 865 2211 Et
880 2159 948 2211 erui
961 2170 1081 2228 perno-
1134 2149 1293 2228 frutribus
1308 2153 1434 2210 artimus
1453 2167 1581 2225 ponere.
1605 2147 1731 2222 Deinde,
1755 2145 1830 2228 quid

383 2243 481 2296 stans
502 2240 536 2297 in
558 2241 702 2298 oratione
721 2240 788 2298 Dei.
815 2238 943 2298 Sensus:
967 2239 1081 2298 Idcirco
1135 2235 1294 2309 difficilius,
1321 2256 1408 2317 quern
1434 2237 1584 2306 omnibus,
1611 2254 1689 2314 ques
1715 2238 1746 2295 in
1771 2235 1829 2295 hoc

384 2321 488 2399 adjeci
510 2322 711 2385 demandatis
734 2326 799 2403 ejus
820 2324 985 2397 servandis,
1009 2325 1083 2406 quia
1135 2324 1257 2384 saeculo
1272 2322 1448 2402 diliguntur,
1466 2322 1647 2394 renuntiare,
1662 2324 1753 2382 etiem
1770 2320 1829 2381 sibi

384 2410 523 2484 diiipere
541 2412 643 2471 Deum
666 2431 721 2491 per
737 2414 974 2490 consequentias
990 2413 1080 2471 ratio·
1135 2413 1193 2490 ipsi
1210 2431 1247 2470 se
1262 2411 1402 2489 propriae
1416 2410 1576 2481 voluntati,
1601 2426 1747 2488 suamque
1764 2410 1827 2468 ani-

383 2516 458 2556 nem
472 2505 524 2569 est,
540 2497 698 2558 mandatu
711 2501 791 2572 Ejus
802 2516 937 2558 servare.
955 2500 1083 2560 Oasitae
1134 2517 1212 2557 mam
1230 2495 1352 2557 odisee?
1374 2497 1459 2557 Haec
1472 2503 1572 2555 temen
1588 2495 1727 2555 omnibus
1741 2495 1829 2554 nobis

382 2584 543 2658 siquidem
561 2589 762 2660 erpaDeum,
779 2588 821 2644 ait
834 2584 1008 2662 cajetanus,
1025 2604 1082 2644 ro·
1134 2585 1166 2645 in
1193 2592 1355 2662 praecepto
1379 2592 1461 2656 sunt,
1488 2585 1618 2643 Domino
1644 2589 1829 2662 protestante

382 2674 433 2731 tio
458 2679 501 2729 est
523 2673 674 2732 servandi
697 2673 854 2733 mandatu
875 2673 962 2747 Ejus.
985 2671 1082 2744 Unde,
1135 2673 1236 2732 Lucae
1252 2672 1298 2730 9.:
1326 2671 1360 2731 si
1376 2674 1445 2747 puis
1465 2670 1535 2729 vult
1554 2674 1628 2745 post
1642 2685 1692 2728 me
1706 2670 1828 2743 vertite,

383 2759 529 2837 quemvis
552 2768 743 2838 praeceptum
768 2758 914 2838 diligendi
929 2761 1027 2819 Deum
1044 2757 1082 2818 eb
1135 2759 1268 2834 abnepet
1283 2765 1378 2817 semet
1401 2760 1516 2833 ipsam,
1541 2763 1570 2815 et
1593 2755 1685 2815 tollat
1705 2761 1829 2816 tracen

382 2845 458 2905 aliis
481 2845 546 2923 ejus
569 2848 737 2926 praeceptis
760 2847 910 2906 diversum
936 2847 989 2919 sit,
1016 2847 1079 2925 qui·
1135 2862 1225 2905 suum
1243 2844 1393 2923 quotidie,
1419 2851 1448 2903 et
1464 2851 1615 2921 sequetur
1630 2862 1696 2915 me;
1718 2850 1748 2902 st
1764 2861 1827 2923 cap.

382 2951 519 3011 cumque
556 2941 655 2992 tamen
692 2933 748 2993 hoc
778 2933 948 2995 dilectionis
980 2941 1082 2993 servet
1139 2937 1203 2994 14.:
1228 2935 1263 2993 Si
1282 2935 1352 3009 quis
1377 2933 1522 2992 venitod
1545 2950 1604 3004 me,
1628 2938 1658 2991 et
1678 2930 1829 2993 nonodit

384 3027 594 3099 praeceptum,
618 3039 707 3080 exea
728 3020 887 3080 dilectione
912 3022 1000 3081 etism
1017 3039 1081 3080 ese·
1137 3028 1262 3091 putrem
1278 3035 1370 3078 suam
1388 3026 1417 3079 et
1431 3026 1576 3094 matrem,
1601 3025 1630 3076 et
1651 3035 1783 3079 uxorem
1800 3024 1830 3077 et

382 3115 455 3166 tere
482 3105 539 3164 Dei
566 3115 729 3185 praecepte
756 3117 870 3177 serrat,
896 3117 930 3166 ut
957 3125 1081 3185 qnorum
1138 3106 1231 3182 illios,
1251 3105 1594 3182 etfrutresetsorores,
1607 3105 1829 3166 adducentem

382 3192 563 3252 observatio
587 3213 627 3253 ex
650 3192 811 3253 dilectione
829 3193 888 3252 Dei
911 3195 1081 3254 necessario
1136 3200 1165 3253 et
1180 3196 1325 3252 animum
1341 3211 1450 3252 soum:
1463 3210 1530 3253 non
1544 3199 1647 3268 potest
1661 3210 1749 3253 meus
1765 3207 1827 3251 este

382 3280 564 3358 dependeat
575 3299 610 3338 ac
623 3288 775 3359 sequetur,
791 3289 943 3358 umquem
959 3280 1081 3339 effectus
1136 3279 1320 3356 discipulus,
1336 3278 1462 3359 proinde
1475 3300 1531 3339 neo
1543 3279 1666 3339 amicus.
1683 3280 1720 3338 Et
1736 3279 1828 3338 inire:

383 3384 427 3425 ex
445 3368 567 3444 propris
583 3386 681 3425 censo.
705 3366 795 3445 Quod
808 3366 895 3425 etiarn
912 3366 1083 3445 significent
1136 3368 1199 3445 Qui
1214 3384 1281 3427 non
1296 3368 1464 3425 renuntiet
1479 3366 1634 3439 omnibus,
1659 3384 1739 3441 quae
1752 3376 1827 3441 pos·

384 3452 445 3512 illa
462 3451 572 3513 Christi
595 3452 689 3514 verba
712 3453 887 3514 Joan.14.:
915 3455 977 3531 Qui
991 3453 1083 3512 habet
1136 3453 1224 3527 sidet,
1248 3469 1315 3513 non
1337 3459 1438 3528 potest
1460 3471 1549 3513 meus
1567 3472 1628 3513 esse
1644 3452 1826 3529 discipulus.

382 3539 548 3598 mundate
565 3558 646 3614 meu,
663 3547 870 3613 etservuiea,
888 3540 1010 3613 illecti,
1027 3542 1082 3616 qui
1137 3539 1328 3619 Quapropter
1358 3546 1387 3597 et
1415 3542 1496 3599 viam
1527 3538 1634 3600 salutis
1670 3548 1828 3619 angustam

384 3625 497 3700 dilicit
519 3646 587 3703 τηις
611 3634 640 3685 et
665 3626 790 3686 iterum:
821 3628 855 3687 Si
881 3630 950 3703 quis
977 3628 1084 3701 diiiqit
1137 3636 1251 3705 portam
1267 3634 1417 3699 vocatet
1432 3636 1544 3686 arcum
1562 3628 1652 3699 viam,
1675 3626 1781 3688 March.
1798 3624 1827 3686 7.

382 3732 451 3787 me,
475 3729 650 3773 sermonem
673 3732 776 3773 oneum
793 3714 947 3790 servabit,
971 3723 1002 3772 et
1017 3733 1082 3791 cap.
1138 3721 1167 3772 st
1187 3714 1260 3772 Luc.
1285 3714 1344 3783 13,
1368 3711 1498 3784 addens,
1522 3731 1642 3790 paucos
1667 3731 1746 3790 esse,
1773 3715 1829 3791 qui

385 3799 461 3860 1s.:
495 3801 555 3860 Vos
577 3802 673 3859 amici
698 3802 760 3859 mci
783 3802 862 3874 estis,
886 3802 913 3860 si
934 3800 1081 3877 feceritis,
1138 3818 1208 3860 eum
1227 3802 1312 3859 vium
1328 3802 1509 3874 inveniant,
1526 3808 1556 3859 et
1571 3820 1636 3859 sem
1653 3809 1769 3877 portam
1784 3803 1827 3860 iu·

385 3904 475 3963 quae
502 3903 556 3961 epo
580 3890 746 3963 praecipio
774 3886 869 3946 vobis.
908 3885 1013 3946 Simile
1039 3893 1083 3945 est
1137 3895 1217 3945 trare
1233 3888 1358 3964 possint,
1381 3887 1451 3944 licet
1475 3888 1560 3945 multi
1575 3888 1643 3960 sint,
1667 3888 1718 3967 qui
1735 3906 1827 3965 quas·

383 3974 461 4033 huic
488 3972 569 4044 loco,
596 3974 677 4052 quod
704 3992 795 4052 supra
822 3974 920 4052 capite
949 3971 1083 4033 secundo

384 4059 468 4120 dixit
484 4059 634 4119 Joennes:
651 4063 712 4140 Qui
727 4066 832 4120 seruet
849 4059 975 4119 verbum
992 4062 1082 4134 Eius,

385 4163 464 4206 vere
490 4149 525 4205 iu
551 4148 607 4206 iroe
634 4150 751 4206 caritas
775 4147 836 4205 Dei
862 4148 1005 4225 perfecto
1031 4153 1083 4206 est.

385 4232 453 4310 Qui
469 4230 554 4292 locus
571 4253 636 4292 cum
653 4233 709 4292 isto
726 4232 906 4293 conferatur.

435 4319 479 4378 Et
501 4320 658 4379 mundato
674 4322 754 4393 Ejus
774 4321 888 4394 provin
910 4339 977 4381 non
1000 4328 1083 4380 erint.

386 4404 441 4465 Ne
456 4407 520 4484 quis
534 4405 667 4478 audiens,
680 4408 826 4465 neminem
841 4405 968 4486 diligere
976 4407 1084 4480 Deum,

386 4492 452 4553 nisi
467 4494 518 4571 qui
536 4502 639 4552 servat
659 4493 725 4570 ejus
747 4492 895 4565 mandata,
919 4496 1017 4553 unimo
1034 4492 1084 4553 de·

387 4579 526 4659 jicietur,
542 4585 693 4657 tamqnam
711 4578 870 4639 dilectione
887 4580 946 4640 Dei
963 4578 1002 4639 sd
1018 4601 1084 4640 cou-

391 4664 536 4725 ditionem
563 4665 655 4725 valde
682 4665 834 4725 difficilem
862 4676 1020 4735 revocate,
1047 4666 1085 4726 ad

389 4752 633 4813 observationem
655 4752 751 4832 ipram
774 4753 910 4812 nimirum
933 4751 1084 4812 mandato-

388 4857 460 4898 rum
477 4836 552 4896 Dei:
576 4838 632 4897 hec
648 4838 750 4898 eddita
777 4838 923 4918 particule
938 4839 1027 4917 erigit
1042 4848 1085 4898 at·

391 4944 456 5004 qne
473 4925 585 4983 excitet
600 4925 729 4984 animum
742 4924 780 4985 ed
792 4925 872 4985 hane
887 4924 1085 4986 conditionem

386 5009 622 5093 praestandum,
644 5012 811 5085 affirmans,
833 5013 983 5085 mundato,
1007 5031 1086 5091 quus

1138 3983 1205 4034 runt
1234 3974 1353 4032 intrare.
1393 3970 1482 4051 Ques
1509 3975 1609 4033 omnia
1639 3993 1829 4053 permagnum

1138 4060 1309 4139 significant
1357 4057 1562 4119 difficultatem
1608 4060 1829 4121 observationis

1138 4146 1347 4205 mandatorum
1362 4144 1432 4204 Dei.
1464 4146 1533 4225 Quo
1557 4155 1585 4206 et
1607 4145 1681 4206 illud
1701 4149 1830 4227 pertinet

1138 4232 1276 4313 Apostoli
1291 4232 1381 4291 Pauli
1396 4232 1482 4291 Rom.
1501 4237 1544 4292 7.:
1570 4234 1637 4293 Lete
1651 4234 1830 4309 spiritualis

1140 4328 1201 4395 est,-
1224 4337 1279 4395 epo
1302 4327 1409 4378 autem
1434 4319 1577 4380 cornelia
1598 4339 1679 4395 sum,
1705 4339 1829 4381 venun·

1140 4408 1234 4466 dutus
1249 4406 1305 4465 sub
1319 4414 1454 4481 peccate.
1478 4406 1568 4466 Unde
1585 4405 1747 4467 exclamet:
1770 4406 1829 4467 ln-

1137 4494 1219 4572 felis
1242 4511 1297 4568 epo
1320 4494 1433 4552 homo!
1454 4495 1530 4571 Quis
1552 4512 1601 4552 me
1625 4493 1770 4555 liberabit
1792 4495 1830 4555 de

1140 4598 1271 4655 corpore
1287 4583 1398 4640 mortis
1412 4581 1528 4654 hujus?

1181 4667 1381 4745 Respondes,
1414 4666 1489 4726 nihil
1519 4668 1643 4726 istorum
1672 4666 1829 4728 adversari

1139 4754 1306 4813 sententiae
1321 4753 1344 4812 J
1346 4753 1451 4813 oannis
1466 4753 1615 4832 Apostoli,
1642 4754 1701 4814 imo
1718 4753 1831 4814 Christi

1140 4838 1315 4911 salvatoris,
1339 4840 1557 4913 affirmantium,
1573 4839 1676 4900 facilis
1691 4860 1754 4901 esse
1769 4842 1831 4901 Dei

1139 4925 1288 4989 mandata.
1322 4925 1479 5005 Siquidem
1506 4927 1594 4987 aliter
1623 4936 1713 5007 etque
1743 4928 1831 4988 aliter

1144 5012 1257 5072 effectis
1283 5020 1313 5072 et
1334 5010 1438 5073 facilis
1459 5023 1541 5085 sunt,
1565 5021 1594 5074 et
1616 5016 1729 5095 gravia
1752 5015 1831 5076 Num

1552 5114 1623 5181 ts*
