4442 5825
783 604 1186 661 murotuuerssuos
1221 603 1391 658 vulsus
1542 688 1545 694 Ι
1757 605 1805 675 09

360 782 425 843 d'me
439 783 624 844 ”nuntiam
640 781 811 856 habuerint,
835 781 889 842 sed
904 790 990 845 extra
1011 801 1056 844 se-
1109 799 1184 842 saue
1199 776 1348 859 expedita,
1371 778 1450 839 sieut
1465 782 1495 838 et
1508 774 1645 857 ejusdem
1670 772 1804 855 expliea-

362 868 501 930 ditionam
515 871 748 950 permanserint
1109 870 1160 941 tio,
1182 887 1272 947 qnam
1293 865 1366 926 dant
1389 863 1639 945 Theophylactus
1663 871 1693 923 et
1708 861 1803 924 Occu·

399 955 513 1016 Verum
534 956 605 1017 huie
625 956 805 1037 expositioni
820 963 978 1017 contextus
994 975 1054 1015 om·
1109 955 1232 1015 menius.
1256 953 1320 1013 Nec
1333 951 1420 1012 obest
1430 951 1470 1026 id,
1486 949 1567 1032 quod
1579 944 1725 1011 adversus
1737 967 1804 1010 eam

365 1044 426 1103 nino
448 1050 606 1124 repugnat.
629 1041 703 1104 Non
727 1045 807 1103 enim
829 1045 958 1122 patitur,
980 1040 1055 1102 illud
1109 1048 1215 1103 auctor
1243 1038 1362 1119 objicit,
1389 1041 1533 1118 quoniam
1559 1035 1691 1117 ejusdem
1711 1036 1803 1103 ,vocis

309 1140 313 1187 ξι
366 1129 486 1210 plurale:
516 1130 594 1192 Non
618 1133 798 1191 commistos
820 1130 892 1198 fidei
918 1138 991 1203 etc,
1017 1125 1057 1188 sd
1109 1130 1171 1189 alia
1189 1136 1280 1208 atqua
1302 1127 1362 1187 alia
1384 1127 1530 1205 acceptio,
1556 1125 1678 1204 quando
1698 1141 1738 1184 ex
1752 1121 1804 1182 ad·

368 1216 431 1277 slios
445 1217 561 1290 referri,
584 1236 676 1297 quam
691 1216 732 1277 ad
755 1215 849 1277 malos
864 1223 895 1276 et
909 1213 1055 1289 infideles,
1105 1215 1219 1295 junctis
1245 1212 1337 1273 facile
1364 1212 1540 1292 intelligitur
1569 1230 1606 1271 ea
1633 1212 1804 1285 diversitas,

370 1303 467 1382 quibus
481 1303 557 1364 dicit
569 1302 736 1384 Apostolus
758 1324 817 1364 nou
832 1301 981 1383 profuisse
995 1321 1055 1364 ser·
1107 1322 1169 1364 non
1183 1300 1272 1361 modo
1287 1299 1330 1360 nil
1342 1297 1431 1359 habet
1442 1295 1633 1371 incommodi,
1647 1296 1702 1359 sed
1714 1298 1805 1357 etiam

370 1409 474 1451 nonem
503 1388 637 1452 auditus
683 1390 774 1452 Unde
804 1388 1056 1470 Theophylsctus
1108 1387 1228 1448 schemo
1253 1386 1329 1446 facit
1351 1387 1486 1448 orationi.
1517 1385 1652 1445 Alteram
1674 1383 1804 1446 Graeca-

372 1478 488 1556 ingsnue
501 1475 624 1551 fatetur,
646 1496 709 1539 non
729 1497 761 1538 so
782 1476 959 1556 intelligere,
982 1472 1057 1556 quid
1108 1476 1206 1536 nicam
1232 1474 1388 1535 lectionem
1418 1473 1491 1535 satis
1521 1469 1675 1532 commode
1701 1478 1806 1531 auctor

371 1561 596 1642 chrysostomus
623 1564 682 1625 sibi
707 1563 789 1624 volit
829 1564 901 1643 Ipse
926 1582 999 1623 vero
1025 1567 1056 1622 et
1108 1561 1243 1642 exponit,
1265 1567 1295 1619 et
1310 1559 1349 1619 ad
1364 1578 1484 1622 sensnm
1506 1558 1589 1618 illius
1610 1555 1806 1631 revocabitur,

372 1649 559 1711 Oooumemus
574 1649 615 1710 ad
629 1649 711 1712 hunc
726 1648 846 1710 modum
861 1650 1056 1730 interpretatu·
1108 1646 1190 1728 qnod
1213 1656 1258 1707 est
1280 1648 1311 1706 in
1334 1655 1436 1707 nostra
1458 1646 1598 1726 vulgata,
1618 1645 1676 1705 hoc
1696 1642 1804 1704 modo:

372 1748 423 1796 ur:
440 1736 547 1798 Sermo
570 1735 694 1798 auditus
714 1756 774 1798 nou
797 1735 909 1817 profuit
928 1737 996 1810 illie,
1010 1743 1055 1795 ut·
1109 1735 1215 1795 Sermo
1229 1733 1351 1794 divinae
1366 1733 1575 1814 promissionis,
1599 1750 1688 1812 quem
1702 1729 1805 1791 audie·

372 1833 428 1903 pots
442 1825 495 1904 qui
517 1843 574 1904 per
587 1823 677 1885 tidem
699 1843 759 1885 uon
777 1822 889 1885 fuerint
904 1823 1057 1884 commixti
1108 1829 1185 1895 rant,
1208 1820 1284 1880 nihil
1299 1820 1374 1899 ipsis
1396 1819 1519 1901 profuit,
1540 1827 1700 1898 propterea
1723 1813 1806 1898 quod

373 1929 413 1970 seu
433 1910 591 1988 conjuncti
609 1911 663 1985 iis,
685 1911 738 1991 qui
760 1910 932 1985 audierunt,
957 1909 988 1970 id
1011 1916 1058 1970 est
1109 1928 1168 1968 non
1184 1916 1267 1969 suet
1290 1914 1531 1988 contemperatus
1553 1905 1624 1966 fidei
1639 1913 1806 1984 conceptae

374 1995 545 2071 obedierunt,
569 1996 777 2070 crediderunt,
800 1995 942 2058 videlicet
961 1994 1056 2058 Caleb
1109 2014 1150 2056 ex
1166 1996 1212 2071 iis,
1235 2013 1313 2075 quae
1335 1993 1502 2056 audierant.
1524 1992 1594 2054 Nou
1617 1995 1696 2054 enim
1711 2011 1750 2052 ex
1766 1992 1805 2053 iis

375 2083 506 2146 etJosus.
531 2083 597 2145 ssu
618 2081 838 2144 incommodum
857 2083 949 2145 habet
965 2084 1056 2144 etiam
1108 2081 1199 2144 fidem
1215 2090 1431 2160 conceperunt3
1446 2079 1499 2143 sed
1511 2079 1614 2142 audita
1625 2084 1806 2159 respuerunt

375 2170 435 2231 hsec
457 2171 667 2252 interpretatio
694 2178 818 2252 propter
842 2178 987 2232 mutatam
1011 2189 1055 2230 re
1110 2189 1165 2248 per
1184 2167 1400 2230 infidelitatem.

375 2259 494 2337 putein
509 2257 621 2338 Mem
644 2259 793 2318 mntcutia
808 2259 1057 2338 significationem
1153 2256 1182 2315 3.
1219 2253 1444 2330 Iope-estiensis·
1472 2256 1557 2316 euim
1588 2254 1623 2314 iu
1652 2254 1804 2328 requiem,

312 2396 320 2409 .
378 2344 505 2422 oscuss3
527 2345 663 2405 maxime
678 2363 745 2405 cum
765 2353 797 2404 et
812 2344 866 2405 sub
882 2345 973 2406 tinem
992 2362 1057 2424 cap.
1111 2344 1167 2420 qui
1195 2341 1397 2404 credidimus.
1431 2341 1494 2401 Alii
1521 2339 1647 2401 verbum
1677 2335 1807 2399 reddunt

382 2432 403 2489 l,
414 2431 565 2492 audiuisse
580 2431 734 2493 tribuatur
748 2432 837 2491 etiam
854 2431 1024 2492 incredulis.
1110 2430 1278 2509 praesentis
1292 2429 1442 2509 temporis,
1456 2427 1667 2504 inpredimur,
1688 2427 1806 2486 introi·

413 2517 508 2598 lisque
524 2516 615 2579 nobis
631 2538 669 2579 sa
681 2518 774 2579 lectio
792 2519 890 2598 magis
905 2517 1056 2598 probatur,
1109 2533 1187 2577 mus.
1212 2517 1266 2575 Est
1280 2515 1358 2576 enim
1374 2514 1492 2577 Graece
1507 2503 1721 2591 εἰςερχόμεθα.
1745 2509 1808 2573 Sed

387 2620 453 2682 qun
468 2604 642 2685 complures
663 2605 774 2666 habeut
793 2603 903 2666 Graeci
927 2603 1057 2677 codices,
1109 2611 1210 2663 tamen
1224 2603 1354 2676 noveris,
1375 2600 1501 2663 rubum
1516 2593 1650 2679 ἔρχομαι
1665 2599 1805 2679 frequen·

387 2691 422 2749 esi
436 2699 462 2752 st
480 2693 612 2773 Syriaca
634 2693 735 2753 versio
758 2699 791 2752 et
811 2701 913 2753 nostra
933 2691 1059 2770 vulgata
1110 2699 1156 2750 ter
1178 2690 1208 2749 in
1232 2689 1395 2769 Scriptnris
1419 2689 1464 2751 sic
1483 2687 1631 2767 usurpari,
1657 2693 1692 2747 ut
1712 2684 1809 2753 futuri
1885 2684 1889 2689 ’

385 2781 609 2843 οιαοιιιιιΝοιι
623 2781 805 2841 commistus
818 2779 892 2858 {idei
907 2788 960 2838 cut
974 2778 1057 2856 flde3
1110 2775 1262 2857 quandam
1288 2775 1540 2856 significationem
1565 2772 1684 2834 habeat.
1716 2771 1807 2835 Unde

382 2882 433 2925 ssu
446 2875 575 2949 utroquo
585 2864 762 2928 modoverti
772 2873 881 2948 potest,
897 2871 931 2926 ut
945 2863 1056 2927 refera-
1109 2871 1155 2924 est
1168 2861 1250 2945 apud
1264 2862 1495 2943 Evangelistss:
1518 2853 1535 2922 ὁ
1551 2851 1730 2941 ἐρχόμενος,
1752 2860 1808 2938 qui

381 2961 417 3011 ur
439 2952 475 3014 sd
504 2972 676 3016 sermonem
706 2953 845 3031 auditus3
881 2952 972 3034 idque
1000 2953 1059 3013 hoc
1111 2958 1265 3013 uenturus
1279 2957 1335 3027 est,
1356 2949 1463 3012 Matth.
1483 2953 1541 3022 11,
1562 2950 1635 3010 Luc.
1652 2950 1689 3023 7.,
1711 2948 1804 3010 Joan.
1860 2977 1864 2984 ·

380 3057 465 3100 ιιιηι
485 3040 699 3104 Promissiouis
720 3059 826 3116 sermo,
848 3059 938 3121 quem
953 3039 1057 3100 audie·
1111 3040 1140 3098 6.
1155 3038 1220 3099 Imo
1243 3038 1320 3100 etin
1342 3037 1401 3099 hac
1414 3035 1552 3118 Epistola
1573 3037 1722 3116 cap.10.:
1745 3034 1809 3115 Qui

316 3183 321 3206 ἶ
380 3137 439 3201 ιιιι
459 3127 535 3189 nihil
550 3129 596 3189 eis
611 3126 742 3206 profuit;
763 3131 823 3190 imo
837 3130 935 3208 magis
952 3126 1059 3202 obfuit,
1109 3126 1480 3202 vermescentes.
1504 3122 1643 3204 Quodsi
1666 3122 1807 3184 itabens

316 3285 318 3290 ,
379 3221 519 3296 psopterss
533 3213 618 3297 quod
633 3216 716 3296 ipsis,
737 3217 789 3296 qui
811 3214 978 3287 audierant,
999 3233 1060 3274 non
1110 3213 1247 3287 vertitur,
1263 3220 1298 3271 ut
1311 3231 1383 3273 sane
1398 3230 1501 3273 omnes
1516 3210 1712 3281 consentiunt,
1728 3208 1809 3272 bene

316 3303 333 3332 ’·
380 3299 517 3362 wude
538 3307 789 3386 contemperatus,
811 3304 876 3363 siue
899 3320 960 3381 qus
982 3301 1056 3361 mix·
1112 3301 1203 3360 etiam
1218 3300 1275 3359 hoc
1285 3297 1352 3359 loco
1363 3297 1495 3360 futurum
1505 3295 1637 3358 reddidit
1649 3299 1809 3376 interpres:

379 3396 433 3447 tsrs
448 3388 584 3464 verbnm,
606 3395 759 3470 tamquam
774 3387 976 3468 pharmacum,
999 3408 1060 3449 non
1112 3387 1348 3463 inprediemur5
1371 3387 1495 3446 tametsi
1516 3404 1578 3444 non
1593 3402 1746 3464 negamus,
1768 3384 1807 3443 si·

316 3457 324 3530 ἕ
379 3473 494 3553 prodest,
510 3474 674 3538 seduooet
697 3473 1058 3557 Contemperaturautem
1112 3482 1162 3534 cut
1175 3474 1218 3534 ibi
1234 3472 1407 3546 adveutum,
1428 3474 1470 3531 ita
1485 3471 1534 3532 hic
1549 3471 1699 3531 introitum
1715 3469 1811 3550 signi·

319 3701 327 3766 l

320 3773 329 3812 ι

319 3815 329 3868 ².

324 4387 330 4436 l

378 3559 578 3643 idoqusndo,
600 3564 656 3643 qui
671 3562 765 3635 audit,
789 3562 851 3624 tide
863 3562 979 3643 recipit
1002 3561 1061 3623 Est
1111 3559 1194 3621 ficari
1216 3561 1280 3641 jam
1303 3567 1517 3639 praeparatum
1541 3563 1571 3618 et
1596 3557 1810 3638 quadantenus

318 3649 323 3656 '
379 3649 456 3727 ip‘tur
469 3651 501 3711 iu
515 3649 575 3710 hac
598 3648 700 3730 phrasi
722 3650 873 3729 quaedam
895 3649 1004 3711 allusio
1020 3648 1060 3710 ad
1112 3647 1295 3709 inchoatum.
1312 3646 1401 3727 Quae
1413 3647 1604 3727 praeparatio
1615 3645 1809 3707 etinchoatio

378 3754 504 3818 eaquae
517 3736 627 3798 hsusts
641 3744 760 3810 nocent,
776 3739 834 3798 nisi
848 3738 1061 3799 convenienter
1111 3735 1146 3794 fit
1167 3754 1222 3814 per
1242 3734 1339 3796 fidem.
1362 3734 1502 3814 Explicat
1525 3742 1623 3794 sutem
1645 3731 1810 3813 Apostolus

377 3822 476 3885 fuciut
489 3831 666 3904 temperata
681 3822 787 3886 Videri
803 3825 932 3905 cuipiam
949 3833 1060 3903 posset,
1113 3821 1197 3894 illud,
1227 3822 1309 3901 quod
1339 3821 1468 3884 dixerat:
1505 3822 1633 3883 Etenim
1664 3827 1694 3880 et
1718 3820 1811 3881 uobis

318 3917 329 3962 ἱ
378 3909 442 3972 hsnc
455 3918 590 3992 partem:
612 3912 663 3986 iis,
685 3913 742 3988 qssi
755 3913 941 3986 audientest,
963 3912 1060 3990 regis
1112 3912 1299 3970 nuntiatum
1325 3916 1376 3969 est.
1410 3908 1478 3969 Hoc
1500 3916 1545 3967 est
1567 3910 1647 3970 euim
1668 3908 1809 3988 Evange-

322 4019 329 4050 τ
378 3997 456 4059 ssrho
477 3998 623 4077 profuit,
647 3997 704 4058 hoo
725 3996 829 4059 modo:
856 3998 926 4059 Nou
948 3997 1061 4078 profuit
1112 3997 1192 4070 lium,
1216 3994 1298 4076 quod
1314 3996 1481 4057 nuntiatum
1497 4003 1541 4055 est
1555 3995 1650 4068 nobis,
1675 3995 1810 4055 introitu·

377 4082 425 4146 illis
437 4103 534 4147 sarm
551 4084 681 4158 auditus,
701 4083 770 4158 illis,
786 4086 917 4166 inquam,
941 4086 996 4165 qui
1010 4104 1060 4145 au·
1111 4103 1161 4144 ros
1183 4102 1238 4143 nos
1259 4084 1291 4143 iu
1310 4083 1458 4163 requiem,
1482 4090 1630 4163 quotquot
1650 4080 1808 4144 credideri-

378 4167 498 4249 disrunt3
532 4191 570 4232 eo
599 4169 682 4253 quod
710 4191 770 4232 nou
798 4178 879 4234 esset
907 4170 1059 4233 admixtus
1112 4189 1176 4230 mua
1192 4169 1312 4231 divinae
1335 4170 1534 4250 promissioni,
1555 4170 1655 4229 factae
1677 4169 1764 4230 nobis
1778 4168 1812 4232 in

379 4254 443 4318 idei.
465 4257 527 4321 Sed
543 4256 625 4320 hanc
638 4258 793 4339 syntaxim
804 4259 924 4322 Graeca
935 4280 995 4320 uon
1006 4258 1058 4319 sd·
1113 4256 1242 4319 Christo.
1266 4254 1328 4318 Sed
1343 4256 1432 4317 tidem
1454 4256 1601 4337 intellige,
1624 4276 1716 4334 quam
1731 4255 1809 4318 Sori-

378 4346 499 4423 uittunt3
520 4365 591 4406 uam
607 4345 823 4408 casusdiuersi
838 4337 1061 4413 santissimo<
1112 4353 1201 4425 ptura
1222 4343 1385 4426 praedicat,
1410 4364 1476 4405 eam
1499 4344 1622 4417 scilicet,
1646 4362 1726 4424 quae
1740 4361 1810 4404 ceu·

326 4445 329 4512 j
380 4439 405 4489 et
422 4433 489 4500 scic
514 4424 692 4493 ἀκούσασιν.
725 4431 791 4495 Nec
816 4433 882 4495 fere
907 4434 965 4494 nisi
992 4452 1060 4494 cum
1108 4432 1246 4511 junctam
1260 4431 1351 4492 habet
1369 4430 1569 4493 obedientiam
1593 4431 1632 4493 ad
1655 4437 1809 4511 praestan·
1859 4481 1864 4490 .

381 4522 537 4612 qucuuh'ro
570 4520 712 4600 jungitur
749 4517 894 4583 Graecum
935 4521 1060 4581 verbum
1112 4519 1182 4579 dum
1211 4519 1325 4591 omnia,
1355 4537 1433 4598 quse
1459 4518 1537 4580 fides
1567 4522 1633 4601 ipsa
1662 4523 1811 4578 monstrat

382 4600 509 4679 Ψφιλιιν.
1112 4604 1237 4684 agenda.
1261 4604 1362 4684 Quam
1378 4605 1560 4687 quicumque
1571 4605 1699 4665 tenuerit
1712 4621 1809 4683 usque

552 4744 686 4808 Addam
709 4745 862 4808 omm-
1112 4689 1262 4793 induem,
1282 4692 1308 4751 is
1331 4690 1437 4772 procul
1458 4691 1548 4754 dubio
1572 4690 1746 4792 promissam
1761 4709 1807 4751 re-

1112 4797 1213 4857 quiem
1235 4777 1458 4859 apprehendet,
1478 4779 1535 4840 hoo
1559 4785 1619 4850 est,
1641 4783 1736 4836 urtam
1757 4796 1808 4838 ae·

327 4851 331 4898 ³
417 4862 513 4928 butio
535 4865 763 4947 chrysostomi,
786 4866 1012 4948 Theophylscti
1032 4873 1062 4927 et
1111 4874 1238 4927 ternam.

327 5037 331 5070 i

388 4943 545 5029 monii,
565 4974 649 5036 quse
668 4952 779 5014 eadem
802 4963 849 5014 est
863 4974 964 5016 eorum
980 4951 1061 5013 ccdi-
1157 4951 1430 5031 Quemcdmodum
1457 4950 1556 5009 dicit:
1585 4948 1675 5010 sieut
1694 4952 1810 5024 iuraui

389 5049 448 5109 Νι
461 5057 634 5124 quossupra
645 5039 795 5104 indicauit
809 5048 922 5116 auctor,
937 5037 1060 5103 videtur
1111 5041 1148 5103 iss
1169 5042 1222 5098 itu
1243 5056 1330 5100 meo:
1351 5038 1387 5098 Si
1408 5034 1590 5096 introibunt
1611 5038 1809 5117 inrequietis

327 5139 332 5170 ι
