4442 5825
407 579 481 649 592
930 572 1162 628 commutans
1180 574 1212 629 n
1229 574 1295 629 car.
1314 576 1332 628 r.

404 747 544 823 scabris,
566 757 704 810 constmrs
721 759 836 830 septem
851 749 1011 830 gradibus,
1031 751 1097 830 qui·
1152 752 1264 813 Fidem
1280 752 1376 833 primo
1391 752 1457 814 loeo
1474 755 1609 819 nominat
1624 756 1743 830 Petrus,
1760 755 1817 837 qnod

404 836 459 899 bus
482 857 536 917 per
557 845 623 897 octo
646 838 771 898 virtutes
788 837 1008 917 jucundissima
1031 859 1097 917 pro·
1153 859 1189 897 aa
1204 836 1382 919 reliquarum
1398 842 1544 904 viantum
1565 841 1783 904 Christianarum
1794 844 1819 904 eit

402 921 543 1002 graditur.
578 925 725 1007 Quamvis
741 923 793 984 elii
813 946 873 985 non
896 925 1017 1005 proprie
1031 944 1096 1003 gre·
1151 923 1377 986 fundamentum
1393 949 1429 988 ac
1443 927 1535 988 basis.

403 1008 553 1070 dationem
569 1030 636 1071 esse
650 1012 763 1086 volunt,
779 1012 833 1073 sed
846 1014 988 1071 virtutum
1002 1032 1095 1091 quan·
1194 1015 1235 1073 In
1251 1015 1368 1073 virtute
1384 1022 1491 1075 autem
1506 1018 1683 1077 scientiam.
1715 1013 1823 1089 Hoeert¹

403 1095 472 1156 dam
498 1099 684 1178 congeriem,
711 1117 786 1177 qnae
816 1098 900 1158 velut
928 1100 958 1157 iu
986 1108 1097 1158 sertum
1151 1099 1293 1159 virtutum
1310 1099 1409 1160 studio
1425 1101 1605 1182 conjungite
1619 1103 1775 1175 sciendam,
1794 1101 1825 1163 ul

401 1183 632 1264 pulcherrimum
644 1185 754 1245 Petrus
767 1186 996 1259 concinnaverit,
1011 1193 1045 1244 nt
1060 1183 1098 1244 de
1150 1205 1232 1259 eam,
1249 1205 1330 1265 quae
1346 1197 1392 1246 est
1403 1189 1621 1268 mysteriorum
1632 1186 1711 1263 fidei,
1727 1198 1759 1249 nt
1770 1188 1824 1251 tra

402 1273 517 1331 ratione
533 1271 643 1332 ordinis
658 1291 712 1351 por
727 1272 863 1351 singulas
878 1293 938 1332 non
953 1273 991 1332 sit
1007 1270 1097 1331 valde
1149 1292 1209 1333 non
1225 1281 1340 1333 tentum
1357 1272 1438 1334 nuda
1460 1275 1611 1351 credatis,
1634 1295 1739 1336 verum
1759 1276 1825 1337 etiae

400 1356 612 1435 laborandum
640 1357 890 1439 quemadmodum
920 1379 974 1418 nec
1001 1361 1031 1419 in
1061 1378 1096 1416 eo
1150 1358 1339 1439 aliquatenus
1382 1361 1587 1442 intelligentie
1635 1364 1824 1443 assequamini

399 1443 466 1505 loco
492 1444 581 1504 Pauli
607 1443 674 1506 Gal.
697 1445 742 1519 5.,
771 1446 822 1506 nbi
852 1447 977 1526 primum
1006 1464 1097 1524 opere
1150 1464 1228 1525 qnae
1244 1453 1291 1505 est
1306 1443 1479 1508 Oecnmenii
1495 1448 1669 1529 expositio;
1684 1450 1824 1511 valescun-

401 1533 512 1603 cernis,
534 1530 643 1592 deinde
657 1532 773 1593 fructus
788 1532 910 1612 spiritns
926 1541 1095 1607 enumerat3
1150 1532 1221 1592 dum
1244 1531 1335 1604 alios,
1364 1553 1430 1594 eam
1453 1534 1635 1611 scientiam,
1662 1556 1737 1618 quae
1757 1554 1824 1616 opas

399 1617 472 1679 licet
497 1618 623 1680 subtiles
650 1618 837 1700 quorundam
863 1618 1095 1698 speculationes,
1149 1619 1291 1679 virtutum
1308 1619 1418 1700 dirigat
1434 1630 1465 1682 et
1480 1623 1599 1684 ratione
1615 1620 1785 1696 moderetur,
1798 1640 1823 1683 et

400 1705 544 1766 rationem
553 1704 662 1767 ordinis
675 1707 886 1786 assignantinm
898 1725 952 1785 per
968 1704 1096 1784 singula,
1149 1705 1221 1786 qnid
1240 1706 1271 1766 in
1290 1704 1352 1765 illis
1372 1708 1412 1768 sit
1433 1707 1502 1787 plns
1526 1719 1580 1770 aut
1604 1711 1720 1786 minne3
1746 1706 1822 1769 utltt

401 1813 461 1853 non
477 1802 712 1854 contemnamus.
1148 1801 1235 1874 parte
1266 1794 1361 1853 virtus
1391 1793 1569 1876 prudentiae
1605 1796 1769 1878 significate
1791 1794 1821 1855 tit

442 1879 699 1959 Praepositionem
726 1882 762 1940 in
787 1898 848 1938 non
875 1876 980 1938 eodem
1006 1876 1094 1936 modo
1149 1878 1241 1958 Quod
1269 1881 1364 1958 magis
1391 1881 1494 1960 probo.
1529 1882 1608 1942 Nam
1639 1881 1726 1944 simili
1752 1900 1820 1942 seura

399 1984 502 2028 omnes
525 1967 767 2046 interpretentur.
813 1963 845 2024 Si
868 1973 1009 2027 consueto
1032 1964 1093 2024 He·
1148 1965 1262 2027 Paulus
1278 1967 1363 2027 Rom.
1382 1969 1430 2028 10.
1445 1968 1548 2029 scribit
1562 1970 1600 2029 da
1612 1969 1749 2039 Jndeeis,
1764 1964 1819 2050 quod

397 2053 529 2114 breismo
545 2054 584 2113 sit
599 2052 693 2128 idem,
708 2050 805 2134 qnod:
816 2070 893 2129 per,
915 2073 975 2113 non
990 2071 1094 2132 parum
1148 2052 1260 2126 nolum,
1284 2053 1378 2114 idest
1399 2055 1651 2118 aemulationem
1667 2064 1695 2117 et
1709 2055 1818 2117 amin

399 2137 580 2202 difficultatis
595 2139 695 2201 adfert
709 2160 746 2201 ea
757 2142 904 2218 acceptio.
928 2139 999 2199 Non
1015 2140 1093 2199 enim
1148 2140 1210 2201 Dei
1221 2140 1348 2216 nabent,
1365 2140 1421 2203 sed
1432 2162 1491 2203 non
1504 2141 1674 2204 seeundum
1685 2144 1818 2205 εοίεοιίιι

398 2225 490 2288 facile
516 2226 699 2307 explicatur,
726 2225 876 2308 quomodo
900 2228 931 2286 in
951 2234 1016 2286 tota
1038 2225 1094 2285 lrac
1192 2230 1220 2288 6.
1244 2228 1285 2289 In
1315 2230 1446 2289 scientia
1476 2237 1584 2290 antem
1612 2230 1818 2291 abstinentior.

397 2315 474 2376 serie
499 2315 644 2374 virtutum
667 2315 817 2395 posterior
840 2310 1094 2373 subministranda
1148 2311 1281 2374 Graeco:
1298 2306 1353 2393 τὴν
1369 2306 1570 2393 ἐγκράτειαν,
1588 2337 1680 2398 qnam
1695 2316 1743 2378 elii
1756 2317 1818 2376 inte

397 2404 438 2462 eit
452 2421 507 2482 per
522 2403 661 2480 priorem,
675 2410 829 2480 tamquam
846 2400 876 2459 in
890 2400 974 2480 piore
989 2419 1092 2459 cansa·
1147 2409 1304 2482 pretantnr
1341 2406 1597 2479 temperantiam.
1652 2403 1818 2484 Significatu

397 2486 467 2550 litas
497 2487 648 2569 quaedem
679 2490 719 2550 sit
746 2495 884 2569 respectu
910 2487 1092 2567 posterioris.
1147 2496 1246 2548 eutem
1268 2509 1307 2550 ea
1330 2490 1442 2564 virtue,
1470 2510 1550 2572 qnae
1576 2490 1609 2550 in
1633 2490 1776 2551 frenandis
1794 2507 1817 2547 et

396 2576 463 2638 Nec
488 2575 533 2635 illi
559 2584 656 2648 recte,
684 2575 736 2657 qui
757 2594 810 2655 per
832 2572 948 2635 dativae
974 2572 1094 2654 singule
1146 2574 1344 2655 reprimendis
1360 2575 1568 2656 voluptatibus
1587 2585 1735 2639 versetur.
1756 2575 1816 2636 Ηιει

397 2664 528 2723 membre
543 2670 709 2743 exponunt:
737 2665 773 2722 in
795 2660 874 2737 tide,
903 2661 934 2720 id
959 2671 1004 2720 est
1019 2660 1094 2738 fidet
1146 2662 1223 2722 enim
1235 2664 1258 2724 si
1271 2683 1330 2723 non
1342 2661 1428 2737 adsit,
1445 2663 1641 2724 obnubilatur
1655 2666 1738 2739 ratio,
1752 2658 1839 2745 quse¹

396 2750 562 2811 ministrate
576 2751 724 2820 virtutem,
738 2749 825 2809 etsie
838 2746 992 2828 deinceps.
1015 2746 1092 2806 Nam
1145 2748 1176 2807 in
1192 2747 1356 2830 dirigendis
1379 2750 1548 2811 actionibus
1563 2749 1723 2831 prudentie
1738 2768 1815 2812 const·

396 2835 702 2920 praeterquamquod
715 2835 928 2895 obscuritatem
945 2834 1035 2893 habet
1050 2834 1094 2894 sic
1146 2834 1210 2895 lere
1241 2835 1338 2897 debet.
1376 2835 1522 2897 Nonnulli
1552 2840 1757 2920 suspicantur,
1778 2834 1815 2896 lat

397 2942 516 2999 sonans,
548 2922 694 3003 ejusmodi
720 2922 930 2984 Hebraismum
957 2929 1092 2982 auctores
1146 2932 1232 3002 parte
1258 2924 1354 2984 notari
1382 2923 1574 2986 Simonianae
1607 2935 1638 2987 et
1669 2925 1742 2987 elios
1769 2921 1816 2985 ists

396 3011 441 3072 illi
455 3032 514 3071 non
530 3010 657 3091 probant
674 3009 830 3089 exemplis.
1146 3018 1242 3083 ortos,
1270 3010 1371 3091 turpia
1387 3010 1538 3090 quaedem
1553 3020 1748 3086 exercentes,
1770 3027 1815 3070 aaa

441 3097 635 3179 Quapropter
652 3098 688 3157 iis
703 3094 847 3157 accedere
859 3095 1023 3166 malumus,
1039 3096 1091 3175 qui
1146 3098 1263 3157 interim
1279 3097 1432 3159 scientiam
1453 3097 1676 3179 profiterentur.
1714 3097 1776 3179 Qua
1791 3095 1816 3157 le

397 3186 537 3245 voculam
552 3189 606 3262 in,
622 3185 828 3246 Hebraeorum
839 3202 929 3256 more,
945 3202 998 3262 pro
1014 3181 1092 3243 Beth
1145 3204 1178 3244 re
1202 3184 1289 3258 vide,
1320 3204 1399 3263 quae
1423 3184 1503 3246 dicta
1527 3194 1597 3247 sunt
1622 3186 1662 3247 ad
1682 3185 1732 3247 alla
1751 3180 1815 3246 sarh

396 3271 588 3333 adhaesionis
603 3270 771 3351 accipiunt,
795 3278 825 3329 at
847 3290 901 3350 par
915 3288 985 3329 cam
1002 3289 1090 3349 expo·
1145 3270 1284 3348 Apostoli
1308 3271 1413 3330 Pauli:
1438 3273 1662 3350 Opporitionee
1682 3274 1758 3353 salai
1774 3287 1814 3332 aa·

395 3366 478 3420 nunt.
517 3358 612 3439 Cujus
635 3359 817 3437 acceptionis
847 3356 1015 3435 exemplum
1046 3364 1092 3416 est
1143 3358 1240 3418 minis
1255 3360 1419 3432 amentiae,
1438 3359 1550 3419 lTim.
1568 3362 1597 3421 6.
1614 3361 1645 3421 in
1660 3360 1725 3421 fine.
1871 3423 1874 3434 ,

394 3446 507 3507 Pselm.
531 3450 575 3508 2.:
602 3446 724 3508 Servite
745 3446 886 3505 Domino
908 3445 944 3503 in
967 3445 1090 3516 timore,
1186 3444 1228 3503 1η
1244 3444 1438 3505 abstinentia
1455 3453 1563 3506 autem
1577 3435 1813 3522 patientiamll

395 3533 578 3595 eternitate
594 3534 623 3592 ei
645 3534 681 3593 in
697 3539 840 3591 tremore.
878 3530 929 3590 Sic
945 3530 1023 3590 enim
1038 3529 1090 3589 lra-
1144 3539 1206 3590 est:
1223 3531 1442 3592 Abstinentiae
1459 3535 1653 3609 patientiam
1668 3533 1811 3610 adiuerit

394 3618 469 3680 bont
479 3620 622 3680 Hebraea
633 3627 662 3678 et
675 3616 804 3693 Graeca,
821 3615 902 3698 quod
915 3616 1091 3694 exponitur:
1144 3618 1220 3678 Sunt
1236 3621 1316 3680 enim
1332 3617 1457 3699 quidam
1484 3620 1679 3700 voluptatum
1695 3620 1813 3683 abedo*

394 3723 466 3767 cum
481 3709 613 3782 timore,
641 3714 671 3765 et
687 3724 757 3765 mam
773 3712 925 3779 tremore,
950 3705 1023 3765 sicut
1039 3724 1087 3764 ex·
1144 3703 1302 3776 maiitiam
1318 3713 1420 3766 tamen
1436 3712 1632 3768 externarum
1647 3703 1812 3789 perturbat't
1870 3749 1874 3758 -

392 3795 479 3873 ponit
504 3793 617 3854 Paulus
635 3790 714 3852 Phil.
730 3792 759 3851 2.
796 3792 871 3850 Item
895 3787 1004 3851 Genea.
1023 3792 1089 3852 32:
1144 3811 1228 3865 num,
1244 3790 1438 3853 afflictionum
1453 3793 1809 3876 etinjartarumtepaee
1873 3857 1874 3862 ,

395 3880 438 3941 In
447 3881 559 3943 baculo
571 3896 640 3941 meo
649 3880 786 3939 transivi
792 3882 821 3942 J
821 3879 974 3939 ardonem
984 3879 1089 3953 ntum,
1142 3878 1257 3938 tissimi.
1282 3878 1366 3957 Quos
1377 3880 1478 3959 tangit
1490 3880 1657 3942 haecPetri
1670 3877 1810 3944 masam

394 3966 426 4026 id
442 3975 489 4028 est
500 3986 567 4028 cnm
579 3967 771 4037 bacnlemeo‚
789 3964 983 4046 qnasidicat:
1000 3962 1090 4025 Solus
1142 3964 1299 4026 Laudatur
1308 3964 1384 4025 illud
1392 3964 1635 4048 philosophicum
1641 3976 1811 4050 praeceptus

393 4053 459 4114 eine
473 4055 600 4127 comite,
614 4062 648 4114 nt
661 4052 738 4113 bene
754 4050 928 4112 Chaldaeus
945 4052 1090 4130 interpre·
1143 4050 1226 4131 qnod
1253 4060 1397 4112 memorat
1419 4050 1538 4114 Gellius
1561 4053 1613 4116 lib.
1632 4058 1681 4118 17.
1697 4075 1757 4137 cap
1771 4051 1812 4114 li:

393 4147 482 4200 tatur.
517 4139 660 4201 Similiter
676 4137 756 4199 Osee
771 4139 817 4197 4.:
841 4137 976 4215 Lapebit
991 4145 1088 4212 terra,
1142 4138 1269 4199 Sustine
1285 4145 1314 4198 et
1329 4139 1460 4200 abstine.

392 4231 423 4288 et
444 4226 665 4303 infirmabitur
681 4227 800 4301 omnis,
828 4229 883 4302 qui
904 4224 1028 4285 habitat
1053 4227 1088 4286 in
1185 4227 1513 4303 Impatientiaantem
1522 4228 1687 4304 pietatem.
1711 4225 1808 4289 ert

392 4332 447 4389 ea,
469 4317 506 4375 in
528 4314 625 4375 bestia
648 4315 720 4389 apri
741 4320 770 4372 et
791 4315 827 4373 in
849 4313 977 4373 volnere
999 4313 1087 4388 coeli,
1142 4302 1305 4387 εὐσέβειαν.
1335 4311 1401 4390 Qua
1415 4333 1493 4375 voce
1508 4315 1610 4393 pietas
1624 4315 1655 4376 in
1669 4307 1808 4388 neme

390 4398 423 4472 ld
440 4412 568 4462 osteum
584 4402 682 4462 bestia
705 4399 768 4479 agri
784 4406 840 4458 etc.
878 4398 976 4479 Igitur
989 4401 1088 4459 mini·
1140 4398 1286 4459 nificatnr.
1320 4397 1432 4479 Itaque
1453 4409 1555 4462 monet
1577 4400 1755 4482 Apostolus,
1775 4411 1807 4477 pt

390 4494 492 4549 strare
507 4490 543 4550 in
557 4488 620 4565 tide
636 4490 803 4560 uirtutem,
827 4494 889 4559 cst,
915 4485 1005 4545 simul
1020 4505 1087 4547 curn
1139 4486 1262 4546 tientiaa
1287 4486 1529 4566 conjungendum
1555 4485 1687 4549 studium
1709 4479 1809 4572 pietal't¹

389 4573 449 4636 lide
464 4575 689 4637 subministrare
704 4573 860 4645 virtutem,
876 4572 933 4632 hoc
948 4580 1001 4645 est,
1018 4571 1086 4633 fidei
1139 4571 1218 4632 Nam
1241 4573 1305 4632 sine
1329 4571 1390 4633 Dei
1407 4581 1437 4633 et
1457 4574 1690 4655 promissionum
1712 4574 1771 4651 aiut
1779 4581 1815 4638 tt..-

391 4664 573 4742 conjungere
595 4659 738 4721 virtutum
762 4678 868 4738 opere,
895 4679 932 4719 ne
953 4657 1029 4719 fides
1048 4660 1087 4720 sit
1139 4667 1243 4739 spectu
1259 4678 1318 4721 non
1334 4669 1380 4720 est
1393 4679 1468 4720 vere
1483 4662 1642 4741 patientia,
1656 4679 1734 4743 qnae
1742 4655 1812 4720 Gt*-

390 4748 503 4823 inenie,
519 4746 653 4810 informis
668 4756 698 4808 et
713 4755 837 4805 mortua.
865 4745 942 4806 Nam
958 4745 1007 4806 hic
1022 4766 1085 4805 rur·
1139 4748 1181 4806 cis
1204 4737 1339 4824 ὑπομονὴ
1364 4744 1488 4821 dieitur,
1518 4747 1550 4808 id
1573 4755 1620 4810 est
1644 4746 1806 4810 aarum

390 4852 456 4896 eum
476 4836 508 4894 in
523 4833 639 4896 Graeco
662 4841 709 4893 est
731 4823 844 4910 ἀρετὴ,
867 4852 927 4892 nou
950 4823 1084 4911 δύναμις.
1137 4852 1234 4893 rernm
1250 4831 1451 4908 sustinentia,
1467 4853 1534 4894 cum
1551 4835 1805 4916 exspectatione!

389 4919 450 4982 Hic
476 4940 580 4982 sanans
606 4921 696 4981 etiarn
723 4918 804 5000 apud
827 4917 941 4978 Bedam
967 4918 1085 4998 legitur,
1138 4926 1262 4980 caturae
1277 4917 1463 4982 liberationis
1480 4940 1517 4981 ao
1531 4918 1692 4982 felicitatis.

389 5026 519 5089 eumque
544 5006 609 5070 fere
641 5005 860 5088 amplectuntur
892 5007 1083 5068 recentiores.
1182 5007 1210 5065 7.
1233 5006 1274 5069 In
1287 5009 1406 5083 pietate
1427 5013 1534 5070 aetem
1557 5005 1804 5086 amoreurst'olss'¹
