4442 5825
412 605 488 672 *153
929 596 1164 651 etms-‘tumus
1181 597 1211 649 m
1230 596 1295 650 cst.
1312 597 1340 652 t.

410 792 500 850 equs
518 773 632 845 soloen,
656 772 710 832 sed
731 774 767 833 irs
789 792 876 849 uqsue
895 781 926 833 et
939 776 1104 849 sanquine
1160 775 1373 834 testimonium
1389 777 1465 847 eius,
1491 772 1613 834 scilieet
1629 771 1672 833 ed
1688 774 1845 835 eonfirmsu·

410 864 473 939 (Μ’
498 863 596 933 sese,
622 858 752 920 Graece:
778 849 892 933 dut»,
916 861 1106 940 participium
1159 861 1247 931 dum,
1273 860 1354 941 quod
1381 858 1447 931 ille,
1477 858 1516 920 de
1542 859 1636 938 enjus
1664 860 1763 921 latere
1786 861 1848 922 hae

410 948 566 1027 praeteriti
594 946 836 1025 significativum.
881 947 947 1006 Nec
984 946 1107 1007 diverse
1159 947 1347 1021 effluxerunt,
1370 947 1408 1005 sit
1430 945 1510 1005 idem
1536 948 1614 1026 ipse,
1637 949 1695 1026 qui
1710 949 1790 1008 venit
1804 968 1848 1026 per

411 1045 497 1095 sunt:
518 1051 578 1110 per
592 1052 710 1108 aquom
734 1041 763 1092 et
776 1038 977 1109 aonpuimm,
1000 1043 1047 1094 et:
1070 1037 1106 1096 in
1159 1053 1270 1112 aquam
1300 1042 1331 1093 et
1359 1034 1543 1111 sanguinem.
1593 1032 1742 1094 Ostendit
1769 1037 1848 1114 igitur

411 1141 499 1198 aspare
514 1128 544 1179 et
558 1123 728 1194 senonim.
750 1120 826 1180 Nam
851 1129 882 1180 et
898 1120 970 1180 stibi
995 1122 1106 1199 passim
1159 1120 1324 1198 Apostolus
1347 1119 1403 1178 hoe
1425 1119 1509 1193 loeo,
1530 1121 1643 1182 Jesum
1668 1140 1738 1181 esse
1760 1142 1848 1182 vernn

411 1207 616 1270 indifferenter
629 1205 679 1265 his
693 1205 811 1266 dusbus
834 1208 1106 1287 praepositionibus
1159 1205 1261 1266 mundi
1288 1206 1487 1280 salvotorem,
1517 1214 1626 1287 utpote
1654 1210 1712 1286 qui
1743 1209 1848 1268 venerit

411 1297 505 1356 utitur
524 1295 691 1371 Scriptum
1159 1312 1226 1353 nors
1249 1295 1285 1354 in
1308 1311 1395 1369 aquo
1415 1295 1529 1368 solum,
1554 1292 1664 1366 idest,
1686 1315 1748 1356 non
1766 1295 1848 1355 solum

455 1380 626 1441 Admodum
653 1379 736 1438 serie
761 1383 922 1460 exponitur
951 1390 1033 1440 totns
1058 1380 1107 1441 hie
1160 1381 1294 1441 exterius
1315 1380 1450 1439 homines
1472 1379 1634 1441 eblutnrns
1659 1401 1753 1460 sque,
1774 1392 1803 1442 et
1821 1401 1850 1442 eo

411 1469 498 1529 loeus
514 1467 551 1526 ab
566 1465 798 1547 interpretibus3
820 1488 913 1545 qurum
928 1469 1105 1527 serietatem
1160 1468 1219 1525 ritu
1229 1468 1440 1546 poenitentium
1449 1467 1849 1549 praediceturns3qnonodo

412 1555 575 1634 diligenter
600 1553 747 1614 recensuit
774 1553 911 1614 Lorinus
948 1554 1013 1613 Nos
1042 1574 1107 1613 eum
1160 1553 1297 1614 Joennes
1314 1553 1450 1631 Bsptiste
1471 1572 1526 1612 sus
1546 1554 1649 1633 ipsius
1673 1555 1848 1634 professione

411 1662 542 1712 sensnm,
555 1644 609 1718 qui
620 1661 661 1701 ex
672 1639 799 1698 aliarum
812 1639 1034 1719 seripturarum
1047 1640 1106 1700 eol·
1161 1643 1246 1701 venit
1272 1643 1303 1700 in
1330 1660 1408 1720 oque
1434 1640 1546 1716 solum3
1576 1638 1631 1699 sed
1659 1646 1717 1718 qui
1741 1646 1849 1703 venuit

411 1730 527 1790 latione
549 1729 680 1787 maxime
699 1746 862 1805 germanus
885 1749 954 1788 esse
977 1729 1107 1800 videtur,
1161 1732 1255 1788 etiem
1282 1730 1318 1787 in
1346 1731 1502 1803 sanquine
1536 1735 1567 1787 et
1594 1728 1745 1806 Spiritu;
1781 1728 1848 1807 quod

411 1816 589 1877 adferemus.
627 1814 725 1892 Igitur
755 1813 920 1875 notandum
947 1817 978 1875 in
1004 1816 1107 1894 primis
1162 1827 1321 1894 utrumque
1336 1812 1373 1873 de
1389 1833 1424 1873 eo
1447 1815 1524 1874 idem
1540 1813 1687 1875 Joannes
1704 1817 1848 1895 prsedixe

413 1913 468 1975 est,
490 1920 592 1960 omnes
608 1900 822 1976 Evangelistes
845 1901 982 1962 studiose
997 1900 1108 1961 reterre
1160 1913 1214 1973 ret,
1237 1903 1282 1961 uti
1301 1901 1365 1978 jem
1388 1899 1553 1960 docuimus.
1595 1900 1758 1980 Siquidem
1783 1922 1849 1983 equa

414 1989 586 2051 deJoenne
601 1987 749 2065 Baptists,
766 1986 888 2048 Domini
904 2008 1108 2068 praecursore,
1161 1989 1227 2047 sols
1253 1988 1293 2047 ad
1316 1988 1412 2047 Deum
1427 1986 1621 2077 placendum
1646 1990 1767 2050 inutilis
1788 2000 1848 2049 erat

414 2075 496 2155 qnod
511 2076 541 2133 in
557 2094 636 2154 equs
650 2074 858 2151 baptizaverit,
881 2085 912 2137 et
927 2075 966 2134 ud
981 2076 1039 2135 hoe
1056 2095 1104 2134 se·
1167 2076 1261 2135 Venit
1275 2081 1380 2134 nutem
1395 2079 1489 2137 Jesus
1508 2077 1544 2137 in
1560 2094 1664 2152 aquo,
1690 2078 1764 2154 quis
1778 2078 1847 2136 insti·

413 2164 523 2224 nerits
539 2162 604 2220 Deo
629 2163 755 2233 missus,
778 2161 842 2238 ipso
866 2162 985 2224 Joenne
1012 2161 1051 2221 de
1073 2181 1108 2220 se
1160 2165 1216 2222 tuit
1235 2162 1414 2241 baptismum
1436 2180 1543 2240 equae,
1567 2182 1660 2242 quem
1683 2163 1850 2242 significavit

413 2249 794 2326 testificentezQuoniom,
805 2250 910 2324 inquit,
920 2249 1108 2325 epodoptiso
1161 2269 1250 2327 equs,
1275 2267 1353 2326 quse
1376 2247 1462 2308 fluxit
1476 2270 1514 2308 ex
1537 2249 1608 2327 ejus
1633 2248 1741 2311 lutere.
1771 2252 1849 2310 Vertit

412 2356 469 2399 vor
483 2338 519 2396 in
534 2354 631 2412 equo,
648 2334 756 2395 Mettis
769 2336 807 2406 3.,
822 2336 915 2396 Mure
930 2340 968 2406 1.,
984 2338 1056 2397 Luc.
1070 2340 1108 2408 3.,
1161 2344 1190 2395 et
1203 2339 1237 2395 iri
1250 2337 1416 2410 sanquine,
1429 2337 1501 2414 quis
1512 2355 1569 2414 per
1579 2356 1672 2396 snum
1685 2339 1848 2415 sanguinem

412 2425 504 2486 Joen
522 2429 550 2483 l.
573 2421 664 2503 Quod
680 2432 711 2482 et
726 2420 764 2480 de
779 2441 814 2482 eo
837 2425 946 2502 repetit
960 2422 1109 2482 Dominus
1162 2422 1294 2482 vivificet
1309 2423 1432 2493 enimus,
1455 2432 1516 2481 tnm
1534 2424 1566 2482 in
1581 2422 1738 2503 baptismo
1754 2444 1847 2502 aquae.

413 2512 479 2572 Aet
496 2516 531 2581 1.‚
548 2518 579 2568 et
593 2509 705 2570 Petrus
716 2510 783 2569 Act
799 2513 855 2580 11.,
872 2519 903 2569 et
914 2510 1028 2569 Psulns
1041 2511 1107 2568 Aet
1160 2519 1223 2568 tum
1240 2511 1272 2568 in
1283 2509 1350 2567 aliie
1366 2511 1570 2582 sacramentis,
1588 2519 1654 2569 tum
1672 2512 1763 2571 etiem
1777 2522 1847 2570 extra

415 2603 464 2660 19.
495 2596 578 2676 Quin
594 2606 623 2656 et
638 2595 728 2656 Joen.
749 2599 774 2654 1.
799 2598 840 2656 sic
862 2595 900 2657 de
915 2598 1051 2674 Baptista
1065 2597 1107 2656 le·
1161 2605 1356 2657 sseramente
1379 2595 1458 2654 Nam
1482 2599 1614 2671 sanquis
1639 2599 1723 2658 vitoe
1746 2596 1844 2676 signifi·

413 2686 530 2764 quitur:
553 2685 592 2743 Ut
608 2684 832 2759 uronifsstetur
845 2689 883 2742 in
898 2685 1014 2757 lsrael,
1028 2703 1108 2760 pro·
1161 2685 1308 2743 sationem
1319 2682 1409 2741 habet
1421 2684 1452 2742 in
1464 2681 1638 2761 seripturis.
1663 2683 1752 2745 Unde
1768 2684 1844 2743 illud:

413 2779 524 2846 pterea
540 2773 614 2830 veni
630 2789 686 2844 epo
701 2774 736 2829 iri
753 2788 839 2844 aquo
855 2771 1030 2847 baptisans.
1046 2770 1107 2831 Ubi
1161 2774 1282 2831 Anima
1298 2771 1404 2829 cornia
1418 2771 1454 2829 in
1468 2773 1630 2845 sanquine
1646 2779 1703 2846 est,
1719 2773 1790 2832 Lev.
1806 2774 1844 2830 16.

413 2866 497 2919 eerte
510 2864 664 2928 monstret,
680 2876 714 2917 se
730 2876 797 2915 enm
813 2878 888 2929 esse,
903 2859 955 2936 qui
971 2860 1107 2920 venitin
1161 2867 1192 2919 et
1206 2859 1254 2918 17.
1277 2856 1364 2917 Haeo
1379 2867 1480 2917 eutem
1496 2860 1669 2918 enimsrnm
1682 2879 1734 2939 per
1748 2859 1843 2920 Christi

413 2965 499 3021 equo
521 2945 641 3017 solum,
669 2942 707 3002 sd
731 2943 926 3005 differentium
953 2948 1028 3023 ejus,
1056 2948 1105 3025 qui
1161 2946 1337 3024 sangninem
1361 2944 1522 3005 vivificatio
1545 2946 1722 3024 significatu
1746 2959 1843 3027 estper

412 3041 556 3092 venturus
570 3040 660 3102 esset,
682 3035 800 3092 nonin
817 3035 1030 3108 opuseulum,
1053 3032 1107 3092 sed
1160 3032 1338 3110 sanguinem
1354 3051 1393 3090 ex
1409 3032 1476 3109 ejus
1491 3031 1587 3092 lutere
1602 3045 1787 3094 manantem

413 3122 450 3179 iu
465 3138 552 3194 oque
574 3128 603 3177 st
617 3121 776 3192 sanquine
784 3141 796 3194 ‚·
818 3121 895 3179 sient
918 3120 965 3180 hio
987 3119 1106 3180 dieitur.
1204 3119 1332 3179 Sanetus
1363 3119 1482 3196 quidem
1510 3119 1690 3181 Bernsrdns
1716 3122 1843 3181 sermir

413 3207 453 3265 Et
468 3208 604 3286 quemvis
621 3224 766 3284 expresse
781 3226 841 3265 non
857 3206 974 3278 dixerit,
991 3218 1058 3284 post
1074 3227 1107 3266 se
1161 3204 1412 3266 ootsvsPeselrae
1423 3215 1517 3285 putat,
1528 3206 1628 3266 istud:
1645 3227 1716 3269 nori
1727 3212 1764 3269 in
1774 3225 1843 3286 oque

414 3304 590 3362 venturum,
618 3294 669 3368 qni
688 3292 858 3369 bsptinsret
884 3297 916 3354 in
937 3298 1104 3369 sanquine,
1160 3294 1272 3366 solum,
1297 3311 1362 3351 esse
1383 3290 1495 3353 dietum
1519 3292 1558 3353 ad
1582 3292 1750 3357 discrimen
1770 3296 1843 3364 Hesi,

413 3379 468 3439 sed
484 3380 536 3456 qui
558 3383 595 3438 iri
610 3380 735 3454 Spiritu
755 3387 876 3454 sancto,
904 3390 937 3439 ut
959 3390 1108 3441 testantur
1160 3383 1275 3440 veteris
1286 3378 1482 3456 legislatoris3
1497 3399 1586 3461 quem
1602 3384 1732 3444 venisse
1744 3383 1844 3444 dicitis

413 3464 505 3526 iidem
525 3485 628 3526 omnes
645 3465 879 3544 Evangelistee:
903 3466 941 3527 de
957 3470 1105 3545 sanguine
1160 3487 1240 3546 aqua
1256 3465 1358 3535 solnm,
1375 3466 1495 3544 quiade
1510 3468 1600 3545 aquis
1617 3481 1789 3551 assumptus
1803 3482 1844 3537 est

412 3562 589 3614 tamennon
604 3555 708 3613 tenuit.
733 3553 811 3613 Nam
828 3556 1019 3632 insanguine
1034 3575 1103 3614 ven·
1159 3554 1239 3614 unde
1265 3562 1295 3612 et
1320 3572 1427 3614 nomen
1451 3556 1584 3633 aceepit.
1611 3556 1713 3617 Exod.
1736 3561 1764 3619 2.
1797 3555 1845 3618 Sed
1886 3551 1889 3621 l

411 3649 520 3709 turum,
543 3642 615 3700 estis
639 3650 742 3717 sperte
764 3642 959 3719 signifieevit,
984 3644 1105 3720 quando
1160 3662 1228 3700 oum
1243 3641 1346 3700 Moses
1370 3642 1458 3700 etism
1482 3641 1637 3703 sacrificis
1662 3656 1787 3706 eruenta
1805 3642 1845 3705 vel
1885 3632 1889 3701 l

413 3726 452 3786 de
467 3747 503 3787 eo
520 3727 612 3788 dixit:
638 3730 727 3800 Ecce,
745 3747 847 3802 opttus
862 3732 934 3803 Dei,
950 3733 1006 3804 qui
1021 3730 1105 3789 tollit
1160 3731 1289 3788 maxime
1307 3727 1475 3799 instituerit
1490 3749 1551 3788 non
1566 3740 1711 3810 apparet,
1727 3754 1779 3795 our
1792 3752 1845 3813 pre

408 3821 574 3889 peceatum
589 3816 712 3875 mundi.
736 3819 847 3889 Apsus
863 3818 924 3876 Dei
939 3818 1031 3891 tollit,
1048 3817 1103 3875 uti·
1160 3826 1227 3895 ptor
1241 3815 1322 3873 illam
1335 3812 1374 3872 de
1385 3816 1471 3893 equis
1484 3819 1728 3895 assumptionem
1744 3822 1845 3881 venis·

412 3920 470 3979 que
493 3920 548 3978 per
563 3904 749 3980 sanguinem,
773 3921 861 3982 quem
880 3902 920 3962 sd
940 3903 1103 3964 tollendum
1160 3902 1276 3963 dicetur
1296 3902 1327 3960 iu
1351 3920 1431 3980 equs
1452 3900 1558 3975 solum,
1582 3915 1616 3963 et
1637 3927 1701 3967 non
1725 3907 1845 3967 etismin
1888 3904 1889 3912 ’

410 3986 512 4046 mnndi
536 3997 693 4066 peecatum
718 3998 781 4047 eret
799 3990 945 4051 effusurus
961 3992 991 4050 in
1007 4010 1103 4050 eruce.
1159 3991 1320 4067 sanguin03
1343 3990 1517 4066 praesertim
1529 4009 1599 4048 oum
1617 3990 1743 4073 legetur
1758 3994 1845 4055 sudas

410 4072 460 4132 De
490 4093 550 4150 qno
580 4076 727 4153 sanguine
752 4075 800 4133 hie
830 4075 908 4135 idem
940 4076 1105 4154 Apostolus
1159 4073 1845 4159 eapite,quodinterfeeerltAegyptinm,prius·

409 4178 501 4237 snpre
516 4179 581 4240 esp.
600 4166 643 4220 1.:
670 4164 713 4221 Et
734 4165 864 4237 sanquis
878 4168 959 4226 Jeau
975 4165 1103 4238 Christi,
1159 4183 1249 4241 quem
1272 4171 1470 4221 assumeretur
1493 4164 1523 4221 in
1538 4161 1654 4225 dueem
1678 4168 1791 4248 populi.
1817 4161 1845 4226 Ii

409 4246 488 4307 stlta·
503 4248 594 4322 Eius,
618 4248 773 4308 emundet
797 4267 857 4309 nos
871 4250 911 4309 ob
928 4254 1016 4311 omni
1029 4271 1103 4326 pso·
1161 4248 1241 4326 quod
1268 4256 1334 4309 eret
1359 4250 1461 4308 venire
1484 4250 1514 4308 in
1538 4252 1709 4329 sanguine,
1735 4255 1761 4314 si
1785 4251 1845 4315 illd

409 4341 489 4393 cato.
1158 4345 1222 4394 erat
1244 4336 1346 4395 venire
1368 4334 1399 4395 in
1418 4356 1506 4414 equs.
1529 4336 1630 4398 Porro
1648 4337 1844 4402 chrismate

452 4419 584 4479 Pertinet
601 4427 700 4480 sutem
716 4420 774 4479 hue
789 4421 961 4483 evidentius
976 4423 1103 4485 historia
1158 4444 1210 4483 sus
1225 4421 1375 4502 quomodo
1389 4430 1420 4481 et
1431 4424 1466 4482 in
1478 4423 1603 4497 Spiritu
1623 4430 1761 4502 venem,
1777 4421 1843 4509 qnod

409 4525 507 4583 squee
520 4508 1006 4584 etsangninismsuantiselstere
1018 4510 1100 4570 Chri·
1158 4508 1292 4569 iuturum
1308 4508 1347 4568 de
1363 4527 1400 4567 eo
1416 4507 1618 4587 praedixerat
1635 4513 1781 4587 Jounnes,
1790 4515 1842 4592 jn!

407 4594 444 4651 sti
451 4592 481 4651 in
490 4612 578 4652 erues
589 4595 707 4664 mortni,
722 4595 974 4655 narranteeodem
983 4596 1102 4657 Joanne
1158 4597 1308 4672 sequitur:

407 4677 560 4755 Apostolo'
580 4699 645 4753 esp.
666 4685 713 4743 19.
737 4682 783 4741 sui
805 4681 978 4759 Evangelii.
1005 4684 1102 4763 Quam
1200 4684 1243 4743 Et
1259 4683 1397 4756 spiritus
1412 4688 1465 4755 cet,
1487 4684 1543 4757 qttt'
1558 4687 1761 4762 testifientnr,
1777 4703 1842 4765 put*

404 4784 466 4824 rem
482 4763 558 4825 adeo
580 4765 676 4825 voluit
699 4767 879 4827 inculcatam
901 4768 1013 4839 lectori,
1036 4790 1101 4847 pro
1157 4772 1246 4829 nium
1263 4769 1405 4829 uteres·
1420 4775 1464 4828 est
1479 4771 1608 4830 veritos.
1635 4772 1765 4836 Duobus
1778 4769 1843 4835 tut

406 4856 472 4928 pter
486 4854 664 4928 mysterium
679 4854 708 4913 in
725 4874 760 4912 es
775 4855 881 4926 latens,
906 4864 940 4913 ut
956 4854 1104 4933 edjeuerit
1157 4858 1222 4928 bus,
1247 4855 1298 4933 qni
1316 4863 1385 4914 sunt
1400 4874 1481 4933 sque
1496 4863 1527 4914 et
1542 4860 1683 4938 sangnis,
1706 4879 1783 4922 nune
1795 4868 1842 4919 ta·

406 4939 659 4998 asseverationem
675 4938 864 5016 hujusmodi:
880 4943 924 5003 Et
938 4944 995 5018 qui
1009 4943 1100 5015 vidit,
1157 4943 1231 5003 tium
1253 4940 1393 5020 adjungit
1415 4943 1585 5019 Spiritum,
1609 4965 1703 5026 quem
1729 4947 1776 5007 hie
1794 4961 1842 5007 ιι

405 5022 621 5086 tetimonium
647 5026 808 5101 perhibuit
813 5051 827 5106 ,-
857 5035 887 5088 et
922 5046 1032 5091 verum
1045 5022 1103 5112 :ert
1156 5029 1248 5091 elium
1271 5027 1475 5111 intelligimus,
1501 5049 1597 5111 quem
1620 5032 1767 5116 Spiritum
1779 5047 1839 5115 ⁸sse

390 5157 440 5205 h.
