4442 5825
393 610 472 692 Μ
896 614 1129 671 colfflmfflms
1145 613 1179 668 m
1196 614 1263 669 cei.
1281 615 1321 667 xl.

391 793 620 854 instructissima
643 794 709 853 acie
723 791 842 855 Sisarae
856 793 958 867 dosis,
979 801 1009 853 et
1025 812 1084 852 om·
1139 791 1307 869 sampsone
1336 800 1367 850 et
1396 791 1483 867 eliis,
1520 789 1574 851 sod
1604 789 1817 852 existimandum

391 899 445 940 nes
460 877 499 938 ad
515 880 746 940 internecionem
762 878 891 954 delevit,
906 879 980 940 Jud.
998 883 1027 941 4.
1138 878 1228 938 nobis
1252 878 1411 958 relinquit,
1446 897 1550 938 eorum
1577 888 1711 956 peecata
1735 875 1818 938 esdeu

433 965 590 1042 sampson
605 965 703 1026 solens
719 973 750 1026 et
765 966 908 1040 eredens,
925 985 957 1027 ee
972 964 1085 1045 populo
1138 965 1205 1044 ipsa
1227 964 1301 1036 fide,
1329 984 1390 1043 qua
1406 966 1474 1025 Deo
1497 965 1693 1044 placuerunt,
1720 965 1819 1044 expiata

390 1070 445 1112 suo
460 1050 562 1112 datum
578 1050 722 1113 divinitus
734 1051 773 1112 ad
788 1053 991 1114 retundendas
1006 1054 1085 1113 vires
1137 1051 1246 1122 luisse,
1270 1052 1347 1111 siout
1370 1050 1408 1111 de
1425 1050 1546 1111 Davide
1562 1051 1674 1130 legitur
1688 1050 1818 1111 lleelesis-

390 1137 637 1199 Pbilietbinorum
647 1156 688 1212 ,a
704 1141 814 1218 quibus
829 1142 973 1201 subootus
988 1147 1019 1199 et
1032 1156 1082 1218 op·
1138 1139 1208 1198 stiei
1223 1139 1292 1198 47.:
1318 1138 1460 1199 Christos
1474 1140 1629 1214 perparvis
1640 1145 1770 1215 peoeoto
1781 1140 1819 1213 ip·

390 1234 512 1305 pressus
534 1233 599 1286 erat
621 1226 766 1306 populns,
793 1226 888 1287 multa
909 1228 1004 1306 gessit
1033 1224 1083 1284 od·
1138 1228 1210 1285 sias
1235 1224 1338 1304 Atque
1352 1224 1410 1284 boo
1425 1234 1488 1294 est,
1504 1223 1587 1303 quod
1603 1222 1820 1304 Ohryoostouu

391 1323 638 1374 versuseosuou
660 1312 900 1386 solumiortiter,
924 1312 1085 1373 sedetiam
1139 1321 1170 1372 et
1199 1319 1268 1390 post
1295 1331 1362 1371 oum
1389 1310 1642 1391 Theopbylaetus
1671 1310 1820 1382 admouet

389 1397 583 1469 mirabiliter,
606 1406 639 1459 ut
655 1418 732 1478 quae
754 1399 846 1461 nullis
861 1401 1001 1460 humanis
1016 1399 1085 1458 viri·
1139 1397 1319 1477 Apostolum
1346 1397 1394 1458 bio
1423 1418 1483 1458 non
1515 1398 1684 1458 instituisse
1714 1415 1821 1458 exsnss

389 1484 455 1558 bus‘,
471 1485 529 1546 uisi
542 1485 608 1546 Deo
624 1485 814 1564 singulariter
830 1486 1000 1567 adjuvante,
1020 1487 1085 1564 geri
1139 1487 1220 1544 vitae
1246 1485 1449 1562 singulorum,
1476 1483 1529 1545 sed
1550 1483 1642 1545 fidem
1668 1483 1821 1564 praediesrr

389 1578 519 1651 possettt
558 1571 646 1650 Quae
668 1571 876 1633 deseribuntur
895 1573 967 1634 Jud.
990 1574 1037 1632 13.
1054 1580 1086 1633 et
1140 1570 1209 1631 dam
1226 1572 1398 1650 sumpsisse.

391 1657 485 1717 tribus
501 1658 703 1737 sequentibus.
733 1658 854 1721 Certum
870 1669 970 1720 autom
987 1661 1017 1719 in
1033 1659 1085 1719 illo
1182 1657 1324 1729 Proinde,
1353 1660 1380 1717 si
1402 1666 1578 1737 quaeratur,
1605 1677 1646 1717 au
1672 1657 1705 1717 bi
1730 1674 1824 1728 omues.

389 1744 462 1805 fidei
476 1742 593 1824 signnm
609 1755 683 1819 erat,
699 1745 787 1824 quod,
807 1767 874 1807 cum
889 1762 1087 1826 aggressurus
1140 1764 1214 1825 quoa
1231 1744 1393 1824 Apostolus
1408 1745 1570 1815 reo-euenit,
1588 1741 1722 1805 habendi
1736 1743 1825 1804 mutin

391 1841 457 1892 eret
471 1830 596 1911 aliquod
612 1830 759 1911 ejusmodi
782 1833 914 1906 facinus,
936 1833 1025 1892 modo
1041 1832 1085 1892 di·
1140 1830 1277 1911 catalogo
1290 1840 1460 1891 sauctorum
1473 1839 1504 1891 ot
1515 1830 1699 1892 electorum:
1714 1829 1745 1891 S.
1758 1827 1825 1889 Tbo

391 1925 475 1978 eatur
501 1917 532 1978 in
559 1937 626 1978 eum
659 1918 782 1980 irruisse
807 1921 925 2000 spiritus
956 1919 1087 1993 Domini,
1140 1937 1205 1977 mas
1222 1916 1342 1999 quidem
1359 1916 1519 1996 probabile
1535 1916 1566 1977 id
1581 1937 1650 1979 ease
1665 1916 1757 1994 diois,
1772 1913 1826 1975 alio

391 2001 479 2064 modo
509 2004 629 2083 legatur
665 2006 798 2066 oratioue
832 2007 998 2087 praemissa
1026 2005 1087 2066 Dei
1141 2013 1256 2077 sutem,
1287 2004 1394 2085 quibus
1422 2013 1454 2064 et
1481 2023 1538 2083 ogo
1568 2006 1735 2077 assentior,
1762 2000 1825 2063 adso

392 2090 535 2152 auxilinm
552 2093 716 2152 invocasse.
1140 2110 1247 2151 verum
1263 2109 1330 2151 esse
1345 2091 1460 2170 placet,
1476 2099 1510 2150 ut
1524 2093 1647 2151 omniuo
1662 2090 1827 2170 nogariam
1870 2136 1873 2161 ,

433 2178 1087 2256 Jspltte,quiJepdtlosvooeturiuGraeoo
1141 2176 1261 2238 debeat.
1300 2177 1397 2255 Cujus
1413 2180 1456 2237 rei
1480 2178 1668 2257 potissimum
1683 2194 1826 2256 argumen-
1871 2200 1873 2205 ·

391 2273 477 2325 textu
498 2266 588 2345 juxta
613 2265 729 2340 Lxx,
763 2269 899 2346 quamvis
929 2286 967 2327 ex
994 2273 1088 2327 matre
1141 2272 1202 2324 tum
1219 2271 1280 2337 est,
1304 2265 1386 2344 quod
1409 2266 1538 2324 sumitur
1559 2283 1597 2324 ex
1613 2265 1728 2324 ultimis
1743 2261 1827 2323 verb'u

390 2354 547 2413 meretrice
562 2360 650 2412 natus
665 2363 757 2433 atque
778 2374 796 2413 a
815 2355 876 2414 suis
899 2361 1088 2433 contemptus
1141 2349 1233 2427 bujus
1256 2353 1380 2430 ospitis:
1406 2351 1450 2410 Et
1472 2350 1505 2409 lii
1527 2369 1636 2412 omnes
1661 2348 1828 2411 testimonio

392 2437 590 2516 etabjeetus,
613 2437 673 2500 fide
694 2448 796 2501 tumen
819 2441 968 2502 animatus
985 2460 1088 2501 esrum
1140 2437 1215 2512 fidei
1242 2438 1390 2512 probati,
1416 2456 1486 2498 non
1512 2445 1704 2515 aeceperunt
1729 2452 1829 2513 repro·

392 2525 638 2604 promissionum,
671 2546 746 2607 quas
774 2527 858 2588 Deus
890 2527 1001 2607 populo
1034 2547 1088 2587 suo
1141 2528 1338 2599 missionem,
1365 2527 1434 2586 Deo
1454 2542 1517 2600 pro
1539 2525 1631 2586 nobis
1654 2522 1828 2585 meliorati-

391 2609 520 2685 ieserot,
547 2611 659 2672 bellum
681 2615 816 2693 suscepit
830 2612 974 2674 adversus
988 2613 1089 2675 hostes
1141 2611 1219 2686 qaid
1244 2612 1437 2687 providente
1444 2655 1455 2685 ,
1489 2619 1526 2672 at
1555 2631 1624 2674 oon
1652 2615 1723 2672 sins
1751 2608 1829 2672 nolle

391 2699 593 2772 Ammonitas,
610 2707 640 2760 et
654 2698 736 2760 lacto
752 2716 887 2779 superse
903 2701 1012 2779 spiritu
1027 2702 1087 2762 Do·
1141 2707 1449 2760 consummaremur.
1484 2697 1545 2777 Qui
1568 2700 1648 2760 enim
1675 2697 1764 2770 dieit,
1787 2710 1829 2756 sos
1871 2748 1873 2761 .

391 2782 464 2844 mini
487 2804 552 2845 oum
575 2786 617 2844 eis
644 2802 836 2866 oougressus‚
862 2788 1011 2866 percussit
1036 2807 1088 2847 eos
1142 2802 1266 2857 onustes,
1301 2787 1358 2846 etsi
1390 2785 1562 2846 testimonio
1591 2784 1663 2846 fidei
1690 2784 1829 2866 probatos
1869 2774 1873 2801 ³

392 2870 481 2952 plage
497 2890 607 2951 magua
623 2873 728 2945 nimis,
756 2882 789 2933 ut
803 2872 932 2934 babetur
946 2873 970 2935 J
971 2873 1021 2934 ud.
1039 2879 1087 2936 11.
1142 2872 1286 2933 nondum
1298 2876 1451 2949 occepisse
1460 2875 1829 2948 promissionem,atnos

436 2957 545 3018 David
560 2958 633 3031 fide,
650 2980 709 3021 uon
724 2961 814 3022 armis
829 2962 1007 3033 instructus,
1028 2960 1088 3022 Go·
1141 2962 1209 3021 sins
1224 2959 1314 3022 nobis
1329 2966 1608 3035 consummentur,
1628 2961 1737 3040 utique
1751 2955 1828 3037 sigui-

392 3043 467 3104 liatb
493 3044 728 3119 Plrilistbaeum,
754 3050 918 3108 immensae
943 3047 1029 3109 molis
1059 3058 1091 3111 et
1142 3047 1226 3122 fleat,
1249 3046 1371 3107 eosdem
1394 3065 1496 3108 omnes
1518 3045 1674 3108 nobiseum
1697 3063 1830 3123 essa-sorr

392 3130 507 3192 roboris
535 3134 643 3203 sirum,
671 3133 839 3213 agminibus
864 3134 960 3196 lsrael
983 3154 1088 3216 expro-
1142 3133 1349 3207 summaudos,
1365 3134 1397 3194 id
1413 3143 1459 3194 est
1473 3132 1596 3214 plenam
1611 3133 1828 3194 retributioum
1869 3207 1873 3218 ι

392 3220 539 3289 brentam,
556 3218 702 3298 singulari
717 3240 818 3299 pugna
838 3240 1006 3300 aggressus,
1022 3242 1087 3301 pro-
1142 3218 1304 3300 aliquando
1331 3230 1517 3301 aeeapuuos.
1567 3222 1614 3280 Ao
1640 3235 1828 3300 senopem
1870 3225 1873 3234 “

394 3306 501 3366 stravit
516 3314 547 3365 et
563 3305 682 3380 occidit,
709 3308 812 3386 lllog.
831 3309 879 3367 17.
908 3307 967 3369 Sed
984 3317 1015 3369 et
1029 3309 1089 3369 slis
1111 3292 1117 3449 ἱ
1144 3305 1267 3379 idonea,
1292 3325 1331 3367 ue
1346 3308 1461 3379 dieam,
1486 3308 1607 3385 inepta,
1630 3306 1722 3367 fuerit
1736 3304 1827 3367 exhor

392 3391 486 3453 multa
502 3391 657 3471 praeclara
670 3396 767 3474 gessit
782 3394 840 3454 fide
855 3396 994 3469 munitus,
1010 3413 1089 3475 quae
1142 3396 1214 3453 tatio
1230 3393 1414 3473 apostoliea,
1441 3396 1467 3453 si
1492 3392 1531 3452 ad
1553 3392 1626 3454 fidei
1650 3409 1828 3474 passerem·

393 3477 600 3539 deseribuntur
614 3479 665 3540 lib.
685 3484 710 3541 1.
728 3488 758 3540 et
772 3479 931 3561 2Regum.
1144 3480 1214 3540 tiam
1237 3499 1306 3539 suos
1331 3482 1478 3541 excitaret
1499 3479 1538 3540 ab
1561 3480 1711 3558 exemplis
1734 3493 1826 3548 som,

436 3565 563 3627 &useel
578 3568 711 3626 oratioue
726 3587 763 3627 ex
775 3565 834 3627 lide
845 3566 980 3647 profesta
995 3570 1087 3629 viato-
1144 3569 1197 3645 qui
1214 3569 1243 3626 iu
1258 3566 1318 3626 tide
1333 3576 1366 3627 et
1378 3569 1500 3647 justitia
1511 3584 1571 3626 nou
1586 3574 1828 3647 perseverassent
1872 3641 1873 3646 η

392 3652 465 3713 riam
496 3652 670 3733 impetravit
700 3653 810 3733 populo
844 3652 988 3714 adversus
1018 3655 1089 3715 Phi·
1144 3654 1245 3733 Quare
1261 3654 1371 3734 siquid
1383 3653 1421 3713 ab
1434 3653 1496 3714 illis
1508 3652 1675 3732 aliquando
1688 3660 1829 3733 peeeatu

392 3737 554 3814 listbaeos,
580 3740 683 3819 1Rog.
702 3743 746 3811 7.,
768 3748 802 3800 ut
825 3749 948 3801 caetera
962 3752 1088 3814 taceam,
1143 3740 1218 3811 fuit,
1235 3738 1415 3801 eredendum
1430 3741 1589 3821 relinquit,
1605 3748 1641 3800 ut
1655 3740 1730 3814 dixi,
1744 3738 1830 3799 ideas
1861 3767 1863 3772 ·

394 3844 474 3905 quaa
496 3825 534 3885 ab
556 3845 592 3886 eo
615 3846 670 3906 per
690 3827 780 3887 fidem
803 3826 997 3889 laudabiliter
1020 3836 1090 3891 sota
1143 3827 1203 3889 fide
1218 3835 1250 3887 et
1266 3828 1453 3905 poenitentia
1469 3828 1605 3888 diluisse

393 3921 472 3973 sunt.
496 3912 587 3994 Quod
598 3912 682 3974 addit
693 3914 873 3993 Apostolus:
890 3917 1089 3992 EtPropbe·
1187 3913 1300 3974 Contra
1322 3915 1403 3994 quod
1431 3924 1531 3976 tameo
1553 3914 1688 3992 objectio
1710 3916 1830 3973 mom

393 4002 450 4073 tls,
481 3998 618 4079 intellige
643 4002 777 4061 coeteris.
811 4001 890 4061 Nam
921 4012 952 4062 et
984 4002 1088 4075 David,
1143 4001 1181 4060 de
1197 4000 1301 4071 tribus,
1318 4000 1469 4074 Gedoone,
1489 4000 1659 4081 Sampsone
1674 4009 1708 4061 et
1720 3997 1829 4079 δορὴ

393 4092 424 4144 et
444 4083 566 4146 Samuel
596 4086 766 4165 Prophetae
796 4088 925 4149 luerunt
963 4088 1090 4150 Ooustat
1144 4087 1223 4147 Nem
1240 4084 1366 4147 Gedeou
1381 4095 1449 4167 post
1464 4087 1603 4168 adeptam
1620 4086 1830 4157 nemrim

393 4179 507 4244 antem,
530 4172 638 4234 multos
662 4193 701 4235 ex
713 4170 877 4255 Prophetis
893 4176 987 4236 multa
1010 4176 1089 4237 bona
1142 4173 1311 4233 libertatem
1332 4173 1443 4254 populo
1465 4177 1649 4247 restitutam,
1676 4167 1828 4253 legiturls

392 4257 518 4332 lesisse,
546 4260 638 4320 multa
663 4262 754 4321 etiam
775 4261 905 4322 adverse
931 4281 1089 4342 perpessos
1143 4263 1220 4320 oiase
1236 4259 1351 4338 ephod,
1374 4261 1405 4321 id
1420 4269 1466 4322 est
1481 4262 1689 4322 indumentum
1704 4254 1826 4321 assub

394 4364 479 4420 esse,
509 4355 673 4425 praeeunte
704 4355 734 4407 et
762 4349 913 4409 animante
939 4368 991 4409 eos
1021 4349 1088 4409 fide
1142 4348 1219 4419 tale,
1245 4353 1276 4406 et
1300 4348 1439 4426 posuisse
1461 4346 1536 4408 illud
1564 4349 1596 4409 in
1620 4366 1678 4409 sus
1704 4346 1827 4417 uisitata

394 4431 481 4513 Quae
496 4432 618 4511 quidem
635 4453 675 4494 ex
691 4436 821 4514 partein
837 4436 1089 4514 consequentibus
1140 4434 1382 4511 fornicatusque
1394 4443 1455 4510 est,
1473 4435 1569 4513 inquit
1582 4434 1758 4514 Seripturs,
1771 4443 1827 4493 o*

394 4528 617 4581 enumerantur.
1141 4524 1192 4582 osis
1206 4522 1310 4581 Israel
1331 4523 1368 4582 iss
1384 4540 1436 4597 so,
1461 4519 1534 4582 Jud.
1551 4524 1581 4583 8.
1619 4513 1828 4582 Fornicatio&

435 4606 530 4667 Porro
542 4625 610 4666 eum
622 4606 761 4687 Apostoli
774 4607 943 4668 institutum
955 4607 1011 4668 boo
1023 4608 1089 4668 loeo
1142 4616 1241 4667 autern
1265 4609 1401 4681 nomine,
1432 4628 1499 4668 eum
1523 4606 1561 4668 de
1580 4608 1727 4687 religione
1746 4615 1827 4690 esp·
1853 4607 1855 4612 ’

393 4691 447 4766 sit,
462 4692 669 4754 commendare
683 4692 772 4754 fidem
784 4695 982 4775 antiquorum,
997 4702 1089 4774 atque
1143 4704 1200 4767 est,
1217 4693 1387 4755 idololatria
1402 4695 1482 4756 solet
1496 4694 1643 4774 iutelligi3
1670 4710 1762 4774 qnare
1774 4685 1825 4749 lde

394 4796 429 4838 aa
444 4798 694 4853 commemorare,
720 4798 801 4860 quas
822 4801 861 4842 ex
881 4779 940 4841 flde
959 4781 1009 4841 rel
1023 4800 1089 4860 ges·
1142 4780 1282 4842 lolatriae
1320 4800 1413 4842 eausa
1443 4780 1572 4842 Gedeon
1608 4780 1723 4861 populo
1749 4775 1826 4840 lab

395 4873 513 4940 serunt,
535 4866 587 4927 vel
608 4875 804 4948 aeceperunt,
826 4867 875 4927 vel
899 4868 980 4947 passi
1006 4880 1089 4927 snut:
1143 4867 1271 4928 uidetur.
1294 4866 1383 4928 Unde
1395 4876 1426 4927 et
1438 4868 1588 4947 seqnitur:
1604 4869 1650 4930 Et
1658 4868 1777 4945 foetus
1790 4863 1825 4923 d

395 4971 454 5012 uon
468 4958 567 5013 tamen
581 4962 687 5033 negat,
709 4954 803 5015 luisse
818 4955 849 5015 iu
865 4952 925 5014 illis
942 4952 1089 5033 quaedam
1147 4954 1287 5016 (isdsom'
1301 4962 1331 5014 st
1346 4957 1434 5015 omni
1448 4955 1560 5015 domui
1571 4957 1640 5030 sy'sss
1649 4959 1687 5015 iss
1700 4956 1823 5015 M

395 5036 489 5120 digua
513 5039 762 5121 reprohensione,
795 5040 877 5104 volnt
902 5042 934 5104 in
958 5035 1090 5119 Davids,
1144 5041 1194 5104 lix
1216 5059 1277 5123 quo
1296 5048 1440 5123 apparet,
1463 5057 1532 5104 enm
1553 5042 1586 5105 in
1606 5040 1694 5106 lossii
1714 5037 1844 5125 μεθ’
