4442 5825
772 590 934 647 unitata
951 592 969 648 l.
987 591 1075 647 nasu
1091 591 1185 647 rm
1202 591 1286 647 ms.
1304 593 1347 646 21.
1695 600 1768 670 551

361 789 418 833 aaa
432 791 489 852 per
503 791 539 833 se
552 778 665 833 tantum
688 770 771 833 valet
784 768 823 830 ad
838 768 942 831 sordes
958 789 1019 830 cor·
1073 766 1141 845 dat,
1167 775 1202 828 ut
1217 766 1299 830 Osee
1322 770 1366 830 6.:
1393 770 1645 832 Misericordiam
1668 771 1768 847 volsci,

361 860 406 919 uis
419 855 614 932 eulereudas)
627 856 820 937 spectandam
838 877 913 931 esse,
929 876 1020 936 qnam
1074 863 1103 916 ei
1118 874 1186 916 non
1208 855 1419 934 eocmflcium3
1445 857 1583 937 sequitur
1605 857 1700 918 enim:
1727 859 1771 919 Et

361 944 529 1007 montiae
545 944 641 1007 bonae
655 946 686 1005 iu
701 945 799 1005 Deum
814 945 1020 1023 interrogatio·
1072 945 1237 1003 acientiam
1263 943 1326 1003 Dei
1348 944 1424 1021 plue
1449 963 1546 1022 quam
1577 944 1769 1006 holocausta.

361 1051 402 1093 ιιι.
440 1031 510 1093 Νοιι
526 1030 601 1092 dicit
620 1041 732 1104 autem,
757 1030 939 1111 baptismum
954 1048 1022 1090 esee
1074 1030 1150 1090 Item
1175 1029 1279 1108 lldeg.
1297 1031 1362 1090 15.:
1385 1032 1549 1108 Numquid
1571 1032 1641 1092 vuit
1654 1032 1771 1093 Domi·

361 1137 422 1179 nae
436 1119 640 1179 conscientiae
659 1119 930 1197 interrogationem,
945 1118 1023 1177 sicut
1074 1136 1135 1178 nus
1150 1116 1333 1176 holocausta
1348 1123 1377 1177 et
1394 1120 1554 1194 uictimas,
1578 1126 1608 1177 et
1628 1135 1696 1180 non
1707 1135 1770 1196 po·

361 1224 382 1265 a
398 1203 537 1265 nonnulli
563 1203 794 1280 intellexerunt3
820 1204 873 1265 sed
899 1223 967 1264 oum
990 1204 1022 1262 iu
1073 1207 1154 1279 tius,
1180 1208 1216 1262 ut
1231 1202 1398 1264 obediatur
1420 1208 1490 1266 voci
1507 1205 1666 1267 Domini?
1691 1205 1771 1265 Nam

361 1291 492 1371 ptiamo,
517 1289 596 1352 bene
621 1301 651 1352 et
680 1289 848 1352 Christiane
873 1299 1021 1370 suscepto,
1073 1290 1227 1369 sequitur:
1257 1290 1373 1350 Melior
1398 1299 1442 1351 est
1467 1294 1552 1353 enim
1578 1291 1769 1368 obedientia,

361 1397 384 1439 ro
397 1379 474 1450 siut,
489 1379 618 1438 exterior
633 1376 748 1440 ablutio
765 1387 796 1439 et
811 1379 1020 1438 eonscientiae
1076 1396 1171 1454 quam
1200 1379 1353 1436 victimae.
1392 1377 1441 1437 Ita
1467 1377 1614 1438 hocloco
1640 1399 1701 1440 non
1726 1379 1772 1439 sic

361 1483 427 1525 mae
442 1467 670 1540 interropatior
689 1463 838 1537 declaret,
854 1464 911 1524 utri
926 1466 1020 1543 potio·
1075 1461 1298 1522 commendetur
1312 1462 1402 1536 fides,
1426 1472 1459 1523 ut
1479 1484 1561 1544 aqua
1579 1463 1770 1545 repudietur,

361 1570 374 1611 s
398 1559 502 1632 partes
528 1550 568 1610 ad
592 1551 723 1613 salutem
749 1554 807 1612 sint
834 1550 1021 1621 tribuendae,
1071 1551 1135 1628 jam
1151 1549 1229 1609 enim
1245 1549 1378 1622 dixerat,
1405 1550 1564 1628 baptisma
1584 1570 1643 1613 nos
1665 1552 1771 1614 saluos

361 1657 433 1717 rupe
456 1640 704 1714 interropationi
730 1638 831 1698 bonae
857 1640 1020 1699 conteien-
1072 1638 1198 1714 facere,
1221 1636 1276 1696 sed
1291 1647 1389 1698 utrum
1410 1637 1449 1698 ad
1463 1637 1591 1701 salutem
1605 1640 1707 1720 potius
1722 1639 1770 1713 sit,

361 1742 396 1785 aa.
1074 1724 1212 1783 ostendit
1243 1723 1321 1783 Nam
1338 1725 1363 1784 si
1379 1733 1541 1804 utrumque
1556 1724 1595 1785 ab
1611 1725 1708 1786 altero
1723 1744 1767 1787 se

368 1808 431 1873 Sed
458 1810 540 1871 bone
566 1813 848 1888 interropationem
875 1831 935 1871 non
961 1831 1020 1872 uuo
1075 1829 1171 1887 pares,
1184 1808 1260 1870 fides
1272 1811 1391 1872 salvare
1405 1813 1516 1890 poterit
1526 1813 1592 1873 sine
1603 1810 1770 1891 baptismo,

361 1895 413 1959 sdo
428 1917 533 1959 omues
547 1907 709 1979 exponunt
742 1898 829 1959 Multi
845 1897 1022 1979 simpliciter
1074 1917 1132 1957 non
1148 1908 1250 1957 autem
1265 1896 1431 1976 baptismus
1442 1899 1507 1958 sine
1522 1897 1590 1959 fide.
1613 1898 1679 1959 Nec
1693 1897 1769 1959 fides

361 1984 496 2064 telllgnut
510 1986 640 2046 animum
652 1986 729 2047 bene
745 1985 903 2058 conscium,
920 1995 954 2045 ιιι
969 1985 1021 2065 qui
1073 2006 1092 2043 a
1106 1983 1254 2064 baptismo
1270 2004 1355 2044 suam
1370 1985 1432 2045 vim
1453 1983 1559 2060 habet;
1580 1983 1633 2046 sed
1656 1985 1787 2066 baptis-r

361 2092 378 2131 ι·
398 2071 547 2133 internam
571 2072 849 2147 interrogationem,
872 2070 951 2132 lacto
972 2072 1020 2130 sui
1074 2089 1141 2130 mus
1155 2090 1174 2130 a
1189 2069 1263 2144 fide,
1286 2071 1392 2131 saltem
1404 2079 1438 2132 ut
1453 2070 1647 2152 dispositione
1662 2092 1718 2153 per
1732 2092 1768 2133 se

361 2157 420 2219 tius
434 2158 587 2231 examine,
602 2159 676 2220 nibil
692 2160 721 2218 iu
736 2177 770 2218 se
784 2159 923 2237 reperiat,
938 2156 1021 2238 quod
1073 2158 1243 2217 necessaria
1271 2156 1311 2217 ad
1340 2157 1480 2238 baptismi
1510 2158 1655 2220 effectum.
1699 2158 1770 2219 Hoe

361 2242 480 2325 dignum
509 2243 616 2305 reddat
644 2246 743 2307 fructu
768 2242 916 2324 baptismi.
958 2245 1020 2305 Alii
1074 2244 1156 2304 enim
1181 2251 1241 2316 est,
1268 2243 1349 2324 quod
1372 2245 1563 2324 Augustinus
1588 2246 1661 2305 dicit
1684 2253 1769 2307 tract.

361 2331 575 2410 mmbaptismi
588 2330 894 2410 effectumsigoiticari
905 2338 1021 2412 putant,
1074 2331 1125 2390 80.
1152 2348 1244 2411 super
1268 2330 1434 2392 Joauuem:
1471 2332 1561 2392 Unde
1586 2333 1648 2392 ista
1673 2338 1769 2393 tanta

361 2418 439 2481 ieet
455 2420 594 2495 aspersio
614 2421 678 2480 aire
693 2418 860 2479 mundatio
877 2419 1021 2479 cordium
1073 2419 1176 2477 virtus
1195 2435 1317 2494 aquae,
1337 2424 1373 2478 ut
1394 2435 1509 2494 corpur
1528 2425 1641 2495 tenuat
1663 2425 1693 2479 et
1714 2435 1770 2479 cor

361 2507 554 2567 contuentia
571 2507 678 2583 mala,
702 2514 736 2566 ut
759 2505 894 2584 loquitur
908 2505 1021 2566 Paulus
1073 2503 1201 2579 abluat,
1228 2507 1290 2564 nisi
1303 2505 1443 2582 faciente
1465 2504 1582 2565 verbo?
1608 2522 1675 2566 non
1691 2506 1769 2582 quia

361 2590 405 2653 sb.
430 2592 480 2652 10.
517 2592 596 2653 Nam
623 2593 788 2674 baptismus
814 2592 921 2652 bonaur
947 2590 1022 2652 iacit
1073 2592 1207 2667 dicitur,
1223 2591 1276 2651 sed
1290 2595 1366 2668 quio
1385 2591 1534 2653 ereditur.
1558 2591 1607 2652 De
1622 2612 1683 2673 quo
1698 2611 1769 2653 mox

361 2676 546 2739 macieutiam.
560 2680 698 2741 Remittit
709 2680 922 2757 euimpeeeata
933 2698 1020 2761 prae·
1073 2677 1243 2757 subjungit:
1270 2680 1340 2740 Hoc
1355 2685 1398 2738 eat
1416 2679 1546 2740 verbum
1562 2679 1655 2756 lida,
1682 2678 1769 2756 quod

361 2766 425 2837 rita,
454 2773 488 2825 ut
503 2765 567 2843 jam
587 2782 648 2827 non
670 2765 779 2827 debeat
800 2763 928 2827 bominis
951 2787 1019 2827 cou-
1070 2765 1303 2842 praedicamus.
1337 2765 1386 2827 De
1402 2763 1507 2826 eodem
1523 2775 1553 2826 et
1567 2766 1660 2846 paulo
1681 2773 1768 2827 aute:

361 2852 453 2916 ἱοιιιίι
468 2859 591 2933 propter
603 2852 656 2915 illa
669 2861 802 2915 metuere
812 2873 849 2913 ac
861 2852 1020 2934 trepidare.
1073 2853 1212 2914 Detrabe
1228 2854 1378 2931 verbum,·
1400 2853 1522 2932 etquid
1536 2861 1581 2915 eat
1595 2872 1692 2933 apua,
1708 2852 1771 2915 nisi

365 2937 464 3002 Nobis
478 2959 569 3001 verus
589 2961 626 3002 ac
647 2960 810 3020 germanus
833 2960 937 3001 seusus
952 2959 1022 3003 osse
1073 2940 1184 3018 aqua?
1205 2942 1278 3021 quia
1292 2939 1432 3002 videlicet
1453 2943 1519 3004 sins
1537 2939 1597 3002 tide
1612 2961 1693 3022 aqua
1707 2960 1768 3003 cor·

361 3027 462 3098 detur,
488 3046 578 3107 quem
605 3027 697 3089 tradit
719 3026 816 3101 Beda,
843 3028 1021 3107 Apostolum
1073 3047 1132 3108 pus
1161 3026 1281 3107 quidem
1311 3036 1438 3108 tangore
1465 3030 1594 3108 poterit,
1632 3027 1688 3091 sed
1717 3046 1769 3089 cos

361 3115 410 3196 pui
425 3110 466 3173 de
481 3114 752 3191 interropatione,
768 3134 847 3195 quae
862 3114 894 3174 lit
910 3116 941 3175 in
957 3134 1021 3175 cae
1074 3113 1196 3175 abluere
1218 3135 1278 3175 uon
1299 3115 1427 3195 poterit,
1458 3114 1541 3195 quod
1567 3125 1669 3177 tamen
1695 3113 1770 3177 iacit

361 3201 465 3261 moniis
487 3199 643 3281 baptismi,
671 3200 742 3262 dum
764 3202 967 3279 interrogatus
986 3202 1021 3274 is,
1073 3198 1219 3262 interdum
1234 3200 1308 3261 fides
1323 3204 1388 3264 sine
1403 3221 1497 3282 aqua,
1517 3201 1768 3282 quemadmodum

361 3287 375 3346 ri
390 3286 541 3367 baptizari
557 3288 632 3361 vult,
647 3309 686 3349 au
702 3287 804 3350 credat
818 3290 849 3348 iu
862 3286 1021 3358 Christum,
1073 3287 1181 3349 Petrus
1204 3287 1352 3362 insinuat,
1375 3288 1442 3349 Aet.
1461 3290 1527 3365 15„
1549 3309 1617 3350 cum
1640 3289 1679 3350 de
1694 3286 1767 3350 Gor

368 3375 522 3435 reuuutist
533 3373 665 3437 Satanae
677 3395 713 3435 ac
725 3375 843 3455 pompis
852 3374 927 3454 ejus,
941 3373 1022 3436 bona
1073 3374 1153 3435 nelio
1184 3375 1309 3455 ejusque
1338 3373 1537 3438 familiaribus
1569 3375 1657 3437 dicit:
1688 3375 1768 3437 Fide

361 3460 513 3534 Mentis,
531 3461 562 3521 id
577 3470 623 3523 eet
635 3463 720 3536 aerio,
737 3482 774 3521 ex
786 3462 885 3522 animo
897 3481 1018 3539 respon·
1070 3460 1250 3539 puripioane
1268 3463 1366 3523 eorda
1388 3480 1508 3524 eorum.
1544 3461 1627 3525 Vide
1641 3460 1768 3524 eundem

361 3553 387 3621 t,
413 3566 449 3608 se
471 3546 595 3610 credere
616 3556 647 3611 et
666 3548 884 3610 abrenuntiare.
922 3549 1019 3629 Quam
1073 3549 1276 3628 Augustinum
1291 3549 1343 3610 lib.
1361 3553 1409 3612 19.
1422 3558 1523 3612 contu
1533 3549 1688 3622 Faustum,
1703 3568 1768 3629 cap.

361 3636 608 3711 terropationem
624 3636 659 3696 Β.
674 3636 783 3697 Petrus
806 3636 944 3716 apposite
968 3656 1018 3695 vo·
1076 3640 1139 3709 la,
1158 3645 1188 3696 et
1201 3655 1289 3697 serm.
1307 3640 1335 3700 3.
1352 3634 1391 3698 de
1406 3636 1507 3697 verbis
1522 3637 1654 3699 Domini.
1690 3636 1769 3696 Item

361 3729 371 3782 t
400 3710 605 3799 tarpeiana,
635 3722 666 3783 id
698 3730 742 3782 est
769 3722 1019 3799 stipulationem,
1074 3721 1219 3783 Basiliam
1235 3722 1287 3784 lib.
1302 3722 1341 3784 de
1356 3724 1470 3805 Spiritu
1485 3732 1606 3798 saneto,
1632 3743 1700 3803 cap.
1718 3723 1768 3782 12.

361 3828 385 3870 a
400 3808 481 3870 inter
495 3806 581 3884 duos,
597 3830 655 3870 una
669 3810 874 3889 interrogante
885 3818 915 3869 et
926 3809 1020 3869 altero
1073 3817 1104 3870 et
1121 3810 1185 3884 15„
1209 3818 1240 3869 et
1259 3809 1350 3872 Joan.
1366 3810 1536 3872 Hesselium
1558 3812 1590 3873 iu
1612 3817 1768 3872 comment.

361 3892 539 3975 spondente,
554 3904 723 3957 contractus
737 3898 801 3957 fieri
816 3895 901 3958 solet.
926 3894 1019 3956 Addi·
1072 3898 1166 3958 Porro
1182 3894 1219 3956 de
1233 3898 1445 3975 stipulatione,
1469 3918 1548 3978 quae
1563 3907 1609 3959 est
1624 3898 1656 3958 iu
1671 3915 1768 3957 caere·

361 4001 371 4042 r
393 3989 513 4042 autem:
541 3984 577 4042 in
599 3984 719 4058 Deum,
747 3986 813 4044 sive
840 3983 884 4043 od
902 3984 1018 4058 Deum,
1072 3986 1180 4044 moniis
1194 3983 1352 4064 baptismi,
1375 3985 1498 4046 consule
1512 3985 1692 4066 Dionysium
1715 3982 1767 4043 lib.

361 4066 471 4148 lquia
493 4090 541 4130 res
563 4071 663 4150 agitur
685 4090 786 4131 eoram
807 4070 890 4143 Deo,
917 4068 949 4129 id
975 4078 1020 4129 est
1073 4071 1112 4132 de
1127 4070 1242 4131 Euclea.
1258 4070 1403 4133 hierarch.
1419 4073 1500 4134 circa
1515 4072 1618 4144 finem,
1641 4070 1764 4133 Ambro-

361 4174 389 4216 so
405 4162 499 4228 teate,
522 4164 555 4216 ut
569 4154 715 4219 reseratur
737 4156 778 4217 ad
792 4158 1019 4232 interropatio-
1072 4158 1148 4218 sium
1164 4157 1203 4218 de
1217 4159 1269 4229 iis,
1288 4160 1342 4239 qui
1355 4159 1508 4239 mysteriis
1523 4160 1685 4233 initiantur,
1700 4178 1768 4238 cap.

361 4260 414 4319 m,·
430 4242 481 4303 vel
491 4244 561 4322 quia
574 4245 787 4305 conscientiam
799 4243 1019 4323 respondentis,
1073 4249 1101 4307 3.
1118 4254 1149 4305 ot
1163 4246 1209 4318 4.,
1224 4245 1428 4325 Augustiunm
1442 4247 1542 4327 Epist.
1557 4248 1606 4310 23.
1622 4255 1654 4307 et
1668 4244 1767 4327 (tyril-

373 4327 456 4390 bona
470 4332 510 4390 sit
526 4337 555 4390 et
569 4333 702 4404 sincera,
724 4330 807 4392 solus
829 4329 913 4391 videt
926 4332 1018 4391 Deus.
1072 4331 1133 4390 lum
1149 4330 1202 4391 lib.
1221 4333 1268 4392 12.
1286 4333 1318 4394 in
1329 4331 1421 4394 Joan.
1436 4353 1501 4415 cap.
1519 4337 1569 4396 14.

362 4414 465 4495 Igitur
478 4416 615 4496 Apostoli
630 4418 712 4478 Petri
731 4418 867 4478 doctriua
881 4417 938 4478 hoc
952 4417 1018 4477 loco
1122 4420 1185 4478 Per
1222 4423 1482 4481 resurrectionem
1524 4426 1606 4485 Jetu
1642 4420 1768 4483 cimai

361 4508 380 4576 t,
396 4501 488 4564 fidem
504 4505 651 4564 internam
668 4506 810 4565 exteriori
823 4505 1019 4585 professione,
1071 4505 1158 4566 Haec
1172 4525 1242 4585 pars
1258 4506 1399 4570 cohaeret
1413 4528 1480 4568 cum
1498 4508 1565 4569 illa:
1582 4508 1695 4570 savos
1709 4523 1769 4567 noa

361 4609 391 4648 m
407 4590 479 4669 quis
493 4588 677 4670 baptizatur,
694 4612 878 4670 expressam,
898 4590 931 4651 id
946 4610 1019 4665 esse,
1070 4593 1150 4669 facit
1176 4592 1342 4669 baptisma.
1384 4596 1459 4656 Nam
1487 4593 1569 4675 quod
1595 4591 1768 4656 intercedit:

361 4673 401 4736 od
417 4678 451 4738 in
465 4676 645 4755 baptismate
656 4700 711 4740 uos
726 4678 828 4739 salvos
844 4677 926 4740 iacit.
950 4678 1018 4739 Non
1071 4698 1139 4740 non
1153 4682 1262 4741 carnia
1277 4680 1430 4758 depositio
1446 4689 1514 4758 ete,
1530 4681 1769 4761 parentheticum

361 4762 477 4826 ohuuc
500 4765 635 4825 effectum
659 4766 697 4826 ab
714 4774 841 4826 externa
857 4764 1018 4825 ablutionis
1071 4776 1134 4840 est,
1172 4768 1265 4847 signis
1295 4769 1508 4847 parentheasos
1543 4765 1767 4831 includendam.

361 4851 512 4914 tremonia
537 4861 707 4926 removeam
732 4851 786 4914 sed
814 4872 874 4933 quo
902 4851 1018 4926 doceat,
1071 4852 1232 4935 Quomodo
1246 4855 1397 4936 baptisma
1412 4877 1467 4918 uos
1487 4854 1585 4918 salvet
1598 4876 1654 4937 per
1668 4872 1766 4916 resm-

361 4935 391 5000 id
405 4938 448 4998 sit
464 4940 668 5020 praecipuum.
693 4938 745 5000 Sic
757 4939 834 5001 euim
846 4939 928 5021 loqui
941 4940 1018 5001 solet
1070 4940 1230 5004 rectionem
1245 4943 1320 5005 Jeeu
1337 4940 1469 5018 christi,
1489 4942 1652 5023 petendum
1668 4960 1708 5004 ex
1722 4942 1766 5003 iu·

361 5026 478 5108 riptura
486 5068 495 5100 ,
518 5045 585 5089 cum
608 5025 692 5088 aliud
704 5046 779 5109 prae
794 5026 854 5089 alio
869 5047 1015 5090 commen·
1071 5029 1283 5112 terpretatioue
1295 5030 1366 5111 ejus,
1376 5029 1456 5114 quod
1464 5030 1542 5095 dixit
1550 5032 1647 5113 primo
1658 5030 1768 5112 capita,
