<?xml version="1.0" encoding="UTF-8"?>
<!DOCTYPE html PUBLIC "-//W3C//DTD XHTML 1.0 Transitional//EN"
    "http://www.w3.org/TR/xhtml1/DTD/xhtml1-transitional.dtd">
<html xmlns="http://www.w3.org/1999/xhtml" xml:lang="en" lang="en">
 <head>
  <title>
</title>
<meta http-equiv="Content-Type" content="text/html;charset=utf-8" />
  <meta name='ocr-system' content='tesseract 3.04.00' />
  <meta name='ocr-capabilities' content='ocr_page ocr_carea ocr_par ocr_line ocrx_word'/>
</head>
<body>
  <div class='ocr_page' id='page_1' title='image "./guilielmiestiii01estigoog_0251.png"; bbox 0 0 4442 5825; ppageno 0'>
   <div class='ocr_carea' id='block_1_1' title="bbox 654 540 1662 625">
    <p class='ocr_par' dir='ltr' id='par_1_1' title="bbox 654 540 1662 625">
     <span class='ocr_line' id='line_1_1' title="bbox 654 540 1662 625; baseline -0.002 -29"><span class='ocrx_word' id='word_1_1' title='bbox 654 541 818 625; x_wconf 65' lang='lat' dir='ltr'><strong>tristem</strong></span> <span class='ocrx_word' id='word_1_2' title='bbox 835 541 874 595; x_wconf 79' lang='lat' dir='ltr'><strong>At)</strong></span> <span class='ocrx_word' id='word_1_3' title='bbox 893 541 1058 596; x_wconf 68' lang='lat' dir='ltr'><strong>mulsos.</strong></span> <span class='ocrx_word' id='word_1_4' title='bbox 1092 540 1177 595; x_wconf 66' lang='lat' dir='ltr'><strong>vlits.</strong></span> <span class='ocrx_word' id='word_1_5' title='bbox 1196 542 1219 594; x_wconf 86' lang='lat'><strong>5.</strong></span> <span class='ocrx_word' id='word_1_6' title='bbox 1591 550 1662 619; x_wconf 74' lang='lat'><strong>241</strong></span> 
     </span>
    </p>
   </div>
   <div class='ocr_carea' id='block_1_2' title="bbox 365 714 1672 2887">
    <p class='ocr_par' dir='ltr' id='par_1_2' title="bbox 365 714 1671 2451">
     <span class='ocr_line' id='line_1_2' title="bbox 365 714 1663 800; baseline -0.001 -19"><span class='ocrx_word' id='word_1_7' title='bbox 365 716 550 781; x_wconf 66' lang='lat' dir='ltr'><strong>idationem</strong></span> <span class='ocrx_word' id='word_1_8' title='bbox 560 718 599 779; x_wconf 91' lang='lat' dir='ltr'><strong>sit</strong></span> <span class='ocrx_word' id='word_1_9' title='bbox 610 717 759 795; x_wconf 74' lang='lat' dir='ltr'><strong>habiture,</strong></span> <span class='ocrx_word' id='word_1_10' title='bbox 776 719 868 800; x_wconf 84' lang='lat' dir='ltr'><strong>idque</strong></span> <span class='ocrx_word' id='word_1_11' title='bbox 883 720 914 779; x_wconf 93' lang='lat' dir='ltr'><strong>in</strong></span> <span class='ocrx_word' id='word_1_12' title='bbox 968 736 1083 796; x_wconf 75' lang='lat' dir='ltr'><strong>corpus</strong></span> <span class='ocrx_word' id='word_1_13' title='bbox 1089 742 1102 799; x_wconf 89' lang='lat'><strong>,·</strong></span> <span class='ocrx_word' id='word_1_14' title='bbox 1125 716 1180 780; x_wconf 90' lang='lat' dir='ltr'><strong>sed</strong></span> <span class='ocrx_word' id='word_1_15' title='bbox 1196 716 1227 778; x_wconf 91' lang='lat' dir='ltr'><strong>id</strong></span> <span class='ocrx_word' id='word_1_16' title='bbox 1242 738 1280 779; x_wconf 83' lang='lat' dir='ltr'><strong>ex</strong></span> <span class='ocrx_word' id='word_1_17' title='bbox 1294 714 1436 781; x_wconf 77' lang='lat' dir='ltr'><strong>Hebraeo</strong></span> <span class='ocrx_word' id='word_1_18' title='bbox 1451 727 1603 799; x_wconf 86' lang='lat' dir='ltr'><strong>sumptum</strong></span> <span class='ocrx_word' id='word_1_19' title='bbox 1619 740 1663 780; x_wconf 81' lang='lat' dir='ltr'><strong>er·</strong></span> 
     </span>
     <span class='ocr_line' id='line_1_3' title="bbox 369 804 1664 888; baseline -0.001 -21"><span class='ocrx_word' id='word_1_20' title='bbox 369 804 470 867; x_wconf 72' lang='lat' dir='ltr'><strong>cultus</strong></span> <span class='ocrx_word' id='word_1_21' title='bbox 496 804 608 881; x_wconf 71' lang='lat' dir='ltr'><strong>divini,</strong></span> <span class='ocrx_word' id='word_1_22' title='bbox 638 825 732 888; x_wconf 87' lang='lat' dir='ltr'><strong>esque</strong></span> <span class='ocrx_word' id='word_1_23' title='bbox 758 805 796 867; x_wconf 95' lang='lat' dir='ltr'><strong>de</strong></span> <span class='ocrx_word' id='word_1_24' title='bbox 822 825 916 869; x_wconf 80' lang='lat' dir='ltr'><strong>cause</strong></span> <span class='ocrx_word' id='word_1_25' title='bbox 968 806 1071 879; x_wconf 83' lang='lat' dir='ltr'><strong>bitror,</strong></span> <span class='ocrx_word' id='word_1_26' title='bbox 1087 805 1138 867; x_wconf 85' lang='lat' dir='ltr'><strong>vel</strong></span> <span class='ocrx_word' id='word_1_27' title='bbox 1155 825 1192 867; x_wconf 88' lang='lat' dir='ltr'><strong>ex</strong></span> <span class='ocrx_word' id='word_1_28' title='bbox 1207 805 1267 866; x_wconf 81' lang='lat' dir='ltr'><strong>alie</strong></span> <span class='ocrx_word' id='word_1_29' title='bbox 1282 807 1423 886; x_wconf 82' lang='lat' dir='ltr'><strong>quepiem</strong></span> <span class='ocrx_word' id='word_1_30' title='bbox 1439 804 1557 869; x_wconf 75' lang='lat' dir='ltr'><strong>Graece</strong></span> <span class='ocrx_word' id='word_1_31' title='bbox 1571 815 1664 868; x_wconf 82' lang='lat' dir='ltr'><strong>trene-</strong></span> 
     </span>
     <span class='ocr_line' id='line_1_4' title="bbox 365 891 1666 975; baseline -0.002 -19"><span class='ocrx_word' id='word_1_32' title='bbox 365 892 606 972; x_wconf 76' lang='lat' dir='ltr'><strong>cedispliciture.</strong></span> <span class='ocrx_word' id='word_1_33' title='bbox 629 893 699 955; x_wconf 91' lang='lat' dir='ltr'><strong>Huc</strong></span> <span class='ocrx_word' id='word_1_34' title='bbox 715 893 834 954; x_wconf 87' lang='lat' dir='ltr'><strong>videtur</strong></span> <span class='ocrx_word' id='word_1_35' title='bbox 849 913 914 975; x_wconf 87' lang='lat' dir='ltr'><strong>per·</strong></span> <span class='ocrx_word' id='word_1_36' title='bbox 968 891 1092 955; x_wconf 78' lang='lat' dir='ltr'><strong>latione.</strong></span> <span class='ocrx_word' id='word_1_37' title='bbox 1116 891 1194 955; x_wconf 79' lang='lat' dir='ltr'><strong>Nem</strong></span> <span class='ocrx_word' id='word_1_38' title='bbox 1218 894 1270 972; x_wconf 94' lang='lat' dir='ltr'><strong>qui</strong></span> <span class='ocrx_word' id='word_1_39' title='bbox 1291 891 1379 953; x_wconf 88' lang='lat' dir='ltr'><strong>hodie</strong></span> <span class='ocrx_word' id='word_1_40' title='bbox 1402 903 1522 955; x_wconf 83' lang='lat' dir='ltr'><strong>exstent</strong></span> <span class='ocrx_word' id='word_1_41' title='bbox 1546 893 1666 955; x_wconf 90' lang='lat' dir='ltr'><strong>cedices</strong></span> 
     </span>
     <span class='ocr_line' id='line_1_5' title="bbox 365 978 1668 1059; baseline -0.002 -18"><span class='ocrx_word' id='word_1_42' title='bbox 365 978 428 1059; x_wconf 35' lang='lat' dir='ltr'><strong>,eet</strong></span> <span class='ocrx_word' id='word_1_43' title='bbox 442 979 532 1059; x_wconf 86' lang='lat' dir='ltr'><strong>hujus</strong></span> <span class='ocrx_word' id='word_1_44' title='bbox 553 1000 618 1059; x_wconf 85' lang='lat' dir='ltr'><strong>esp.</strong></span> <span class='ocrx_word' id='word_1_45' title='bbox 644 998 720 1040; x_wconf 82' lang='lat' dir='ltr'><strong>vers.</strong></span> <span class='ocrx_word' id='word_1_46' title='bbox 739 983 766 1042; x_wconf 88' lang='grc'><strong>8.</strong></span> <span class='ocrx_word' id='word_1_47' title='bbox 784 991 813 1040; x_wconf 91' lang='lat' dir='ltr'><strong>et</strong></span> <span class='ocrx_word' id='word_1_48' title='bbox 829 983 857 1041; x_wconf 80' lang='lat'><strong>9.</strong></span> <span class='ocrx_word' id='word_1_49' title='bbox 873 981 917 1041; x_wconf 83' lang='lat' dir='ltr'><strong>ait</strong></span> <span class='ocrx_word' id='word_1_50' title='bbox 969 979 1087 1053; x_wconf 76' lang='lat' dir='ltr'><strong>Graeci,</strong></span> <span class='ocrx_word' id='word_1_51' title='bbox 1112 986 1281 1041; x_wconf 68' lang='lat' dir='ltr'><strong>constanter</strong></span> <span class='ocrx_word' id='word_1_52' title='bbox 1295 980 1418 1057; x_wconf 77' lang='lat' dir='ltr'><strong>legunt:</strong></span> <span class='ocrx_word' id='word_1_53' title='bbox 1442 982 1542 1058; x_wconf 82' lang='grc' dir='ltr'>σῶμα,</span> <span class='ocrx_word' id='word_1_54' title='bbox 1565 980 1597 1041; x_wconf 91' lang='lat' dir='ltr'><strong>id</strong></span> <span class='ocrx_word' id='word_1_55' title='bbox 1621 991 1668 1042; x_wconf 80' lang='lat' dir='ltr'><strong>eet</strong></span> 
     </span>
     <span class='ocr_line' id='line_1_6' title="bbox 365 1065 1667 1149; baseline 0 -22"><span class='ocrx_word' id='word_1_56' title='bbox 365 1087 399 1141; x_wconf 73' lang='lat' dir='ltr'><strong>rs,</strong></span> <span class='ocrx_word' id='word_1_57' title='bbox 427 1068 627 1147; x_wconf 68' lang='lat' dir='ltr'><strong>interpretans</strong></span> <span class='ocrx_word' id='word_1_58' title='bbox 649 1067 723 1127; x_wconf 87' lang='lat' dir='ltr'><strong>hoec</strong></span> <span class='ocrx_word' id='word_1_59' title='bbox 746 1067 854 1141; x_wconf 80' lang='lat' dir='ltr'><strong>verbs,</strong></span> <span class='ocrx_word' id='word_1_60' title='bbox 881 1087 917 1128; x_wconf 83' lang='lat' dir='ltr'><strong>ec</strong></span> <span class='ocrx_word' id='word_1_61' title='bbox 968 1085 1103 1144; x_wconf 75' lang='lat' dir='ltr'><strong>corpoe5</strong></span> <span class='ocrx_word' id='word_1_62' title='bbox 1137 1065 1229 1149; x_wconf 89' lang='lat' dir='ltr'><strong>idque</strong></span> <span class='ocrx_word' id='word_1_63' title='bbox 1260 1075 1413 1145; x_wconf 84' lang='lat' dir='ltr'><strong>exponunt</strong></span> <span class='ocrx_word' id='word_1_64' title='bbox 1438 1078 1573 1143; x_wconf 83' lang='lat' dir='ltr'><strong>veteres,</strong></span> <span class='ocrx_word' id='word_1_65' title='bbox 1605 1077 1667 1128; x_wconf 84' lang='lat' dir='ltr'><strong>tem</strong></span> 
     </span>
     <span class='ocr_line' id='line_1_7' title="bbox 365 1152 1666 1235; baseline -0.001 -20"><span class='ocrx_word' id='word_1_66' title='bbox 365 1161 408 1216; x_wconf 86' lang='lat' dir='ltr'><strong>sto</strong></span> <span class='ocrx_word' id='word_1_67' title='bbox 437 1153 581 1235; x_wconf 86' lang='lat' dir='ltr'><strong>loquens:</strong></span> <span class='ocrx_word' id='word_1_68' title='bbox 610 1155 764 1230; x_wconf 69' lang='lat' dir='ltr'><strong>supertes</strong></span> <span class='ocrx_word' id='word_1_69' title='bbox 793 1155 916 1216; x_wconf 78' lang='lat' dir='ltr'><strong>dicens:</strong></span> <span class='ocrx_word' id='word_1_70' title='bbox 968 1153 1078 1228; x_wconf 79' lang='lat' dir='ltr'><strong>Latini,</strong></span> <span class='ocrx_word' id='word_1_71' title='bbox 1101 1174 1190 1235; x_wconf 87' lang='lat' dir='ltr'><strong>quum</strong></span> <span class='ocrx_word' id='word_1_72' title='bbox 1211 1153 1332 1229; x_wconf 81' lang='lat' dir='ltr'><strong>Graeci,</strong></span> <span class='ocrx_word' id='word_1_73' title='bbox 1354 1152 1540 1228; x_wconf 85' lang='lat' dir='ltr'><strong>Ambrosius,</strong></span> <span class='ocrx_word' id='word_1_74' title='bbox 1563 1154 1666 1234; x_wconf 82' lang='lat' dir='ltr'><strong>Augu·</strong></span> 
     </span>
     <span class='ocr_line' id='line_1_8' title="bbox 365 1238 1665 1322; baseline -0.001 -20"><span class='ocrx_word' id='word_1_75' title='bbox 365 1244 433 1302; x_wconf 77' lang='lat' dir='ltr'><strong>tice</strong></span> <span class='ocrx_word' id='word_1_76' title='bbox 444 1249 511 1314; x_wconf 74' lang='lat' dir='ltr'><strong>etc,</strong></span> <span class='ocrx_word' id='word_1_77' title='bbox 527 1246 603 1302; x_wconf 79' lang='lat' dir='ltr'><strong>sone</strong></span> <span class='ocrx_word' id='word_1_78' title='bbox 615 1239 715 1302; x_wconf 80' lang='lat' dir='ltr'><strong>dixit.-</strong></span> <span class='ocrx_word' id='word_1_79' title='bbox 729 1242 810 1302; x_wconf 83' lang='lat' dir='ltr'><strong>Ecce</strong></span> <span class='ocrx_word' id='word_1_80' title='bbox 822 1243 916 1304; x_wconf 82' lang='lat' dir='ltr'><strong>venio</strong></span> <span class='ocrx_word' id='word_1_81' title='bbox 969 1242 1075 1315; x_wconf 85' lang='lat' dir='ltr'><strong>stinus,</strong></span> <span class='ocrx_word' id='word_1_82' title='bbox 1099 1238 1341 1322; x_wconf 74' lang='lat' dir='ltr'><strong>chrysostomus,</strong></span> <span class='ocrx_word' id='word_1_83' title='bbox 1361 1240 1582 1314; x_wconf 85' lang='lat' dir='ltr'><strong>Theodoretue,</strong></span> <span class='ocrx_word' id='word_1_84' title='bbox 1605 1242 1665 1301; x_wconf 77' lang='lat' dir='ltr'><strong>llu-</strong></span> 
     </span>
     <span class='ocr_line' id='line_1_9' title="bbox 365 1327 1667 1409; baseline -0.001 -20"><span class='ocrx_word' id='word_1_85' title='bbox 365 1329 420 1389; x_wconf 67' lang='grc' dir='ltr'><strong>ἰη</strong></span> <span class='ocrx_word' id='word_1_86' title='bbox 428 1330 583 1404; x_wconf 75' lang='lat' dir='ltr'><strong>primum,</strong></span> <span class='ocrx_word' id='word_1_87' title='bbox 599 1335 916 1405; x_wconf 78' lang='lat' dir='ltr'><strong>utrequensrtctect.</strong></span> <span class='ocrx_word' id='word_1_88' title='bbox 969 1327 1102 1407; x_wconf 86' lang='lat' dir='ltr'><strong>thymius</strong></span> <span class='ocrx_word' id='word_1_89' title='bbox 1137 1336 1168 1388; x_wconf 92' lang='lat' dir='ltr'><strong>et</strong></span> <span class='ocrx_word' id='word_1_90' title='bbox 1196 1328 1399 1407; x_wconf 80' lang='lat' dir='ltr'><strong>Apollinarius</strong></span> <span class='ocrx_word' id='word_1_91' title='bbox 1437 1327 1667 1409; x_wconf 58' lang='lat' dir='ltr'><strong>paraphrasten</strong></span> 
     </span>
     <span class='ocr_line' id='line_1_10' title="bbox 365 1411 1668 1497; baseline -0.002 -21"><span class='ocrx_word' id='word_1_92' title='bbox 365 1435 424 1476; x_wconf 79' lang='lat' dir='ltr'><strong>mm</strong></span> <span class='ocrx_word' id='word_1_93' title='bbox 439 1411 478 1474; x_wconf 89' lang='lat' dir='ltr'><strong>de</strong></span> <span class='ocrx_word' id='word_1_94' title='bbox 492 1420 554 1475; x_wconf 89' lang='lat' dir='ltr'><strong>toto</strong></span> <span class='ocrx_word' id='word_1_95' title='bbox 574 1413 631 1474; x_wconf 89' lang='lat' dir='ltr'><strong>hoc</strong></span> <span class='ocrx_word' id='word_1_96' title='bbox 645 1413 759 1475; x_wconf 88' lang='lat' dir='ltr'><strong>Peslmi</strong></span> <span class='ocrx_word' id='word_1_97' title='bbox 776 1414 840 1475; x_wconf 87' lang='lat' dir='ltr'><strong>loco</strong></span> <span class='ocrx_word' id='word_1_98' title='bbox 857 1415 916 1478; x_wconf 87' lang='lat' dir='ltr'><strong>dis·</strong></span> <span class='ocrx_word' id='word_1_99' title='bbox 970 1434 1061 1497; x_wconf 82' lang='lat' dir='ltr'><strong>quem</strong></span> <span class='ocrx_word' id='word_1_100' title='bbox 1083 1413 1244 1476; x_wconf 88' lang='lat' dir='ltr'><strong>lectionem</strong></span> <span class='ocrx_word' id='word_1_101' title='bbox 1271 1413 1413 1475; x_wconf 80' lang='lat' dir='ltr'>exhibent</span> <span class='ocrx_word' id='word_1_102' title='bbox 1439 1417 1531 1476; x_wconf 85' lang='lat' dir='ltr'><strong>etiem</strong></span> <span class='ocrx_word' id='word_1_103' title='bbox 1556 1415 1668 1476; x_wconf 75' lang='lat' dir='ltr'><strong>Latine</strong></span> 
     </span>
     <span class='ocr_line' id='line_1_11' title="bbox 384 1500 1668 1577; baseline 0 -14"><span class='ocrx_word' id='word_1_104' title='bbox 384 1522 404 1563; x_wconf 79' lang='lat' dir='ltr'><strong>s</strong></span> <span class='ocrx_word' id='word_1_105' title='bbox 433 1501 598 1575; x_wconf 90' lang='lat' dir='ltr'><strong>nonnullis,</strong></span> <span class='ocrx_word' id='word_1_106' title='bbox 627 1511 725 1561; x_wconf 91' lang='lat' dir='ltr'><strong>utrum</strong></span> <span class='ocrx_word' id='word_1_107' title='bbox 756 1501 918 1563; x_wconf 86' lang='lat' dir='ltr'><strong>seeundum</strong></span> <span class='ocrx_word' id='word_1_108' title='bbox 970 1500 1135 1575; x_wconf 85' lang='lat' dir='ltr'><strong>Peslterie,</strong></span> <span class='ocrx_word' id='word_1_109' title='bbox 1167 1510 1253 1562; x_wconf 84' lang='lat' dir='ltr'><strong>vetus</strong></span> <span class='ocrx_word' id='word_1_110' title='bbox 1280 1511 1309 1561; x_wconf 88' lang='lat' dir='ltr'><strong>et</strong></span> <span class='ocrx_word' id='word_1_111' title='bbox 1334 1501 1509 1577; x_wconf 79' lang='lat' dir='ltr'><strong>Roup&#39;snum.</strong></span> <span class='ocrx_word' id='word_1_112' title='bbox 1547 1502 1668 1563; x_wconf 76' lang='lat' dir='ltr'><strong>Dicitur</strong></span> 
     </span>
     <span class='ocr_line' id='line_1_12' title="bbox 365 1586 1668 1668; baseline -0.002 -18"><span class='ocrx_word' id='word_1_113' title='bbox 365 1587 399 1650; x_wconf 77' lang='lat' dir='ltr'><strong>sd</strong></span> <span class='ocrx_word' id='word_1_114' title='bbox 412 1587 541 1649; x_wconf 83' lang='lat' dir='ltr'><strong>Devidis</strong></span> <span class='ocrx_word' id='word_1_115' title='bbox 562 1606 719 1668; x_wconf 84' lang='lat' dir='ltr'><strong>personam</strong></span> <span class='ocrx_word' id='word_1_116' title='bbox 741 1586 917 1651; x_wconf 84' lang='lat' dir='ltr'><strong>referendus</strong></span> <span class='ocrx_word' id='word_1_117' title='bbox 970 1596 1070 1649; x_wconf 81' lang='lat' dir='ltr'><strong>sutem</strong></span> <span class='ocrx_word' id='word_1_118' title='bbox 1085 1587 1264 1649; x_wconf 80' lang='lat' dir='ltr'><strong>Psslterinm</strong></span> <span class='ocrx_word' id='word_1_119' title='bbox 1287 1599 1374 1650; x_wconf 86' lang='lat' dir='ltr'><strong>vetus</strong></span> <span class='ocrx_word' id='word_1_120' title='bbox 1390 1598 1500 1650; x_wconf 86' lang='lat' dir='ltr'><strong>eertum</strong></span> <span class='ocrx_word' id='word_1_121' title='bbox 1516 1586 1668 1668; x_wconf 69' lang='lat' dir='ltr'><strong>quoddam</strong></span> 
     </span>
     <span class='ocr_line' id='line_1_13' title="bbox 365 1673 1667 1756; baseline -0.001 -19"><span class='ocrx_word' id='word_1_122' title='bbox 365 1673 391 1737; x_wconf 80' lang='lat' dir='ltr'><strong>d</strong></span> <span class='ocrx_word' id='word_1_123' title='bbox 412 1694 573 1756; x_wconf 75' lang='lat' dir='ltr'><strong>personam</strong></span> <span class='ocrx_word' id='word_1_124' title='bbox 588 1674 709 1743; x_wconf 78' lang='lat' dir='ltr'><strong>christi.</strong></span> <span class='ocrx_word' id='word_1_125' title='bbox 733 1675 810 1736; x_wconf 86' lang='lat' dir='ltr'><strong>Sunt</strong></span> <span class='ocrx_word' id='word_1_126' title='bbox 831 1676 917 1747; x_wconf 92' lang='lat' dir='ltr'><strong>enim,</strong></span> <span class='ocrx_word' id='word_1_127' title='bbox 971 1674 1125 1735; x_wconf 82' lang='lat' dir='ltr'><strong>diversum</strong></span> <span class='ocrx_word' id='word_1_128' title='bbox 1139 1694 1159 1735; x_wconf 83' lang='lat' dir='ltr'><strong>e</strong></span> <span class='ocrx_word' id='word_1_129' title='bbox 1172 1675 1307 1737; x_wconf 80' lang='lat' dir='ltr'><strong>Romano</strong></span> <span class='ocrx_word' id='word_1_130' title='bbox 1331 1683 1361 1734; x_wconf 94' lang='lat' dir='ltr'><strong>et</strong></span> <span class='ocrx_word' id='word_1_131' title='bbox 1383 1674 1559 1748; x_wconf 77' lang='lat' dir='ltr'><strong>Gallicano,</strong></span> <span class='ocrx_word' id='word_1_132' title='bbox 1581 1674 1667 1756; x_wconf 90' lang='lat' dir='ltr'><strong>cujus</strong></span> 
     </span>
     <span class='ocr_line' id='line_1_14' title="bbox 365 1760 1667 1843; baseline -0.001 -20"><span class='ocrx_word' id='word_1_133' title='bbox 365 1770 493 1824; x_wconf 77' lang='lat' dir='ltr'><strong>ementer</strong></span> <span class='ocrx_word' id='word_1_134' title='bbox 514 1761 704 1836; x_wconf 86' lang='lat' dir='ltr'><strong>contendent,</strong></span> <span class='ocrx_word' id='word_1_135' title='bbox 727 1770 818 1835; x_wconf 87' lang='lat' dir='ltr'><strong>totum</strong></span> <span class='ocrx_word' id='word_1_136' title='bbox 833 1761 916 1823; x_wconf 81' lang='lat' dir='ltr'><strong>Psel·</strong></span> <span class='ocrx_word' id='word_1_137' title='bbox 970 1763 1049 1822; x_wconf 86' lang='lat' dir='ltr'><strong>inter</strong></span> <span class='ocrx_word' id='word_1_138' title='bbox 1070 1761 1131 1822; x_wconf 80' lang='lat' dir='ltr'><strong>elie</strong></span> <span class='ocrx_word' id='word_1_139' title='bbox 1153 1781 1225 1824; x_wconf 87' lang='lat' dir='ltr'><strong>usus</strong></span> <span class='ocrx_word' id='word_1_140' title='bbox 1247 1771 1311 1823; x_wconf 82' lang='lat' dir='ltr'><strong>eret</strong></span> <span class='ocrx_word' id='word_1_141' title='bbox 1335 1760 1417 1843; x_wconf 82' lang='lat' dir='ltr'><strong>apud</strong></span> <span class='ocrx_word' id='word_1_142' title='bbox 1437 1764 1573 1836; x_wconf 81' lang='lat' dir='ltr'><strong>Latinos,</strong></span> <span class='ocrx_word' id='word_1_143' title='bbox 1596 1768 1667 1823; x_wconf 85' lang='lat' dir='ltr'><strong>ente</strong></span> 
     </span>
     <span class='ocr_line' id='line_1_15' title="bbox 379 1847 1666 1930; baseline -0.003 -17"><span class='ocrx_word' id='word_1_144' title='bbox 379 1847 501 1913; x_wconf 76' lang='lat' dir='ltr'><strong>Christo</strong></span> <span class='ocrx_word' id='word_1_145' title='bbox 523 1851 615 1929; x_wconf 85' lang='lat' dir='ltr'><strong>juxte</strong></span> <span class='ocrx_word' id='word_1_146' title='bbox 636 1848 783 1910; x_wconf 75' lang='lat' dir='ltr'><strong>literalem</strong></span> <span class='ocrx_word' id='word_1_147' title='bbox 806 1849 917 1911; x_wconf 88' lang='lat' dir='ltr'><strong>intelli·</strong></span> <span class='ocrx_word' id='word_1_148' title='bbox 972 1854 1103 1909; x_wconf 84' lang='lat' dir='ltr'><strong>eetstem</strong></span> <span class='ocrx_word' id='word_1_149' title='bbox 1112 1847 1303 1930; x_wconf 74' lang='lat' dir='ltr'><strong>Hieronymi.</strong></span> <span class='ocrx_word' id='word_1_150' title='bbox 1316 1850 1436 1911; x_wconf 77' lang='lat' dir='ltr'><strong>&#39;Portus</strong></span> <span class='ocrx_word' id='word_1_151' title='bbox 1449 1848 1569 1929; x_wconf 90' lang='lat' dir='ltr'><strong>quidem</strong></span> <span class='ocrx_word' id='word_1_152' title='bbox 1582 1847 1666 1910; x_wconf 77' lang='lat' dir='ltr'><strong>Psel-</strong></span> 
     </span>
     <span class='ocr_line' id='line_1_16' title="bbox 367 1932 1668 2019; baseline -0.002 -23"><span class='ocrx_word' id='word_1_153' title='bbox 367 1955 387 1996; x_wconf 75' lang='grc' dir='ltr'>ι</span> <span class='ocrx_word' id='word_1_154' title='bbox 402 1934 523 1996; x_wconf 74' lang='lat' dir='ltr'><strong>Doride</strong></span> <span class='ocrx_word' id='word_1_155' title='bbox 539 1936 739 2015; x_wconf 86' lang='lat' dir='ltr'><strong>conscriptum</strong></span> <span class='ocrx_word' id='word_1_156' title='bbox 754 1955 829 1997; x_wconf 86' lang='lat' dir='ltr'><strong>esse.</strong></span> <span class='ocrx_word' id='word_1_157' title='bbox 855 1935 916 1996; x_wconf 86' lang='lat' dir='ltr'><strong>No·</strong></span> <span class='ocrx_word' id='word_1_158' title='bbox 970 1955 1093 2009; x_wconf 90' lang='lat' dir='ltr'><strong>morum,</strong></span> <span class='ocrx_word' id='word_1_159' title='bbox 1110 1937 1160 2016; x_wconf 89' lang='lat' dir='ltr'><strong>qui</strong></span> <span class='ocrx_word' id='word_1_160' title='bbox 1176 1939 1338 2018; x_wconf 79' lang='lat' dir='ltr'><strong>apponitur</strong></span> <span class='ocrx_word' id='word_1_161' title='bbox 1353 1938 1571 1998; x_wconf 75' lang='lat' dir='ltr'><strong>commentariis</strong></span> <span class='ocrx_word' id='word_1_162' title='bbox 1586 1932 1668 2019; x_wconf 85' lang='lat' dir='ltr'><strong>epud</strong></span> 
     </span>
     <span class='ocr_line' id='line_1_17' title="bbox 365 2021 1668 2105; baseline 0 -22"><span class='ocrx_word' id='word_1_163' title='bbox 365 2024 387 2083; x_wconf 84' lang='lat' dir='ltr'><strong>is</strong></span> <span class='ocrx_word' id='word_1_164' title='bbox 407 2021 565 2105; x_wconf 75' lang='lat' dir='ltr'><strong>probabile</strong></span> <span class='ocrx_word' id='word_1_165' title='bbox 587 2030 633 2082; x_wconf 83' lang='lat' dir='ltr'><strong>eet</strong></span> <span class='ocrx_word' id='word_1_166' title='bbox 647 2021 688 2094; x_wconf 88' lang='lat' dir='ltr'><strong>id,</strong></span> <span class='ocrx_word' id='word_1_167' title='bbox 712 2021 793 2103; x_wconf 89' lang='lat' dir='ltr'><strong>quod</strong></span> <span class='ocrx_word' id='word_1_168' title='bbox 808 2022 916 2085; x_wconf 82' lang='lat' dir='ltr'><strong>Jense·</strong></span> <span class='ocrx_word' id='word_1_169' title='bbox 971 2022 1207 2103; x_wconf 80' lang='lat' dir='ltr'><strong>Hieronymum,</strong></span> <span class='ocrx_word' id='word_1_170' title='bbox 1233 2024 1341 2085; x_wconf 85' lang='lat' dir='ltr'><strong>hebet:</strong></span> <span class='ocrx_word' id='word_1_171' title='bbox 1368 2043 1478 2102; x_wconf 72' lang='lat' dir='ltr'><strong>aures,</strong></span> <span class='ocrx_word' id='word_1_172' title='bbox 1506 2043 1610 2086; x_wconf 86' lang='lat' dir='ltr'><strong>verum</strong></span> <span class='ocrx_word' id='word_1_173' title='bbox 1637 2024 1668 2084; x_wconf 91' lang='lat' dir='ltr'><strong>in</strong></span> 
     </span>
     <span class='ocr_line' id='line_1_18' title="bbox 365 2105 1670 2184; baseline 0 -13"><span class='ocrx_word' id='word_1_174' title='bbox 365 2108 415 2171; x_wconf 80' lang='lat' dir='ltr'><strong>ulii</strong></span> <span class='ocrx_word' id='word_1_175' title='bbox 439 2110 522 2171; x_wconf 87' lang='lat' dir='ltr'><strong>docti</strong></span> <span class='ocrx_word' id='word_1_176' title='bbox 543 2111 685 2183; x_wconf 87' lang='lat' dir='ltr'><strong>sentiunt,</strong></span> <span class='ocrx_word' id='word_1_177' title='bbox 709 2108 859 2171; x_wconf 82' lang='lat' dir='ltr'><strong>Doridem</strong></span> <span class='ocrx_word' id='word_1_178' title='bbox 881 2107 919 2170; x_wconf 88' lang='lat' dir='ltr'><strong>de</strong></span> <span class='ocrx_word' id='word_1_179' title='bbox 972 2111 1182 2170; x_wconf 75' lang='lat' dir='ltr'><strong>commentario</strong></span> <span class='ocrx_word' id='word_1_180' title='bbox 1195 2109 1465 2173; x_wconf 78' lang='lat' dir='ltr'><strong>nullefitaterium</strong></span> <span class='ocrx_word' id='word_1_181' title='bbox 1477 2113 1598 2184; x_wconf 88' lang='lat' dir='ltr'><strong>mentio,</strong></span> <span class='ocrx_word' id='word_1_182' title='bbox 1616 2105 1670 2171; x_wconf 88' lang='lat' dir='ltr'><strong>sed</strong></span> 
     </span>
     <span class='ocr_line' id='line_1_19' title="bbox 365 2195 1670 2279; baseline -0.001 -21"><span class='ocrx_word' id='word_1_183' title='bbox 365 2196 444 2278; x_wconf 82' lang='lat' dir='ltr'><strong>ioqui</strong></span> <span class='ocrx_word' id='word_1_184' title='bbox 467 2204 528 2256; x_wconf 90' lang='lat' dir='ltr'><strong>toto</strong></span> <span class='ocrx_word' id='word_1_185' title='bbox 544 2195 675 2271; x_wconf 77' lang='lat' dir='ltr'><strong>Psalmo,</strong></span> <span class='ocrx_word' id='word_1_186' title='bbox 698 2195 817 2271; x_wconf 87' lang='lat' dir='ltr'><strong>sedite,</strong></span> <span class='ocrx_word' id='word_1_187' title='bbox 840 2204 874 2256; x_wconf 92' lang='lat' dir='ltr'><strong>ut</strong></span> <span class='ocrx_word' id='word_1_188' title='bbox 889 2196 920 2257; x_wconf 90' lang='lat' dir='ltr'><strong>in</strong></span> <span class='ocrx_word' id='word_1_189' title='bbox 972 2198 1114 2274; x_wconf 78' lang='lat' dir='ltr'><strong>corporis</strong></span> <span class='ocrx_word' id='word_1_190' title='bbox 1126 2205 1253 2259; x_wconf 82' lang='lat' dir='ltr'><strong>tentum.</strong></span> <span class='ocrx_word' id='word_1_191' title='bbox 1265 2196 1373 2279; x_wconf 88' lang='lat' dir='ltr'><strong>Iteque</strong></span> <span class='ocrx_word' id='word_1_192' title='bbox 1381 2196 1480 2258; x_wconf 83' lang='lat' dir='ltr'>LXX.</span> <span class='ocrx_word' id='word_1_193' title='bbox 1492 2198 1670 2278; x_wconf 83' lang='lat' dir='ltr'><strong>interpretes</strong></span> 
     </span>
     <span class='ocr_line' id='line_1_20' title="bbox 365 2283 1671 2365; baseline -0.002 -21"><span class='ocrx_word' id='word_1_194' title='bbox 365 2304 375 2344; x_wconf 83' lang='lat' dir='ltr'><strong>r</strong></span> <span class='ocrx_word' id='word_1_195' title='bbox 389 2285 566 2364; x_wconf 82' lang='lat' dir='ltr'><strong>respexerit,</strong></span> <span class='ocrx_word' id='word_1_196' title='bbox 585 2284 709 2365; x_wconf 85' lang='lat' dir='ltr'><strong>ejusque</strong></span> <span class='ocrx_word' id='word_1_197' title='bbox 724 2284 755 2345; x_wconf 89' lang='lat' dir='ltr'><strong>in</strong></span> <span class='ocrx_word' id='word_1_198' title='bbox 769 2283 826 2357; x_wconf 86' lang='lat' dir='ltr'><strong>hie,</strong></span> <span class='ocrx_word' id='word_1_199' title='bbox 842 2302 920 2363; x_wconf 80' lang='lat' dir='ltr'><strong>quse</strong></span> <span class='ocrx_word' id='word_1_200' title='bbox 972 2283 1098 2344; x_wconf 86' lang='lat' dir='ltr'><strong>vertisse</strong></span> <span class='ocrx_word' id='word_1_201' title='bbox 1112 2302 1238 2361; x_wconf 81' lang='lat' dir='ltr'><strong>eorpus,</strong></span> <span class='ocrx_word' id='word_1_202' title='bbox 1258 2304 1318 2346; x_wconf 95' lang='lat' dir='ltr'><strong>non</strong></span> <span class='ocrx_word' id='word_1_203' title='bbox 1333 2302 1438 2360; x_wconf 82' lang='lat' dir='ltr'><strong>auree,</strong></span> <span class='ocrx_word' id='word_1_204' title='bbox 1464 2305 1523 2346; x_wconf 93' lang='lat' dir='ltr'><strong>non</strong></span> <span class='ocrx_word' id='word_1_205' title='bbox 1539 2293 1594 2359; x_wconf 86' lang='lat' dir='ltr'><strong>est,</strong></span> <span class='ocrx_word' id='word_1_206' title='bbox 1617 2302 1671 2344; x_wconf 91' lang='lat' dir='ltr'><strong>cur</strong></span> 
     </span>
     <span class='ocr_line' id='line_1_21' title="bbox 365 2368 1134 2451; baseline -0.001 -20"><span class='ocrx_word' id='word_1_207' title='bbox 365 2372 439 2431; x_wconf 82' lang='lat' dir='ltr'><strong>rieut</strong></span> <span class='ocrx_word' id='word_1_208' title='bbox 460 2373 493 2432; x_wconf 93' lang='lat' dir='ltr'><strong>in</strong></span> <span class='ocrx_word' id='word_1_209' title='bbox 509 2370 577 2433; x_wconf 84' lang='lat' dir='ltr'><strong>eliis</strong></span> <span class='ocrx_word' id='word_1_210' title='bbox 598 2370 709 2446; x_wconf 90' lang='lat' dir='ltr'><strong>multis,</strong></span> <span class='ocrx_word' id='word_1_211' title='bbox 731 2377 837 2450; x_wconf 90' lang='lat' dir='ltr'><strong>typum</strong></span> <span class='ocrx_word' id='word_1_212' title='bbox 853 2390 918 2451; x_wconf 77' lang='lat' dir='ltr'><strong>ges·</strong></span> <span class='ocrx_word' id='word_1_213' title='bbox 972 2368 1134 2431; x_wconf 85' lang='lat' dir='ltr'><strong>dubitetur.</strong></span> 
     </span>
    </p>

    <p class='ocr_par' dir='ltr' id='par_1_3' title="bbox 365 2456 1672 2887">
     <span class='ocr_line' id='line_1_22' title="bbox 365 2456 1672 2624; baseline -0.002 -17"><span class='ocrx_word' id='word_1_214' title='bbox 365 2456 921 2624; x_wconf 59' lang='lat' dir='ltr'><strong>,ttlt‘lttttzttttttlt</strong></span> <span class='ocrx_word' id='word_1_215' title='bbox 970 2456 1672 2624; x_wconf 55' lang='lat' dir='ltr'><strong>,itttibtdtlttt‘tttit</strong></span> 
     </span>
     <span class='ocr_line' id='line_1_23' title="bbox 365 2629 1670 2713; baseline -0.001 -20"><span class='ocrx_word' id='word_1_216' title='bbox 365 2653 375 2693; x_wconf 83' lang='lat' dir='ltr'><strong>u</strong></span> <span class='ocrx_word' id='word_1_217' title='bbox 398 2639 578 2711; x_wconf 77' lang='lat' dir='ltr'><strong>competere,</strong></span> <span class='ocrx_word' id='word_1_218' title='bbox 599 2651 691 2711; x_wconf 86' lang='lat' dir='ltr'><strong>quem</strong></span> <span class='ocrx_word' id='word_1_219' title='bbox 707 2632 738 2691; x_wconf 93' lang='lat' dir='ltr'><strong>in</strong></span> <span class='ocrx_word' id='word_1_220' title='bbox 753 2629 921 2706; x_wconf 73' lang='lat' dir='ltr'><strong>Davidem,</strong></span> <span class='ocrx_word' id='word_1_221' title='bbox 973 2630 1103 2712; x_wconf 74' lang='lat' dir='ltr'><strong>intelligi</strong></span> <span class='ocrx_word' id='word_1_222' title='bbox 1124 2638 1234 2713; x_wconf 83' lang='lat' dir='ltr'><strong>potest.</strong></span> <span class='ocrx_word' id='word_1_223' title='bbox 1264 2631 1341 2693; x_wconf 84' lang='lat' dir='ltr'><strong>Sunt</strong></span> <span class='ocrx_word' id='word_1_224' title='bbox 1362 2632 1458 2704; x_wconf 89' lang='lat' dir='ltr'><strong>enim,</strong></span> <span class='ocrx_word' id='word_1_225' title='bbox 1485 2632 1537 2710; x_wconf 92' lang='lat' dir='ltr'><strong>qui</strong></span> <span class='ocrx_word' id='word_1_226' title='bbox 1561 2638 1670 2711; x_wconf 81' lang='lat' dir='ltr'><strong>putent</strong></span> 
     </span>
     <span class='ocr_line' id='line_1_24' title="bbox 365 2716 1670 2799; baseline -0.003 -18"><span class='ocrx_word' id='word_1_227' title='bbox 365 2739 422 2781; x_wconf 78' lang='lat' dir='ltr'><strong>mus</strong></span> <span class='ocrx_word' id='word_1_228' title='bbox 445 2720 477 2779; x_wconf 93' lang='lat' dir='ltr'><strong>in</strong></span> <span class='ocrx_word' id='word_1_229' title='bbox 499 2716 649 2779; x_wconf 77' lang='lat' dir='ltr'><strong>Davidem</strong></span> <span class='ocrx_word' id='word_1_230' title='bbox 671 2716 797 2778; x_wconf 80' lang='lat' dir='ltr'><strong>literulis</strong></span> <span class='ocrx_word' id='word_1_231' title='bbox 821 2719 868 2791; x_wconf 85' lang='lat' dir='ltr'><strong>sit,</strong></span> <span class='ocrx_word' id='word_1_232' title='bbox 890 2718 922 2777; x_wconf 91' lang='lat' dir='ltr'><strong>in</strong></span> <span class='ocrx_word' id='word_1_233' title='bbox 974 2716 1110 2779; x_wconf 78' lang='lat' dir='ltr'><strong>alludere</strong></span> <span class='ocrx_word' id='word_1_234' title='bbox 1120 2716 1307 2799; x_wconf 80' lang='lat' dir='ltr'><strong>Prophetem</strong></span> <span class='ocrx_word' id='word_1_235' title='bbox 1321 2717 1361 2780; x_wconf 82' lang='lat' dir='ltr'><strong>ed</strong></span> <span class='ocrx_word' id='word_1_236' title='bbox 1375 2716 1460 2792; x_wconf 90' lang='lat' dir='ltr'><strong>illud,</strong></span> <span class='ocrx_word' id='word_1_237' title='bbox 1477 2716 1559 2798; x_wconf 88' lang='lat' dir='ltr'><strong>qood</strong></span> <span class='ocrx_word' id='word_1_238' title='bbox 1572 2716 1670 2779; x_wconf 74' lang='lat' dir='ltr'><strong>Exod.</strong></span> 
     </span>
     <span class='ocr_line' id='line_1_25' title="bbox 365 2802 1671 2887; baseline -0.002 -18"><span class='ocrx_word' id='word_1_239' title='bbox 365 2827 376 2869; x_wconf 81' lang='grc' dir='ltr'><strong>ι</strong></span> <span class='ocrx_word' id='word_1_240' title='bbox 402 2805 552 2886; x_wconf 85' lang='lat' dir='ltr'><strong>mysticus</strong></span> <span class='ocrx_word' id='word_1_241' title='bbox 578 2812 702 2865; x_wconf 80' lang='lat' dir='ltr'><strong>tentum.</strong></span> <span class='ocrx_word' id='word_1_242' title='bbox 738 2802 821 2883; x_wconf 82' lang='lat' dir='ltr'><strong>Quid</strong></span> <span class='ocrx_word' id='word_1_243' title='bbox 850 2823 921 2864; x_wconf 85' lang='lat' dir='ltr'><strong>vero</strong></span> <span class='ocrx_word' id='word_1_244' title='bbox 974 2806 1025 2867; x_wconf 78' lang='lat'><strong>21.</strong></span> <span class='ocrx_word' id='word_1_245' title='bbox 1039 2806 1221 2887; x_wconf 73' lang='lat' dir='ltr'><strong>praecipitur</strong></span> <span class='ocrx_word' id='word_1_246' title='bbox 1236 2802 1276 2867; x_wconf 86' lang='lat' dir='ltr'><strong>ds</strong></span> <span class='ocrx_word' id='word_1_247' title='bbox 1294 2825 1382 2867; x_wconf 86' lang='lat' dir='ltr'><strong>servo</strong></span> <span class='ocrx_word' id='word_1_248' title='bbox 1397 2804 1549 2878; x_wconf 78' lang='lat' dir='ltr'><strong>Hebraeo,</strong></span> <span class='ocrx_word' id='word_1_249' title='bbox 1573 2804 1626 2886; x_wconf 90' lang='lat' dir='ltr'><strong>qui</strong></span> <span class='ocrx_word' id='word_1_250' title='bbox 1639 2804 1671 2866; x_wconf 91' lang='lat' dir='ltr'><strong>in</strong></span> 
     </span>
    </p>
   </div>
   <div class='ocr_carea' id='block_1_3' title="bbox 365 2889 1671 3148">
    <p class='ocr_par' dir='ltr' id='par_1_4' title="bbox 365 2889 1671 3148">
     <span class='ocr_line' id='line_1_26' title="bbox 365 2889 1670 2974; baseline -0.002 -20"><span class='ocrx_word' id='word_1_251' title='bbox 365 2915 369 2953; x_wconf 91' lang='grc' dir='ltr'>ι</span> <span class='ocrx_word' id='word_1_252' title='bbox 389 2892 469 2954; x_wconf 85' lang='lat' dir='ltr'><strong>hene</strong></span> <span class='ocrx_word' id='word_1_253' title='bbox 492 2892 674 2954; x_wconf 74' lang='lat' dir='ltr'><strong>sententiam</strong></span> <span class='ocrx_word' id='word_1_254' title='bbox 695 2890 840 2970; x_wconf 84' lang='lat' dir='ltr'><strong>objicient</strong></span> <span class='ocrx_word' id='word_1_255' title='bbox 859 2891 921 2965; x_wconf 85' lang='lat' dir='ltr'><strong>elii,</strong></span> <span class='ocrx_word' id='word_1_256' title='bbox 974 2911 1052 2954; x_wconf 84' lang='lat' dir='ltr'><strong>enno</strong></span> <span class='ocrx_word' id='word_1_257' title='bbox 1074 2890 1258 2954; x_wconf 84' lang='lat' dir='ltr'><strong>remissionis</strong></span> <span class='ocrx_word' id='word_1_258' title='bbox 1283 2893 1459 2955; x_wconf 86' lang='lat' dir='ltr'><strong>servitutem</strong></span> <span class='ocrx_word' id='word_1_259' title='bbox 1483 2890 1615 2974; x_wconf 83' lang='lat' dir='ltr'><strong>presiert</strong></span> <span class='ocrx_word' id='word_1_260' title='bbox 1636 2889 1670 2952; x_wconf 89' lang='lat' dir='ltr'><strong>li·</strong></span> 
     </span>
     <span class='ocr_line' id='line_1_27' title="bbox 365 2977 1668 3062; baseline 0 -21"><span class='ocrx_word' id='word_1_261' title='bbox 365 2981 401 3041; x_wconf 82' lang='lat' dir='ltr'><strong>iis</strong></span> <span class='ocrx_word' id='word_1_262' title='bbox 415 2977 658 3062; x_wconf 82' lang='lat' dir='ltr'><strong>respondendum</strong></span> <span class='ocrx_word' id='word_1_263' title='bbox 672 2980 721 3052; x_wconf 90' lang='lat' dir='ltr'><strong>sit,</strong></span> <span class='ocrx_word' id='word_1_264' title='bbox 738 2999 776 3040; x_wconf 81' lang='lat' dir='ltr'><strong>ex</strong></span> <span class='ocrx_word' id='word_1_265' title='bbox 791 2999 922 3061; x_wconf 84' lang='lat' dir='ltr'><strong>esquen·</strong></span> <span class='ocrx_word' id='word_1_266' title='bbox 975 2978 1091 3053; x_wconf 81' lang='lat' dir='ltr'><strong>berteti,</strong></span> <span class='ocrx_word' id='word_1_267' title='bbox 1112 2980 1197 3060; x_wconf 90' lang='lat' dir='ltr'><strong>cujus</strong></span> <span class='ocrx_word' id='word_1_268' title='bbox 1217 2998 1323 3042; x_wconf 78' lang='lat' dir='ltr'><strong>eurem</strong></span> <span class='ocrx_word' id='word_1_269' title='bbox 1340 2979 1431 3058; x_wconf 89' lang='lat' dir='ltr'><strong>jubet</strong></span> <span class='ocrx_word' id='word_1_270' title='bbox 1443 2980 1593 3042; x_wconf 86' lang='lat' dir='ltr'><strong>Dominus</strong></span> <span class='ocrx_word' id='word_1_271' title='bbox 1616 2999 1668 3060; x_wconf 79' lang='lat' dir='ltr'><strong>sp-</strong></span> 
     </span>
     <span class='ocr_line' id='line_1_28' title="bbox 365 3064 1671 3148; baseline -0.002 -19"><span class='ocrx_word' id='word_1_272' title='bbox 365 3067 520 3148; x_wconf 77' lang='lat' dir='ltr'><strong>elligetur.</strong></span> <span class='ocrx_word' id='word_1_273' title='bbox 974 3065 1083 3146; x_wconf 77' lang='lat' dir='ltr'><strong>plicari</strong></span> <span class='ocrx_word' id='word_1_274' title='bbox 1098 3064 1138 3126; x_wconf 82' lang='lat' dir='ltr'><strong>ed</strong></span> <span class='ocrx_word' id='word_1_275' title='bbox 1159 3072 1274 3147; x_wconf 87' lang='lat' dir='ltr'><strong>postem</strong></span> <span class='ocrx_word' id='word_1_276' title='bbox 1294 3066 1408 3141; x_wconf 87' lang='lat' dir='ltr'><strong>domus,</strong></span> <span class='ocrx_word' id='word_1_277' title='bbox 1430 3074 1461 3128; x_wconf 90' lang='lat' dir='ltr'><strong>et</strong></span> <span class='ocrx_word' id='word_1_278' title='bbox 1482 3065 1592 3129; x_wconf 74' lang='lat' dir='ltr'><strong>subulo</strong></span> <span class='ocrx_word' id='word_1_279' title='bbox 1605 3084 1671 3148; x_wconf 73' lang='lat' dir='ltr'><strong>per</strong></span> 
     </span>
    </p>
   </div>
   <div class='ocr_carea' id='block_1_4' title="bbox 365 3152 1674 5058">
    <p class='ocr_par' dir='ltr' id='par_1_5' title="bbox 365 3152 1674 4796">
     <span class='ocr_line' id='line_1_29' title="bbox 400 3152 1673 3320; baseline -0.001 -20"><span class='ocrx_word' id='word_1_280' title='bbox 400 3204 634 3267; x_wconf 55' lang='lat' dir='ltr'><strong>Merme</strong></span> <span class='ocrx_word' id='word_1_281' title='bbox 648 3206 688 3266; x_wconf 72' lang='grc' dir='ltr'><strong>Β·</strong></span> <span class='ocrx_word' id='word_1_282' title='bbox 703 3203 740 3263; x_wconf 71' lang='lat' dir='ltr'><strong>P·</strong></span> <span class='ocrx_word' id='word_1_283' title='bbox 974 3152 1673 3320; x_wconf 51' lang='lat' dir='ltr'><strong>{tirtrrttrtttt‘tts0ttz‘tit</strong></span> 
     </span>
     <span class='ocr_line' id='line_1_30' title="bbox 365 3321 1671 3406; baseline -0.002 -17"><span class='ocrx_word' id='word_1_284' title='bbox 365 3345 398 3389; x_wconf 90' lang='lat' dir='ltr'><strong>ur</strong></span> <span class='ocrx_word' id='word_1_285' title='bbox 413 3326 507 3387; x_wconf 89' lang='lat' dir='ltr'><strong>multo</strong></span> <span class='ocrx_word' id='word_1_286' title='bbox 524 3324 703 3406; x_wconf 87' lang='lat' dir='ltr'><strong>expeditius,</strong></span> <span class='ocrx_word' id='word_1_287' title='bbox 725 3326 752 3385; x_wconf 88' lang='lat' dir='ltr'><strong>si</strong></span> <span class='ocrx_word' id='word_1_288' title='bbox 769 3321 923 3385; x_wconf 84' lang='lat' dir='ltr'><strong>Pselmum</strong></span> <span class='ocrx_word' id='word_1_289' title='bbox 975 3344 1079 3402; x_wconf 79' lang='lat' dir='ltr'><strong>aures,</strong></span> <span class='ocrx_word' id='word_1_290' title='bbox 1102 3326 1161 3389; x_wconf 90' lang='lat' dir='ltr'><strong>hoc</strong></span> <span class='ocrx_word' id='word_1_291' title='bbox 1176 3332 1228 3399; x_wconf 84' lang='lat' dir='ltr'><strong>est,</strong></span> <span class='ocrx_word' id='word_1_292' title='bbox 1251 3325 1396 3389; x_wconf 68' lang='lat' dir='ltr'><strong>addixisti</strong></span> <span class='ocrx_word' id='word_1_293' title='bbox 1417 3346 1466 3389; x_wconf 90' lang='lat' dir='ltr'><strong>me</strong></span> <span class='ocrx_word' id='word_1_294' title='bbox 1481 3327 1535 3388; x_wconf 90' lang='lat' dir='ltr'><strong>tibi</strong></span> <span class='ocrx_word' id='word_1_295' title='bbox 1550 3346 1671 3389; x_wconf 83' lang='lat' dir='ltr'><strong>servum</strong></span> 
     </span>
     <span class='ocr_line' id='line_1_31' title="bbox 365 3411 1672 3495; baseline 0 -20"><span class='ocrx_word' id='word_1_296' title='bbox 365 3415 487 3494; x_wconf 74' lang='lat' dir='ltr'><strong>tpiemus</strong></span> <span class='ocrx_word' id='word_1_297' title='bbox 516 3422 671 3494; x_wconf 85' lang='lat' dir='ltr'><strong>temquem</strong></span> <span class='ocrx_word' id='word_1_298' title='bbox 696 3430 801 3473; x_wconf 87' lang='lat' dir='ltr'><strong>vocem</strong></span> <span class='ocrx_word' id='word_1_299' title='bbox 828 3411 922 3490; x_wconf 80' lang='lat' dir='ltr'><strong>ipsius</strong></span> <span class='ocrx_word' id='word_1_300' title='bbox 976 3421 1155 3495; x_wconf 88' lang='lat' dir='ltr'><strong>perpetuum</strong></span> <span class='ocrx_word' id='word_1_301' title='bbox 1172 3433 1256 3476; x_wconf 88' lang='lat' dir='ltr'><strong>mors</strong></span> <span class='ocrx_word' id='word_1_302' title='bbox 1278 3412 1474 3488; x_wconf 89' lang='lat' dir='ltr'><strong>dominorum,</strong></span> <span class='ocrx_word' id='word_1_303' title='bbox 1498 3414 1549 3494; x_wconf 91' lang='lat' dir='ltr'><strong>qui</strong></span> <span class='ocrx_word' id='word_1_304' title='bbox 1568 3432 1672 3475; x_wconf 87' lang='lat' dir='ltr'><strong>servos</strong></span> 
     </span>
     <span class='ocr_line' id='line_1_32' title="bbox 365 3500 1671 3581; baseline 0.001 -20"><span class='ocrx_word' id='word_1_305' title='bbox 365 3501 470 3562; x_wconf 68' lang='lat' dir='ltr'><strong>literali</strong></span> <span class='ocrx_word' id='word_1_306' title='bbox 484 3519 584 3576; x_wconf 87' lang='lat' dir='ltr'><strong>sensu,</strong></span> <span class='ocrx_word' id='word_1_307' title='bbox 599 3502 641 3560; x_wconf 83' lang='lat' dir='ltr'><strong>ite</strong></span> <span class='ocrx_word' id='word_1_308' title='bbox 657 3504 765 3570; x_wconf 85' lang='lat' dir='ltr'><strong>temen,</strong></span> <span class='ocrx_word' id='word_1_309' title='bbox 780 3505 813 3557; x_wconf 89' lang='lat' dir='ltr'><strong>ut</strong></span> <span class='ocrx_word' id='word_1_310' title='bbox 828 3500 925 3578; x_wconf 86' lang='lat' dir='ltr'><strong>prims</strong></span> <span class='ocrx_word' id='word_1_311' title='bbox 975 3509 1122 3581; x_wconf 88' lang='lat' dir='ltr'><strong>perpetuo</strong></span> <span class='ocrx_word' id='word_1_312' title='bbox 1149 3519 1250 3561; x_wconf 87' lang='lat' dir='ltr'><strong>secum</strong></span> <span class='ocrx_word' id='word_1_313' title='bbox 1276 3519 1433 3562; x_wconf 80' lang='lat' dir='ltr'><strong>mensures</strong></span> <span class='ocrx_word' id='word_1_314' title='bbox 1458 3500 1574 3561; x_wconf 80' lang='lat' dir='ltr'><strong>surium</strong></span> <span class='ocrx_word' id='word_1_315' title='bbox 1603 3519 1671 3580; x_wconf 87' lang='lat' dir='ltr'><strong>pcr-</strong></span> 
     </span>
     <span class='ocr_line' id='line_1_33' title="bbox 374 3584 1671 3666; baseline 0 -19"><span class='ocrx_word' id='word_1_316' title='bbox 374 3585 457 3649; x_wconf 86' lang='lat' dir='ltr'><strong>illius</strong></span> <span class='ocrx_word' id='word_1_317' title='bbox 480 3595 564 3666; x_wconf 82' lang='lat' dir='ltr'><strong>perte</strong></span> <span class='ocrx_word' id='word_1_318' title='bbox 578 3586 716 3647; x_wconf 84' lang='lat' dir='ltr'><strong>Christus</strong></span> <span class='ocrx_word' id='word_1_319' title='bbox 738 3584 777 3644; x_wconf 90' lang='lat' dir='ltr'><strong>de</strong></span> <span class='ocrx_word' id='word_1_320' title='bbox 790 3603 844 3644; x_wconf 89' lang='lat' dir='ltr'><strong>suo</strong></span> <span class='ocrx_word' id='word_1_321' title='bbox 860 3605 923 3646; x_wconf 89' lang='lat' dir='ltr'><strong>cor·</strong></span> <span class='ocrx_word' id='word_1_322' title='bbox 975 3585 1108 3648; x_wconf 81' lang='lat' dir='ltr'><strong>fossione</strong></span> <span class='ocrx_word' id='word_1_323' title='bbox 1123 3594 1236 3649; x_wconf 86' lang='lat' dir='ltr'><strong>notent.</strong></span> <span class='ocrx_word' id='word_1_324' title='bbox 1260 3587 1328 3648; x_wconf 86' lang='lat' dir='ltr'><strong>Hoc</strong></span> <span class='ocrx_word' id='word_1_325' title='bbox 1350 3597 1449 3649; x_wconf 82' lang='lat' dir='ltr'><strong>eutem</strong></span> <span class='ocrx_word' id='word_1_326' title='bbox 1472 3594 1554 3649; x_wconf 87' lang='lat' dir='ltr'><strong>recte</strong></span> <span class='ocrx_word' id='word_1_327' title='bbox 1568 3585 1671 3648; x_wconf 74' lang='lat' dir='ltr'><strong>David</strong></span> 
     </span>
     <span class='ocr_line' id='line_1_34' title="bbox 365 3670 1672 3754; baseline -0.001 -19"><span class='ocrx_word' id='word_1_328' title='bbox 365 3682 474 3754; x_wconf 44' lang='grc' dir='ltr'><strong>,ποῖαι-ς</strong></span> <span class='ocrx_word' id='word_1_329' title='bbox 497 3681 585 3754; x_wconf 82' lang='lat' dir='ltr'><strong>perte</strong></span> <span class='ocrx_word' id='word_1_330' title='bbox 607 3691 680 3733; x_wconf 83' lang='lat' dir='ltr'><strong>vero</strong></span> <span class='ocrx_word' id='word_1_331' title='bbox 704 3670 820 3744; x_wconf 88' lang='lat' dir='ltr'><strong>medie,</strong></span> <span class='ocrx_word' id='word_1_332' title='bbox 844 3691 924 3753; x_wconf 86' lang='lat' dir='ltr'><strong>quse</strong></span> <span class='ocrx_word' id='word_1_333' title='bbox 977 3674 1015 3734; x_wconf 93' lang='lat' dir='ltr'><strong>de</strong></span> <span class='ocrx_word' id='word_1_334' title='bbox 1029 3672 1156 3747; x_wconf 85' lang='lat' dir='ltr'><strong>sedicit,</strong></span> <span class='ocrx_word' id='word_1_335' title='bbox 1168 3674 1259 3753; x_wconf 84' lang='lat' dir='ltr'><strong>juxte</strong></span> <span class='ocrx_word' id='word_1_336' title='bbox 1274 3673 1314 3747; x_wconf 92' lang='lat' dir='ltr'><strong>id,</strong></span> <span class='ocrx_word' id='word_1_337' title='bbox 1331 3672 1413 3754; x_wconf 90' lang='lat' dir='ltr'><strong>quod</strong></span> <span class='ocrx_word' id='word_1_338' title='bbox 1425 3673 1496 3735; x_wconf 80' lang='lat' dir='ltr'><strong>olibi</strong></span> <span class='ocrx_word' id='word_1_339' title='bbox 1508 3675 1672 3753; x_wconf 83' lang='lat' dir='ltr'><strong>profitetur,</strong></span> 
     </span>
     <span class='ocr_line' id='line_1_35' title="bbox 365 3758 1672 3840; baseline 0 -17"><span class='ocrx_word' id='word_1_340' title='bbox 365 3764 437 3823; x_wconf 88' lang='lat' dir='ltr'><strong>titur</strong></span> <span class='ocrx_word' id='word_1_341' title='bbox 452 3782 481 3820; x_wconf 86' lang='lat' dir='ltr'><strong>v.</strong></span> <span class='ocrx_word' id='word_1_342' title='bbox 500 3764 528 3821; x_wconf 82' lang='lat'><strong>7.</strong></span> <span class='ocrx_word' id='word_1_343' title='bbox 551 3769 579 3821; x_wconf 91' lang='lat' dir='ltr'><strong>et</strong></span> <span class='ocrx_word' id='word_1_344' title='bbox 594 3768 757 3840; x_wconf 87' lang='lat' dir='ltr'><strong>sequentes</strong></span> <span class='ocrx_word' id='word_1_345' title='bbox 772 3778 870 3839; x_wconf 83' lang='lat' dir='ltr'><strong>usque</strong></span> <span class='ocrx_word' id='word_1_346' title='bbox 885 3758 923 3818; x_wconf 84' lang='lat' dir='ltr'><strong>ed</strong></span> <span class='ocrx_word' id='word_1_347' title='bbox 975 3758 1091 3822; x_wconf 85' lang='lat' dir='ltr'><strong>diceus:</strong></span> <span class='ocrx_word' id='word_1_348' title='bbox 1110 3761 1297 3837; x_wconf 82' lang='lat' dir='ltr'><strong>ODomine,</strong></span> <span class='ocrx_word' id='word_1_349' title='bbox 1315 3763 1391 3838; x_wconf 80' lang='lat' dir='ltr'><strong>quio</strong></span> <span class='ocrx_word' id='word_1_350' title='bbox 1403 3780 1458 3838; x_wconf 81' lang='lat' dir='ltr'><strong>epo</strong></span> <span class='ocrx_word' id='word_1_351' title='bbox 1470 3778 1578 3822; x_wconf 74' lang='lat' dir='ltr'><strong>servus</strong></span> <span class='ocrx_word' id='word_1_352' title='bbox 1589 3768 1672 3834; x_wconf 78' lang='lat' dir='ltr'><strong>tutet,</strong></span> 
     </span>
     <span class='ocr_line' id='line_1_36' title="bbox 365 3847 1672 3927; baseline -0.002 -17"><span class='ocrx_word' id='word_1_353' title='bbox 365 3857 446 3910; x_wconf 75' lang='lat' dir='ltr'><strong>retur</strong></span> <span class='ocrx_word' id='word_1_354' title='bbox 461 3868 499 3908; x_wconf 84' lang='lat' dir='ltr'><strong>ex</strong></span> <span class='ocrx_word' id='word_1_355' title='bbox 515 3866 572 3908; x_wconf 81' lang='lat' dir='ltr'><strong>sua</strong></span> <span class='ocrx_word' id='word_1_356' title='bbox 587 3847 688 3926; x_wconf 87' lang='lat' dir='ltr'><strong>ipsius,</strong></span> <span class='ocrx_word' id='word_1_357' title='bbox 704 3855 858 3927; x_wconf 82' lang='lat' dir='ltr'><strong>temqusm</strong></span> <span class='ocrx_word' id='word_1_358' title='bbox 874 3866 922 3906; x_wconf 84' lang='lat' dir='ltr'><strong>ce·</strong></span> <span class='ocrx_word' id='word_1_359' title='bbox 976 3865 1031 3923; x_wconf 80' lang='lat' dir='ltr'><strong>epo</strong></span> <span class='ocrx_word' id='word_1_360' title='bbox 1054 3866 1163 3909; x_wconf 78' lang='lat' dir='ltr'><strong>servor</strong></span> <span class='ocrx_word' id='word_1_361' title='bbox 1184 3854 1302 3910; x_wconf 76' lang='lat' dir='ltr'><strong>tumet</strong></span> <span class='ocrx_word' id='word_1_362' title='bbox 1321 3848 1408 3924; x_wconf 72' lang='lat' dir='ltr'><strong>{ilites</strong></span> <span class='ocrx_word' id='word_1_363' title='bbox 1431 3847 1569 3908; x_wconf 79' lang='lat' dir='ltr'><strong>ancillae</strong></span> <span class='ocrx_word' id='word_1_364' title='bbox 1589 3855 1672 3910; x_wconf 82' lang='lat' dir='ltr'><strong>tuae.</strong></span> 
     </span>
     <span class='ocr_line' id='line_1_37' title="bbox 365 3931 1674 4016; baseline -0.003 -19"><span class='ocrx_word' id='word_1_365' title='bbox 365 3955 474 3997; x_wconf 82' lang='lat' dir='ltr'><strong>ersons.</strong></span> <span class='ocrx_word' id='word_1_366' title='bbox 498 3932 690 4014; x_wconf 73' lang='lat' dir='ltr'><strong>Quemquam</strong></span> <span class='ocrx_word' id='word_1_367' title='bbox 715 3933 806 3994; x_wconf 89' lang='lat' dir='ltr'><strong>etiem</strong></span> <span class='ocrx_word' id='word_1_368' title='bbox 829 3933 924 4013; x_wconf 87' lang='lat' dir='ltr'><strong>prime</strong></span> <span class='ocrx_word' id='word_1_369' title='bbox 975 3931 1036 3994; x_wconf 80' lang='lat' dir='ltr'><strong>Sed</strong></span> <span class='ocrx_word' id='word_1_370' title='bbox 1051 3935 1082 3993; x_wconf 92' lang='lat' dir='ltr'><strong>in</strong></span> <span class='ocrx_word' id='word_1_371' title='bbox 1106 3934 1253 3995; x_wconf 74' lang='lat' dir='ltr'><strong>Christum</strong></span> <span class='ocrx_word' id='word_1_372' title='bbox 1276 3934 1369 3995; x_wconf 91' lang='lat' dir='ltr'><strong>multo</strong></span> <span class='ocrx_word' id='word_1_373' title='bbox 1392 3936 1493 4016; x_wconf 88' lang='lat' dir='ltr'><strong>potius</strong></span> <span class='ocrx_word' id='word_1_374' title='bbox 1515 3954 1551 3996; x_wconf 82' lang='lat' dir='ltr'><strong>ec</strong></span> <span class='ocrx_word' id='word_1_375' title='bbox 1573 3938 1674 3996; x_wconf 77' lang='lat' dir='ltr'><strong>verius</strong></span> 
     </span>
     <span class='ocr_line' id='line_1_38' title="bbox 379 4020 1671 4104; baseline 0 -22"><span class='ocrx_word' id='word_1_376' title='bbox 379 4033 483 4104; x_wconf 78' lang='lat' dir='ltr'><strong>portes</strong></span> <span class='ocrx_word' id='word_1_377' title='bbox 500 4020 538 4082; x_wconf 91' lang='lat' dir='ltr'><strong>de</strong></span> <span class='ocrx_word' id='word_1_378' title='bbox 553 4020 672 4083; x_wconf 81' lang='lat' dir='ltr'><strong>Christo</strong></span> <span class='ocrx_word' id='word_1_379' title='bbox 688 4021 785 4100; x_wconf 80' lang='lat' dir='ltr'><strong>capite</strong></span> <span class='ocrx_word' id='word_1_380' title='bbox 800 4029 880 4079; x_wconf 87' lang='lat' dir='ltr'><strong>recte</strong></span> <span class='ocrx_word' id='word_1_381' title='bbox 895 4028 925 4079; x_wconf 88' lang='lat' dir='ltr'><strong>et</strong></span> <span class='ocrx_word' id='word_1_382' title='bbox 976 4022 1121 4099; x_wconf 79' lang='lat' dir='ltr'><strong>congruit,</strong></span> <span class='ocrx_word' id='word_1_383' title='bbox 1145 4022 1171 4081; x_wconf 89' lang='lat' dir='ltr'><strong>si</strong></span> <span class='ocrx_word' id='word_1_384' title='bbox 1187 4022 1333 4101; x_wconf 77' lang='lat' dir='ltr'><strong>cogitetur</strong></span> <span class='ocrx_word' id='word_1_385' title='bbox 1353 4021 1407 4083; x_wconf 86' lang='lat' dir='ltr'><strong>ille</strong></span> <span class='ocrx_word' id='word_1_386' title='bbox 1420 4020 1556 4103; x_wconf 77' lang='lat' dir='ltr'><strong>perlecto</strong></span> <span class='ocrx_word' id='word_1_387' title='bbox 1571 4021 1671 4102; x_wconf 86' lang='lat' dir='ltr'><strong>subje-</strong></span> 
     </span>
     <span class='ocr_line' id='line_1_39' title="bbox 365 4107 1673 4191; baseline 0 -21"><span class='ocrx_word' id='word_1_388' title='bbox 365 4115 520 4191; x_wconf 82' lang='lat' dir='ltr'><strong>spossunt</strong></span> <span class='ocrx_word' id='word_1_389' title='bbox 536 4110 653 4188; x_wconf 87' lang='lat' dir='ltr'><strong>exponi.</strong></span> <span class='ocrx_word' id='word_1_390' title='bbox 976 4108 1045 4180; x_wconf 86' lang='lat' dir='ltr'><strong>ctio,</strong></span> <span class='ocrx_word' id='word_1_391' title='bbox 1067 4126 1128 4185; x_wconf 83' lang='lat' dir='ltr'><strong>que</strong></span> <span class='ocrx_word' id='word_1_392' title='bbox 1150 4118 1257 4168; x_wconf 79' lang='lat' dir='ltr'><strong>nature</strong></span> <span class='ocrx_word' id='word_1_393' title='bbox 1280 4107 1344 4186; x_wconf 90' lang='lat' dir='ltr'><strong>ejus</strong></span> <span class='ocrx_word' id='word_1_394' title='bbox 1367 4109 1498 4169; x_wconf 79' lang='lat' dir='ltr'><strong>humane</strong></span> <span class='ocrx_word' id='word_1_395' title='bbox 1516 4109 1673 4189; x_wconf 85' lang='lat' dir='ltr'><strong>subjicitur</strong></span> 
     </span>
     <span class='ocr_line' id='line_1_40' title="bbox 365 4191 1673 4276; baseline -0.003 -18"><span class='ocrx_word' id='word_1_396' title='bbox 365 4216 392 4258; x_wconf 84' lang='lat' dir='ltr'><strong>se</strong></span> <span class='ocrx_word' id='word_1_397' title='bbox 415 4204 522 4258; x_wconf 83' lang='lat' dir='ltr'><strong>aretem</strong></span> <span class='ocrx_word' id='word_1_398' title='bbox 545 4197 664 4272; x_wconf 81' lang='lat' dir='ltr'><strong>optasti</strong></span> <span class='ocrx_word' id='word_1_399' title='bbox 687 4193 773 4253; x_wconf 83' lang='lat' dir='ltr'><strong>mibi.</strong></span> <span class='ocrx_word' id='word_1_400' title='bbox 801 4191 836 4252; x_wconf 93' lang='lat' dir='ltr'><strong>In</strong></span> <span class='ocrx_word' id='word_1_401' title='bbox 860 4191 922 4252; x_wconf 87' lang='lat' dir='ltr'><strong>He·</strong></span> <span class='ocrx_word' id='word_1_402' title='bbox 975 4193 1051 4254; x_wconf 90' lang='lat' dir='ltr'><strong>Dee.</strong></span> <span class='ocrx_word' id='word_1_403' title='bbox 1084 4192 1175 4254; x_wconf 84' lang='lat' dir='ltr'><strong>Unde</strong></span> <span class='ocrx_word' id='word_1_404' title='bbox 1200 4193 1375 4275; x_wconf 85' lang='lat' dir='ltr'><strong>frequenter</strong></span> <span class='ocrx_word' id='word_1_405' title='bbox 1396 4195 1478 4276; x_wconf 80' lang='lat' dir='ltr'><strong>opud</strong></span> <span class='ocrx_word' id='word_1_406' title='bbox 1504 4193 1673 4275; x_wconf 85' lang='lat' dir='ltr'><strong>Prophetes</strong></span> 
     </span>
     <span class='ocr_line' id='line_1_41' title="bbox 365 4277 1671 4364; baseline -0.003 -20"><span class='ocrx_word' id='word_1_407' title='bbox 365 4284 457 4364; x_wconf 74' lang='lat' dir='ltr'><strong>gitur:</strong></span> <span class='ocrx_word' id='word_1_408' title='bbox 481 4300 576 4343; x_wconf 81' lang='lat' dir='ltr'><strong>ostreo</strong></span> <span class='ocrx_word' id='word_1_409' title='bbox 595 4282 707 4358; x_wconf 75' lang='lat' dir='ltr'><strong>fodisti</strong></span> <span class='ocrx_word' id='word_1_410' title='bbox 728 4280 814 4340; x_wconf 80' lang='lat' dir='ltr'><strong>milti.</strong></span> <span class='ocrx_word' id='word_1_411' title='bbox 839 4277 922 4358; x_wconf 81' lang='lat' dir='ltr'><strong>Quo·</strong></span> <span class='ocrx_word' id='word_1_412' title='bbox 975 4300 1045 4340; x_wconf 89' lang='lat' dir='ltr'><strong>eum</strong></span> <span class='ocrx_word' id='word_1_413' title='bbox 1058 4279 1143 4340; x_wconf 79' lang='lat' dir='ltr'><strong>Deus</strong></span> <span class='ocrx_word' id='word_1_414' title='bbox 1159 4300 1246 4340; x_wconf 89' lang='lat' dir='ltr'><strong>suum</strong></span> <span class='ocrx_word' id='word_1_415' title='bbox 1262 4301 1381 4344; x_wconf 80' lang='lat' dir='ltr'><strong>servum</strong></span> <span class='ocrx_word' id='word_1_416' title='bbox 1398 4289 1495 4343; x_wconf 82' lang='lat' dir='ltr'><strong>vocet</strong></span> <span class='ocrx_word' id='word_1_417' title='bbox 1518 4279 1607 4342; x_wconf 83' lang='lat' dir='ltr'><strong>Hsnc</strong></span> <span class='ocrx_word' id='word_1_418' title='bbox 1622 4299 1671 4341; x_wconf 78' lang='lat' dir='ltr'><strong>eu·</strong></span> 
     </span>
     <span class='ocr_line' id='line_1_42' title="bbox 365 4365 1673 4449; baseline -0.005 -17"><span class='ocrx_word' id='word_1_419' title='bbox 365 4379 494 4432; x_wconf 77' lang='lat' dir='ltr'><strong>srterunt</strong></span> <span class='ocrx_word' id='word_1_420' title='bbox 518 4369 725 4447; x_wconf 80' lang='lat' dir='ltr'><strong>Hieronymus</strong></span> <span class='ocrx_word' id='word_1_421' title='bbox 751 4387 787 4426; x_wconf 84' lang='lat' dir='ltr'><strong>ec</strong></span> <span class='ocrx_word' id='word_1_422' title='bbox 814 4368 923 4426; x_wconf 77' lang='lat' dir='ltr'><strong>caeteri</strong></span> <span class='ocrx_word' id='word_1_423' title='bbox 975 4377 1032 4428; x_wconf 87' lang='lat' dir='ltr'><strong>tem</strong></span> <span class='ocrx_word' id='word_1_424' title='bbox 1049 4366 1117 4444; x_wconf 83' lang='lat' dir='ltr'><strong>ejus</strong></span> <span class='ocrx_word' id='word_1_425' title='bbox 1132 4370 1305 4428; x_wconf 86' lang='lat' dir='ltr'><strong>servitutem</strong></span> <span class='ocrx_word' id='word_1_426' title='bbox 1327 4387 1394 4429; x_wconf 88' lang='lat' dir='ltr'><strong>esso</strong></span> <span class='ocrx_word' id='word_1_427' title='bbox 1417 4375 1598 4449; x_wconf 78' lang='lat' dir='ltr'><strong>perpetuum,</strong></span> <span class='ocrx_word' id='word_1_428' title='bbox 1623 4365 1673 4427; x_wconf 93' lang='lat' dir='ltr'><strong>do·</strong></span> 
     </span>
     <span class='ocr_line' id='line_1_43' title="bbox 370 4451 1673 4538; baseline -0.005 -21"><span class='ocrx_word' id='word_1_429' title='bbox 370 4464 522 4538; x_wconf 88' lang='lat' dir='ltr'><strong>quotquot</strong></span> <span class='ocrx_word' id='word_1_430' title='bbox 548 4475 587 4516; x_wconf 89' lang='lat' dir='ltr'><strong>ex</strong></span> <span class='ocrx_word' id='word_1_431' title='bbox 613 4454 755 4516; x_wconf 81' lang='lat' dir='ltr'><strong>Hebraeo</strong></span> <span class='ocrx_word' id='word_1_432' title='bbox 786 4451 923 4513; x_wconf 86' lang='lat' dir='ltr'><strong>Peelmos</strong></span> <span class='ocrx_word' id='word_1_433' title='bbox 975 4462 1025 4512; x_wconf 91' lang='lat' dir='ltr'><strong>cet</strong></span> <span class='ocrx_word' id='word_1_434' title='bbox 1040 4453 1203 4535; x_wconf 86' lang='lat' dir='ltr'><strong>Apostolus</strong></span> <span class='ocrx_word' id='word_1_435' title='bbox 1228 4457 1242 4514; x_wconf 90' lang='lat'>1</span> <span class='ocrx_word' id='word_1_436' title='bbox 1263 4453 1395 4515; x_wconf 82' lang='lat' dir='ltr'><strong>Corinth.</strong></span> <span class='ocrx_word' id='word_1_437' title='bbox 1416 4454 1464 4513; x_wconf 81' lang='lat'><strong>15.</strong></span> <span class='ocrx_word' id='word_1_438' title='bbox 1488 4452 1532 4513; x_wconf 88' lang='lat' dir='ltr'><strong>hie</strong></span> <span class='ocrx_word' id='word_1_439' title='bbox 1554 4452 1673 4515; x_wconf 85' lang='lat' dir='ltr'><strong>verbis:</strong></span> 
     </span>
     <span class='ocr_line' id='line_1_44' title="bbox 365 4537 1671 4622; baseline -0.005 -16"><span class='ocrx_word' id='word_1_440' title='bbox 365 4545 413 4606; x_wconf 71' lang='lat' dir='ltr'><strong>eti</strong></span> <span class='ocrx_word' id='word_1_441' title='bbox 437 4553 514 4605; x_wconf 86' lang='lat' dir='ltr'><strong>sunt.</strong></span> <span class='ocrx_word' id='word_1_442' title='bbox 546 4541 659 4602; x_wconf 86' lang='lat' dir='ltr'><strong>Verum</strong></span> <span class='ocrx_word' id='word_1_443' title='bbox 686 4537 863 4622; x_wconf 84' lang='lat' dir='ltr'><strong>Apostolus,</strong></span> <span class='ocrx_word' id='word_1_444' title='bbox 890 4548 924 4599; x_wconf 89' lang='lat' dir='ltr'><strong>ut</strong></span> <span class='ocrx_word' id='word_1_445' title='bbox 978 4541 1068 4602; x_wconf 78' lang='lat' dir='ltr'><strong>Tenc</strong></span> <span class='ocrx_word' id='word_1_446' title='bbox 1091 4547 1120 4600; x_wconf 91' lang='lat' dir='ltr'><strong>et</strong></span> <span class='ocrx_word' id='word_1_447' title='bbox 1142 4544 1208 4618; x_wconf 87' lang='lat' dir='ltr'><strong>ipsc</strong></span> <span class='ocrx_word' id='word_1_448' title='bbox 1230 4541 1335 4603; x_wconf 80' lang='lat' dir='ltr'><strong>Filius</strong></span> <span class='ocrx_word' id='word_1_449' title='bbox 1357 4541 1511 4617; x_wconf 77' lang='lat' dir='ltr'><strong>subjectus</strong></span> <span class='ocrx_word' id='word_1_450' title='bbox 1537 4543 1597 4599; x_wconf 84' lang='lat' dir='ltr'><strong>erit</strong></span> <span class='ocrx_word' id='word_1_451' title='bbox 1618 4540 1671 4614; x_wconf 81' lang='lat' dir='ltr'><strong>Ei,</strong></span> 
     </span>
     <span class='ocr_line' id='line_1_45' title="bbox 365 4627 1673 4712; baseline -0.002 -21"><span class='ocrx_word' id='word_1_452' title='bbox 365 4632 464 4712; x_wconf 80' lang='lat' dir='ltr'><strong>quitur</strong></span> <span class='ocrx_word' id='word_1_453' title='bbox 483 4628 592 4701; x_wconf 74' lang='lat' dir='ltr'><strong>LXX,</strong></span> <span class='ocrx_word' id='word_1_454' title='bbox 619 4629 674 4708; x_wconf 90' lang='lat' dir='ltr'><strong>qui</strong></span> <span class='ocrx_word' id='word_1_455' title='bbox 695 4627 921 4688; x_wconf 79' lang='lat' dir='ltr'><strong>eie-transtule·</strong></span> <span class='ocrx_word' id='word_1_456' title='bbox 974 4630 1031 4704; x_wconf 80' lang='lat' dir='ltr'><strong>qui</strong></span> <span class='ocrx_word' id='word_1_457' title='bbox 1056 4627 1185 4702; x_wconf 71' lang='lat' dir='ltr'><strong>eribjecit</strong></span> <span class='ocrx_word' id='word_1_458' title='bbox 1210 4627 1269 4688; x_wconf 82' lang='lat' dir='ltr'><strong>eibi</strong></span> <span class='ocrx_word' id='word_1_459' title='bbox 1295 4630 1425 4705; x_wconf 81' lang='lat' dir='ltr'><strong>omnio,·</strong></span> <span class='ocrx_word' id='word_1_460' title='bbox 1457 4632 1493 4688; x_wconf 78' lang='lat' dir='ltr'><strong>ut</strong></span> <span class='ocrx_word' id='word_1_461' title='bbox 1518 4627 1559 4686; x_wconf 82' lang='lat' dir='ltr'><strong>eit</strong></span> <span class='ocrx_word' id='word_1_462' title='bbox 1585 4627 1673 4688; x_wconf 76' lang='lat' dir='ltr'><strong>Deus</strong></span> 
     </span>
     <span class='ocr_line' id='line_1_46' title="bbox 365 4707 1311 4796; baseline -0.003 -19"><span class='ocrx_word' id='word_1_463' title='bbox 365 4718 433 4796; x_wconf 67' lang='grc' dir='ltr'><strong>κῦμα</strong></span> <span class='ocrx_word' id='word_1_464' title='bbox 455 4707 490 4774; x_wconf 79' lang='grc' dir='ltr'><strong>δὲ</strong></span> <span class='ocrx_word' id='word_1_465' title='bbox 513 4708 692 4793; x_wconf 79' lang='grc' dir='ltr'>κατηρτίσω</span> <span class='ocrx_word' id='word_1_466' title='bbox 715 4729 782 4791; x_wconf 85' lang='grc' dir='ltr'><strong>μοι,</strong></span> <span class='ocrx_word' id='word_1_467' title='bbox 812 4711 844 4773; x_wconf 91' lang='lat' dir='ltr'><strong>id</strong></span> <span class='ocrx_word' id='word_1_468' title='bbox 869 4722 923 4786; x_wconf 88' lang='lat' dir='ltr'><strong>est,</strong></span> <span class='ocrx_word' id='word_1_469' title='bbox 976 4716 1086 4775; x_wconf 76' lang='lat' dir='ltr'><strong>euroin</strong></span> <span class='ocrx_word' id='word_1_470' title='bbox 1100 4718 1137 4776; x_wconf 82' lang='lat' dir='ltr'><strong>in</strong></span> <span class='ocrx_word' id='word_1_471' title='bbox 1158 4714 1311 4775; x_wconf 78' lang='lat' dir='ltr'><strong>omnibus.</strong></span> 
     </span>
    </p>

    <p class='ocr_par' dir='ltr' id='par_1_6' title="bbox 365 4798 1673 5058">
     <span class='ocr_line' id='line_1_47' title="bbox 365 4798 1673 4881; baseline -0.002 -15"><span class='ocrx_word' id='word_1_472' title='bbox 365 4812 472 4868; x_wconf 76' lang='lat' dir='ltr'><strong>orsum</strong></span> <span class='ocrx_word' id='word_1_473' title='bbox 500 4805 638 4880; x_wconf 81' lang='lat' dir='ltr'><strong>optasti,</strong></span> <span class='ocrx_word' id='word_1_474' title='bbox 669 4804 734 4862; x_wconf 87' lang='lat' dir='ltr'><strong>eive</strong></span> <span class='ocrx_word' id='word_1_475' title='bbox 761 4798 923 4881; x_wconf 76' lang='lat' dir='ltr'><strong>perfecisti,</strong></span> <span class='ocrx_word' id='word_1_476' title='bbox 1017 4801 1059 4862; x_wconf 85' lang='lat' dir='ltr'><strong>At</strong></span> <span class='ocrx_word' id='word_1_477' title='bbox 1083 4821 1155 4861; x_wconf 85' lang='lat' dir='ltr'><strong>vero</strong></span> <span class='ocrx_word' id='word_1_478' title='bbox 1175 4801 1238 4874; x_wconf 79' lang='lat' dir='ltr'><strong>elii,</strong></span> <span class='ocrx_word' id='word_1_479' title='bbox 1261 4800 1439 4881; x_wconf 85' lang='lat' dir='ltr'><strong>praesertim</strong></span> <span class='ocrx_word' id='word_1_480' title='bbox 1454 4798 1595 4872; x_wconf 75' lang='lat' dir='ltr'><strong>Hebraei,</strong></span> <span class='ocrx_word' id='word_1_481' title='bbox 1617 4799 1673 4879; x_wconf 79' lang='grc' dir='ltr'><strong>[ο-</strong></span> 
     </span>
     <span class='ocr_line' id='line_1_48' title="bbox 365 4887 1673 4971; baseline -0.005 -17"><span class='ocrx_word' id='word_1_482' title='bbox 365 4889 439 4954; x_wconf 75' lang='lat' dir='ltr'><strong>ebes</strong></span> <span class='ocrx_word' id='word_1_483' title='bbox 454 4889 576 4971; x_wconf 89' lang='lat' dir='ltr'><strong>quidem</strong></span> <span class='ocrx_word' id='word_1_484' title='bbox 591 4888 719 4967; x_wconf 77' lang='lat' dir='ltr'><strong>vulgate</strong></span> <span class='ocrx_word' id='word_1_485' title='bbox 734 4887 921 4947; x_wconf 85' lang='lat' dir='ltr'><strong>Peslmorum</strong></span> <span class='ocrx_word' id='word_1_486' title='bbox 974 4887 1049 4948; x_wconf 78' lang='lat' dir='ltr'><strong>dere</strong></span> <span class='ocrx_word' id='word_1_487' title='bbox 1064 4907 1117 4948; x_wconf 88' lang='lat' dir='ltr'><strong>seu</strong></span> <span class='ocrx_word' id='word_1_488' title='bbox 1131 4887 1302 4966; x_wconf 71' lang='lat' dir='ltr'><strong>perfodere</strong></span> <span class='ocrx_word' id='word_1_489' title='bbox 1317 4887 1567 4966; x_wconf 83' lang='lat' dir='ltr'><strong>interpretentur:</strong></span> <span class='ocrx_word' id='word_1_490' title='bbox 1593 4906 1673 4965; x_wconf 85' lang='lat' dir='ltr'><strong>ope·</strong></span> 
     </span>
     <span class='ocr_line' id='line_1_49' title="bbox 365 4970 1673 5058; baseline -0.002 -18"><span class='ocrx_word' id='word_1_491' title='bbox 365 4998 429 5058; x_wconf 78' lang='lat' dir='ltr'><strong>¹nee</strong></span> <span class='ocrx_word' id='word_1_492' title='bbox 448 4997 488 5038; x_wconf 82' lang='lat' dir='ltr'><strong>ex</strong></span> <span class='ocrx_word' id='word_1_493' title='bbox 506 4975 625 5039; x_wconf 83' lang='lat' dir='ltr'><strong>Grseco</strong></span> <span class='ocrx_word' id='word_1_494' title='bbox 649 4984 711 5035; x_wconf 88' lang='lat' dir='ltr'><strong>ost:</strong></span> <span class='ocrx_word' id='word_1_495' title='bbox 735 4993 839 5050; x_wconf 75' lang='lat' dir='ltr'><strong>cures,</strong></span> <span class='ocrx_word' id='word_1_496' title='bbox 862 4994 923 5035; x_wconf 90' lang='lat' dir='ltr'><strong>non</strong></span> <span class='ocrx_word' id='word_1_497' title='bbox 973 4977 1050 5050; x_wconf 76' lang='lat' dir='ltr'><strong>eise,</strong></span> <span class='ocrx_word' id='word_1_498' title='bbox 1076 4983 1109 5036; x_wconf 87' lang='lat' dir='ltr'><strong>ut</strong></span> <span class='ocrx_word' id='word_1_499' title='bbox 1131 4972 1317 5055; x_wconf 76' lang='lat' dir='ltr'><strong>significetur</strong></span> <span class='ocrx_word' id='word_1_500' title='bbox 1339 4970 1424 5046; x_wconf 89' lang='lat' dir='ltr'><strong>illud,</strong></span> <span class='ocrx_word' id='word_1_501' title='bbox 1451 4971 1532 5056; x_wconf 90' lang='lat' dir='ltr'><strong>quod</strong></span> <span class='ocrx_word' id='word_1_502' title='bbox 1561 4973 1673 5036; x_wconf 81' lang='lat' dir='ltr'><strong>dictuuu</strong></span> 
     </span>
    </p>
   </div>
   <div class='ocr_carea' id='block_1_5' title="bbox 365 5080 1558 5147">
    <p class='ocr_par' dir='ltr' id='par_1_7' title="bbox 365 5080 1558 5147">
     <span class='ocr_line' id='line_1_50' title="bbox 365 5080 1558 5147; baseline -0.004 -10"><span class='ocrx_word' id='word_1_503' title='bbox 365 5091 644 5137; x_wconf 68' lang='lat' dir='ltr'><strong>rusticum-‚us</strong></span> <span class='ocrx_word' id='word_1_504' title='bbox 1344 5125 1350 5132; x_wconf 94' lang='lat'>.</span> <span class='ocrx_word' id='word_1_505' title='bbox 1427 5080 1467 5139; x_wconf 83' lang='grc'><strong>16</strong></span> <span class='ocrx_word' id='word_1_506' title='bbox 1556 5141 1558 5147; x_wconf 47' lang='grc'>,</span> 
     </span>
    </p>
   </div>
   <div class='ocr_carea' id='block_1_6' title="bbox 0 0 2231 5825">
    <p class='ocr_par' dir='ltr' id='par_1_8' title="bbox 0 0 2231 5825">
     <span class='ocr_line' id='line_1_51' title="bbox 0 0 2231 5825; baseline 0 0"><span class='ocrx_word' id='word_1_507' title='bbox 0 0 2231 5825; x_wconf 95' lang='lat' dir='ltr'><strong> </strong></span> 
     </span>
    </p>
   </div>
  </div>
 </body>
</html>
