4442 5825
1331 619 1659 677 msToLAE
1688 622 1863 677 emm
1894 623 2120 679 JAconL
2180 624 2351 679 VERS.
2385 626 2436 678 6.
2474 626 2523 680 7.

721 797 1053 879 nflammat
1095 806 1303 860 rotam
1348 802 1707 860 nativitatis
1742 819 1864 861 no-
1918 802 1927 822 “

721 884 874 946 Haec
911 884 990 945 ad
1037 885 1443 968 metaphoram
1494 887 1651 966 ignis
1679 890 1860 968 perti·

721 972 967 1047 rosnae,
1018 993 1138 1033 non
1183 983 1275 1033 est
1314 975 1376 1033 in
1408 972 1670 1048 Graec03
1715 983 1861 1034 tam-

724 1078 828 1119 rns
878 1059 1306 1140 paraphrastes
1361 1059 1684 1138 adscripsit
1739 1070 1860 1121 tam

721 1165 813 1207 am
859 1146 920 1206 in
965 1148 1232 1206 membro
1288 1146 1685 1226 praecedenti.
1763 1147 1863 1208 Sic

721 1230 868 1292 ibet:
899 1234 987 1293 Et
1018 1234 1157 1311 ipsa
1183 1235 1432 1308 linqua,
1467 1237 1760 1295 exsistens
1790 1237 1863 1293 in

721 1322 765 1378 ῑσ
792 1322 1044 1395 nostris,
1087 1321 1373 1381 maculat
1402 1328 1601 1382 totum
1635 1340 1863 1398 corpus

721 1424 782 1481 n,
815 1413 877 1466 ct
905 1408 1266 1486 inflammat
1289 1413 1640 1484 proventus
1667 1426 1859 1482 yene-

721 1511 799 1552 tm
873 1502 1283 1569 nostrarum,
1362 1512 1524 1571 quae
1591 1504 1862 1556 currunt

721 1586 905 1640 rotae.
975 1580 1225 1641 Sensum
1270 1588 1468 1641 antem
1520 1581 1682 1640 hunc
1727 1583 1854 1642 red·

726 1665 806 1726 da
828 1674 891 1726 et
911 1666 1047 1728 alii:
1077 1667 1333 1747 Lingua,
1357 1679 1656 1749 tamquam
1684 1670 1860 1749 ignis,

721 1773 748 1813 o
793 1762 991 1813 vastat
1020 1762 1209 1815 totum
1255 1756 1416 1815 vitae
1456 1765 1699 1815 nostrae
1730 1775 1856 1814 cur·

721 1860 769 1899 ιο
800 1860 839 1900 a
867 1839 967 1901 die
997 1842 1332 1902 nativitatis
1372 1861 1567 1922 usque
1597 1840 1675 1901 ad
1706 1862 1852 1902 mor-

721 1925 812 1987 lut
832 1947 1072 2009 semper
1095 1940 1365 1989 currente
1394 1937 1543 2004 rota,
1575 1931 1858 1990 continuo

721 2034 785 2075 ir.

721 2144 900 2206 ndum
945 2154 1161 2219 tamen,
1213 2148 1275 2205 in
1308 2145 1543 2207 Graeco
1590 2167 1710 2208 non
1755 2148 1858 2207 ha·

721 2225 1041 2311 εννήσεως,
1073 2235 1451 2309 nativitatis,
1502 2234 1636 2294 sed:
1687 2225 1858 2310 γενέ-

721 2322 1153 2395 rcnerationis,
1198 2320 1500 2399 quomodo
1531 2323 1718 2381 vertit
1745 2321 1856 2401 Sy-

721 2408 821 2488 qui
849 2410 1176 2482 ymeratio
1220 2426 1407 2486 saepe
1453 2410 1513 2466 in
1543 2407 1859 2488 Scripturis

721 2515 757 2553 r
779 2513 888 2572 pro
920 2494 1179 2565 saeculo,
1213 2493 1377 2574 quod
1402 2497 1632 2555 transit.
1681 2494 1860 2555 Unde

764 2580 1004 2659 phrasis
1049 2582 1112 2641 in
1153 2580 1412 2640 Psalmis
1460 2591 1522 2640 et
1569 2581 1747 2642 alibi:
1802 2586 1860 2641 A

742 2670 819 2727 in
840 2668 1177 2729 saeculum.
1210 2665 1512 2746 Quoniam
1545 2687 1688 2728 vero
1719 2686 1858 2728 sae-

721 2762 774 2815 st
800 2753 1083 2814 mundus
1106 2775 1212 2834 pro
1237 2752 1445 2813 eodem
1474 2756 1856 2834 accipiuntur

720 2861 789 2916 n,
843 2842 1190 2922 praesertim
1242 2841 1307 2900 in
1349 2839 1661 2922 Scriptura
1712 2842 1857 2902 novi

722 2930 845 3000 nti,
893 2927 1090 2988 videri
1136 2937 1330 3009 potest
1371 2928 1699 3009 Apostolus
1744 2927 1859 2989 hoc

721 3016 1116 3076 mationem
1170 3032 1407 3086 vocare,
1454 3035 1639 3095 quam
1691 3015 1857 3096 prius

721 3122 781 3162 m
826 3104 1219 3179 iniquitatis,
1265 3101 1446 3181 juxta
1493 3121 1733 3163 sensum
1779 3102 1858 3162 ab
1912 3162 1913 3167 ,

721 3199 797 3250 ›te
824 3188 984 3268 Syro
1014 3188 1362 3259 indicatum,
1406 3187 1467 3248 id
1500 3199 1609 3262 est,
1653 3208 1852 3249 saecu·
1922 3212 1923 3216 ¹

721 3294 1061 3355 znequam3
1105 3294 1177 3335 ae
1220 3276 1272 3336 si
1314 3273 1535 3335 clarius
1583 3274 1858 3336 dixisset:

721 3370 949 3423 zmmat
978 3380 1230 3423 cursum
1263 3363 1516 3436 saeculi,
1550 3370 1618 3421 ut
1649 3361 1857 3422 eadem

721 3449 1028 3511 flammare
1071 3458 1261 3509 rotam
1309 3450 1751 3528 generationis,
1797 3461 1861 3510 et

721 3556 785 3596 re
823 3537 1113 3596 mundum
1154 3536 1509 3615 iniquitatis.
1556 3535 1694 3596 Huc
1725 3556 1858 3615 spe-

722 3668 725 3677 .
752 3622 1068 3700 cujusdam
1102 3624 1331 3683 versio:
1378 3624 1467 3682 Et·
1495 3623 1859 3700 inflammat

722 3710 1068 3771 conditum.
1122 3709 1243 3769 Hic
1285 3728 1532 3780 sensus,
1580 3711 1629 3768 si
1676 3729 1856 3769 verus

721 3796 974 3857 infirmat
1029 3795 1506 3876 supplementum
1564 3796 1858 3875 Syriacae

721 3886 776 3955 Ὦ,
806 3881 885 3944 de
914 3903 1035 3963 quo
1066 3902 1268 3963 snpra.

721 4014 988 4094 lnoniam
1012 4014 1074 4073 in
1098 4015 1288 4073 sacris
1313 4013 1505 4073 literis
1527 4016 1856 4088 ymen-atio

721 4122 762 4162 n
807 4100 1107 4180 significat
1136 4120 1222 4172 ea,
1269 4119 1426 4180 quae
1472 4100 1739 4160 homines
1770 4100 1852 4157 fa·

721 4196 836 4263 ent,
858 4188 1124 4267 negotia,
1149 4189 1433 4259 actiones„
1454 4205 1669 4260 mores,
1693 4188 1855 4246 vitae

720 4298 739 4353 ;
790 4283 862 4334 ut
897 4293 1029 4335 cum
1075 4273 1293 4334 dicitur
1330 4273 1477 4333 Luc.
1514 4275 1643 4333 16.:
1700 4273 1858 4334 Filii

721 4362 915 4424 seculi
936 4361 1388 4438 prudentiores
1418 4360 1567 4437 filiis
1597 4359 1755 4420 lucis
1784 4362 1856 4418 in

721 4451 879 4511 :ione
918 4465 1037 4508 sua
1079 4455 1262 4522 sunt,
1316 4466 1453 4520 seu,
1508 4459 1576 4507 ut
1620 4446 1855 4506 Graece

767 4538 839 4597 in
883 4538 1362 4611 yenaerationem
1406 4553 1612 4607 suam,
1659 4532 1717 4594 id
1766 4540 1856 4592 est

721 4643 871 4706 {uae
916 4631 1146 4701 gerunt,
1194 4641 1298 4682 seu
1331 4621 1408 4681 ad
1439 4621 1681 4700 negot-ia
1713 4638 1854 4679 sua:

721 4708 902 4771 ethic
923 4707 1093 4769 locus
1117 4708 1194 4769 ad
1221 4708 1388 4769 illum
1418 4706 1658 4768 modum
1689 4715 1858 4768 recte

721 4796 934 4877 mcipi3
979 4803 1045 4855 ut
1090 4815 1306 4857 sensus
1359 4796 1463 4855 sit:
1517 4793 1859 4853 Inflammat

721 4882 900 4945 veluti
955 4882 1158 4943 orbem
1203 4890 1519 4961 totumque
1572 4879 1854 4940 circulum

722 4988 928 5032 ursum
973 4970 1271 5030 actionum
1319 4977 1669 5028 nostrarum.
1732 4964 1857 5044 Qui

721 5066 821 5121 tn·
865 5055 1061 5118 affini·
1089 5065 1183 5118 est
1211 5056 1285 5130 ei,
1326 5074 1509 5136 quem
1554 5052 1662 5114 dat
1689 5051 1860 5114 Beda

3209 632 3358 701 435

1970 821 2107 862 cum
2161 803 2318 877 suis,
2379 802 2614 862 etiamsi
2667 820 2744 862 ex
2795 801 3040 864 diversa
3101 802 3362 865 lectione

1971 888 2226 963 Graeca,
2257 898 2325 949 ut
2355 887 2578 949 dictum
2610 896 2718 949 eat.

2055 977 2473 1054 Inflammata
2518 994 2558 1035 a
2604 976 2910 1052 ychenna.
2977 977 3072 1037 Ex
3127 975 3361 1038 Graeco

1969 1072 2410 1143 consequenter
2440 1083 2573 1122 cum
2612 1063 2849 1123 duobus
2880 1062 3159 1123 membris
3190 1083 3360 1145 supe—

1968 1150 2228 1210 rioribus
2258 1149 2614 1210 vertendum
2647 1160 2835 1209 esset:
2877 1152 2963 1211 Et
2991 1151 3360 1228 inflamma-

1968 1244 2076 1297 tur
2105 1256 2145 1295 a
2174 1237 2482 1311 ychenna.
2541 1238 2768 1309 Docet,
2824 1235 3091 1315 linguam
3139 1238 3199 1297 in
3248 1237 3362 1298 hoc

1966 1323 2245 1383 incendio
2269 1342 2400 1383 esse
2424 1324 2878 1384 instrumentum
2911 1323 3155 1384 diaboli.
3187 1323 3359 1385 Unde

1969 1429 2106 1490 pars
2137 1407 2291 1469 haee
2323 1409 2646 1471 causaliter
2668 1407 3019 1490 accipienda
3041 1420 3151 1483 est,
3183 1412 3360 1492 qnasi

1969 1496 2163 1556 dicat:
2226 1495 2456 1576 Utpote
2509 1517 2668 1578 quae
2718 1497 3116 1557 inflammatur
3159 1515 3201 1556 a
3251 1517 3359 1574 qe-

1966 1584 2201 1657 henna,
2237 1582 2298 1642 id
2330 1592 2419 1642 cst
2450 1605 2487 1642 a
2519 1582 2781 1657 diabolo,
2811 1585 2918 1664 qui
2946 1583 3223 1663 gehenna
3254 1604 3356 1645 vo-

1967 1677 2136 1730 catur
2166 1688 2275 1750 per
2304 1673 2729 1750 metonymiam
2776 1690 2895 1752 qua
2934 1669 3102 1730 locus
3132 1690 3241 1751 pro
3271 1671 3354 1731 lo-

1971 1765 2102 1817 cato
2135 1758 2422 1818 sumitur:
2470 1758 2568 1817 vel
2599 1759 2738 1838 quia
2766 1757 3046 1838 gehenna
3088 1756 3263 1817 sedes
3296 1769 3359 1819 et

1967 1843 2107 1903 aula
2154 1853 2250 1903 est
2290 1843 2584 1921 Satanae;
2630 1843 2729 1904 vel
2783 1843 2948 1924 quod
2996 1843 3347 1923 gehennam,

1966 1929 2030 1988 id
2074 1940 2182 2002 est,
2227 1951 2483 2010 poenam
2529 1930 2919 2011 gehennalem
2967 1950 3202 2011 semper
3246 1933 3352 1992 cir·

1890 2068 1900 2082 ,
1965 2016 2290 2091 cumi'erat,
2346 2038 2722 2099 quocumque
2761 2037 2827 2078 se
2871 2026 3087 2077 movet.
3157 2017 3353 2098 Quem

1966 2123 2208 2164 sensum
2233 2104 2506 2183 pluribus
2528 2125 2597 2164 ac
2621 2105 2796 2165 docte
2822 2103 3185 2184 explicatum
3212 2105 3355 2166 vide

1966 2190 2125 2271 apud
2167 2190 2591 2253 venerabilem
2624 2191 2874 2251 Bedam.
2920 2191 3021 2251 Sic
3065 2201 3261 2252 autem
3295 2202 3354 2253 et

1965 2275 2168 2355 angeli
2216 2281 2421 2353 sancti,
2466 2278 2828 2359 ubicumque
2872 2287 3030 2350 sunt,
3076 2279 3137 2338 iu
3184 2279 3353 2340 coelo

1967 2384 2096 2424 esse
2127 2362 2424 2439 dicuntur,
2455 2383 2526 2426 eo
2557 2363 2720 2445 quod
2745 2384 2781 2422 a
2806 2364 2921 2424 Dei
2950 2365 3185 2425 visione
3214 2385 3351 2425 nus·

1967 2471 2149 2531 quam
2195 2452 2491 2526 recedant,
2538 2451 2798 2512 Domino
2843 2458 3102 2511 testante
3139 2451 3353 2512 Matth.

1972 2542 2099 2600 18.:
2147 2540 2378 2615 Anqeli
2409 2556 2628 2600 eorum
2662 2542 2733 2597 in
2764 2538 2949 2599 coelis
2978 2556 3224 2614 semper
3253 2542 3353 2599 vi-

1966 2626 2116 2686 dent
2158 2626 2390 2703 faciem
2441 2627 2654 2686 Patris
2694 2628 2819 2687 mei
2833 2670 2854 2700 ,
2900 2628 3013 2702 qut·
3057 2628 3127 2685 in
3170 2627 3356 2687 coelis

1964 2720 2067 2772 est.
2115 2712 2326 2772 Potius
2373 2721 2570 2773 autem
2618 2711 2767 2773 dicit
2807 2712 3114 2773 Jacobus:
3160 2732 3202 2772 a
3245 2731 3353 2789 9⁶-

1962 2800 2200 2873 henna,
2234 2817 2412 2879 quam
2444 2819 2480 2859 a
2508 2798 2768 2868 diabolo,
2816 2801 2962 2881 quia
2991 2797 3069 2859 de
3098 2800 3239 2879 igne
3268 2800 3349 2861 lo-

1965 2885 2260 2966 quebatur
2302 2905 2374 2947 ac
2422 2886 2497 2947 de
2543 2885 2839 2960 incendio,
2886 2886 3063 2967 cujus
3110 2905 3353 2949 causam

1965 2981 2029 3033 et
2057 2974 2349 3054 originem
2396 2972 2645 3054 pulchre
2683 2976 2747 3034 in
2776 2973 3111 3053 gehennam
3157 2973 3356 3047 refert,

1966 3058 2027 3119 id
2051 3070 2157 3134 est,
2190 3058 2268 3119 ad
2291 3063 2489 3140 ignem
2513 3079 2705 3141 usque
2726 3068 3071 3122 tartareum.
3116 3062 3195 3122 Et
3217 3062 3354 3122 hinc

1964 3145 2152 3220 disce,
2202 3168 2325 3207 non
2382 3149 2467 3207 ita
2506 3166 2994 3227 unumquemque
3044 3149 3267 3209 tentari
3318 3168 3356 3209 a

1964 3252 2076 3292 sua
2129 3235 2629 3312 concupiscentia,
2684 3234 2840 3292 sicut
2891 3233 3044 3293 dixit
3097 3255 3226 3316 cap.
3281 3240 3354 3308 1.,

1967 3322 2116 3400 quin
2165 3322 2346 3380 etiam
2390 3320 2631 3379 assidue
2674 3338 2786 3380 sua
2828 3318 3095 3380 fomenta
3138 3341 3250 3402 per
3288 3341 3354 3382 se

1965 3426 2231 3487 suosque
2263 3407 2567 3467 ministros
2598 3415 2887 3486 suggerat
2915 3405 3209 3469 diabolus.

2055 3497 2109 3554 7.
2157 3494 2380 3555 Omnis
2408 3496 2575 3553 enim
2616 3500 2860 3553 natura
2900 3492 3263 3570 bestiarum,
3297 3503 3357 3556 et

1964 3582 2295 3641 volucrum
2331 3588 2390 3640 et
2418 3584 2828 3656 serpentium,
2874 3587 2932 3639 et
2960 3588 3353 3642 caeterorum

1964 3667 2347 3743 domantur,
2410 3675 2467 3727 et
2526 3667 2767 3728 domita
2817 3675 2968 3728 sunt
3017 3685 3060 3726 a
3110 3676 3351 3731 natura

1961 3754 2264 3814 humana.
2327 3754 2592 3815 Graece:
2638 3755 2940 3815 domatur
2992 3760 3054 3813 et
3102 3756 3348 3815 domita

1963 3848 2065 3900 est.
2096 3840 2247 3900 Item
2274 3861 2407 3921 pro:
2433 3847 2847 3916 caeterorum,
2886 3842 2946 3900 in
2969 3839 3203 3901 Graeco
3228 3850 3350 3902 est:

1963 3919 2258 4002 ἐναλίων,
2323 3927 2383 3987 id
2445 3937 2535 3987 est
2590 3931 3011 3989 marinorum.
3149 3926 3351 3989 uidam

1962 4017 2358 4094 suspicantur,
2390 4015 2771 4094 interpretem
2818 4014 3068 4094 legisse:
3165 4011 3355 4091 λλων,

1964 4101 2260 4161 aliorum.
2306 4101 2454 4160 Mihi
2484 4100 2865 4162 verisimilius
2895 4110 3003 4174 est,
3044 4121 3179 4162 eum
3213 4103 3356 4163 scri-

1963 4190 2187 4267 psisse:
2242 4195 2558 4262 cetorum,
2609 4187 2769 4268 quod
2814 4189 3007 4268 ipsum
3054 4188 3252 4248 adhuc
3297 4190 3357 4249 in

1966 4273 2270 4334 nonnullis
2292 4283 2531 4334 exstare
2548 4274 2877 4348 codicibus,
2903 4283 3162 4335 testatur
3178 4277 3352 4335 Eras-

1963 4380 2130 4436 mus3
2179 4362 2403 4441 etipse
2448 4360 2685 4421 codices
2715 4361 2860 4435 vidi,
2906 4362 3011 4441 qui
3056 4363 3143 4421 sic
3171 4361 3353 4421 habe—

1962 4455 2125 4524 rent3
2170 4454 2236 4507 ut
2265 4455 2544 4508 cetorum
2586 4449 2837 4522 nomine,
2887 4449 3058 4508 velut
3086 4468 3122 4507 a
3153 4448 3356 4529 specie

1962 4536 2320 4614 praecipua,
2375 4535 2714 4613 significare
2756 4535 3012 4596 voluerit
3064 4536 3353 4615 interpres

1961 4628 2150 4681 totum
2181 4639 2374 4701 genus
2404 4622 2764 4682 marinarum
2797 4620 3144 4682 belluarum.

2322 4760 2791 4822 Additiuncula
2821 4763 2896 4821 B.
2932 4761 3001 4820 P.

2051 4876 2355 4940 Coi-rectio
2381 4878 2751 4942 clementina
2776 4880 2907 4941 dat:
2938 4888 3353 4956 caeterorum,

1964 4965 2125 5046 quod
2170 4968 2366 5046 ipsum
2415 4987 2492 5027 ex
2536 4970 2788 5028 vetustis
2839 4967 3010 5028 libris
3055 4974 3353 5048 sumptum

1964 5071 2099 5115 esse
2142 5054 2373 5115 credas.
2419 5053 2817 5136 Interpretem
2859 5055 2975 5116 hoc
3023 5062 3354 5115 vertentem

2792 5154 2942 5221 28*
