4442 5825
404 621 476 692 let
914 612 1349 673 mmuursuusucrsus

401 793 497 863 tiene,
511 810 590 872 qnae
605 810 644 852 ex
659 792 755 852 officio
769 792 837 853 fiet:
862 791 940 851 bene
955 787 1044 850 diluit
1059 791 1093 850 Β.
1148 795 1239 872 copo3
1266 798 1297 851 et
1315 809 1389 852 usus
1410 788 1546 850 fidelium
1566 787 1673 863 hebet,
1695 796 1731 848 nt

401 879 534 938 Thomas
560 879 591 937 iu
613 889 767 940 comment.
803 876 982 957 Respondet
1007 879 1093 951 onim,
1148 876 1306 938 dictionem
1322 886 1428 958 petent
1449 877 1487 936 eb
1503 876 1657 956 Episcopo
1678 873 1728 934 vel

399 969 522 1047 proprie
532 983 589 1024 nec
597 966 780 1047 Episcopum
789 982 963 1026 consecrare
971 962 1094 1043 Papam,
1148 963 1233 1039 dote,
1262 965 1382 1024 temetsi
1407 983 1467 1025 neu
1496 982 1559 1023 suo.
1596 963 1663 1021 Nou
1693 979 1732 1021 en

400 1071 456 1113 uec
485 1051 687 1131 suffrsgsnees
724 1052 1004 1132 Archiepiscopum,
1041 1050 1095 1111 sed
1148 1051 1227 1111 hunc
1241 1062 1343 1111 actum
1353 1049 1521 1130 jurisdictio
1537 1047 1732 1108 necessaries

399 1139 478 1199 hunc
502 1140 662 1214 hominem,
688 1148 722 1198 ut
743 1143 784 1200 sit
806 1140 891 1219 Pepe
917 1135 966 1198 vel
991 1137 1092 1197 Archi·
1191 1136 1243 1198 Sic
1264 1138 1354 1217 igitur
1379 1147 1409 1197 ct
1433 1136 1564 1196 decimes
1590 1134 1700 1196 obtulit
1723 1132 1732 1192 l

398 1226 827 1373 litttlltllltttlt
845 1224 1092 1372 ’.Ἢίἲέιέιῖ
1148 1243 1336 1371 {ttulit
1356 1221 1732 1369 libiliiirllffl⁰ie⁰2

397 1397 428 1458 id
444 1407 490 1459 est
503 1333 668 1480 panempdt
683 1419 721 1459 ex
735 1419 771 1458 eo
782 1358 834 1459 udi
850 1416 959 1477 cerpus
970 1353 1094 1456 Christi
1148 1394 1229 1476 qnod
1245 1394 1470 1456 Melchisedech
1478 1329 1550 1455 Jeeu
1566 1393 1732 1474 depingitur

440 1484 579 1546 Meretur
594 1485 642 1546 hic
657 1494 689 1545 et
703 1486 764 1546 slis
778 1486 924 1567 quaestio,
944 1482 1094 1562 quomodo
1147 1482 1376 1562 qualiscumque
1387 1480 1536 1554 sacerdes,
1551 1479 1604 1542 sed
1620 1478 1732 1560 pontiic

397 1570 625 1632 Melchisedech
646 1570 803 1633 benedixit
819 1571 976 1643 Abrahae,
1003 1578 1034 1629 et
1055 1568 1093 1627 eb
1147 1564 1195 1646 (ut
1213 1570 1245 1630 in
1262 1568 1385 1629 Oenone
1400 1568 1511 1629 Missos
1532 1564 1687 1637 recitatur)
1710 1585 1732 1627 st

397 1677 432 1718 eo
454 1658 585 1719 decimes
607 1661 725 1739 occepit
746 1670 900 1739 umquam
914 1657 975 1716 Dei
997 1672 1092 1717 sacer·
1146 1656 1293 1717 secerdos.
1316 1655 1426 1735 Neque
1442 1657 1520 1714 enim
1535 1654 1673 1714 Christus
1685 1673 1732 1712 vor

397 1743 468 1819 dos,
490 1753 582 1824 atque
598 1746 654 1805 hec
666 1748 782 1807 ratione
797 1743 966 1806 ostenditur
980 1763 1017 1804 eo
1032 1762 1091 1802 ma·
1147 1742 1312 1804 secundnm
1327 1741 1461 1803 ordinem
1471 1739 1695 1801 Melchisedech
1707 1759 1732 1819 p

391 1833 458 1909 jor,
485 1850 578 1911 quum
599 1840 630 1892 ot
659 1835 725 1912 ipse
748 1833 901 1893 Abraham
921 1830 1014 1890 inerit
1035 1829 1093 1888 Dei
1147 1849 1198 1890 seu
1214 1832 1353 1910 princeps
1375 1827 1578 1899 secerdotum,
1601 1825 1719 1888 Grsece

397 1917 554 1990 sacerdes,
595 1918 737 2000 idemque
777 1921 900 1979 minime
939 1918 1092 1996 subjectus
1146 1909 1235 1994 ρεὺς,
1262 1926 1295 1976 ιιι
1314 1915 1442 1977 hahetur
1463 1916 1494 1974 in
1508 1915 1566 1974 fine
1588 1914 1732 1993 capitis]

395 2003 635 2079 Melchisedech,
661 2005 714 2066 sed
737 2027 776 2067 ex
799 2004 915 2066 diverso
930 2021 1041 2083 genere
1056 2021 1092 2061 ec
1146 2003 1244 2064 dentis
1261 2012 1292 2065 et
1306 2003 1393 2074 alibi,
1417 2003 1443 2061 si
1458 2000 1683 2061 Melchisedech
1703 2019 1732 2079 pr

395 2089 509 2170 gente?
535 2092 727 2153 Sacerdotem
751 2095 830 2154 enim
853 2090 950 2151 luisse
964 2095 1090 2158 constet,
1145 2109 1206 2151 nen
1227 2089 1342 2150 inisset.
1376 2089 1424 2149 Ex
1452 2108 1511 2167 qno
1537 2099 1679 2168 apparet,
1705 2105 1733 2145 et

395 2197 456 2238 uon
478 2179 600 2257 quidem
626 2197 665 2240 ex
690 2200 743 2256 eo,
774 2182 847 2259 quie
872 2179 1090 2258 primogenitus
1144 2175 1238 2238 fnisse
1253 2176 1454 2249 secerdotum,
1477 2185 1510 2234 ut
1524 2174 1732 2252 etiameliisq

395 2262 454 2326 tuit
468 2265 557 2343 (beec
573 2268 653 2328 enim
675 2287 780 2347 parurn
796 2275 878 2326 certa
893 2273 924 2324 et
937 2264 1024 2323 firme
1039 2282 1089 2323 no·
1145 2264 1213 2325 dem
1237 2263 1441 2327 sacerdotibus
1467 2270 1637 2343 precesset3
1671 2278 1732 2340 que

394 2354 441 2416 bis
456 2354 576 2415 ridetur
591 2352 759 2435 probatio),
781 2353 834 2415 sed
850 2355 920 2435 quie
935 2351 1091 2430 Scriptura
1145 2354 1265 2426 mirum,
1290 2353 1440 2435 siquidem
1455 2374 1509 2415 rex
1528 2361 1608 2431 eret3
1645 2355 1732 2426 item,

394 2439 586 2502 Gen.15.et
607 2460 646 2502 ex
670 2461 708 2502 ee
722 2441 830 2503 Cenon
843 2441 957 2500 Missus
979 2448 1089 2499 testen-
1144 2441 1327 2502 nominatum
1343 2463 1379 2502 ec
1402 2440 1549 2503 celebrem
1572 2439 1732 2503 sacerdote:

395 2534 451 2601 tur,
468 2548 535 2589 enm
551 2527 697 2589 obtulisse
707 2530 773 2589 Deo
786 2527 975 2588 sacrificium.
999 2523 1090 2605 Quod
1144 2547 1233 2607 quem
1249 2530 1385 2590 sacrificii
1407 2546 1497 2590 censs
1520 2529 1602 2589 multi
1626 2526 1730 2589 alinnd

394 2615 499 2695 utique
524 2617 677 2694 preprium
706 2633 814 2674 munus
844 2620 891 2674 est
915 2611 1089 2673 sucerdotis.
1142 2610 1287 2691 fluerent,
1309 2625 1343 2676 ut
1356 2615 1395 2676 eb
1417 2613 1491 2676 haec
1506 2616 1730 2677 necimmerito

394 2700 485 2761 Unde
507 2709 537 2760 et
556 2701 586 2761 S.
602 2700 736 2761 Thomas
753 2706 780 2764 3.
796 2721 824 2781 q.
840 2703 890 2760 31.
906 2709 961 2759 art
979 2701 1008 2759 2.
1029 2717 1090 2758 nen
1142 2701 1220 2774 hem,
1236 2703 1290 2781 qui
1305 2701 1445 2763 secordes
1458 2711 1531 2774 erat,
1547 2721 1607 2761 non
1622 2700 1732 2780 pontii<

395 2785 513 2846 dubitet
528 2787 688 2859 affirmare,
714 2785 866 2848 Abraham
881 2785 975 2846 fuisse
989 2803 1087 2845 secer·
1142 2788 1198 2847 nisi
1221 2807 1295 2848 susc
1319 2789 1453 2850 trimiliae
1468 2787 1620 2860 secordes,
1648 2786 1732 2849 illum

396 2872 506 2933 dotem.
1142 2892 1174 2934 se
1203 2875 1346 2954 majorem
1369 2896 1406 2937 ec
1434 2875 1603 2956 digniorem
1631 2873 1732 2937 henou

436 2959 616 3040 Respondet
630 2959 799 3032 Abuleneie,
815 2959 948 3020 scribens
962 2960 994 3020 in
1004 2958 1089 3034 Gen,
1143 2963 1305 3040 putaverit.

394 3045 547 3106 Abraham
561 3068 624 3107 non
636 3046 727 3107 fuisso
742 3066 782 3107 ox
792 3045 886 3106 officio
902 3045 1089 3107 sacerdotem
1186 3048 1215 3106 8.
1239 3050 1283 3110 Ει
1296 3051 1346 3110 lu'e
1361 3050 1489 3126 quidem
1512 3046 1649 3108 decimes
1666 3064 1732 3107 eros

395 3133 511 3212 potius,
537 3152 629 3212 quem
655 3132 748 3210 elies3
774 3134 828 3193 sed
852 3152 918 3193 cum
940 3131 1007 3213 lege
1028 3154 1089 3195 non
1142 3135 1284 3194 homines
1297 3138 1467 3211 occipiunt
1501 3136 1568 3195 Hec
1584 3142 1668 3212 parte
1684 3154 1732 3214 prr

395 3217 619 3298 prohiberetur,
644 3220 769 3281 licuisse
792 3229 864 3281 tunc
887 3221 932 3292 ei,
957 3222 1035 3280 sicet
1060 3230 1090 3281 et
1143 3221 1215 3280 tiam
1237 3222 1402 3284 sacerdotis
1424 3219 1650 3282 Melchisedech
1673 3239 1732 3300 sep

394 3303 462 3366 eliis
487 3308 673 3386 promiscue,
698 3306 844 3367 sacrificis
869 3306 984 3366 efferre.
1029 3307 1090 3367 Sed
1141 3308 1268 3367 viticum
1284 3311 1390 3369 asserit
1404 3328 1423 3369 e
1437 3310 1643 3389 perpetuitate.
1667 3306 1732 3367 Jen

391 3391 468 3453 brec
478 3394 630 3455 sententie
640 3400 821 3473 potestatem
834 3390 1021 3454 sacrificandi
1033 3393 1088 3453 snb
1143 3391 1272 3466 dixeret,
1290 3393 1514 3455 Melchisedech
1529 3412 1629 3473 neque
1643 3393 1732 3453 initiu

392 3478 463 3558 legs
493 3488 622 3541 neturus
650 3479 773 3541 nimium
802 3479 895 3539 lexat
943 3478 1089 3539 Sacerdos
1142 3497 1215 3553 rum,
1231 3481 1428 3560 nequafinem
1441 3482 1524 3540 vitae
1538 3479 1732 3551 habentem

394 3566 489 3640 enim,
517 3569 605 3627 ctiam
631 3586 668 3626 ex
689 3567 757 3646 ipss
778 3572 902 3624 netnree
925 3563 1008 3645 lege,
1034 3585 1088 3645 pro
1143 3565 1329 3627 sacerdotem
1351 3569 1383 3627 in
1405 3574 1590 3648 perpetuum.
1627 3566 1679 3624 Ex
1702 3584 1732 3625 er

393 3651 509 3732 popule
523 3654 731 3729 constituitur;
747 3671 808 3710 non
819 3660 919 3710 sutem
933 3652 1034 3729 quivis
1050 3672 1088 3711 ex
1143 3651 1333 3713 collationem
1349 3653 1479 3714 instituit
1500 3671 1566 3712 cnm
1581 3649 1719 3711 Levitico

392 3738 515 3818 popule.
549 3738 646 3818 Megie
662 3736 826 3798 verisimile
841 3746 900 3808 est,
915 3736 1088 3815 hujusmodi
1141 3736 1233 3798 detio.
1263 3739 1306 3800 st
1321 3742 1371 3799 bs'c
1386 3740 1530 3817 quidem,
1548 3738 1658 3819 inquit,
1673 3737 1731 3797 boc

391 3832 571 3903 potestaten
597 3824 635 3884 ed
660 3824 809 3905 principos
830 3820 1009 3883 familiarum
1036 3832 1090 3885 eut
1142 3825 1209 3902 lege
1239 3827 1400 3886 constitute
1422 3825 1511 3884 Num.
1537 3826 1603 3898 18„
1630 3825 1683 3903 qui
1706 3822 1732 3883 dt

390 3912 547 3972 civitatem
563 3912 757 3992 pertinuisse,
783 3917 875 3990 etque
896 3929 948 3969 eos
968 3911 1019 3970 vel
1034 3930 1088 3990 per
1142 3910 1302 3988 eccipinnt,
1319 3911 1453 3972 homines
1464 3911 1605 3972 mertsles
1616 3919 1694 3983 sunt,
1711 3929 1731 3990 q

389 3998 481 4058 reid
510 4000 644 4059 muneris
676 3996 821 4069 obirisse,
852 3998 929 4056 sient
954 3996 1089 4058 iecerunt
1141 4004 1233 4055 morte
1243 4000 1296 4077 jue
1311 3998 1350 4058 sd
1364 3999 1439 4059 elios
1455 3998 1568 4058 transit

390 4082 458 4144 Nee
474 4092 506 4143 et
520 4083 688 4161 Abrahem3
714 4081 765 4145 vel
787 4090 886 4143 certes
901 4082 1021 4164 aliquos
1037 4082 1086 4143 de
1184 4083 1236 4143 Ibi
1265 4092 1371 4144 cutem
1402 4090 1611 4156 consumor,
1643 4084 1722 4159 quio

393 4169 545 4249 signesse,
583 4186 706 4250 quornm
737 4168 811 4229 illud
841 4178 920 4229 esset
950 4169 1086 4230 officium.
1140 4168 1228 4229 Multi
1251 4169 1429 4231 Latinorum
1460 4169 1617 4250 supplent:
1643 4176 1732 4230 conte

391 4256 494 4316 Potius
510 4274 582 4334 ergo
598 4254 758 4316 dicendum
774 4254 908 4328 videtur,
924 4255 1086 4327 Abreham,
1142 4256 1329 4334 Scriptura,¹
1356 4258 1418 4318 tale
1433 4255 1507 4336 quid
1523 4257 1601 4316 eninr
1623 4254 1729 4315 videtu

390 4352 425 4403 ut
438 4343 633 4423 Prophetsm,
648 4344 808 4423 agnovisse
823 4343 853 4401 in
866 4341 1085 4402 Melchisedech
1140 4340 1246 4403 deteri.
1284 4343 1344 4403 sed
1371 4345 1542 4416 sciendum,
1571 4343 1601 4401 in
1628 4340 1730 4403 Graec

390 4449 496 4510 penem
527 4438 558 4488 et
585 4432 687 4489 vinum
724 4428 868 4489 offerente
903 4428 1085 4508 singularem
1140 4431 1326 4509 participium
1343 4423 1598 4508 μαρτυρούμενος,
1614 4448 1669 4507 pro
1684 4448 1732 4509 qn«

390 4515 541 4597 quendem
554 4514 679 4595 figuram
690 4512 800 4574 Christi
813 4513 1085 4596 sacerdotisqucm
1140 4515 1240 4575 simile
1262 4525 1323 4589 est,
1351 4519 1542 4596 interpretem
1560 4517 1702 4576 vertisse:
1728 4545 1732 4569 ι

388 4622 444 4663 nec
459 4606 490 4663 in
506 4622 554 4676 sc,
569 4620 628 4661 nec
643 4604 674 4662 in
689 4601 756 4660 eliis
772 4600 978 4663 sacerdotibus
993 4623 1084 4681 egne-
1139 4610 1255 4676 states,
1272 4603 1336 4662 rel:
1364 4606 1419 4681 qass‘
1434 4610 1644 4676 contestetur,
1661 4620 1732 4663 sens

389 4698 501 4764 sceret3
532 4696 562 4748 et
587 4687 645 4748 hnc
672 4707 764 4749 causa
791 4697 963 4748 veneratum
991 4687 1084 4748 fuisse
1139 4690 1214 4748 sivo.
1247 4688 1389 4750 Sicorim
1412 4688 1650 4750 etslibiverhis
1668 4698 1732 4769 etp

388 4793 457 4836 eum
480 4774 633 4836 oblatione
654 4772 834 4835 decimarum
859 4783 889 4835 et
911 4777 1085 4855 receptione
1138 4777 1198 4855 piis
1227 4772 1446 4854 deponentibus
1484 4780 1577 4836 utitur
1607 4775 1732 4836 interdu¹

386 4859 604 4922 benedictionis
618 4868 771 4941 tamquam
787 4863 981 4939 semsjerem.
1005 4862 1083 4921 Nam
1139 4880 1229 4942 suprs
1252 4862 1282 4921 in
1304 4862 1363 4922 hoc
1377 4864 1490 4941 cepite:
1516 4865 1571 4939 qui
1591 4865 1732 4939 iuterprs

388 4954 420 5007 et
439 4945 563 5010 inferior
584 4947 726 5009 sacerdos
748 4968 766 5005 s
790 4951 942 5028 superiore
960 4946 1083 5009 benedi·
1138 4948 1188 5008 Sic
1199 4949 1288 5007 etiam
1300 4948 1475 5028 accipientis
1490 4948 1587 5021 lectio,
1603 4966 1732 5029 quares

389 5033 518 5096 ctionem
539 5036 663 5115 escipit,
691 5042 728 5095 nt
753 5034 912 5117 presbyter
932 5034 971 5095 eb
996 5035 1085 5116 Epis
1138 5033 1642 5114 Augustinumlib.1(tde(lcnee.
1655 5034 1732 5097 edii
