4442 5825
687 599 850 657 missores
867 603 885 656 l
903 598 1141 655 omniomnis.
1164 598 1248 653 me.
1266 600 1290 654 9.
1307 600 1346 653 10.
1647 603 1719 677 085

383 775 454 860 Quo
470 797 572 855 sensu,
585 781 708 854 inertum
724 780 792 841 Deo
808 776 925 852 dicitur,
942 785 976 838 ut
1027 777 1144 850 auxesi,
1168 795 1229 857 qna
1242 795 1298 855 pro
1314 794 1359 852 eo,
1382 772 1463 855 qnod
1485 773 1526 836 ibi
1549 773 1722 836 dicebatur:

370 864 523 927 icordibus
538 867 725 938 misereatur,
749 874 780 926 et
801 867 973 926 dimittenti·
1028 867 1095 942 lpei
1109 880 1168 924 noe
1189 864 1376 938 reducimur,
1397 869 1426 921 ct
1449 865 1566 923 ueritas
1581 865 1617 924 irc
1632 862 1723 924 uobis

371 954 493 1026 imittat,
508 960 643 1014 termnte
656 953 786 1013 Domino
808 952 915 1013 Matth.
932 953 974 1012 bn
1027 971 1095 1014 nors
1111 958 1165 1027 cat,
1182 951 1231 1011 hic
1248 951 1369 1011 dicitur:
1384 949 1570 1010 Mendoccm
1583 951 1722 1028 furimus

371 1041 614 1117 misericordae,
638 1042 790 1117 quereiam
805 1042 867 1116 ipsi
881 1041 975 1100 miec·
1028 1058 1120 1115 eum5
1147 1037 1228 1118 qnod
1255 1047 1301 1099 est
1326 1036 1419 1097 multo
1446 1035 1586 1096 deterius.
1624 1036 1723 1097 Juxta

371 1127 457 1187 dium
486 1135 736 1204 consequeretur,
767 1133 798 1186 et
827 1127 899 1187 Luc.
930 1127 974 1185 6.:
1028 1145 1120 1205 quem
1135 1143 1254 1184 sensnm
1269 1125 1349 1185 idem
1365 1133 1411 1185 est
1425 1124 1548 1198 Joenni,
1566 1141 1635 1185 nort
1649 1141 1722 1201 pcc-

371 1216 451 1291 ttitc,
468 1222 498 1275 et
513 1215 689 1276 dimittetur
703 1213 798 1275 vobis.
1028 1231 1121 1288 cusae,
1138 1220 1168 1272 et
1179 1219 1345 1288 peccatum
1361 1229 1428 1273 nore
1443 1210 1565 1271 habere.
1588 1211 1669 1271 Nam
1684 1229 1723 1271 ex

371 1308 484 1362 aterum
507 1300 590 1361 dicte
611 1302 769 1382 promissio
785 1320 844 1359 non
862 1297 901 1360 ad
917 1299 975 1379 pri·
1030 1319 1066 1360 eo
1081 1306 1239 1380 peccatum
1253 1299 1409 1373 habemus,
1431 1299 1505 1378 qnia
1518 1299 1721 1378 peccavimus.

378 1386 509 1447 heminis
532 1388 754 1449 institutionem
776 1388 915 1467 pertinet,
938 1387 973 1446 si·
1028 1387 1093 1447 Nec
1120 1381 1220 1465 (juxte
1246 1385 1326 1445 hunc
1349 1384 1472 1465 quidem
1499 1381 1633 1462 sensnm)
1662 1391 1725 1444 erat

371 1476 516 1536 remissio
544 1475 623 1535 ritae
646 1482 789 1535 aeternae
811 1493 866 1554 pro
889 1473 976 1533 bonis
1029 1471 1204 1533 dicendum:
1227 1473 1261 1536 Si
1276 1472 1466 1534 dixerimus:
1481 1474 1640 1552 Quoniam
1656 1489 1724 1532 mort

371 1563 431 1633 ins,
448 1569 480 1621 nt
496 1560 619 1641 quidem
635 1562 750 1641 opincti
766 1568 851 1636 enut;
867 1559 921 1620 sed
937 1558 977 1620 ad
1028 1578 1212 1637 peccemus5
1235 1561 1306 1639 quic
1325 1559 1412 1620 multi
1427 1568 1502 1633 sunt,
1526 1562 1578 1639 qui
1593 1560 1624 1618 in
1638 1577 1722 1638 prae·

371 1670 409 1710 un
432 1647 541 1709 Christi
564 1647 740 1709 Salvatoris.
778 1645 902 1707 Certum
931 1655 977 1707 eet
1030 1647 1106 1707 senti
1122 1667 1183 1707 non
1197 1655 1330 1726 peccent,
1353 1667 1409 1706 nec
1424 1655 1523 1706 tamen
1542 1646 1642 1706 dicere
1658 1665 1724 1724 pos-

390 1744 518 1817 pecceta
531 1755 594 1795 non
608 1735 695 1795 aliter
710 1734 829 1807 remitti,
852 1742 975 1814 quenta-
1030 1741 1115 1793 sunt:
1142 1735 1309 1794 Peccatum
1331 1752 1399 1795 reon
1422 1733 1581 1794 habemus.
1612 1732 1722 1793 Pecca-

373 1822 518 1882 ucetiam
533 1821 725 1901 poenitentia,
741 1839 830 1902 quam
841 1838 895 1902 per
910 1839 976 1880 san·
1029 1827 1139 1880 verunt
1154 1821 1241 1893 enim,
1263 1822 1351 1882 etita
1367 1820 1495 1901 quidem,
1519 1829 1551 1881 ut
1566 1827 1724 1900 peccatum

371 1929 402 1970 m
425 1905 555 1984 Christi3
580 1909 701 1969 tametsi
723 1915 753 1968 et
775 1906 853 1967 illud
875 1925 977 1967 verum
1030 1906 1178 1981 habeant,
1199 1908 1298 1988 sitqne
1321 1908 1364 1968 eie
1388 1927 1512 1969 necesse
1534 1908 1565 1966 in
1588 1908 1722 1967 cretione

371 2003 556 2076 >rotumnam
572 1993 611 2054 de
625 2003 706 2055 statu
726 1995 839 2074 primae
854 1993 976 2072 integri·
1031 1992 1147 2054 dicere:
1185 1996 1317 2055 Dimitte
1348 1995 1438 2057 nobie
1467 1994 1573 2054 debito
1602 2000 1722 2055 rsortro.

371 2082 455 2142 bomo
471 2081 589 2156 decidit,
611 2080 650 2141 ad
665 2083 791 2161 gratiam
807 2080 919 2142 Christi
933 2098 976 2140 re·
1031 2079 1092 2159 Qui
1107 2081 1206 2159 igitur,
1228 2080 1285 2142 hoc
1300 2101 1401 2155 sensu,
1427 2081 1507 2154 dicit,
1531 2101 1564 2142 se
1580 2100 1640 2141 non
1654 2099 1725 2163 pec·

371 2167 440 2229 dum
455 2188 523 2229 esse
539 2188 597 2229 non
613 2168 717 2241 solum,
733 2167 977 2248 quodreparetur
1031 2186 1124 2239 casse,
1151 2169 1310 2230 Christum
1336 2169 1418 2246 facit
1442 2169 1626 2229 mendacem
1635 2212 1646 2242 ,
1674 2168 1726 2248 qni

371 2256 515 2329 ustitiam,
545 2253 687 2335 qnodque
721 2274 814 2334 opera
838 2255 979 2333 justitiae
1032 2254 1118 2315 nobis
1148 2255 1287 2316 omnibus
1318 2254 1400 2317 illem
1439 2257 1603 2318 cretionem
1639 2275 1725 2335 prae·

371 2352 441 2422 ως
466 2360 571 2403 rernm
597 2342 704 2415 etism,
730 2340 811 2423 qnod
836 2362 891 2421 pro
917 2340 979 2400 illis
1031 2342 1158 2422 scripsit.

371 2427 448 2492 edem
456 2430 582 2509 recipiat
590 2436 729 2490 aeternae
741 2429 831 2501 ritae,
844 2435 980 2489 cessante
1044 2442 1047 2447 ·
1074 2427 1161 2490 Alter
1176 2448 1291 2502 sensus,
1315 2449 1374 2509 qno
1396 2428 1533 2490 nimirum
1549 2427 1664 2510 aliquid
1681 2428 1724 2490 di·

371 2536 426 2576 ·um
435 2524 466 2576 et
475 2515 598 2590 ebolito,
610 2524 733 2595 propter
744 2515 872 2576 hominis
885 2523 977 2574 trans·
1032 2535 1152 2576 versum
1168 2536 1186 2576 a
1201 2517 1350 2577 sententia
1365 2516 1524 2595 superiore
1539 2512 1657 2591 dicitur,
1680 2523 1727 2576 est

371 2605 481 2678 ionem,
504 2610 591 2683 pacto
607 2604 721 2682 primae
736 2601 925 2664 conditionis.
1032 2601 1218 2682 hujusmodi:
1241 2603 1359 2682 Siquis
1381 2622 1455 2664 vero
1477 2610 1612 2664 nostrum
1632 2622 1668 2664 eo
1683 2611 1726 2663 te·

371 2710 422 2749 uro
437 2693 558 2770 nequis
573 2690 752 2769 suspicetur,
775 2691 980 2750 remissionem
1033 2689 1176 2751 meritatie
1190 2690 1379 2769 processerit,
1402 2699 1511 2750 utnon
1532 2687 1621 2750 modo
1638 2689 1726 2763 dicat,

371 2787 479 2837 storum
501 2776 566 2837 fieri
589 2776 655 2836 sola
677 2776 874 2856 imputatione
895 2777 976 2854 justi·
1033 2796 1067 2838 se
1082 2784 1241 2857 peccatum
1256 2796 1316 2838 non
1331 2775 1450 2850 habere,
1466 2775 1520 2836 sed
1536 2777 1660 2859 insuper
1676 2795 1727 2837 su-

393 2871 427 2923 nt
452 2865 522 2925 neri
545 2862 691 2924 haeretici
718 2862 839 2937 volunt,
866 2861 981 2923 eddidit
1035 2865 1105 2925 deut
1121 2862 1228 2938 dicere,
1245 2883 1278 2926 se
1293 2881 1453 2945 numquam
1468 2882 1611 2945 pecasse:
1627 2865 1653 2926 is
1667 2883 1729 2925 non

371 2949 469 3010 stolus:
501 2952 543 3011 Et
569 2951 717 3011 emundet
742 2970 800 3012 reor
825 2951 867 3009 nb
893 2952 981 3011 omui
1035 2950 1133 3014 solnm
1155 2951 1287 3013 mendax
1310 2960 1365 3025 est,
1388 2949 1534 3012 seducens
1557 2970 1590 3013 ee
1613 2953 1728 3034 ipsum,

371 3039 466 3097 ritate.
488 3036 539 3096 Sic
555 3036 646 3116 igitur
668 3039 795 3097 remittit
810 3038 896 3098 nobis
911 3056 979 3116 pec·
1035 3037 1087 3098 sed
1103 3045 1134 3099 et
1147 3038 1250 3100 Deum
1264 3037 1338 3099 iacit
1351 3036 1533 3112 mendacem,
1548 3040 1602 3118 qni
1616 3038 1729 3120 passim

373 3123 463 3196 Dens,
485 3132 519 3182 ut
534 3123 573 3183 ab
589 3124 625 3183 iis
639 3144 694 3183 nos
717 3122 874 3198 emundet;
899 3122 981 3201 qnod
1036 3125 1067 3184 in
1082 3125 1245 3206 scripturis
1266 3132 1358 3186 totum
1374 3143 1468 3205 genus
1483 3125 1642 3187 humanum
1658 3145 1726 3185 con·

371 3208 398 3268 fit
413 3209 478 3269 sola
494 3217 685 3288 peccatorum
698 3232 758 3271 non
773 3210 981 3291 imputatione,
1035 3210 1160 3272 damnat
1169 3213 1293 3293 peccati.
1311 3210 1402 3290 Quod
1413 3210 1539 3292 pulchre
1550 3211 1726 3293 docetApo·

371 3315 433 3356 rere
454 3298 649 3357 renovatione
668 3296 757 3358 vitae,
780 3296 981 3377 Quamquam,
1035 3299 1132 3359 stolus
1152 3298 1269 3360 Paulus
1290 3300 1376 3361 Rom.
1393 3302 1431 3372 3.,
1455 3298 1589 3360 collectis
1611 3318 1628 3361 e
1650 3299 1728 3360 Scri·

371 3380 474 3442 dicit:
497 3382 538 3443 ab
554 3385 643 3444 omui
660 3385 829 3461 inquitate,
852 3386 877 3444 si
894 3383 981 3443 colle·
1035 3392 1125 3465 ptura
1151 3386 1342 3461 testimoniis,
1372 3405 1411 3446 ex
1436 3385 1543 3466 quibus
1569 3384 1730 3462 concludit,

371 3477 518 3529 =mmatur
539 3467 597 3529 hoc
618 3489 719 3543 senen,
740 3479 773 3531 ut
794 3470 867 3530 nihil
890 3477 983 3531 restet
1036 3470 1117 3551 quod
1135 3490 1242 3534 omncs
1253 3479 1611 3550 peccaveruretethcrrt
1624 3473 1730 3550 pierio

371 3554 473 3630 litatis,
499 3576 560 3616 non
582 3554 738 3635 perficitur
760 3575 796 3617 ea
818 3554 981 3630 mundatio,
1037 3559 1108 3619 Dei.

371 3640 527 3703 insaeculo
551 3642 661 3703 sutoro.
692 3642 751 3704 Sed
771 3652 870 3723 potest
884 3644 982 3724 accipi
1079 3644 1111 3705 si
1133 3645 1201 3723 quis
1222 3644 1297 3706 haec
1321 3644 1355 3706 Β.
1376 3646 1506 3707 Joannis
1533 3647 1624 3708 rerba
1649 3644 1729 3706 dicat

371 3725 493 3803 ibntive,
517 3736 552 3788 ut
571 3748 679 3790 sensns
700 3731 756 3803 sit,
781 3728 893 3790 nnllam
917 3748 981 3789 esse
1035 3730 1184 3790 verificari
1207 3750 1298 3811 posse
1321 3730 1359 3793 de
1381 3740 1507 3813 peccato
1531 3730 1670 3812 originali
1691 3730 1729 3793 de

371 3814 478 3876 ritatem
495 3823 610 3877 tentem
626 3816 820 3889 velnumero,
835 3815 885 3876 vel
898 3836 980 3895 mag·
1036 3836 1097 3896 quo
1118 3817 1203 3880 Rom.
1226 3818 1271 3877 in
1297 3819 1339 3881 In
1362 3837 1424 3897 quo
1451 3836 1558 3880 omues
1576 3837 1729 3896 peccone·

371 3894 435 3975 line,
457 3922 552 3983 aqua
572 3903 693 3982 sanguis
715 3903 826 3964 Christi
849 3922 903 3963 nos
921 3923 982 3963 nou
1035 3910 1124 3978 runt,
1148 3905 1263 3964 etiamsi
1279 3907 1346 3984 quis
1360 3906 1481 3966 actuale
1496 3914 1651 3985 peccatum
1665 3906 1730 3967 nul·

371 3985 438 4062 rdet,
461 3990 486 4048 si
507 4009 574 4049 eum
598 3988 727 4048 confessi
749 3988 899 4049 fuerimus.
932 3989 982 4048 lta
1035 3990 1097 4049 lum
1114 3991 1301 4066 commiserit,
1317 3992 1361 4052 uti
1376 3999 1495 4053 constat
1509 3992 1548 4054 de
1563 3990 1729 4053 infantibus

371 4076 448 4134 uniet
463 4076 540 4136 haec
558 4095 627 4154 pars
649 4095 714 4136 cnm
739 4075 789 4135 illa
815 4077 980 4155 superiore:
1036 4083 1104 4136 ente
1120 4077 1245 4138 rationis
1261 4096 1347 4139 usum
1363 4079 1530 4141 exstinctis:
1552 4079 1730 4161 respondeo,

371 4166 428 4222 tuis
441 4166 523 4227 Jcmc
539 4163 665 4236 Christi,
682 4163 761 4223 Filii
777 4167 853 4237 cius,
870 4179 981 4223 emurt-
1036 4162 1186 4223 Joennem
1212 4165 1372 4225 manifeste
1393 4165 1477 4245 loqui
1500 4165 1539 4227 de
1561 4165 1672 4230 adultis
1694 4187 1730 4227 ec

371 4266 419 4309 cor
431 4250 472 4310 ob
488 4251 577 4311 omni
588 4256 729 4325 peccato,
753 4247 915 4309 secundum
931 4269 980 4309 ex·
1035 4250 1151 4310 ratione
1166 4250 1322 4324 utentibus,
1345 4252 1406 4331 qui,
1428 4253 1454 4312 si
1476 4271 1641 4333 nnmqnem
1660 4264 1731 4315 actu

371 4333 464 4397 ionem
487 4334 551 4396 illic
575 4336 685 4397 datam.
708 4334 814 4396 Obiter
828 4335 982 4408 admoneo,
1037 4347 1252 4415 peccaverunt,
1280 4358 1350 4418 ergo
1376 4357 1432 4399 nec
1457 4339 1490 4400 in
1513 4349 1640 4421 peceato
1668 4342 1731 4402 nati

371 4431 449 4484 stum
465 4432 498 4483 et
512 4425 715 4500 iniquitatem
737 4442 791 4502 pro
815 4421 919 4484 eodem
935 4442 980 4482 ac·
1037 4433 1114 4483 sunt.
1148 4424 1227 4484 Nam
1254 4443 1292 4485 ex
1313 4444 1349 4485 eo
1374 4424 1422 4498 fir,
1449 4435 1483 4486 ut
1505 4428 1571 4487 sine
1597 4429 1731 4507 peccatis

372 4509 429 4569 hoc
444 4508 567 4590 quidem
582 4508 658 4570 loco.
1037 4508 1208 4571 actualibus
1235 4530 1301 4571 esse
1327 4530 1386 4571 non
1412 4513 1575 4591 possimus,
1603 4516 1673 4594 qnia
1700 4515 1730 4575 in

371 4613 380 4656 ¹.
395 4598 432 4659 Si
446 4596 636 4657 dixerimus:
651 4596 810 4674 Quoniam
826 4614 893 4656 nors
906 4614 982 4672 pec·
1036 4604 1161 4675 peccato
1184 4598 1249 4658 uati
1271 4615 1382 4671 sumus,
1402 4618 1462 4679 quo
1483 4600 1574 4660 etiam
1596 4602 1730 4674 remisso,

371 4701 448 4760 uus,-
492 4682 675 4744 mendacem
712 4682 852 4759 fecimus
889 4683 983 4743 Eum.
1037 4684 1279 4764 concupiscentia
1299 4703 1353 4744 seu
1374 4682 1469 4745 fomes
1491 4693 1633 4761 remanet,
1656 4689 1728 4749 asei-

384 4788 458 4852 psrs
473 4767 636 4850 dupliciter
650 4770 761 4847 exponi
777 4775 886 4847 potest
913 4769 982 4828 Uno
1037 4770 1096 4830 due
1112 4790 1166 4831 nos
1181 4769 1219 4831 ad
1240 4780 1399 4851 peccatum
1414 4771 1550 4832 incitans.
1574 4772 1662 4852 Quae
1677 4774 1729 4836 do·

371 4865 427 4932 ,nt
438 4854 888 4933 sitinculcetioquaedemejue,
900 4854 982 4934 quod
1037 4858 1133 4916 ctrina
1148 4865 1193 4917 est
1208 4858 1370 4937 Augustini
1385 4856 1436 4918 lib.
1457 4859 1486 4918 5.
1510 4870 1615 4921 contra
1629 4860 1728 4923 Julia-

371 4965 396 5006 m
429 4952 491 5005 est:
528 4944 563 5005 Si
592 4942 785 5003 dixerimus:
822 4944 980 5019 Quoniam
1037 4945 1262 5024 num,cap.15.
1284 4944 1344 5005 Hic
1366 4946 1515 5024 posterior
1537 4966 1641 5007 sensus
1664 4970 1729 5030 pro·

371 5040 449 5096 cum
464 5048 532 5093 riou
547 5029 696 5090 hebemus
712 5036 763 5088 etc.
772 5050 784 5106 ,·
808 5027 900 5108 idque
915 5048 980 5087 cum
1036 5027 1165 5091 babilinr
1181 5031 1267 5091 nobis
1282 5038 1336 5091 eet.
1361 5030 1489 5093 Videtur
1504 5035 1582 5097 enim
1595 5033 1731 5101 Joennes
