4442 5825
674 565 677 569 '
792 579 1197 638 determinaremus
1230 581 1315 637 rsus
1332 584 1375 637 rr.
1730 575 1802 660 ,ῃ

378 758 524 820 arborum
531 763 680 840 portaret,
706 757 737 819 id
753 764 798 820 ssi
812 776 939 840 poenam
949 777 1055 840 pecca·
1107 760 1197 821 nibus
1213 761 1331 820 omnino
1345 758 1531 832 hominibus,
1547 758 1601 820 sed
1617 765 1733 820 tantum
1748 779 1804 840 pro

377 845 515 907 &aarum
530 843 663 906 debitam
678 846 709 905 in
724 864 758 906 se
772 847 935 925 reciperet,
958 853 988 906 et
1002 863 1056 926 per
1107 847 1160 920 iis,
1180 848 1234 928 qui
1250 846 1391 923 credunt3
1417 847 1601 926 damnatque
1617 849 1727 907 erroris
1743 864 1804 922 eos,

377 932 417 993 loc
430 951 465 993 aa
478 930 602 994 tolleret
615 939 708 1013 atque
724 931 847 994 doleret
880 932 971 994 Unde
987 952 1054 992 cum
1109 934 1163 1012 qui
1177 951 1264 994 secus
1278 934 1418 994 sentiunt.
1456 933 1504 994 De
1524 952 1583 1013 quo
1607 952 1705 994 errore
1720 933 1806 994 locus

375 1018 418 1079 boe
437 1038 531 1080 sensu
557 1020 632 1081 satis
662 1020 817 1093 convenit,
848 1018 929 1100 quod
955 1026 1056 1079 noster
1108 1020 1173 1100 ipse
1195 1017 1323 1080 concilii
1338 1019 1539 1081 consulendus
1555 1027 1608 1081 est
1647 1019 1738 1101 Quod
1753 1041 1805 1082 au·

375 1105 502 1186 bterpres
518 1105 628 1166 vertit:
646 1106 880 1181 exhaurienda,
896 1108 1054 1167 Erasmus:
1109 1114 1170 1166 tem
1188 1107 1324 1168 nonnulli
1341 1108 1456 1167 multos
1469 1107 1716 1186 interpretantur:
1737 1127 1806 1168 om·

374 1192 519 1270 aterum
557 1199 764 1273 praeterquam
800 1192 882 1274 quod
912 1193 1054 1253 tollenda
1109 1212 1174 1269 nes,
1191 1214 1250 1254 non
1266 1193 1429 1270 satisfacit3
1445 1213 1512 1253 nam
1528 1194 1737 1273 improprietas
1753 1193 1807 1254 illa

373 1289 458 1359 potest
479 1279 571 1339 etiam
587 1277 734 1358 intelligi:
761 1279 947 1356 pertunda3
977 1279 1056 1339 sicut
1107 1281 1270 1352 sermonis,
1297 1286 1330 1340 ut
1351 1280 1460 1341 alicubi
1482 1281 1658 1360 recipiatur,
1684 1302 1744 1341 non
1759 1287 1806 1342 est

373 1366 515 1427 Mum
525 1364 713 1426 intellexisse
723 1366 914 1447 paraphrasis
927 1367 990 1446 ejus
1003 1365 1053 1425 do·
1109 1375 1170 1426 tam
1185 1367 1286 1427 multis
1301 1365 1374 1428 locis
1387 1365 1593 1427 adscribenda.

373 1458 414 1512 et
449 1451 499 1512 Ad
524 1451 608 1512 bunc
632 1459 729 1513 autem
755 1451 875 1514 modum
901 1452 1056 1532 Scriptura
1152 1452 1295 1515 Secundo
1317 1456 1386 1514 sine
1405 1461 1533 1530 peceato
1556 1453 1726 1530 apparebit
1747 1472 1803 1515 ec·-

373 1537 443 1619 lcqui
457 1537 540 1598 solet
553 1536 591 1597 de
605 1534 740 1613 Obr'rsto,
754 1548 788 1600 nt
803 1539 865 1601 Jes.
883 1539 949 1602 bd:
979 1541 1055 1600 Vere
1108 1540 1320 1616 spectantibus
1333 1559 1364 1601 se
1378 1544 1415 1601 in
1429 1541 1574 1601 salutem.
1610 1539 1697 1601 Istud
1712 1558 1802 1600 mem·

372 1625 532 1701 laesores
545 1632 671 1687 nostros
692 1627 757 1703 ipse
772 1626 864 1701 tulit,
888 1634 917 1687 st
932 1625 1057 1687 dolores
1109 1625 1195 1687 brun
1211 1625 1373 1706 respondet
1388 1627 1449 1687 illi:
1469 1629 1545 1688 Post
1557 1628 1615 1686 boe
1629 1633 1736 1688 auum
1748 1629 1806 1701 iu·

372 1718 482 1774 statros
495 1715 564 1789 ipse
576 1714 731 1789 portauit.
753 1713 793 1774 Et
808 1713 929 1774 iterum:
944 1715 1057 1774 Posuit
1110 1714 1236 1774 dicium.
1271 1714 1340 1774 Hoc
1363 1714 1442 1774 enim
1458 1721 1490 1774 ct
1505 1712 1622 1774 Christo
1638 1732 1804 1774 accommo-

373 1798 518 1861 liorninrss
529 1802 566 1860 in
579 1816 615 1858 eo
626 1800 826 1876 iniquitatem
839 1801 982 1861 omnium
994 1817 1055 1861 no·
1109 1798 1207 1881 datur,
1216 1820 1274 1860 non
1287 1809 1321 1861 nt
1328 1798 1501 1878 judicando,
1513 1798 1567 1861 sed
1578 1807 1614 1859 ut
1622 1798 1805 1880 judicaturo,

372 1892 466 1947 m.
500 1884 645 1966 Denique
659 1884 763 1946 infine
779 1884 915 1965 ejusdcm
932 1887 1055 1966 capitis:
1110 1895 1139 1947 ct
1162 1888 1296 1966 praemia
1317 1885 1480 1965 redemptis
1503 1895 1595 1967 atque
1621 1886 1723 1947 electis
1745 1884 1807 1946 suis

374 1970 432 2050 lpse
442 1978 577 2051 peecata
589 1972 765 2034 multorum
777 1975 852 2035 tulit
856 1996 868 2050 ,·
884 1973 938 2033 ubi
951 1991 1055 2034 secun-
1110 1971 1271 2034 raddituro.
1294 1972 1481 2051 Apparebit,
1495 1973 1613 2034 Graece
1623 1963 1805 2052 ὀφθήσεται,

375 2057 431 2120 du
451 2056 554 2121 Lxx
577 2057 687 2138 legitur
707 2058 785 2120 idem
807 2061 949 2131 verbum,
975 2059 1057 2139 quod
1110 2058 1286 2134 videbitur,
1317 2061 1545 2135 conspicietur,
1573 2058 1691 2120 scilicet
1705 2059 1809 2140 palam

374 2144 511 2218 beloto,
537 2154 686 2226 utpaene
709 2147 893 2220 remansit,
919 2145 1057 2220 Paulum,
1109 2167 1147 2208 ao
1167 2145 1334 2207 manifeste.
1373 2145 1464 2226 Quod
1486 2147 1545 2205 ait:
1575 2149 1643 2207 sine
1667 2152 1808 2224 peccato,

375 2230 645 2305 &scribentem
665 2230 704 2293 ad
719 2232 802 2294 illum
818 2232 942 2294 Jesaiae
957 2233 1056 2294 locum
1109 2252 1170 2294 non
1192 2239 1238 2292 est
1256 2252 1379 2295 sensus:
1404 2232 1475 2292 Non
1497 2232 1612 2293 babens
1635 2241 1808 2312 peceatum,

376 2322 542 2401 misse,
558 2317 809 2399 quemadmodum
825 2328 855 2380 et
867 2319 988 2380 Petrum
1005 2338 1056 2379 ve·
1110 2340 1178 2379 narn
1195 2325 1226 2378 et
1248 2320 1278 2379 in
1301 2319 1396 2400 primo
1420 2316 1551 2379 adventu
1573 2326 1729 2398 peccatum
1748 2337 1810 2379 non

377 2406 496 2481 ritinile,
527 2403 649 2487 quando
673 2403 750 2466 dixit
773 2406 900 2488 IEpist.
921 2409 965 2467 t:
996 2408 1057 2485 Qui
1110 2405 1231 2481 moute,
1262 2404 1332 2467 sed:
1370 2405 1444 2465 Non
1471 2411 1607 2481 portans
1633 2410 1809 2482 peccatum.

377 2501 488 2569 precata
501 2498 615 2554 nostra
629 2495 696 2568 ipse
716 2492 849 2569 pertulit
870 2494 1057 2570 incorpore
1110 2491 1213 2553 Primo
1229 2493 1308 2552 enim
1323 2490 1473 2563 adventu,
1500 2490 1623 2570 quando
1646 2509 1678 2550 se
1701 2489 1811 2551 obtulit

379 2596 421 2641 stu
433 2597 527 2657 supet·
540 2580 675 2656 lipnum.
703 2579 782 2640 Nam
797 2588 828 2639 et
843 2599 878 2640 eo
894 2579 960 2640 loco
976 2577 1058 2639 idem
1110 2580 1141 2639 in
1157 2597 1261 2651 cruce,
1288 2579 1422 2658 portavit
1444 2597 1480 2638 ac
1501 2577 1623 2638 sustulit
1639 2578 1670 2637 in
1685 2595 1718 2638 se
1732 2575 1807 2637 mul-

381 2672 416 2727 ttt
430 2667 461 2729 ia
474 2665 593 2729 Graew
614 2662 748 2726 verbum.
786 2665 921 2727 Pertinet
944 2665 1057 2736 eodem,
1110 2673 1206 2726 torum
1221 2674 1362 2746 peccata,
1392 2666 1469 2726 sicut
1479 2665 1544 2743 jam
1559 2663 1750 2741 dictumest,
1776 2669 1810 2723 at

381 2751 593 2832 tuddoauues
608 2752 748 2832 Baptista
771 2750 809 2813 de
823 2752 941 2813 Christo
964 2752 1056 2814 dixit:
1112 2750 1291 2813 insecundo
1306 2751 1439 2814 adventu
1460 2751 1534 2812 nibil
1549 2751 1619 2813 tale.
1657 2750 1810 2831 Quoniam

382 2838 460 2916 itte,
489 2858 593 2917 warte
623 2840 703 2915 Dei,
734 2841 789 2917 qui
818 2839 902 2900 tollit
928 2846 1058 2917 peccata
1109 2846 1212 2900 autem
1239 2839 1302 2899 sine
1327 2844 1451 2920 peccato
1482 2837 1655 2919 apparebit,
1686 2836 1756 2898 ideo
1779 2842 1812 2897 et

383 2927 486 2989 standi
512 2928 627 3002 Tollit,
644 2924 674 2986 id
690 2935 738 2987 est
752 2933 869 3002 portat.
1111 2927 1177 2986 sine
1202 2934 1313 3000 morte,
1339 2927 1477 2987 nimirum
1502 2924 1676 2987 immortalis
1692 2925 1757 3005 jam
1780 2930 1811 2984 et

412 3013 478 3075 Jam
507 3012 583 3075 illud
613 3015 784 3094 quaeritur,
814 3032 866 3074 cnr
894 3012 1057 3093 Apostolus
1110 3011 1269 3093 gloriosus.
1300 3013 1426 3074 Sensum
1439 3012 1519 3073 bunc
1533 3011 1667 3073 illustrat
1682 3009 1809 3071 antithe-

385 3096 486 3161 dxerit:
515 3101 708 3175 multorum,
739 3107 771 3161 et
795 3120 873 3161 non:
903 3103 1057 3162 omnium.
1111 3100 1154 3160 sis
1176 3099 1268 3179 hujus
1290 3098 1450 3159 locutionis
1473 3117 1540 3159 cunr
1564 3118 1616 3172 ea,
1642 3096 1810 3178 qua-paulo

384 3183 468 3249 beris
482 3194 513 3247 et
535 3188 615 3249 bona
636 3187 789 3267 responsio
812 3195 873 3261 est,
897 3186 1058 3260 Christum,
1111 3194 1182 3247 ante
1198 3185 1291 3260 dixit,
1321 3185 1470 3247 Christum
1490 3203 1551 3262 per
1571 3187 1705 3245 bostiam
1719 3202 1812 3246 suam

386 3283 506 3353 quntum
528 3274 568 3335 ad
590 3273 796 3336 sufficientiam
820 3275 966 3354 passionis
990 3276 1058 3335 atti·
1111 3274 1309 3352 apparuisse.
1358 3271 1491 3353 Opponit
1520 3273 1599 3332 enim
1628 3271 1704 3332 baec
1733 3270 1811 3331 duo:

387 3369 436 3435 ret,
458 3363 587 3442 omniurn
613 3360 766 3421 bominum
792 3369 915 3441 peccata
942 3360 1058 3434 tulisse,
1111 3378 1270 3438 apparere
1288 3378 1349 3436 per
1369 3360 1502 3419 bostiam
1523 3377 1630 3433 suam,
1659 3365 1688 3418 et
1703 3375 1811 3434 appo·

386 3446 438 3525 quis
451 3446 571 3510 valebat
592 3448 632 3508 ad
654 3448 782 3508 omnium
804 3447 1058 3527 redemptionem
1111 3466 1182 3507 rere
1198 3448 1266 3507 sine
1279 3451 1417 3523 peccato.

386 3544 504 3610 quadum
528 3555 599 3597 vero
623 3532 663 3595 ad
685 3533 889 3607 efficientiam,
916 3554 974 3595 non
998 3553 1057 3593 om·
1155 3533 1258 3606 Porro,
1275 3530 1356 3612 qnod
1372 3530 1474 3592 addit:
1490 3534 1526 3592 in
1541 3531 1686 3606 calmem,
1706 3548 1809 3609 quam·

387 3620 460 3695 mn,
489 3620 542 3683 sed
562 3622 733 3683 multorum.
770 3622 840 3682 Non
862 3624 940 3683 enim
957 3639 1059 3681 omnes
1110 3622 1158 3681 vis
1174 3618 1276 3694 adid,
1307 3618 1388 3698 qnod
1411 3618 1547 3699 proxime
1566 3615 1734 3698 praecedit,
1764 3635 1809 3676 re·

388 3724 497 3785 pum
513 3708 659 3789 redempti
674 3716 787 3769 suntet
803 3708 930 3780 salvati,
945 3707 998 3769 sed
1014 3727 1059 3768 so·
1111 3706 1185 3768 ferri
1210 3708 1323 3787 possit,
1353 3707 1409 3767 boc
1433 3725 1539 3766 sensu:
1572 3704 1740 3785 Apparebit
1765 3704 1810 3777 iis,

388 3789 433 3855 bu
450 3795 544 3858 electi.
584 3795 676 3876 Quod
698 3814 769 3874 ergo
792 3795 866 3857 dicit
887 3794 1059 3874 Apostolus,
1112 3795 1164 3875 qui
1179 3794 1217 3854 ab
1234 3797 1298 3875 ipso
1316 3793 1442 3853 salutern
1465 3798 1656 3873 exspectant,
1683 3809 1810 3851 commo·

389 3877 605 3963 inoPropbeta:
629 3882 820 3958 multonem,
846 3880 958 3941 electos
973 3881 1058 3943 intel·
1113 3877 1179 3941 dior
1209 3890 1310 3941 tamen
1339 3898 1442 3939 sensus
1469 3880 1538 3960 erit,
1568 3879 1593 3937 si
1624 3885 1812 3938 construatur

388 3962 444 4045 itt,
457 3969 485 4031 id
501 3978 548 4030 est
563 3990 636 4031 oves
651 3969 775 4043 Christi,
802 3988 855 4050 pro
871 3968 981 4049 quibus
996 3969 1058 4029 ani·
1114 3987 1179 4028 cum
1195 3966 1287 4027 verbo
1303 3966 1489 4043 apparebit,
1506 3965 1562 4025 hoc
1576 3964 1681 4024 modo:
1708 3963 1810 4045 Quum

388 4070 444 4114 uam
463 4076 547 4117 suam
573 4076 685 4137 ponere
711 4073 745 4116 se
771 4055 860 4129 dicit,
887 4054 976 4116 Joan.
1002 4056 1059 4127 10.,
1114 4056 1222 4115 iterum
1238 4054 1353 4123 veniet,
1376 4051 1546 4129 apparebit
1559 4053 1596 4111 in
1610 4052 1763 4127 salutem,
1781 4047 1813 4110 id

390 4155 447 4217 quos
466 4146 531 4223 ipse
552 4145 644 4204 etiam
671 4143 845 4204 notrorum
866 4143 987 4203 nomine
1010 4141 1059 4201 de·
1115 4149 1161 4203 est
1176 4141 1276 4219 palam
1299 4140 1501 4218 conspicietur
1524 4138 1662 4199 adferens
1683 4137 1813 4199 salutem

388 4226 464 4306 figuti
478 4230 642 4303 interdum,
665 4237 714 4302 ut,
741 4250 832 4308 quum
848 4228 935 4301 dicit,
962 4248 995 4289 se
1011 4248 1060 4288 ve·
1115 4228 1170 4299 iis,
1197 4228 1248 4307 qui
1265 4228 1413 4306 patienter
1432 4245 1470 4286 ac
1492 4233 1720 4306 perseveranter
1734 4225 1813 4288 iuter

386 4313 454 4389 tissa
465 4327 500 4380 ut
510 4318 602 4379 daret
610 4320 753 4379 animam
765 4335 856 4377 snam
867 4316 1061 4393 redemptio·
1114 4314 1205 4393 bajus
1221 4315 1302 4374 vitae
1325 4313 1548 4393 persecutiones
1569 4321 1598 4373 et
1613 4311 1813 4376 adversitates

385 4402 769 4482 ternpromaltis,biatth.
787 4402 1061 4476 20.0tttarc.10.,
1116 4420 1182 4461 eum
1199 4401 1449 4482 exspectaverint.
1486 4399 1564 4460 Nam
1585 4398 1761 4471 incredulis,
1784 4404 1815 4457 et

384 4493 499 4573 ttquurn
516 4490 555 4553 de
571 4492 716 4570 nuptiae
739 4509 793 4550 suo
809 4487 898 4550 dicit:
926 4491 987 4568 Qui
998 4507 1061 4565 pro
1115 4485 1241 4567 proinde
1256 4508 1318 4550 non
1333 4485 1586 4566 exspectantibus,
1602 4486 1761 4566 apparebit
1774 4481 1814 4544 ad

381 4577 471 4639 natus
493 4578 678 4658 effundetur
698 4578 735 4637 in
758 4579 974 4637 remissionem
989 4594 1062 4647 pec·
1115 4573 1336 4635 damnationem
1353 4582 1384 4633 et
1401 4592 1529 4653 poenam
1553 4581 1714 4633 aeternam.
1751 4570 1812 4630 Lo·

379 4673 530 4741 annam,
557 4665 663 4726 Mattb.
687 4665 753 4738 te,
779 4664 870 4724 Marc.
900 4666 948 4724 14.
977 4670 1008 4723 et
1032 4663 1063 4721 in
1116 4662 1218 4740 quitur
1240 4667 1341 4720 autem
1357 4658 1521 4740 Apostolus
1544 4679 1605 4720 non
1627 4660 1666 4718 de
1689 4657 1725 4717 iis
1748 4664 1812 4717 tan-

375 4768 480 4815 tsuone
506 4748 623 4814 missae.
661 4749 744 4831 Quin
774 4770 811 4810 ex
839 4750 897 4809 boc
924 4748 1063 4829 Apostoli
1115 4755 1188 4819 tum,
1205 4747 1257 4825 qui
1274 4747 1337 4806 vivi
1353 4748 1543 4826 reperientur
1557 4748 1587 4805 in
1603 4743 1735 4805 adventu
1749 4743 1813 4805 Do·

373 4835 430 4902 loco
445 4839 606 4902 ennodium
621 4836 825 4912 Valentinum,
840 4837 871 4896 in
887 4834 996 4898 Galliis
1010 4834 1061 4895 lra·
1114 4834 1203 4906 mini,
1220 4832 1275 4894 sed
1290 4834 1453 4913 generatim
1469 4831 1506 4892 de
1522 4830 1634 4893 electis.
1669 4829 1815 4893 Omnibus

371 4925 459 4990 &sm
479 4947 561 4988 anuo
575 4925 701 4988 Domini
715 4923 806 4996 dib,
830 4922 920 4986 docet
942 4943 1008 5003 cap.
1024 4926 1063 4995 4.,
1116 4922 1196 4982 euim
1219 4919 1324 4982 electis
1350 4920 1516 4981 communis
1544 4927 1591 4979 est
1616 4920 1675 4979 ista
1701 4915 1814 4980 Christi

371 5012 520 5079 iibristum
533 5032 596 5075 non
609 5010 726 5074 fudisse
740 5010 914 5093 sanguinem
930 5029 984 5091 pro
1000 5028 1060 5070 orn·
1116 5007 1285 5070 sdveroris
1300 5007 1494 5091 exspectatio,
1509 5006 1602 5068 etiam
1617 5005 1669 5079 ils,
1686 5024 1815 5088 quorum
