4442 5825
727 608 890 694 amotae
906 611 925 665 1.
942 612 1032 667 esau
1048 612 1143 666 rarat
1178 610 1263 666 reus
1283 613 1305 665 ι.
1318 613 1343 665 2.
1700 618 1774 685 489

371 787 477 860 waima
497 784 617 861 lepidae
638 787 839 863 evanpelieoe
854 791 1026 865 praedica·
1078 791 1233 850 venienter
1255 788 1347 850 verbo
1369 787 1499 866 simplici
1520 787 1598 848 scire
1621 804 1677 847 een
1700 804 1775 863 eop-

371 872 643 949 onitimpleverae.
1078 895 1216 952 notem,
1239 875 1320 956 quod
1340 875 1532 935 usitatissime
1555 875 1588 934 in
1609 873 1773 954 Scripturie

379 957 437 1021 flod
462 978 544 1034 cam,
569 959 661 1020 Asiae
683 969 713 1019 et
734 960 874 1023 Galatiae
899 964 1026 1043 populos
1079 965 1226 1043 accipitur
1250 981 1304 1042 pro
1326 961 1465 1040 diligere,
1492 959 1676 1040 approbare,
1700 968 1773 1020 tem·

371 1045 422 1106 suli
443 1045 669 1125 praedicatione
692 1067 852 1108 couversos
876 1049 915 1109 ad
939 1048 1023 1112 Chri·
1080 1070 1168 1130 quam
1181 1068 1451 1127 suumaguoscere.
1473 1050 1598 1108 Elector
1612 1068 1684 1125 ergo
1700 1046 1776 1109 dicit

371 1152 412 1193 um
425 1132 527 1207 fuisse,
543 1153 630 1194 sacra
642 1132 797 1212 Scriptura
809 1145 941 1209 testetur,
958 1158 1024 1198 eam
1078 1138 1250 1198 secandam
1275 1138 1520 1212 praescientiam
1547 1136 1626 1209 Dei,
1658 1132 1690 1193 id
1720 1143 1774 1207 est,

371 1219 479 1279 tiorem
501 1239 622 1281 censens
637 1222 785 1295 existimo,
805 1223 886 1302 quod
903 1223 941 1283 ob
956 1244 1023 1304 gra·
1079 1224 1189 1284 electus
1216 1231 1341 1284 aeterna
1366 1224 1426 1284 Dei
1454 1221 1714 1302 praeordinatione
1744 1231 1775 1281 et

371 1324 387 1367 e
407 1308 637 1387 persecutiones
658 1307 805 1368 adversos
826 1310 939 1380 fideles,
962 1331 1023 1371 me·
1078 1312 1335 1391 praedilectioae3
1358 1319 1393 1370 ut
1415 1310 1510 1370 omnis
1526 1309 1670 1387 cogitatio
1685 1308 1772 1369 meri·

371 1392 569 1465 neJudaeoe,
591 1393 698 1454 inillis
720 1397 855 1476 pertibus
870 1400 1024 1474 excitatae,
1077 1406 1174 1458 torum
1200 1397 1465 1478 qualiumcumque
1493 1396 1573 1456 hanc
1598 1394 1773 1455 electionem

371 1486 428 1553 tro,
448 1480 537 1543 velut
551 1481 696 1560 Apostolo
712 1484 946 1545 circumcisionis
961 1506 1021 1546 om·
1077 1486 1349 1566 praevenientium,
1380 1501 1460 1564 quae
1489 1502 1528 1543 ex
1557 1491 1644 1562 parte
1672 1490 1774 1542 nostra

371 1586 475 1647 imque
500 1566 631 1629 fidelium
654 1570 782 1648 pastori,
806 1574 903 1632 visum
926 1570 1023 1647 fuerit,
1077 1573 1147 1652 tingi
1161 1581 1289 1652 possent,
1305 1570 1497 1645 excludatur3
1513 1578 1608 1648 utque
1623 1587 1690 1629 cum
1706 1588 1772 1648 gra·

371 1657 564 1715 successario
575 1674 630 1736 per
640 1655 810 1736 Epistolem
822 1657 1023 1719 exhortandos
1076 1661 1185 1719 tiaram
1203 1659 1321 1719 actious
1336 1657 1442 1718 fidelos
1458 1655 1638 1735 intelligant,
1657 1675 1691 1715 ee
1707 1655 1774 1715 sola

392 1743 571 1821 patientiam
597 1750 627 1802 st
652 1744 683 1803 in
711 1743 771 1804 fide
796 1744 1023 1807 confirmandos.
1076 1745 1292 1826 Deigratiead
1306 1746 1433 1806 salutem
1445 1742 1771 1824 eesepraedestinatoe.

371 1828 436 1889 iter
449 1836 533 1902 note,
555 1831 722 1907 genitivos:
743 1834 852 1908 Ponti,
878 1833 1024 1894 Galatiae
1077 1832 1168 1913 Quod
1191 1832 1270 1892 idem
1294 1832 1432 1913 pluribus
1455 1829 1542 1892 docet
1557 1830 1673 1891 Paulae
1687 1829 1771 1891 Rom.

371 1935 393 1992 t,
408 1936 472 1976 non
483 1917 548 1993 r'egi
561 1937 580 1977 e
591 1918 725 1996 genitivo
741 1919 953 1995 dispersionis,
971 1920 1021 1980 sed
1076 1924 1103 1982 9.
1120 1929 1151 1980 et
1165 1921 1242 1999 Eph.
1260 1924 1287 1981 l.

371 2000 464 2063 latire
486 2003 628 2065 advenis.
649 2003 809 2084 Significat
831 2007 908 2067 euim
931 2005 1023 2068 iuieee
1120 2010 1161 2068 In
1175 2009 1457 2085 sanctificationem
1473 2008 1612 2082 spiritns.
1640 2003 1771 2067 Graece:

371 2108 471 2151 aenae
494 2090 612 2151 illorum
634 2089 780 2166 locorum,
803 2093 953 2167 advenas,
978 2096 1021 2155 iu·
1076 2095 1118 2154 Ia
1139 2095 1391 2171 sanctificatione
1412 2095 1552 2169 spiritns.
1574 2094 1616 2152 Et
1637 2092 1682 2151 ita
1703 2109 1770 2151 ver·

371 2196 427 2247 ¹1¹¹,
446 2174 610 2256 diflpertoe·
1074 2183 1148 2242 tieee
1163 2182 1364 2261 interpretem,
1387 2180 1551 2240 verisimile
1567 2186 1620 2251 est,
1637 2176 1770 2257 quaudo·

371 2266 398 2325 i.
420 2266 604 2326 Secundam
616 2267 862 2341 praescientiam
878 2269 939 2327 Dei
953 2270 1022 2328 Pa·
1075 2269 1199 2348 quidem
1215 2275 1246 2328 et
1262 2268 1348 2330 Beda
1364 2269 1406 2327 sic
1421 2266 1505 2346 legit,
1529 2274 1558 2327 et
1572 2267 1602 2325 iu
1618 2263 1771 2325 nonnullis

371 2370 389 2412 ι.
411 2350 536 2411 Partem
558 2352 635 2413 hauc
659 2350 873 2427 Oecumenias,
897 2363 928 2413 et
951 2365 1022 2416 ante
1075 2355 1174 2415 adhuc
1197 2354 1349 2416 codicibus
1365 2354 1483 2414 Latinis
1500 2374 1537 2415 ee
1551 2353 1642 2413 lectio
1657 2351 1770 2430 reperi·

371 2435 545 2517 nCyrillus
568 2440 599 2498 in
613 2437 689 2499 libro
712 2437 750 2499 de
765 2447 849 2500 recte
864 2439 931 2513 fide,
953 2462 1019 2502 con·
1074 2449 1131 2502 tar.
1163 2442 1205 2501 Et
1225 2443 1297 2503 alibi
1325 2445 1473 2521 interpres
1496 2443 1539 2502 sic
1560 2440 1667 2513 vertit,
1693 2446 1726 2497 ut
1750 2440 1769 2498 2

371 2524 602 2586 tantcnmrlle:
618 2526 786 2602 Apostolus
796 2529 1020 2606 Jeeaoarea,
1074 2529 1182 2588 These.
1211 2532 1253 2603 2.,
1280 2529 1332 2589 ubi
1354 2528 1489 2588 similiter
1510 2536 1557 2588 eet
1579 2525 1710 2587 Graece:
1737 2515 1769 2582 ir

371 2612 554 2691 Apostolum
571 2611 681 2673 Christi
704 2632 738 2672 se
761 2613 842 2674 dicat
857 2615 966 2676 Petrus
981 2635 1021 2677 ex
1074 2609 1218 2701 ἁγιασμῷ
1233 2611 1413 2694 πνεύματος.
1425 2615 1533 2676 Potest
1544 2624 1645 2676 autem
1658 2611 1770 2690 exponi

371 2698 499 2760 iI’atris
524 2700 723 2780 praescientia
736 2710 766 2761 ot
779 2700 937 2764 voluntate
952 2722 1019 2762 cou·
1073 2703 1124 2762 vel
1151 2702 1189 2763 de
1214 2705 1322 2784 spiritu
1348 2703 1487 2776 humano,
1512 2702 1563 2763 vel
1588 2699 1626 2761 de
1652 2699 1769 2777 Spiritu

371 2794 477 2863 ntnm3
494 2786 645 2865 quomodo
660 2787 775 2849 Paulus
790 2789 820 2848 in
835 2788 1018 2870 multieEpi·
1072 2798 1187 2851 sancto.
1209 2791 1307 2850 Priori
1322 2789 1410 2850 modo
1432 2809 1539 2851 sensas
1558 2796 1618 2849 eet:
1644 2786 1768 2858 Electie,

371 2875 404 2938 lie
432 2892 467 2933 se
493 2882 585 2935 vocet
605 2874 782 2955 Apostolum
805 2876 883 2938 Jeeu
907 2876 1018 2939 Christi
1071 2887 1104 2938 ot
1119 2879 1241 2958 spiritus
1256 2885 1360 2939 vester
1379 2877 1590 2938 sanctificetur.
1612 2873 1693 2935 Nam
1709 2874 1768 2935 etsi

392 2960 588 3023 voluntatem
615 2961 687 3023 Dei.
727 2964 839 3025 Verum
866 2984 944 3044 qaae
970 2964 1019 3025 hic
1072 2983 1181 3044 corpus
1204 2968 1291 3025 etiam
1315 2974 1450 3027 sanctum
1473 2985 1540 3025 esee
1562 2961 1678 3035 debeat,
1702 2961 1768 3039 ejus

371 3051 464 3110 tiano
491 3057 673 3129 aequantur,
697 3052 816 3111 omniuo
837 3060 962 3131 cogant,
986 3061 1020 3112 ut
1071 3061 1172 3113 tamen
1194 3054 1374 3113 sanctitate
1389 3054 1495 3131 spiritu
1517 3061 1668 3131 tamquam
1689 3049 1765 3128 prin·

371 3145 466 3199 tratur
482 3133 521 3195 ed
534 3136 731 3197 vocabulum:
747 3140 857 3200 electis.
883 3139 972 3216 Quod
988 3148 1020 3201 et
1071 3139 1215 3219 cipeliore
1230 3138 1389 3218 dependet.
1412 3139 1515 3199 Altero
1531 3139 1633 3199 modo:
1649 3134 1767 3196 Elaeae

371 3225 400 3286 la
416 3221 503 3296 facit,
519 3231 550 3284 et
563 3224 694 3284 Lirenas
706 3245 742 3285 ac
754 3228 865 3286 caeteri
882 3226 1017 3305 probant.
1071 3226 1282 3307 perspiritum
1305 3235 1449 3297 sanctum,
1470 3234 1504 3285 ut
1521 3225 1572 3286 ille
1587 3244 1642 3285 voe
1657 3224 1765 3283 sencti-

371 3313 426 3372 let
439 3309 539 3390 Syrus
550 3311 766 3391 paraphrastes
777 3313 902 3374 verbam
915 3314 1019 3375 electio
1070 3314 1149 3373 ficet.
1172 3314 1219 3373 Ac
1234 3315 1259 3374 si
1276 3313 1417 3374 dixisset:
1442 3315 1485 3375 Ia
1506 3314 1623 3389 spirita
1644 3312 1766 3370 sancti·

372 3399 501 3479 repetit,
516 3397 638 3459 diceus:
654 3400 715 3478 Qai
730 3401 818 3460 electi
830 3401 967 3479 sanant
982 3405 1018 3465 in
1069 3402 1238 3479 matianis,
1262 3398 1293 3460 id
1308 3408 1363 3471 est,
1382 3402 1414 3461 in
1429 3402 1534 3480 spiritu
1552 3397 1764 3460 sanctificante.

371 3487 534 3547 escientio
550 3492 603 3546 ete.
1069 3487 1198 3549 Videtur
1224 3488 1302 3548 euim
1329 3507 1396 3548 esse
1422 3486 1594 3568 hypallage.
1630 3485 1710 3545 Nam
1735 3494 1766 3545 et

371 3575 624 3648 ’raeeeieatiam
638 3569 1015 3651 eivepreecopnittonem,
1069 3575 1143 3635 aliut
1167 3575 1292 3654 legimns
1318 3577 1466 3650 spiritam
1492 3572 1762 3648 sanctificationis,

371 3679 451 3722 mee:
479 3651 670 3737 πρόγνωσιν,
696 3670 786 3721 vocat
810 3660 1015 3740 praedilectio·
1069 3671 1104 3721 ut
1118 3663 1202 3723 Rom.
1221 3666 1247 3721 1.
1271 3661 1314 3720 Et
1326 3661 1492 3722 hiaeensue
1506 3661 1614 3721 melius
1633 3661 1766 3741 explicat

371 3745 470 3822 uvel,
496 3747 579 3827 quod
595 3748 699 3809 eodem
715 3747 833 3822 recidit,
856 3749 1015 3827 provideu·
1069 3769 1156 3808 usum
1180 3748 1318 3809 Graecae
1343 3749 1576 3830 praepositionis
1599 3740 1649 3822 ἐν,
1673 3768 1764 3826 quem

371 3855 385 3896 u
411 3853 465 3894 eeu
489 3833 650 3914 benignam
674 3835 898 3896 ordinationem.
925 3837 1016 3897 Erae·
1069 3856 1108 3897 ex
1139 3834 1282 3895 idiomate
1307 3835 1448 3897 Hebraeo
1477 3836 1588 3916 passim
1618 3836 1765 3896 hebetia

371 3942 378 3982 ι
418 3922 526 3982 vertit:
560 3923 841 4000 praefinitionem
889 3924 1016 3984 Lirenas
1070 3925 1162 3983 sacris
1179 3923 1280 3982 literis.
1304 3922 1394 3983 Unde
1409 3924 1556 3983 Erasmus
1575 3925 1682 3984 vertit:
1704 3941 1764 3998 per

371 4009 644 4070 ederaaortaaem
660 4012 790 4089 expauit,
814 4010 1014 4087 Angustiaum
1067 4010 1350 4086 earectiflcationem
1364 4013 1503 4086 spiritns.

371 4103 446 4170 itus,
474 4097 526 4176 qui
549 4094 625 4156 lihro
648 4095 685 4157 de
708 4096 786 4157 douo
808 4118 924 4178 persev.
949 4117 1013 4178 cap.
1111 4097 1254 4156 Attamen
1267 4095 1521 4158 conferendneest
1535 4095 1583 4156 hic
1596 4095 1680 4158 locus
1696 4117 1764 4156 curn

387 4180 498 4254 docet,
522 4183 749 4263 praescientiam
773 4185 847 4258 Dei,
871 4203 963 4264 quum
985 4187 1015 4245 iu
1068 4183 1121 4245 illo
1137 4183 1226 4243 Pauli
1247 4184 1309 4261 jam
1333 4184 1462 4263 allegato
1488 4183 1631 4245 2'Phess.
1650 4189 1687 4255 2.,
1711 4184 1763 4263 qui

372 4271 401 4331 is
427 4271 563 4349 ponitur,
591 4268 718 4330 eandem
744 4289 810 4331 sese
837 4290 903 4331 cum
930 4291 1014 4350 prae·
1067 4273 1112 4331 sic
1127 4269 1232 4330 habet:
1259 4271 1365 4348 Elepii
1380 4290 1436 4331 uos
1452 4273 1538 4332 Dens
1550 4273 1713 4346 primitiae
1726 4273 1763 4332 in

371 4357 526 4418 ductione.
560 4355 643 4417 Nihil
666 4359 743 4417 euim
766 4356 836 4418 boui
859 4358 1015 4437 praevidet
1066 4359 1219 4431 salntem,
1248 4360 1284 4418 in
1305 4359 1558 4435 sanctificatione
1580 4360 1711 4434 spiritns
1733 4365 1764 4418 et

371 4463 413 4517 re,
440 4441 522 4525 qnod
546 4445 611 4523 ipse
633 4463 693 4504 uon
719 4445 757 4503 eit
783 4444 926 4504 fecturus.
964 4446 1014 4506 Ite
1067 4446 1129 4521 ride
1143 4447 1294 4506 veritatis.
1318 4447 1467 4508 Esteuim
1482 4446 1631 4505 sententia
1646 4443 1761 4504 similis.

371 4551 424 4592 rns
445 4530 525 4591 infre
539 4528 691 4591 Christum
715 4550 835 4607 aenam
858 4534 1012 4592 immaca-
1067 4531 1229 4591 Caeterum
1251 4545 1380 4613 utroque
1400 4552 1489 4594 seusu
1505 4530 1674 4592 declaratur
1690 4531 1761 4590 effe-

371 4637 416 4680 rm
434 4616 512 4679 dicit
524 4621 780 4694 proecopnitam,
804 4618 835 4678 id
851 4625 903 4689 est,
927 4638 1010 4698 prae·
1066 4626 1132 4679 ctus
1149 4618 1317 4696 electionis,
1341 4639 1425 4693 narn,
1448 4628 1482 4679 ut
1497 4620 1539 4678 ait
1553 4617 1667 4677 Paulus
1682 4617 1760 4696 Eph.

371 4707 486 4766 irratam
518 4713 588 4765 ants
617 4705 720 4765 muudi
758 4706 1010 4766 constitutionem.
1067 4710 1103 4779 1,
1127 4707 1218 4782 clepit
1239 4724 1297 4767 aas
1319 4709 1416 4783 Deae,
1439 4713 1476 4767 nt
1498 4723 1630 4765 eeeemne
1650 4707 1760 4764 eoacti.

371 4835 373 4844 ,
396 4809 487 4852 secus
506 4792 602 4850 utitur
621 4791 678 4852 hec
701 4811 777 4853 voce
796 4791 910 4851 Paulae
926 4793 1011 4851 Rom.
1065 4794 1220 4853 Posterior
1237 4813 1351 4866 sensas,
1376 4813 1465 4872 quem
1487 4790 1677 4853 iere'omuee
1700 4800 1758 4850 tre-

385 4879 476 4957 Quot
502 4881 675 4954 praescivit
704 4886 733 4939 et
758 4880 1011 4956 praedestinavit
1065 4878 1146 4953 dunt,
1167 4881 1253 4940 etiem
1270 4880 1327 4940 hac
1341 4871 1690 4959 retioue‘praeierendus
1705 4884 1759 4951 est,

371 5011 375 5032 ,
392 4973 424 5025 et
439 4983 505 5045 cap.
524 4969 590 5024 11.:
616 4966 689 5027 Non
705 4968 824 5042 repulit
839 4968 926 5026 Deae
938 4966 1010 5042 ple·
1065 4968 1147 5046 quod
1163 4967 1311 5047 compleat
1332 4968 1362 5028 iu
1378 4967 1412 5027 B.
1429 4966 1514 5026 Petri
1533 4965 1633 5026 vorbis
1647 4972 1758 5044 myste-

371 5067 498 5130 rm,
516 5069 613 5132 queam
624 5055 806 5129 praescivit.
831 5053 930 5135 quue
941 5072 1009 5114 con·
1062 5055 1140 5116 riam
1163 5055 1331 5117 Trinitatis.
1362 5054 1441 5116 Nem
1463 5053 1562 5115 Deum
1585 5053 1705 5116 Patrem
1728 5052 1761 5114 in
