4442 5825
765 584 927 641 rrrsrours
943 587 985 641 ru
1003 587 1166 644 emerem
1200 587 1284 643 rsus
1301 590 1345 642 ro.
1361 588 1404 642 rr.
1725 597 1798 667 ως

373 759 462 832 dulus,
469 777 539 821 eum
547 760 670 837 clepirrc
677 763 909 838 improperium
919 764 1034 826 Christi
1039 787 1051 841 ,·
1107 763 1264 839 tolerabat,
1280 773 1450 827 secuturum
1463 765 1566 846 populi
1579 765 1800 843 liberationem

377 845 506 927 muodo
532 848 560 908 si
582 847 731 920 (liumus,
761 849 900 924 Petrum,
930 850 1051 928 quando
1106 848 1303 933 quueutique
1317 850 1420 914 futuru
1436 864 1503 913 oret
1517 872 1633 913 merces
1649 852 1800 933 quaedum

377 932 516 995 mettxm
538 943 594 1007 est,
614 933 744 1014 elegisse
758 936 971 1016 improperium
987 957 1051 998 cru·
1105 940 1268 1018 petientise
1283 939 1399 1018 prioris.
1422 937 1541 1000 Deinde
1559 960 1595 1001 sc
1610 944 1800 1019 potrssirnum

378 1017 554 1095 cir-christi,
591 1024 665 1102 quis
696 1022 921 1084 similitudinem
950 1026 1052 1084 mortis
1104 1024 1174 1086 fidei
1196 1045 1268 1086 suus
1291 1026 1394 1087 oculos
1416 1025 1571 1087 attollebat
1586 1025 1625 1086 sd
1640 1025 1720 1087 bons
1735 1045 1799 1087 coe·

379 1103 477 1180 third,
492 1107 617 1169 Domini
629 1109 687 1181 sui,
702 1111 734 1168 iu
748 1129 837 1170 cruce
850 1112 941 1190 pessi,
957 1110 1050 1172 liben·
1105 1112 1207 1184 lestis,
1237 1132 1318 1193 quse
1344 1114 1430 1174 Deus
1459 1112 1622 1174 cultoribus
1651 1119 1715 1173 suis
1744 1133 1799 1191 pro

378 1200 454 1254 hro
474 1192 583 1255 devoto
604 1195 760 1276 smplexus
783 1205 838 1256 est.
861 1197 931 1257 Nou
946 1196 1054 1258 dicitur
1105 1200 1242 1259 mercede
1264 1217 1300 1258 ec
1322 1201 1455 1279 proemio
1478 1201 1594 1279 piorum
1618 1199 1753 1259 lsborurn
1767 1218 1801 1259 so

377 1287 456 1341 uum
477 1281 547 1360 quis
563 1282 674 1361 eligere
696 1291 750 1342 sut
773 1281 869 1362 pluris
891 1285 1051 1345 aestimare
1105 1283 1291 1347 redditurum
1313 1287 1456 1365 promisit
1487 1285 1628 1346 Notsnds
1652 1286 1801 1355 sententis

377 1363 411 1439 ll,
428 1365 509 1446 quod
529 1369 649 1430 omniuo
671 1389 731 1430 nou
750 1371 844 1429 novit
874 1370 977 1451 Quare
999 1372 1051 1430 im·
1104 1382 1226 1452 propter
1248 1374 1404 1445 sectarios,
1432 1373 1484 1452 qui
1506 1373 1651 1434 bonorum
1676 1390 1800 1452 operum

377 1453 528 1534 poperium
540 1452 655 1517 christi
670 1465 774 1517 uotum
789 1475 857 1517 esse
871 1457 950 1516 Mori
966 1478 1051 1538 opor·
1105 1459 1211 1518 merite
1225 1469 1344 1538 negent,
1360 1478 1396 1518 sc
1411 1458 1520 1520 servile
1535 1479 1600 1519 esse
1615 1465 1731 1540 putent,
1755 1461 1798 1518 iu·

376 1541 428 1613 hit,
441 1549 474 1599 ut
488 1539 564 1601 illud
580 1543 656 1602 tsuti
671 1543 857 1619 aestimarem
873 1546 949 1604 sicut
960 1544 1051 1605 Petro
1105 1545 1182 1607 tuitu
1195 1546 1442 1605 remunerationis
1454 1546 1554 1606 Deum
1565 1544 1670 1605 colere.
1686 1543 1801 1606 Contrs

373 1636 430 1687 utu
452 1627 512 1688 tuit
537 1648 613 1689 crux
635 1626 755 1689 christi.
786 1629 873 1709 Qusc
899 1632 1052 1710 expositio
1105 1630 1193 1691 docet
1217 1632 1395 1711 Apostolus,
1420 1632 1542 1706 Mosen,
1567 1632 1743 1692 afflictiones
1769 1640 1801 1691 et

371 1720 440 1791 nte
460 1733 492 1774 sc
515 1712 613 1788 hebet,
636 1716 662 1776 si
683 1719 914 1793 improperium
936 1718 1053 1780 Christi
1105 1718 1264 1799 opprobrie
1289 1717 1451 1794 ferentem,
1476 1721 1506 1779 in
1529 1720 1800 1780 remunerationem

371 1803 478 1881 -pprie
499 1802 707 1881 recipiendum
732 1806 787 1880 sit3
811 1806 894 1893 quod
909 1802 977 1865 eliis
992 1825 1052 1865 nou
1105 1807 1268 1885 aspexisse,
1283 1813 1314 1865 et
1328 1806 1394 1885 ejus
1405 1806 1690 1884 scpstriurchsrum
1701 1824 1799 1867 exem·

372 1884 482 1949 fletur.
1105 1892 1164 1971 plis
1179 1893 1337 1953 Hebraeos
1353 1910 1432 1965 suos,
1454 1901 1487 1951 ut
1500 1891 1580 1953 idem
1594 1892 1716 1965 iaciunt
1731 1892 1798 1953 hor-

378 1996 395 2037 :·.
405 1971 502 2047 Porro,
514 1975 541 2035 si
553 1975 745 2054 conjecturae
757 1977 839 2038 locus
851 1986 938 2051 osset,
954 1979 1050 2058 suspi·
1104 1987 1194 2038 tetur.
1217 1978 1266 2038 Ne
1287 1998 1358 2040 sero
1378 1999 1434 2059 per
1454 1979 1511 2039 hoc
1532 1978 1584 2039 vel
1605 1981 1730 2059 gratiss,
1751 1977 1799 2040 rel

371 2060 598 2142 &possemus
623 2061 799 2142 Apostolum
822 2065 979 2145 scripsisse
994 2061 1052 2142 λη·
1105 2066 1220 2144 gloriae
1236 2065 1295 2126 Dei
1317 2065 1491 2145 derogatum
1514 2065 1679 2147 quidquem
1694 2064 1797 2126 sides·

375 2147 442 2223 ssu,
463 2170 521 2209 uou
538 2143 684 2225 Χριστοῦ,
706 2149 805 2222 idest,
828 2151 975 2226 latronis,
992 2173 1053 2212 nou
1105 2162 1163 2223 tur,
1179 2153 1342 2213 certissime
1354 2162 1509 2213 tenesmos
1520 2151 1597 2213 lrsec
1612 2155 1687 2213 duo:
1703 2150 1799 2213 Omne

376 2232 480 2297 mrsu
503 2235 594 2316 Quod
610 2255 678 2297 eum
694 2237 768 2298 dure
782 2247 910 2311 sonaret,
935 2258 991 2298 nec
1008 2240 1051 2298 iu·
1105 2240 1245 2299 meritum
1272 2248 1405 2300 nostrum
1432 2258 1499 2299 esse
1524 2238 1586 2298 Dei
1612 2238 1739 2315 donum;
1769 2247 1799 2298 et

371 2320 548 2404 ¹hdigsrotur,
570 2342 712 2404 quorsum
728 2323 836 2385 dictum
854 2334 940 2398 esset,
956 2335 1051 2385 muts·
1105 2345 1192 2385 omne
1214 2327 1378 2404 praemium
1396 2334 1529 2386 nostrum
1545 2324 1584 2385 sd
1599 2327 1659 2391 Dei
1673 2325 1799 2405 glorium

375 2414 424 2471 h
449 2429 518 2471 esse
544 2410 576 2471 iu
605 2411 787 2472 vocobulum
813 2432 886 2473 sono
912 2413 1051 2482 vicinum,
1105 2432 1173 2472 esse
1191 2411 1386 2472 referendum.
1780 2477 1782 2481 ,

377 2493 497 2578 demque
520 2497 579 2577 piis
602 2497 726 2558 curibus
747 2510 881 2578 gratum:
904 2495 1052 2576 Xptoc053
1149 2501 1199 2558 27.
1233 2499 1313 2560 Fide
1351 2500 1479 2576 reliquit
1505 2502 1701 2575 Acpyptum,
1731 2515 1799 2558 uou

376 2582 552 2645 &tuccidit
561 2585 765 2644 iuuominibus
774 2578 886 2663 νήσους
893 2575 1052 2663 et'lncouc,
1104 2588 1223 2646 ueritus
1238 2588 1472 2646 animositatem
1488 2589 1579 2661 repis.
1602 2586 1800 2647 Animositu·

371 2664 565 2731 ¹-ltelesisotiei
587 2670 638 2729 43.
682 2671 732 2733 sic
762 2691 832 2751 ergo
862 2692 935 2733 vers
963 2673 1051 2733 lectio
1105 2679 1177 2747 tem,
1202 2671 1335 2734 Grueoe:
1359 2665 1411 2731 τὸν
1430 2665 1538 2749 θυμὸν,
1555 2671 1636 2752 quod
1651 2672 1799 2750 interpres

378 2766 450 2818 nt:
465 2759 698 2834 improperium
714 2759 851 2820 lotrouis
866 2762 934 2820 sive
949 2761 1052 2820 homi·
1104 2762 1189 2819 irum
1205 2768 1235 2819 et
1247 2760 1395 2837 furorem
1410 2769 1528 2820 vertere
1543 2761 1640 2835 solet;
1656 2755 1797 2839 quemad-

377 2838 456 2904 ὥς.
491 2844 573 2905 Num
601 2843 717 2917 Moses,
756 2855 913 2927 postquam
942 2845 1053 2905 occidit
1105 2844 1224 2907 modum
1251 2848 1341 2906 etism
1368 2846 1460 2907 hebet
1483 2846 1610 2927 Syrisce
1635 2843 1799 2905 msuslstio.

375 2929 553 3012 lupum,
577 2932 707 3011 primum
724 2931 843 3012 quidem
860 2933 897 2993 eb
912 2933 1052 2994 Isretilito
1105 2933 1184 2993 Num
1200 2932 1281 3013 quod
1297 2934 1441 2995 Erasmus
1454 2934 1608 3011 [crociam
1625 2934 1724 3005 vertit,
1738 2933 1799 2995 vim

376 3017 476 3080 adivit
497 3018 692 3099 opprobrium
718 3018 905 3091 homicidae,
930 3040 996 3080 cum
1023 3020 1051 3079 ei
1104 3020 1243 3081 vocabuli
1259 3020 1356 3080 miuus
1367 3022 1522 3100 expressit
1545 3020 1703 3100 Significat
1717 3020 1799 3079 enim

377 3097 521 3166 betur:
543 3107 710 3183 Numquid
726 3107 865 3167 occidere
879 3127 928 3167 mc
943 3115 979 3168 tu
994 3109 1051 3181 vis,
1105 3106 1228 3168 Grsecis
1240 3108 1383 3186 impetum
1394 3109 1487 3168 suimi
1498 3107 1667 3168 ebullientis
1681 3104 1721 3165 sd
1735 3106 1798 3165 rin·

374 3189 438 3253 dut
450 3194 519 3253 ueri
533 3192 675 3253 occidisti
689 3196 902 3270 Arpyptium?
925 3195 1051 3267 Deinde,
1105 3191 1225 3262 dictum,
1252 3194 1390 3273 soletque
1415 3195 1551 3275 usurpari
1574 3213 1627 3272 pro
1651 3212 1689 3252 es
1710 3200 1797 3271 purte

375 3276 1052 3361 ndisulgstsmultomegisspudAegyptios,
1105 3270 1206 3353 snimij
1215 3280 1493 3359 qusmirsscibilem
1502 3279 1672 3361 philosophi
1681 3286 1799 3338 vocent.

376 3364 469 3443 {miss
478 3368 544 3446 jum
560 3386 670 3427 exosus
686 3366 790 3427 heberi
805 3377 956 3447 coeperet,
975 3366 1051 3426 iuiu-
1149 3366 1307 3446 Quaerunt
1329 3366 1437 3428 Graeci
1463 3375 1623 3439 tractores,
1650 3361 1800 3444 quomodo

371 3460 458 3513 ltu
483 3453 542 3514 tuit
565 3462 720 3535 tumqusm
742 3455 868 3514 sicarius
892 3463 946 3514 sut
967 3453 1052 3515 istro.
1105 3451 1187 3513 dicet
1211 3453 1392 3533 Apostolus,
1417 3453 1524 3514 Mosen
1552 3452 1612 3514 fide
1639 3450 1800 3530 reliquisse

377 3535 516 3601 ultores
538 3539 711 3620 hujusmodi
721 3541 946 3621 improperium
961 3550 1053 3620 etque
1106 3541 1288 3621 Aegyptum,
1303 3562 1360 3601 nec
1374 3541 1500 3601 scritum
1515 3538 1608 3601 luisse
1622 3540 1696 3601 irem
1711 3537 1799 3617 regis,

377 3621 524 3701 fflnisnu
546 3645 638 3707 quum
661 3626 827 3687 sustinebat
846 3647 935 3689 ceusu
949 3627 1053 3707 populi
1106 3629 1252 3705 cumipse
1274 3628 1304 3688 in
1319 3625 1429 3687 Exodo
1452 3629 1589 3687 timorem
1605 3644 1691 3685 suum
1706 3622 1798 3684 istes-

376 3705 432 3786 Μ
452 3713 547 3793 pluris
570 3712 650 3785 iecit,
672 3734 763 3795 quum
787 3734 886 3774 omnes
900 3714 1054 3774 thosuuros
1105 3722 1163 3785 tur,
1189 3712 1234 3772 his
1256 3713 1375 3774 verbis:
1405 3714 1524 3774 Timuit
1546 3714 1657 3786 Marses,
1684 3717 1714 3771 ct
1736 3711 1800 3770 uit:

376 3795 499 3881 Aqypti
529 3799 695 3861 Mutandae
723 3799 859 3861 lectionis
889 3802 920 3861 iu
945 3821 1055 3861 nornen
1107 3801 1272 3878 Quorum
1299 3801 1410 3876 palum
1443 3802 1565 3879 fuctum
1597 3805 1641 3859 est
1670 3796 1800 3859 verdum

378 3881 478 3947 eruti
499 3885 622 3947 dedisse
643 3889 742 3968 potuit
757 3889 950 3960 occasionem,
974 3885 1054 3967 quod
1107 3886 1216 3947 istud?
1249 3886 1444 3964 Audivitquc
1470 3888 1599 3946 Pluuruo
1625 3902 1801 3945 romonem

378 3967 515 4053 Ursup.
531 3977 581 4036 13.
592 3972 717 4054 legitur:
733 3977 963 4051 improperium
978 3978 1053 4048 ejus
1107 3976 1191 4033 irruo
1208 3978 1237 4032 ct
1250 3974 1422 4048 quaerebat
1437 3973 1576 4033 occidere
1591 3973 1709 4033 Mosen.
1740 3971 1801 4051 Qui
1903 3981 1908 3992 “

378 4057 479 4120 utico
492 4059 612 4122 Chrimi.
634 4060 693 4121 Sed
716 4060 779 4121 illic
794 4082 854 4121 non
870 4061 908 4121 de
922 4062 1055 4140 antiquis
1106 4061 1234 4138 [πρίαιο
1255 4060 1294 4119 dc
1315 4066 1482 4136 conspectu
1501 4063 1577 4134 ejus,
1601 4065 1744 4119 moratus
1758 4063 1803 4118 ur

378 4137 491 4226 inquiro
506 4146 682 4227 Apostolus,
704 4147 758 4208 sed
781 4148 964 4208 Christianos
987 4148 1053 4207 hor·
1108 4150 1144 4206 m
1160 4154 1247 4206 terro
1262 4146 1409 4220 Medium,
1434 4146 1531 4206 Exod.
1548 4147 1577 4204 2.
1604 4144 1803 4226 Respondent

380 4235 452 4303 tetur,
472 4241 506 4293 ut
525 4234 600 4296 Jesu
624 4234 736 4295 Christi
757 4234 967 4314 improperium
988 4253 1053 4311 por·
1108 4242 1220 4304 sutem,
1243 4233 1347 4293 Mosen
1362 4234 1467 4293 timore
1482 4231 1604 4311 quidem
1617 4232 1741 4313 fugisse,
1762 4249 1802 4291 ne

381 4319 438 4377 tet
457 4320 537 4382 Illud
550 4322 641 4381 etiem
652 4321 789 4392 observo,
801 4321 980 4399 Apostolum
992 4328 1054 4379 toto
1109 4319 1209 4390 Deum
1238 4326 1354 4379 teutsre
1383 4317 1551 4392 videretur,
1587 4320 1614 4378 si
1643 4316 1801 4380 manifesto

381 4395 535 4488 bempite
550 4418 582 4468 et
595 4408 733 4487 coquenti
748 4407 857 4467 Christi
873 4406 1056 4468 vocobulum
1110 4405 1242 4486 periculo
1258 4426 1317 4466 non
1332 4426 1365 4466 se
1386 4404 1582 4481 subducerem
1604 4404 1659 4466 sed
1680 4423 1740 4465 non
1760 4404 1803 4463 its

382 4503 507 4571 Quem
523 4496 701 4574 exprimere.
725 4493 930 4554 Veruntamen
946 4492 984 4554 de
999 4492 1056 4552 hsc
1109 4493 1251 4562 timuisse,
1271 4494 1345 4571 quin
1360 4511 1451 4552 susus
1467 4492 1555 4552 luerit
1570 4502 1677 4572 postes
1691 4488 1803 4551 reverti

383 4578 678 4655 tuisctursuliorum
695 4589 743 4642 est
752 4579 909 4658 judicium.
1110 4577 1149 4638 sd
1178 4579 1320 4658 populum
1352 4578 1548 4639 liberandum.
1592 4579 1741 4647 Lirsuus,
1770 4580 1803 4634 ut

413 4667 584 4743 &siciebat
605 4672 690 4729 euim
705 4669 741 4727 in
756 4670 1055 4727 remunerationem.
1110 4666 1188 4727 Mori
1211 4667 1409 4725 constantium
1433 4668 1463 4725 in
1485 4665 1543 4725 hoc
1564 4664 1644 4724 iecur
1660 4660 1803 4732 declaret,

383 4740 495 4817 hece:
520 4746 688 4829 ἀπέβλεπε,
712 4755 904 4829 respiciebat.
937 4752 1055 4824 Probet,
1110 4750 1538 4832 adducitlubulsmquundem
1548 4749 1716 4821 Judsicsm,
1731 4748 1802 4807 scri·

383 4828 443 4901 fid
461 4849 574 4914 totum,
600 4841 683 4922 quod
705 4840 744 4902 de
766 4841 851 4901 Mose
875 4840 958 4908 dixit,
984 4838 1056 4900 fidei
1111 4840 1184 4900 bens
1199 4840 1229 4897 ln
1244 4837 1340 4898 Exod.
1356 4840 1385 4897 2.
1401 4847 1431 4898 et
1443 4840 1472 4897 4.

382 4913 456 4990 &a
469 4928 623 4990 effectum.
646 4928 778 4989 Primum
803 4929 882 4987 enim
906 4925 1056 4997 credebat,
1153 4923 1214 4986 Sed
1235 4927 1334 4984 verior
1358 4924 1513 5003 responsio
1534 4930 1590 4996 est,
1612 4940 1698 5002 quum
1722 4919 1803 4982 idem

382 5019 436 5083 Μ
455 5016 652 5087 retrosiores,
677 5034 755 5095 ques
775 5033 843 5075 curn
864 5013 976 5094 populo
998 5012 1058 5071 Dei
1103 5011 1236 5072 Lireuus
1253 5020 1284 5071 et
1298 5011 1351 5071 elii
1372 5011 1432 5071 huc
1455 5007 1604 5081 adierunt.
1624 5006 1804 5089 Apostolum

416 5131 481 5174 surr
498 5130 775 5173 scurror-„rusus
834 5188 844 5202 ι
1556 5112 1599 5171 20
