4442 5825
757 576 1209 635 timenutensium.
1235 573 1320 633 im.
1341 577 1381 632 18.
1402 578 1442 631 lt.
1747 581 1817 659 751

370 756 456 816 tiam.
479 752 1072 836 Nequeenimuersepeocetissbstinot,
1126 763 1181 828 est,
1205 752 1286 835 quod
1307 753 1444 815 Joannee
1463 751 1593 834 probare
1608 752 1742 815 intendit.
1766 754 1821 815 Di·

370 843 426 923 qui
448 842 579 902 nondum
602 843 700 903 Deum
725 862 818 922 super
842 845 941 904 omniu
963 842 1071 921 diligit.
1125 852 1211 903 xerat
1226 842 1321 903 enim:
1345 844 1386 902 ln
1402 844 1458 902 noc
1481 841 1624 917 perfectu
1639 849 1683 902 est
1698 844 1818 902 eus-itm

372 927 480 1008 Quare
503 938 534 989 et
558 948 625 989 eum
647 932 784 991 timorem
806 929 942 1010 perlecta
963 933 1071 991 caritas
1125 930 1296 1001 nobiscum,
1313 935 1350 988 ut
1364 928 1700 1004 idueiumisubeomus
1715 932 1751 988 in
1767 929 1819 990 die

370 1015 464 1093 ejicit
477 1013 568 1075 iores.
1120 1016 1244 1091 judieii.
1273 1015 1334 1076 Ubi
1357 1017 1384 1077 si
1407 1017 1517 1076 caritas
1540 1014 1758 1094 intelligeretur
1781 1035 1820 1076 eu

419 1102 582 1180 Quoniam
598 1107 697 1163 timos·
708 1122 848 1179 poenam
863 1104 964 1164 nubet.
989 1105 1070 1164 Poe·
1125 1112 1248 1174 tantum,
1271 1120 1351 1181 quae
1372 1101 1570 1183 perlectorum
1593 1112 1647 1175 est,
1670 1111 1705 1162 11
1719 1103 1758 1162 ab
1774 1103 1817 1163 in·

369 1206 473 1263 nom,
504 1188 636 1250 Graece:
673 1181 818 1264 κόλασιν,
856 1194 1069 1267 punitionem,
1124 1189 1303 1268 cipieutibus
1326 1198 1355 1248 et
1374 1187 1598 1268 proficientibus
1614 1190 1818 1268 distinguitur,

370 1278 565 1350 cruciatum,
588 1284 793 1351 tormentum,
816 1286 849 1337 ut
872 1277 946 1357 legit
965 1278 1068 1357 Augu·
1124 1284 1310 1355 sequeretur,
1336 1275 1416 1335 solos
1438 1274 1585 1355 perfectos
1609 1275 1719 1337 habore
1741 1275 1816 1337 fidu·

369 1362 483 1423 stinus.
510 1362 653 1443 Plerique
673 1382 795 1424 sensum
819 1363 897 1423 hunc
923 1362 1068 1425 reddunt:
1124 1364 1199 1423 ciam
1216 1362 1247 1422 iu
1262 1360 1313 1422 die
1323 1362 1442 1442 Judicii,
1458 1370 1487 1422 et
1499 1360 1537 1421 ab
1550 1361 1696 1440 ejusmodi
1708 1361 1819 1423 fidncia

369 1449 483 1510 'l'imor
506 1449 737 1528 suppliciorum,
761 1470 849 1530 quem
870 1451 950 1510 mals
971 1452 1070 1530 giguit
1123 1459 1182 1509 tem
1206 1448 1411 1528 proficientes,
1439 1468 1529 1529 quam
1556 1449 1738 1530 incipientes
1764 1467 1816 1509 ex·

369 1537 570 1609 conscientie,
585 1537 857 1613 cruentissimum,
874 1536 1067 1615 quemadmo·
1123 1535 1213 1607 cludi,
1228 1534 1323 1596 donoc
1336 1535 1375 1596 ud
1387 1534 1520 1596 ordinem
1532 1537 1732 1614 perfectorum
1749 1554 1817 1615 pro·

368 1621 447 1684 dum
460 1622 612 1683 ediverso
628 1642 697 1703 spes
710 1622 872 1697 etfiducia,
887 1623 1070 1704 quumbonu
1123 1622 1295 1682 movissent.
1330 1621 1421 1702 Quod
1447 1622 1611 1684 absurdum
1635 1631 1681 1682 est
1703 1621 1815 1683 dicere

368 1709 558 1771 musciculis
603 1712 698 1790 parit,
742 1713 874 1770 animum
913 1709 1068 1771 laetificat
1123 1710 1263 1789 Denique
1280 1710 1438 1770 coufirmat
1449 1710 1666 1789 expositionem
1682 1717 1814 1771 nostram

368 1796 565 1877 Quamquam
589 1805 618 1856 et
637 1798 683 1857 sio
704 1797 833 1877 intelligi
853 1805 937 1856 recte
954 1806 1068 1876 potest:
1123 1796 1175 1856 illu
1191 1799 1342 1857 sententia
1356 1817 1422 1876 cap.
1435 1797 1618 1874 superioris:
1634 1799 1669 1858 ss·
1683 1814 1739 1857 cor·
1752 1814 1813 1856 no·

371 1885 490 1947 mmor
502 1900 640 1960 poenum
653 1884 746 1945 nubet
757 1905 810 1964 pro
826 1883 964 1962 object03
980 1887 1068 1964 quasi
1122 1890 1222 1943 strum
1237 1901 1305 1944 non
1320 1884 1559 1960 reprehenderit
1573 1901 1642 1959 nor,
1662 1885 1814 1960 fiducium

368 1969 472 2033 dicat:
499 1971 642 2051 Quieibi
665 1971 743 2031 male
766 1972 906 2031 conscius
929 1971 1068 2043 timetis
1122 1969 1271 2035 iniremus
1296 1971 1340 2030 ud
1364 1972 1475 2031 Deum.
1510 1966 1600 2050 Quod
1629 1973 1694 2031 eino
1721 1970 1813 2031 dubio

368 2076 513 2140 poenum,
529 2076 619 2136 quem
634 2058 819 2131 commeruit,
836 2077 953 2133 semper
967 2060 1066 2118 euimo
1123 2058 1253 2137 pertinet
1282 2058 1371 2118 etium
1399 2057 1435 2117 ad
1464 2058 1640 2136 incipientes
1668 2067 1699 2117 et
1729 2056 1815 2137 profi·

368 2153 491 2220 uersat,
521 2142 651 2223 ideoque
676 2144 813 2205 fiduciam
838 2147 868 2205 in
890 2143 937 2203 die
959 2144 1067 2221 judicii
1123 2145 1247 2205 cientes.

368 2230 486 2293 habero
500 2250 561 2290 nou
575 2240 684 2310 potest.
711 2232 799 2302 Nem,
815 2241 848 2290 ut
864 2232 908 2290 1111
923 2230 1066 2309 Augusti·
1166 2230 1384 2302 Veruntamen,
1411 2238 1443 2288 ut
1466 2240 1548 2290 recte
1571 2229 1683 2291 dictum
1707 2239 1756 2291 est
1778 2231 1818 2291 ab

368 2337 430 2381 uus
461 2319 493 2377 in
522 2318 712 2396 praefatione
742 2337 835 2396 super
862 2317 972 2377 Psalm.
999 2317 1067 2377 31.:
1123 2317 1293 2394 Augustino
1302 2316 1399 2377 locum
1409 2316 1487 2376 hunc
1496 2327 1680 2396 exponente:
1696 2319 1818 2392 Timor,

368 2404 467 2467 Molo
487 2406 679 2464 conscientia
701 2406 826 2465 totuin
848 2405 1068 2480 desperatione
1123 2404 1161 2463 de
1183 2423 1243 2482 quo
1259 2404 1395 2464 Joanncs
1419 2406 1490 2482 agit,
1514 2406 1663 2480 quumvis
1684 2422 1753 2465 non
1776 2407 1816 2464 eit

369 2498 430 2566 eat,
447 2491 835 2553 sieutbonueonreientic
851 2494 969 2552 totuin
983 2509 1045 2567 epe.
1122 2492 1158 2549 in
1179 2493 1321 2563 caritote,
1346 2498 1454 2550 tomen
1477 2492 1571 2567 quusi
1593 2490 1697 2551 locum
1718 2508 1817 2566 proe-

417 2579 481 2658 Qui
506 2585 611 2638 cutem
636 2581 734 2652 timet,
750 2596 818 2639 non
845 2585 889 2639 est
908 2578 1069 2655 perfectus
1121 2584 1218 2652 porat
1247 2580 1386 2638 caritati.
1429 2577 1508 2638 (ium
1539 2584 1647 2637 eutem
1677 2579 1816 2654 eoeperit

367 2666 410 2726 tn
424 2666 571 2725 eumtute.
593 2665 758 2742 Perfectus
778 2665 1013 2745 participisliter,
1036 2673 1069 2723 ut
1122 2666 1240 2723 conitor
1255 2665 1410 2737 habiture,
1435 2664 1569 2740 pellitur
1583 2667 1689 2739 timor,
1715 2667 1816 2741 quiet

367 2770 468 2831 supro
481 2770 559 2812 sors.
578 2754 626 2811 11.
650 2754 706 2811 Est
728 2753 807 2812 enim
822 2750 901 2812 idem
922 2749 1068 2813 Graecum
1119 2754 1333 2827 praeparauit
1355 2752 1470 2811 locum.
1495 2750 1586 2829 Quod
1602 2769 1675 2811 vero
1693 2750 1816 2829 subjun-

368 2837 514 2899 mbum:
538 2833 748 2914 τετελείωται,
767 2845 1001 2899 consummatus
1016 2845 1066 2898 est.
1122 2839 1183 2917 git:
1200 2839 1364 2916 Quantum
1381 2841 1464 2898 enim
1481 2838 1539 2897 illu
1556 2841 1674 2913 crescit,
1691 2839 1746 2900 ille
1761 2838 1817 2897 de·

367 2924 977 3006 11111111111111131111111111111
1008 2925 1069 3005 Qui
1122 2929 1248 3001 crescit,·
1265 2933 1463 3002 etquuntum
1476 2926 1535 2985 illo
1550 2925 1746 3002 titinterior,
1762 2926 1818 2987 ille

367 3009 474 3074 mous
498 3014 585 3072 timet
607 3032 735 3092 poenam
759 3032 812 3072 seu
836 3014 1015 3086 cruciatum,
1038 3021 1070 3073 st
1119 3012 1255 3088 pellitur
1280 3014 1390 3090 forum
1413 3016 1520 3086 major
1545 3016 1680 3089 coritas,
1708 3015 1817 3074 minor

367 3098 433 3160 hoc
449 3099 557 3160 timore
581 3099 671 3170 iecit,
699 3118 776 3178 quae
803 3099 886 3157 Deus
913 3101 1068 3180 praecipit,
1122 3102 1237 3175 ttnsor5
1273 3102 1380 3160 minor·
1406 3101 1539 3172 coritae,
1567 3103 1672 3174 sanior
1698 3103 1816 3178 timor3

368 3183 507 3248 nondum
529 3204 567 3246 eo
591 3185 721 3264 profecit
743 3187 774 3245 iu
790 3188 924 3259 caritate,
945 3194 977 3244 ut
994 3187 1069 3246 iuter
1121 3185 1187 3256 hoe,
1210 3187 1342 3265 inquam,
1365 3206 1425 3246 non
1444 3185 1509 3263 jam
1524 3184 1562 3245 de
1590 3188 1696 3247 timore
1710 3187 1816 3250 servili

368 3272 524 3354 perlectos
535 3274 651 3332 censeri
663 3274 772 3351 possit,
789 3270 841 3331 sad
853 3270 953 3331 adhuc
964 3273 1070 3334 haeret
1122 3270 1234 3332 dictum
1261 3272 1391 3351 intelligi
1420 3270 1527 3347 debet,
1561 3273 1617 3333 sed
1645 3272 1683 3333 de
1709 3275 1816 3335 eodem

368 3359 406 3420 111
420 3358 520 3420 uuae
536 3358 585 3418 vel
608 3358 818 3430 inchoantium,
840 3356 889 3418 rel
911 3359 1066 3436 proficien-
1121 3359 1229 3420 timore
1254 3378 1370 3437 posnse
1399 3376 1454 3437 per
1479 3359 1651 3437 ingressum
1681 3361 1816 3422 carituris

367 3446 459 3508 1111111.
483 3443 525 3505 Δ1
536 3446 562 3505 si
574 3444 624 3505 hic
638 3452 719 3504 esset
733 3443 873 3522 Apostoli
887 3463 1001 3517 seusus,
1017 3445 1067 3506 vel
1122 3453 1235 3504 mutato
1249 3447 1279 3505 11
1291 3447 1428 3507 timorem
1440 3444 1598 3519 initialem,
1615 3447 1667 3525 qui
1675 3447 1740 3525 jusm
1753 3465 1815 3508 ser-

366 3530 459 3604 ulit,
473 3530 524 3592 vel
540 3530 699 3591 admodum
717 3533 802 3609 pauci
816 3538 917 3590 essent
932 3534 967 3590 in
982 3534 1068 3591 coni·
1122 3531 1191 3592 vilis
1207 3531 1264 3593 dici
1281 3554 1339 3592 nou
1357 3539 1467 3610 potest,
1490 3533 1561 3609 quia
1576 3534 1751 3593 servitutem
1766 3553 1813 3593 oe·

365 3625 438 3680 tote
450 3619 594 3696 perfecit.
618 3617 697 3697 Quis
713 3620 791 3678 enirn
808 3626 928 3678 estium
945 3619 1068 3678 caritate
1121 3619 1201 3691 ritus,
1226 3638 1305 3699 quae
1327 3618 1454 3679 tiliorum
1470 3625 1523 3691 est,
1548 3619 1686 3680 exclusit.
1708 3620 1814 3682 Initia·

368 3704 529 3786 perfectus
545 3706 575 3764 in
590 3703 647 3765 hac
662 3704 734 3776 vita,
757 3704 835 3763 11111
852 3724 888 3764 eo
903 3704 982 3764 mela
998 3724 1066 3765 con·
1120 3705 1178 3765 lem
1201 3704 1280 3765 lsunc
1303 3713 1413 3766 vocant
1436 3703 1599 3785 Theologi,
1622 3706 1814 3785 quemadmo-

365 3793 562 3873 eupiecentia
583 3792 691 3851 timore
713 3790 811 3850 divini
838 3791 957 3866 judicii,
984 3789 1068 3851 velut
1121 3792 1192 3852 dum
1206 3791 1449 3854 etOecumenius
1461 3792 1494 3851 iu
1506 3794 1725 3867 commentario,
1742 3796 1817 3874 quia

365 3875 469 3948 freno,
483 3897 545 3938 nou
560 3880 601 3937 sit
615 3875 807 3937 cohibenda?
1119 3878 1248 3938 maxime
1259 3880 1451 3938 necessarius
1463 3884 1510 3938 est
1521 3878 1737 3958 incipientibus
1748 3880 1815 3941 Deo

413 3963 567 4044 Quocirca
590 3973 745 4043 putamus,
770 3962 948 4043 Apostolum
970 3961 1009 4023 do
1030 3982 1066 4024 eo
1121 3983 1176 4044 por
1190 3984 1296 4026 veram
1312 3965 1468 4025 ceritatem
1484 3966 1615 4042 servire,
1634 3967 1724 4043 juxta
1740 3966 1816 4028 illud

365 4051 464 4132 loqui,
488 4052 542 4129 qui
557 4052 644 4111 timet
659 4051 817 4121 serviliter,
839 4048 869 4107 id
891 4058 944 4121 cst,
968 4069 1005 4109 eo
1028 4052 1063 4111 ti·
1119 4053 1150 4110 in
1172 4070 1241 4110 sum
1266 4071 1389 4134 sensum
1412 4071 1432 4110 a
1454 4050 1594 4112 Patribus
1621 4061 1814 4130 usurpatum:

366 4155 460 4210 more,
484 4136 605 4217 dequo
630 4137 720 4196 dixit:
748 4139 858 4198 Timor
879 4155 946 4197 non
971 4144 1015 4197 est·
1028 4140 1065 4199 in
1121 4139 1256 4198 Initium
1279 4141 1457 4214 supientiae
1475 4139 1572 4200 timor·
1594 4140 1739 4216 Domini,
1763 4141 1814 4202 Ps

367 4226 518 4298 meitute,
534 4222 616 4304 quod
632 4222 671 4283 de
686 4224 789 4283 timore
805 4223 918 4292 seruili,
933 4243 994 4284 nou
1009 4225 1063 4286 iui-
1122 4226 1202 4293 110..
1220 4225 1310 4284 Pros.
1330 4229 1356 4284 1.
1374 4234 1405 4284 et
1420 4224 1502 4284 Ecci.
1520 4229 1546 4285 1.

368 4309 433 4372 ticli
449 4309 606 4370 docuimus
631 4307 871 4389 intelligendum.
900 4309 943 4370 Ut
958 4330 1064 4372 sensus
1165 4316 1212 4373 19.
1238 4313 1302 4372 Nos
1318 4329 1391 4386 erpo
1407 4311 1580 4386 diligemus
1594 4314 1710 4386 Deum,
1734 4331 1815 4390 quo·

368 4393 459 4476 hujus
475 4397 533 4458 loci
548 4399 603 4457 sit:
628 4396 689 4475 Qui
712 4399 798 4457 timet
819 4414 947 4475 poenam
963 4417 981 4457 a
996 4397 1064 4458 Deo
1119 4401 1209 4459 nium
1234 4400 1321 4458 Deus
1343 4402 1436 4474 prior
1460 4398 1573 4459 dilexit
1595 4417 1661 4460 nos.
1695 4398 1815 4462 Graece

356 4481 690 4564 ,11111111111511111ι
714 4492 746 4543 et
765 4501 801 4543 eo
826 4485 932 4543 timore
956 4485 1062 4561 princi·
1119 4486 1185 4544 sine
1208 4484 1357 4564 particulo
1385 4482 1504 4544 illativa
1527 4487 1572 4546 sic
1595 4485 1724 4547 hubent;
1752 4488 1815 4550 Nor

362 4569 478 4646 pitito
500 4577 638 4631 movetur
660 4569 697 4630 ed
714 4569 881 4630 1111111111
906 4569 1017 4631 bonum
1033 4580 1064 4630 et
1119 4571 1293 4645 diligamus
1307 4573 1403 4643 Eum,
1427 4573 1504 4647 quia
1520 4573 1593 4649 Ipse
1607 4575 1731 4648 primus
1747 4569 1813 4649 (seu

359 4651 581 4721 metuendum
598 4677 616 4718 s
632 4655 719 4728 malo,
736 4654 867 4716 nondum
882 4665 928 4715 ost
942 4676 1061 4716 assecu·
1120 4654 1215 4735 prior)
1236 4657 1349 4719 dilexit
1371 4676 1438 4718 nor.
1475 4657 1580 4719 Potest
1605 4660 1696 4720 etiam
1720 4663 1812 4721 verti:

358 4741 413 4802 111
436 4744 594 4805 ceritatem
615 4742 790 4824 perfectam,
817 4742 848 4804 id
871 4753 938 4814 est,
962 4763 1061 4804 veram
1119 4744 1291 4819 diligimus,
1314 4753 1348 4803 ut
1363 4742 1435 4806 iecit
1450 4745 1602 4806 Erasmus.
1626 4746 1703 4807 Nam
1721 4745 1813 4809 Grae·

350 4832 460 4911 lique
475 4851 657 4911 germanum,
682 4829 804 4908 qualem
825 4828 873 4889 lex
890 4830 1061 4891 Christiano
1119 4850 1183 4890 cum
1202 4821 1370 4908 ἀγαπῶμεν
1394 4850 1505 4910 anceps
1528 4841 1575 4891 est
1596 4832 1633 4892 ud
1654 4842 1813 4914 utrumque

343 4919 514 4999 ¹'Oquirit3
538 4926 568 4976 et
593 4916 715 4995 proinde
735 4916 872 4976 1111111111
890 4936 990 4976 aerum
1007 4917 1056 4975 ha·
1117 4917 1246 4976 modum.
1272 4918 1463 4996 Quamquam
1476 4918 1583 4978 melius
1596 4928 1649 4992 eet,
1666 4920 1745 4999 quod
1762 4919 1812 4981 hu·

347 4987 438 5067 lure
462 5024 523 5065 uon
546 5012 646 5085 potest
669 5004 699 5063 iu
724 5003 772 5064 die
790 5002 904 5081 judicii.
928 5002 964 5062 Id
981 5004 1060 5063 euim
1117 5003 1169 5064 bet
1185 5003 1307 5082 vulgata
1321 5006 1428 5065 versio.
1450 5003 1544 5065 Redit
1557 5007 1634 5066 enim
1648 5006 1811 5088 Apostolus
