4442 5825
614 616 775 671 rumosas
794 619 810 672 r.
828 618 915 672 emm
932 617 1065 673 rorums.
1101 617 1186 672 vms.
1205 619 1292 673 a-s.
1595 626 1668 695 023

374 837 381 852 .
421 793 544 875 Alioqui
572 794 691 857 Obrieto
718 817 776 857 non
807 796 918 856 tribue·
968 798 999 857 in
1015 795 1153 875 Epistola
1169 797 1197 855 2.
1220 815 1249 854 v.
1266 795 1295 855 5.
1312 805 1343 857 et
1363 798 1391 858 6.
1429 795 1549 877 Quibus
1576 798 1667 858 omni·

371 881 388 939 ιί
410 881 554 960 prolicere
570 903 628 941 uon
645 885 749 961 potuit.
780 883 919 943 Diximus
968 882 1024 942 bus
1047 881 1122 942 locis
1142 884 1273 944 initium
1287 882 1452 963 praedicati
1468 883 1519 943 vel
1533 886 1669 965 suscepti

371 985 492 1049 usupra
507 968 545 1027 ad
562 989 625 1046 cap.
646 974 672 1028 1.
689 991 717 1029 v.
736 973 763 1029 7.
970 968 1131 1048 Evangelii
1146 969 1346 1050 significatur.

371 1056 495 1128 riutmi,
513 1074 580 1116 nou
596 1057 786 1118 mandatum
798 1073 920 1118 novum
1011 1055 1081 1116 Jem
1098 1074 1137 1115 ex
1150 1056 1197 1116 his
1213 1058 1304 1117 etiarn
1320 1053 1450 1134 intelligi
1467 1063 1575 1137 potest,
1593 1078 1667 1137 quo·

371 1141 437 1216 ibis,
450 1143 505 1202 red
516 1142 706 1204 mundatum
719 1151 817 1218 vetur,
834 1141 921 1220 qaod
968 1140 1057 1201 modo
1080 1140 1224 1216 Joennes,
1241 1141 1362 1202 diesem
1385 1143 1459 1204 Nou
1473 1143 1666 1206 mandatum

371 1229 438 1287 rob
461 1232 564 1289 initio.
589 1230 762 1304 Uerissimi,
787 1228 919 1290 Graeco:
969 1246 1089 1289 novum
1111 1229 1213 1290 acribo
1234 1230 1337 1302 vobis,
1360 1249 1421 1289 non
1444 1229 1482 1289 sit
1503 1232 1668 1292 contrarius

383 1317 502 1375 umetsi
524 1323 647 1376 nostras
671 1317 790 1377 lectioni
814 1315 917 1376 suffra·
968 1315 1100 1375 Domino
1117 1335 1181 1390 suo,
1196 1335 1285 1396 qoem
1299 1314 1462 1395 Evangelii
1478 1317 1526 1376 aui
1542 1335 1608 1398 cap.
1618 1317 1667 1378 13.

371 1409 490 1481 iterpres
504 1401 607 1481 Syrus,
621 1404 815 1482 Augustinus,
827 1402 919 1476 Beda,
968 1409 1094 1462 testatur
1118 1401 1249 1463 dixisse:
1273 1403 1467 1463 Mandatum
1489 1420 1610 1466 uocum
1626 1404 1668 1465 do

371 1507 400 1547 re
422 1488 540 1562 Latini,
564 1508 621 1550 nac
643 1510 702 1550 non
723 1490 842 1551 codices
865 1489 918 1550 ali·
971 1489 1066 1564 cobis,
1094 1495 1131 1549 ut
1152 1488 1293 1566 diligetis
1314 1492 1460 1551 invicem.
1491 1491 1567 1550 Erat
1588 1491 1668 1552 enim

371 1576 437 1634 aeci
474 1596 492 1635 a
520 1575 652 1636 Robarto
683 1577 838 1656 Stephano
867 1578 917 1637 de·
967 1575 1141 1637 mandatnm
1157 1575 1234 1636 illud
1249 1595 1369 1650 novum,
1387 1576 1511 1656 quaudo
1527 1574 1666 1638 Obrietus

383 1662 501 1741 Estque
524 1661 637 1722 duanni
660 1663 736 1724 baec
759 1663 917 1724 allocutio:
967 1661 1025 1722 hoc
1051 1663 1147 1736 dixit,
1183 1663 1256 1743 qnia
1285 1662 1417 1723 noudum
1444 1662 1542 1723 fuerat
1567 1663 1666 1743 palam

371 1738 390 1822 i,
408 1747 437 1808 id
451 1757 495 1809 ast
506 1749 622 1824 dilecti,
640 1753 803 1824 contami,
820 1752 918 1830 magis
967 1750 1078 1810 mundo
1101 1749 1326 1828 praedicatum
1350 1770 1409 1810 non
1430 1769 1540 1811 novum
1556 1757 1666 1823 auteur,

371 1853 386 1894 r.
425 1836 528 1916 Pergit
553 1847 652 1897 autem
679 1838 790 1898 hortari
815 1835 918 1897 fideles
968 1835 1087 1915 quaudo
1104 1836 1241 1898 Joonues
1260 1836 1338 1898 haec
1352 1838 1483 1918 scripsit,
1507 1838 1580 1916 quia
1594 1836 1666 1898 fide·

371 1924 516 1983 vationum
533 1928 686 2004 praecepti
706 1922 742 1984 de
758 1922 917 2003 diligendis
967 1921 1043 1982 libus
1061 1923 1100 1983 ab
1116 1925 1200 1983 initio
1213 1922 1323 1984 datum.
1341 1922 1530 2006 Quamquam
1543 1931 1575 1984 et
1587 1924 1665 1985 aliae

371 2053 374 2074 r
398 2008 522 2083 doeens,
546 2029 579 2071 se
593 2031 653 2071 non
670 2010 791 2093 aliquod
807 2030 917 2071 novum
966 2012 1101 2071 rationes
1117 2010 1227 2070 adferri
1243 2019 1379 2089 possunt,
1394 2031 1446 2072 cur
1461 2011 1518 2071 boc
1530 2008 1663 2072 dilectio·

379 2105 591 2176 praeceptum,
618 2119 655 2158 ne
679 2099 773 2179 premi
792 2116 826 2158 aa
849 2118 916 2157 con·
967 2096 1014 2156 nia
1028 2097 1203 2157 mandatum
1227 2099 1333 2158 merito
1349 2118 1460 2160 novum
1476 2096 1665 2178 appellatum

372 2203 387 2241 r
399 2193 630 2264 praeceptorum
643 2183 850 2260 multitudine,
863 2182 918 2245 aed
966 2190 998 2242 ut
1013 2185 1085 2262 quia
1100 2185 1220 2264 proprie
1235 2185 1367 2263 pertinet
1381 2183 1420 2244 ad
1435 2186 1533 2264 legem
1545 2204 1665 2260 novam,

371 2278 527 2349 acceptum
551 2272 737 2345 annuntiare,
761 2268 844 2351 quod
865 2269 916 2329 lua·
966 2288 1043 2348 quac
1059 2277 1104 2330 ast
1119 2268 1170 2330 lex
1186 2273 1302 2342 amoris,
1324 2289 1379 2331 nec
1393 2272 1451 2331 nisi
1467 2290 1521 2350 per
1537 2273 1665 2350 gratiam

378 2356 417 2415 ab
447 2357 533 2416 initio
565 2357 723 2437 Evangelii
760 2358 832 2436 ipsis
863 2376 918 2435 per
966 2357 1223 2417 novitestamenti
1240 2356 1398 2436 impletur3
1414 2365 1445 2418 et
1460 2359 1534 2437 quie
1549 2377 1663 2418 novum

372 2461 386 2501 s
403 2444 576 2521 praedicati.
603 2444 682 2505 Nem
699 2442 838 2523 Apostoli
850 2451 918 2523 poet
966 2441 1037 2503 lacit
1052 2441 1201 2504 homiuem
1217 2463 1256 2505 ex
1271 2445 1376 2504 veteri.

374 2531 497 2590 utrinam
534 2532 660 2611 primum
691 2551 727 2591 eo
755 2530 918 2611 praecipue
1009 2530 1201 2591 Mandatum
1229 2538 1319 2591 omae
1341 2537 1385 2590 cet
1409 2529 1553 2605 verbum,
1579 2531 1664 2609 quod

371 2615 467 2676 labant
490 2617 627 2680 omnibus
649 2617 707 2677 hoc
730 2625 853 2676 mutuae
876 2615 917 2675 di·
965 2617 1107 2677 audiatis.
1134 2617 1193 2678 Hic
1215 2636 1317 2678 rursus
1332 2616 1450 2678 addunt
1465 2616 1599 2679 Graeca:
1623 2618 1663 2677 ob

374 2711 575 2782 praeceptum,
590 2723 737 2765 memores
751 2705 824 2782 ejus,
836 2701 917 2784 qnod
964 2706 1068 2764 initio.
1099 2703 1184 2774 Sunt,
1200 2706 1253 2784 qui
1268 2712 1384 2784 putent,
1399 2703 1589 2764 mundatum
1608 2722 1662 2765 ue·

371 2789 577 2852 oandierant:
604 2795 645 2852 In
660 2793 716 2852 ooo
731 2798 918 2866 cognoscent
965 2790 1084 2850 turbio
1106 2791 1193 2852 aliter
1216 2792 1327 2870 accipi,
1351 2809 1442 2870 quem
1458 2791 1555 2870 prins,
1578 2793 1665 2851 nteit

371 2880 439 2953 puio
462 2877 610 2956 discipuli
634 2882 695 2940 mei
717 2881 797 2953 ertio,
818 2879 844 2937 ri
865 2877 916 2937 di·
964 2876 1145 2957 eigoificetio
1170 2876 1247 2959 legis
1276 2886 1435 2951 aeternae,
1466 2877 1523 2939 boc
1553 2897 1660 2940 sensu:

371 2964 915 3041 ababueritt'aodiooiocm,.loan.13.
965 2964 1085 3038 Sermo,
1113 2984 1203 3045 quem
1225 2986 1281 3025 uos
1308 2965 1394 3027 vobio
1420 2964 1663 3045 praedicavimus

371 3072 399 3109 m
420 3053 612 3113 mandatum
635 3054 691 3113 boc
711 3061 807 3124 vetuo,
831 3059 860 3112 ct
874 3052 914 3110 ab
966 3050 1004 3112 do
1029 3054 1174 3132 proximis
1201 3050 1382 3131 diligendis,
1411 3052 1550 3132 quamvis
1576 3072 1661 3133 prae·

371 3146 441 3197 'tram
458 3141 697 3221 interpretantur,
721 3160 758 3200 eo
774 3138 854 3219 quod
872 3139 913 3198 in·
966 3136 1116 3198 dicatioue
1143 3159 1195 3198 seu
1222 3138 1427 3218 publicatione
1452 3159 1549 3199 novus
1576 3149 1662 3214 esset,

388 3228 426 3285 sit
453 3246 519 3287 cum
546 3230 611 3306 ipsa
640 3227 768 3287 bominis
798 3233 914 3286 natura.
965 3225 1081 3303 origiue
1093 3233 1194 3287 temen
1206 3227 1403 3306 perantiquus
1416 3236 1470 3298 est,
1483 3227 1662 3287 annuntians

371 3313 425 3371 niro
449 3312 500 3373 lox
520 3321 657 3385 naturae,
680 3315 832 3393 proximos
849 3331 915 3372 esee
964 3312 1101 3372 nimirum
1119 3313 1159 3385 id,
1180 3312 1260 3392 quod
1277 3331 1397 3392 semper
1413 3323 1442 3374 et
1459 3312 1571 3393 ubique
1585 3333 1661 3373 mor·

371 3419 398 3468 s,
425 3402 514 3459 otiam
543 3411 685 3461 externos
713 3407 744 3460 et
769 3400 914 3460 inimicos.
965 3397 1041 3458 tales
1057 3397 1180 3480 obliget,
1196 3418 1260 3459 cum
1277 3401 1317 3459 sit
1331 3398 1408 3478 legis
1424 3410 1570 3460 aeternae.
1601 3398 1661 3461 Sed

371 3504 396 3546 aa
422 3497 594 3566 exponunt,
629 3486 659 3546 id
685 3496 750 3557 eat,
783 3485 915 3564 antiquis
964 3484 1150 3565 probabilius
1177 3497 1240 3557 eet,
1266 3485 1457 3548 mandatum
1485 3495 1573 3548 octus
1600 3506 1660 3548 uno

372 3574 403 3631 in
421 3576 513 3634 veteri
528 3574 598 3653 lege
615 3575 724 3647 datum,
748 3574 846 3635 Lavit.
867 3573 914 3631 19.
964 3571 1052 3632 modo
1079 3575 1165 3646 sumi,
1191 3582 1224 3633 ut
1250 3574 1324 3634 hooc
1351 3593 1420 3652 pera
1444 3575 1482 3634 ait
1503 3573 1661 3653 explicatio

371 3664 523 3721 nantarius
539 3670 585 3721 ost
599 3660 679 3741 apud
694 3657 915 3722 Alexandrinos
964 3661 1084 3739 priorie3
1100 3679 1137 3719 ac
1153 3661 1179 3718 si
1196 3660 1293 3720 dicet:
1315 3660 1408 3721 Vetus
1425 3658 1605 3734 mandatum,
1621 3660 1660 3722 de

371 3767 406 3805 rm
431 3754 462 3807 et
483 3747 665 3827 Didymum3
691 3757 818 3829 uterque
845 3765 916 3805 voro
964 3766 1023 3825 quo
1040 3746 1153 3828 loquor,
1177 3755 1224 3806 est
1239 3767 1346 3819 sermo,
1370 3767 1458 3827 quem
1473 3747 1560 3809 uobis
1575 3765 1661 3828 prae·

371 3836 546 3894 eumenium.
585 3833 646 3895 Sed
669 3855 728 3894 noo
752 3840 798 3895 est
812 3834 914 3893 verisi-
965 3833 1137 3894 dicentibus
1160 3833 1297 3893 audistis.
1328 3835 1459 3915 Exponit
1482 3835 1560 3895 eninr
1577 3833 1659 3894 illam

371 3941 510 3995 raonem,
540 3923 591 4002 qui
617 3920 656 3981 ed
682 3917 915 4000 praedicandam
965 3930 1099 3999 partem:
1126 3921 1211 3998 quod
1233 3920 1384 3981 habuistis
1398 3921 1438 3981 ab
1451 3922 1556 3983 initio.
1592 3920 1661 4000 Qua

371 4005 447 4087 egeni
462 4010 571 4070 missua
586 4017 661 4081 eret,
676 4009 829 4068 remittere
843 4004 914 4065 fide·
965 4008 1157 4087 expositione
1191 4008 1383 4069 confirmatur
1410 4026 1538 4083 sensus,
1569 4027 1660 4089 quam

371 4093 401 4153 td
424 4094 520 4173 legem
535 4102 669 4167 naturae,
693 4114 771 4173 quae
790 4092 915 4153 multum
966 4094 1026 4153 illio
1044 4091 1188 4154 dedimus.

382 4180 484 4242 luerat
498 4189 631 4262 peccato,
655 4182 832 4262 praesertim
856 4200 917 4260 qua
1010 4186 1038 4242 8.
1061 4183 1182 4241 Iterum
1206 4181 1396 4244 mandatum
1420 4199 1541 4243 novum
1561 4181 1662 4243 acribo

371 4266 491 4348 {gendos
506 4277 607 4330 monet
630 4270 781 4344 inimicoe;
804 4267 854 4328 vel
878 4265 916 4325 ad
965 4270 1061 4329 vobio.
1083 4266 1154 4327 Non
1165 4269 1222 4330 sibi
1235 4269 1385 4330 contraria
1397 4269 1504 4330 scribit
1515 4268 1662 4341 loannes,

371 4355 506 4415 [oseioam
541 4357 634 4416 veteri
665 4356 777 4435 populo
807 4354 917 4426 datam,
966 4375 1045 4416 nunc
1066 4373 1187 4415 nouum
1212 4374 1330 4417 vocaus
1345 4357 1554 4432 mundatem,
1579 4353 1663 4436 quod

371 4460 380 4501 a
405 4441 485 4501 clare
500 4442 539 4504 de
555 4443 738 4503 inimicorum
755 4440 918 4503 dilectione
966 4450 1056 4501 antea
1070 4450 1156 4501 vetns
1172 4441 1256 4513 dixit,
1273 4452 1304 4503 et
1319 4462 1428 4504 novum
1444 4444 1576 4523 negavit.
1602 4442 1664 4504 Aut

371 4549 403 4588 m.
420 4527 498 4589 Nam
511 4536 541 4589 et
551 4528 643 4590 illud:
659 4529 751 4608 Quod
765 4529 918 4590 habuistis
966 4530 1044 4590 enim
1059 4547 1165 4588 sanans
1181 4539 1242 4589 est:
1265 4529 1441 4591 Mandatum
1457 4537 1559 4603 vetus,
1581 4527 1663 4611 quod

371 4635 396 4689 r,
421 4616 556 4677 additum
580 4615 789 4697 explicationis
817 4635 917 4686 cause,
967 4616 1128 4695 accepistis
1151 4614 1191 4677 eb
1213 4618 1314 4690 initio,
1337 4617 1423 4678 uobis
1446 4617 1523 4678 illud
1546 4615 1663 4700 praedi·

371 4701 389 4761 d
416 4702 531 4763 indicat
557 4704 692 4775 initium,
720 4723 811 4780 quam
839 4701 917 4784 quod
967 4702 1115 4775 centibus,
1129 4722 1208 4764 nunc
1224 4724 1279 4785 ego
1295 4704 1381 4765 vobis
1393 4724 1507 4766 renovo
1520 4724 1574 4783 per
1587 4703 1664 4764 hauc

371 4810 408 4849 ur
432 4790 462 4848 iu
489 4789 701 4871 sequentibus,
727 4789 778 4850 ubi
804 4790 919 4869 repetit
966 4788 1144 4867 Epistulam,
1168 4799 1324 4869 repetens,
1346 4791 1514 4870 iterumque
1530 4809 1664 4861 mouens,

371 4874 574 4955 rbujnemodi
595 4896 778 4937 sermonem:
808 4877 917 4937 bebai·
967 4896 1004 4936 ue
1027 4876 1157 4938 tradatis
1179 4875 1253 4938 illud
1270 4878 1425 4938 oblivioni.
1462 4881 1534 4954 Aut,
1557 4886 1590 4938 ut
1612 4877 1664 4938 alii

371 4965 470 5025 ivistis
485 4964 524 5024 ob
540 4966 633 5025 initio
639 4986 651 5043 ;
673 4972 706 5024 ut
728 4963 807 5025 inira
829 4982 918 5025 versu
968 4972 1110 5037 consent,
1147 4966 1239 5026 utitur
1277 4964 1443 5046 Apostolus
1481 4966 1664 5027 correctione

371 5050 428 5111 let
442 5052 566 5125 iterum,
589 5058 621 5113 ot
642 5071 707 5134 cap.
727 5056 754 5116 3.
777 5072 805 5111 v.
825 5056 873 5112 11.
889 5058 919 5110 et
966 5050 1133 5130 rhetorica;
1160 5052 1249 5133 quasi
1271 5050 1400 5115 dicaret:
1428 5051 1618 5136 Quamquam
1633 5061 1666 5113 et
