4442 5825
399 578 476 645 114
930 570 1213 625 mellentinum
1231 572 1298 627 BAP.
1315 572 1345 626 ll.

400 748 511 809 dnendi
519 747 668 809 Christum
681 747 811 809 candida
823 756 916 821 veste,
929 746 1092 829 petendum
1147 746 1225 809 bunc
1239 749 1348 822 locum,
1372 758 1405 810 ut
1421 770 1481 812 non
1504 752 1546 812 sit
1563 771 1698 825 necesse,

398 837 438 896 ab
454 836 501 911 iis,
523 836 576 915 qni
589 835 808 917 Evangelicem
830 836 987 898 historim
1006 854 1091 896 enar
1146 836 1276 915 insignia
1291 837 1341 897 lric
1356 840 1516 912 nominata,
1534 841 1694 901 aarum

399 930 472 983 rent.
1147 930 1177 982 et
1192 931 1305 984 vestem
1328 925 1543 1002 splendidam,
1566 936 1706 988 concur

441 1009 511 1071 Jam
533 1007 617 1088 qnod
636 1010 676 1070 cd
698 1010 859 1071 annulum
874 1027 1007 1070 aureum
1024 1009 1091 1068 atti·
1144 1028 1212 1069 nem
1227 1010 1369 1092 Apostoli
1391 1012 1431 1073 cd
1454 1011 1607 1074 hominem
1630 1015 1706 1094 prim

398 1102 460 1170 net,
474 1096 629 1157 existimat
643 1095 814 1158 Cerdinalis
823 1096 971 1157 Batonius
982 1093 1092 1156 Aunal.
1146 1095 1253 1170 litatis,
1283 1100 1457 1178 praesertim
1483 1119 1575 1180 qnnm
1607 1102 1698 1161 etiam

398 1183 504 1244 eccles.
521 1192 589 1243 tom.
605 1188 631 1244 1.
648 1184 687 1243 sd
701 1203 812 1244 annum
826 1183 949 1243 Domini
964 1184 1023 1255 84„
1040 1182 1092 1244 ubi
1146 1179 1294 1243 deiectum
1310 1187 1440 1264 pecnnia
1456 1185 1600 1267 supplere
1616 1187 1706 1248 soleat

397 1268 434 1329 de
450 1278 536 1329 veste
559 1271 636 1343 alba,
660 1289 719 1349 qne
735 1270 876 1330 Salvator
896 1269 1003 1330 illusus
1025 1266 1091 1342 luit,
1188 1269 1320 1331 Proinde
1340 1292 1404 1332 enm
1428 1272 1497 1333 aliis
1517 1273 1706 1354 plerisques

398 1355 550 1436 disputat,
579 1358 757 1432 cartalam,
787 1358 874 1436 cnjus
899 1356 947 1417 bic
972 1356 1091 1428 mentio,
1145 1355 1194 1415 bie
1208 1355 1340 1418 describi
1355 1357 1501 1420 bominem
1517 1360 1653 1431 divitem,
1669 1380 1706 1441 qu

397 1462 458 1503 non
479 1462 586 1504 msuus
608 1452 663 1505 aut
683 1443 779 1524 digiti,
805 1443 858 1505 sed
880 1443 976 1524 ipsine
999 1442 1092 1504 restis
1146 1462 1182 1502 ac
1193 1444 1604 1525 potentiasretnssplendids
1620 1448 1706 1508 restit

398 1539 602 1591 ornamentum
624 1530 729 1591 fuisse.
766 1530 861 1602 Nam,
889 1530 1002 1611 inquit,
1029 1547 1092 1591 ars·
1145 1528 1313 1611 liscumquc
1337 1533 1378 1592 sit
1400 1552 1516 1612 genere.
1540 1532 1706 1612 Onjusmod

396 1618 641 1679 salutaveris
656 1616 796 1679 candida
817 1617 896 1678 idem
910 1625 987 1690 eret,
1009 1614 1092 1695 quod
1145 1614 1231 1678 dives
1254 1618 1473 1698 Evangelicns,
1497 1622 1549 1697 qni
1569 1620 1705 1682 indnebs

397 1722 485 1765 sume
500 1704 601 1779 fibula,
623 1724 686 1785 qus
700 1706 792 1765 restis
807 1706 1013 1783 stringeretur.
1037 1704 1089 1763 At·
1144 1721 1221 1782 pura
1236 1714 1268 1765 et
1282 1706 1382 1785 bysso,
1398 1707 1469 1766 Luc.
1489 1708 1538 1767 16.

396 1811 455 1873 que
483 1791 563 1853 bunc
594 1792 689 1852 vestis
719 1789 953 1871 adstringendae
979 1802 1090 1851 morem
1189 1791 1389 1854 Conveniam
1412 1792 1535 1873 quidam
1559 1796 1706 1872 interpret

395 1878 506 1958 probat
515 1898 584 1939 cum
595 1898 633 1941 ax
644 1898 688 1951 oo,
701 1877 781 1959 quod
794 1879 903 1939 dicitnr
913 1877 1010 1937 Exod.
1023 1876 1090 1937 28.:
1143 1877 1248 1939 raliter
1270 1881 1423 1959 accipiunt
1442 1900 1497 1959 pro
1519 1889 1608 1940 coetu
1632 1879 1705 1961 pnbl

395 1966 581 2042 &ricomer
601 1967 763 2027 rationale
782 1966 915 2026 ancelii
929 1966 1004 2040 suis,
1028 1974 1091 2024 tum
1145 1964 1281 2044 profano,
1304 1986 1393 2046 quem
1414 1986 1517 2043 sser03
1541 1968 1671 2031 undeet
1686 1988 1706 2027 rr

395 2053 526 2114 mexime
551 2053 653 2113 verbis
679 2053 810 2133 Josepbi
837 2052 887 2111 lib.
918 2052 967 2112 13.
994 2052 1089 2130 antiq.
1144 2052 1257 2113 sionem
1269 2053 1407 2134 Apostoli
1418 2052 1705 2134 depersoncrumac

395 2158 461 2220 cap.
489 2142 534 2213 8.,
564 2139 615 2200 nbi
642 2148 761 2214 narrat,
790 2139 943 2202 Jonatbcs
968 2139 1090 2198 missam
1144 2158 1242 2219 seque
1265 2141 1436 2219 generalem
1455 2140 1579 2202 iaciunt.
1603 2140 1664 2203 Sed
1680 2160 1706 2201 a<

394 2226 522 2289 luisses
544 2246 617 2307 rege
638 2227 761 2288 fibulam
782 2245 913 2298 auream,
937 2234 1090 2306 gestsmen
1143 2246 1197 2305 pro
1226 2235 1385 2288 coaventu
1411 2227 1528 2288 Graece
1558 2229 1620 2307 legi
1650 2243 1705 2287 cur

394 2315 467 2377 solis
497 2314 633 2391 cognatis
661 2316 741 2394 regis
772 2333 956 2375 concessum.
995 2311 1091 2373 Addit
1144 2313 1214 2393 Quo
1230 2313 1377 2374 vocabulo
1400 2316 1518 2394 proprie
1539 2315 1704 2394 significari

393 2401 550 2475 Barouius,
570 2401 627 2463 hoo
649 2401 752 2462 innuli
773 2410 979 2461 ornamentum
993 2398 1090 2460 luisse
1143 2400 1299 2481 Scriptura
1322 2402 1391 2461 novi
1416 2401 1608 2462 Testamenti
1634 2401 1706 2461 locu

394 2488 457 2568 ejus
472 2487 536 2550 iere
550 2488 640 2560 modi,
663 2484 753 2570 quale
772 2486 854 2569 apud
869 2487 1023 2548 Romanos
1037 2506 1089 2546 no·
1143 2507 1205 2562 cns,
1227 2485 1266 2548 ad
1290 2506 1379 2566 quem
1401 2487 1512 2548 Judeei
1537 2490 1628 2549 certis
1655 2499 1706 2550 ten

392 2575 556 2639 bilissimos
587 2573 665 2637 latus
695 2577 810 2636 clerus.
850 2573 961 2635 Censet
987 2574 1089 2653 igitur,
1143 2573 1360 2635 conveniebant
1382 2573 1459 2653 legis
1483 2574 1654 2637 audiendae
1677 2596 1706 2636 as

394 2662 449 2724 boc
473 2662 538 2723 loon
559 2662 710 2743 designari
732 2663 828 2723 virum
852 2661 1021 2743 quempiam
1044 2679 1088 2719 re·
1143 2660 1199 2723 dse
1225 2679 1327 2720 causa.
1364 2660 1529 2722 Habebunt
1558 2670 1664 2723 autem
1692 2682 1706 2722 e

393 2751 482 2828 glum,
498 2751 548 2810 cui
558 2748 731 2827 hujusmodi
743 2757 949 2809 ornamentum
964 2755 1089 2826 gestare
1143 2749 1209 2809 locu
1223 2745 1324 2806 multis
1339 2746 1370 2807 in
1386 2748 1567 2809 civitatibus.
1590 2748 1683 2810 Unde
1698 2749 1706 2808 l

393 2834 499 2897 liceret
525 2836 557 2897 in
582 2845 668 2897 veste
694 2835 833 2897 candide.
870 2833 931 2895 Sed
958 2833 997 2894 de
1024 2835 1088 2895 viro
1142 2833 1311 2916 Apostolus
1326 2833 1394 2893 Act.
1412 2833 1460 2894 15.
1484 2836 1528 2895 sic
1544 2836 1602 2895 ait:
1631 2837 1706 2897 Mea

395 2925 479 3004 regio
495 2926 738 2985 commentarium
751 2924 815 3003 jem
831 2921 1023 2984 exclusimus.
1142 2942 1163 2983 a
1178 2920 1370 2998 temporibus
1384 2925 1527 2999 cruquio
1542 2922 1636 2983 babet
1651 2926 1706 2985 iss.

437 3008 529 3089 Quod
559 3020 660 3071 autem
697 3012 839 3072 annulum
875 3010 1088 3088 interpretetur
1142 3009 1330 3081 civitatibus,
1346 3011 1402 3085 qui
1417 3027 1487 3070 cum
1500 3010 1693 3085 praedicent

392 3097 523 3168 fibulam,
537 3098 664 3177 primum
680 3096 797 3159 Graeca
813 3096 903 3157 dictio
915 3088 1085 3172 χρυσοδακ-
1141 3099 1259 3173 apopis,
1271 3095 1327 3155 ebt
1342 3113 1403 3171 per
1422 3115 1514 3157 omas
1534 3096 1702 3158 sabbatum

339 3191 344 3201 '
393 3177 498 3253 τὺλιος
524 3184 555 3245 id
581 3204 640 3245 non
667 3185 781 3264 recipit.
815 3175 987 3249 Acutilio<
1008 3181 1087 3241 enim
1141 3183 1191 3243 Ex
1215 3182 1326 3262 quibus
1343 3181 1481 3261 Apostoli
1504 3183 1606 3245 verbis
1623 3183 1654 3243 id
1672 3194 1704 3246 et

391 3272 541 3352 significat
563 3270 714 3345 annulum,
736 3272 789 3352 qui
812 3269 906 3349 digito
929 3269 1086 3343 inseritur3
1141 3269 1251 3349 ligitur,
1267 3268 1619 3348 Synsgogessdudaeis
1632 3269 1706 3332 adC

392 3366 422 3417 et
436 3351 698 3436 χρυσοδακτύλιος
712 3377 789 3430 eum,
805 3360 858 3436 qni
875 3353 1018 3416 annulum
1032 3375 1085 3414 cu·
1141 3357 1292 3417 conversis
1308 3374 1366 3415 non
1383 3355 1475 3417 luisse
1495 3355 1668 3433 derelictas,
1690 3377 1705 3419 s

392 3463 476 3506 reum
490 3448 522 3505 in
537 3443 632 3525 digito
647 3453 757 3524 gestat.
779 3444 845 3505 Nec
864 3460 993 3522 usquam
1009 3436 1086 3499 δακ-
1140 3452 1271 3503 mutatas
1285 3443 1316 3501 in
1331 3441 1484 3504 Ecclesiae
1500 3441 1624 3516 Christi,
1648 3443 1694 3506 sic

392 3524 490 3591 τύλων
506 3538 578 3609 puto
593 3532 718 3612 reperiri
742 3551 796 3610 pro
811 3529 914 3601 fibula,
937 3529 995 3589 nisi
1010 3527 1087 3588 forte
1141 3539 1173 3589 et
1187 3525 1288 3590 Moses
1303 3550 1384 3590 more
1400 3531 1495 3590 reteri
1511 3530 1671 3610 legeretur,
1690 3549 1706 3592 s

391 3638 446 3698 per
469 3617 666 3678 catachresim
689 3620 873 3678 inusitatum.
896 3615 1015 3676 Etenim
1031 3634 1086 3676 nec
1139 3616 1237 3697 gelica
1261 3616 1397 3677 docmina
1418 3615 1600 3686 traderetur,
1627 3625 1656 3680 el
1684 3635 1706 3678 rs

392 3705 471 3786 apud
495 3704 680 3783 Josephnm,
706 3724 761 3764 nec
786 3702 867 3784 apud
893 3701 993 3763 LXX.
1020 3700 1085 3761 loco
1140 3701 1333 3764 Christianae
1348 3704 1492 3782 mysteria
1507 3712 1706 3782 peragerentu

391 3791 489 3852 Exodi
512 3792 613 3863 citato,
629 3792 720 3870 juxte
743 3791 892 3852 Sixtinnm
914 3788 1085 3861 editionem,
1183 3789 1282 3869 Igitur
1292 3788 1466 3869 hujusmodi
1478 3798 1706 3852 concentione

391 3898 471 3958 quse
499 3878 644 3940 sincerior
672 3886 736 3952 est,
766 3870 930 3944 δακτύλιος
960 3875 1085 3955 legitur;
1139 3876 1178 3937 nb
1194 3874 1300 3936 codem
1313 3875 1460 3958 Apostolo
1476 3876 1649 3957 significari,
1665 3877 1706 3960 pls

391 3963 464 4027 lieet
486 3964 539 4026 alii
563 3966 687 4045 quidam
710 3961 828 4026 codices
850 3962 990 4026 habeant.
1021 3961 1086 4021 Nec
1140 3963 1304 4023 verisimile
1328 3973 1387 4037 ectr
1409 3965 1586 4043 praesertim
1610 3965 1696 4044 quod

386 4053 478 4131 jurat
493 4051 603 4112 dictem
619 4052 904 4129 interpretstionem‚
920 4047 1002 4129 quod
1013 4046 1084 4107 dici·
1140 4050 1192 4128 qui
1208 4059 1296 4110 erent
1306 4050 1336 4110 in
1350 4050 1534 4128 dispersione
1548 4045 1631 4125 (narn
1642 4050 1682 4112 ad
1698 4071 1706 4112 s

391 4147 454 4199 tnr:
480 4141 518 4199 isa
540 4146 623 4199 vaus
645 4137 805 4215 candida5
835 4138 926 4218 qussi
951 4134 1084 4197 annulus
1140 4136 1281 4215 Epistola
1291 4132 1478 4210 orabuntur),
1492 4137 1567 4198 alios
1580 4147 1689 4200 coetus
1701 4159 1706 4220 1

389 4223 575 4305 intelligetur
590 4227 666 4285 vesti
691 4233 822 4286 assutus
844 4224 923 4284 Nam
939 4221 1084 4283 Hebreis·
1140 4224 1169 4282 in
1185 4223 1360 4284 civitatibus
1376 4222 1488 4283 babere
1499 4226 1554 4285 vix
1564 4223 1679 4288 fuerint

389 4329 457 4372 mss
471 4322 526 4385 est,
547 4312 645 4392 qunlis
660 4310 748 4386 idem,
762 4331 828 4372 cum
845 4309 937 4372 dixit:
960 4312 996 4370 isi
1008 4325 1085 4386 pcr-
1139 4310 1220 4370 Hinc
1237 4309 1301 4388 jem
1324 4307 1518 4371 manifestius
1533 4322 1665 4392 apparet

389 4416 543 4462 sonarum
568 4401 751 4475 acceptiores
759 4422 771 4475 ,·
794 4399 932 4459 nimirum
960 4415 1015 4477 pro
1038 4413 1085 4468 eo,
1140 4393 1345 4476 supradixi),
1370 4396 1409 4456 de
1430 4416 1630 4477 personarum
1654 4415 1706 4460 aas

390 4487 471 4567 quod
486 4485 613 4548 diceret:
636 4505 704 4545 cum
727 4493 812 4548 veste
827 4482 963 4559 candida,
985 4483 1016 4544 id
1032 4491 1086 4554 eet,
1140 4502 1219 4563 quae
1241 4483 1435 4563 contingebat
1458 4485 1488 4543 in
1511 4485 1706 4558 coerentibus

389 4571 547 4654 splendide
562 4574 700 4634 vestitus.
1139 4570 1273 4642 siasticis,
1283 4570 1460 4650 Apostolum
1470 4571 1635 4652 praecipue
1641 4571 1706 4654 loqi

432 4657 589 4722 (laetorum
604 4666 730 4732 constat,
746 4655 828 4737 apud
842 4657 1004 4728 Romanos,
1028 4655 1084 4716 snb
1140 4665 1168 4716 et
1192 4656 1328 4729 Liranus,
1354 4666 1384 4716 et
1409 4656 1497 4717 multi
1522 4661 1706 4722 neoterieott

390 4766 517 4827 quornm
544 4745 671 4827 imperio
696 4743 915 4824 dagoberthi,
940 4742 980 4803 ad
1006 4762 1084 4823 quos
1139 4745 1234 4819 liunt,
1260 4750 1294 4802 nt
1316 4743 1522 4817 Hesselanus,
1545 4743 1659 4824 stns.
1685 4743 1706 4808 0

390 4833 492 4896 scribit
505 4833 682 4914 Apostolus,
704 4831 790 4892 aurei
812 4829 925 4891 annulli
949 4827 1085 4908 gestandi
1140 4831 1197 4889 imo
1213 4837 1244 4889 et
1265 4832 1376 4890 sentire
1397 4829 1520 4892 ridetur
1533 4832 1706 4912 Angnatiau

389 4939 478 4980 usum
499 4918 593 4997 inisse
619 4920 651 4979 in
676 4915 788 4999 populo
810 4916 1003 4997 frequentem.
1036 4917 1086 4977 De
1138 4916 1276 4996 Apostoli
1307 4917 1405 4977 locum
1435 4926 1566 4980 trartnns
1599 4921 1632 4982 in
1656 4917 1706 5002 R}

388 5025 452 5087 qna
466 5026 501 5068 re
522 5003 591 5070 vide
605 5004 838 5068 b'evardentium
860 5001 1038 5100 scribentem
1054 5003 1085 5064 iu
1106 5045 1112 5076 ,
1137 5004 1247 5085 scripte
1273 5002 1312 5063 ad
1334 5003 1564 5085 Hieronymum.
1598 5007 1706 5094 Expp
