4442 5825
782 584 945 640 selssolse
962 585 1002 639 AD
1020 583 1185 639 HEBRAEOS
1220 586 1304 640 VERS.
1322 587 1364 640 25.
1382 587 1424 640 se.
1752 591 1825 662 πῖ

377 761 447 847 quin
461 762 565 843 potius
580 762 659 825 inter
672 761 764 840 liujus
781 764 863 824 vites
877 781 1032 843 pressuras
1049 775 1079 823 et
1130 763 1193 838 lus,
1220 762 1300 824 diem
1323 762 1406 824 illum
1425 767 1708 841 appropinquare,
1736 763 1766 824 id
1782 774 1829 825 est

373 852 621 933 persecutiones,
636 852 754 931 quoties
771 850 955 923 convenitis,
971 849 1076 910 edhor·
1130 849 1273 911 accedere
1296 853 1393 931 magis
1414 871 1451 911 ac
1473 853 1586 931 magis,
1611 852 1727 911 etiamsi
1749 850 1826 912 forte

372 937 481 997 finini
495 944 601 997 mutuo
616 936 655 998 ad
670 937 865 1017 patientiam,
885 935 1076 997 consolantes
1131 938 1234 1017 procul
1257 936 1355 998 adhue
1372 938 1458 998 absit.
1490 936 1582 1016 Quod
1604 933 1719 1018 absque
1737 937 1826 998 dubio

371 1040 429 1085 vce
452 1042 511 1103 spe
534 1020 656 1084 luurrae
680 1023 894 1085 retributionis.
931 1023 1077 1083 Erasmus
1130 1042 1232 1084 verum
1250 1031 1310 1098 est,
1323 1033 1352 1084 et
1367 1024 1570 1085 difficultatem
1585 1024 1759 1085 nonhabet.

371 1111 481 1171 vertit:
507 1110 573 1171 Sed
594 1111 799 1172 odbertuntes
818 1114 971 1184 invicem,
999 1128 1076 1189 quae
1173 1108 1336 1172 Caeterum
1367 1119 1542 1191 argumento
1573 1111 1633 1171 diei
1663 1113 1824 1192 appropin-

371 1196 500 1259 mculr:
524 1199 678 1271 inuicem,
705 1195 826 1257 additur
841 1199 931 1257 otim
947 1197 978 1256 in
992 1203 1076 1255 textu
1129 1198 1251 1276 quantis
1266 1199 1376 1271 utitur,
1396 1206 1549 1279 tamquam
1566 1196 1673 1257 idoneo
1687 1196 1725 1257 ed
1741 1218 1825 1280 spem

371 1284 584 1345 commentsrii
597 1283 798 1344 Ambrosieni.
1129 1281 1302 1345 acuendum.
1326 1284 1416 1364 Quod
1432 1304 1467 1344 eo
1482 1283 1549 1366 plns
1565 1283 1656 1356 velet,
1676 1288 1825 1365 quoniam,

406 1370 457 1433 Et
473 1377 574 1433 tereto
588 1371 699 1447 mauis,
719 1377 840 1449 quanto
858 1368 1000 1428 sideritis
1014 1385 1075 1444 cp·
1129 1370 1185 1430 etsi
1200 1369 1264 1430 dies
1280 1370 1331 1431 ille
1346 1372 1468 1431 multum
1484 1370 1582 1433 adhuc
1596 1370 1757 1447 differatur,
1781 1381 1824 1432 te·

468 1464 653 1536 sequentem
660 1456 752 1517 diem.
774 1453 1074 1530 Videritir,Graece:
1128 1475 1196 1516 men
1212 1455 1277 1516 diss
1292 1458 1412 1531 mortis,
1435 1460 1486 1539 qni
1500 1458 1665 1538 uuicuique
1680 1455 1758 1518 diem
1773 1477 1825 1519 ex-

467 1558 505 1602 ce
513 1589 527 1620 ,
550 1545 672 1605 violetis.
709 1545 803 1604 Diem
819 1551 919 1603 autem
934 1539 1076 1620 intelligit
1128 1544 1215 1602 tremi
1227 1542 1342 1622 judicii,
1357 1545 1417 1605 imo
1433 1553 1463 1605 et
1477 1544 1690 1617 retributionis,
1705 1562 1822 1624 reprae

371 1628 526 1693 mter
542 1632 664 1691 Domini
687 1649 741 1691 eeu
763 1630 882 1691 loturae
905 1627 1073 1688 retributio·
1128 1638 1242 1702 sentut,
1269 1630 1358 1709 longe
1377 1631 1485 1692 abesse
1506 1651 1567 1693 nou
1582 1638 1689 1712 potest.
1727 1629 1824 1705 Adde,

371 1716 542 1871 &cujus
556 1728 642 1779 certa
656 1717 880 1797 exspectatione
895 1715 978 1788 vult,
993 1723 1028 1774 ut
1042 1733 1075 1774 se
1127 1714 1208 1795 quod
1233 1716 1280 1777 hic
1307 1717 1451 1798 loquendi
1477 1720 1601 1791 modus,
1627 1737 1689 1798 quo
1715 1718 1824 1779 dicitur

449 1823 473 1865 u
489 1804 698 1866 consolentur.
729 1803 782 1879 Id,
798 1805 910 1883 inquit,
924 1821 961 1862 eo
976 1802 1073 1880 magis
1127 1807 1393 1881 appropinquare
1415 1805 1481 1865 dier
1501 1806 1653 1880 Domini,
1681 1805 1825 1866 fundatur

371 1884 458 1975 ''ijue
474 1890 628 1953 libentius
645 1889 753 1964 facite,
775 1891 856 1972 qnod
876 1888 1007 1951 videatis
1022 1907 1072 1966 ep·
1127 1891 1157 1949 in
1171 1909 1223 1964 eo,
1247 1890 1328 1971 quod
1343 1899 1436 1953 totum
1457 1900 1579 1973 tempus
1593 1912 1612 1952 a
1627 1892 1721 1974 primo
1738 1890 1822 1952 Chri·

371 1958 584 2061 fibpiuquare
599 1977 678 2040 diem
694 1977 794 2053 illum,
809 1996 870 2056 quo
885 1973 973 2051 fidei,
989 1974 1070 2035 labo·
1127 1978 1165 2037 sti
1186 1977 1319 2039 adventu
1340 1978 1492 2059 usquead
1513 1977 1675 2040 secundum
1698 1986 1825 2041 vocatur

371 2062 460 2129 buc
474 2066 651 2146 patientius
672 2074 792 2125 vestrae
813 2061 979 2124 mercedem
1001 2061 1074 2121 estis
1126 2065 1157 2124 in
1172 2063 1332 2145 scripturis
1355 2068 1527 2126 nonnemo
1545 2067 1643 2140 bora,
1667 2074 1699 2126 et
1712 2068 1822 2129 novit·

393 2148 401 2155 ”
495 2154 535 2213 ri.
567 2152 648 2213 Nam
663 2152 743 2212 sicut
757 2153 800 2212 rei
814 2159 953 2232 speratae
968 2148 1072 2209 dilutio
1125 2153 1196 2212 simi
1208 2152 1284 2226 dier,
1300 2152 1371 2211 item
1383 2156 1612 2213 consummatio
1624 2155 1822 2215 eumulmum

526 2238 650 2320 affligit,
676 2240 765 2300 Pror.
783 2241 848 2311 13„
873 2239 916 2297 ita
935 2234 1072 2315 ejusdem
1126 2239 1227 2316 capite
1241 2237 1440 2319 praecedenti.
1475 2237 1544 2317 Quo
1559 2259 1727 2314 monemur,
1752 2248 1822 2320 post

461 2328 628 2407 pinquatio
642 2334 773 2400 recreat,
799 2332 830 2384 et
852 2324 893 2386 ad
908 2341 984 2403 opus
998 2320 1074 2381 iacit
1126 2325 1183 2385 hoc
1198 2332 1332 2404 tempus,
1354 2324 1441 2387 velut
1462 2324 1597 2385 ultimam
1620 2325 1724 2387 mnndi
1738 2334 1820 2387 aeta·

446 2416 561 2475 'orem
599 2410 690 2476 Unde
716 2418 760 2486 et,
790 2430 870 2491 quse
893 2407 1073 2470 naturaliter
1125 2419 1192 2484 tom,
1207 2430 1267 2472 nou
1278 2409 1363 2471 aliud
1376 2413 1406 2471 in
1422 2413 1645 2491 exspectatione
1656 2412 1822 2473 nobieeese

371 2510 550 2575 noventur,
576 2518 638 2580 quo
660 2501 784 2580 propius
798 2496 947 2558 accedunt
960 2494 1001 2556 ed
1014 2503 1070 2555 ter·
1125 2497 1249 2571 debere,
1276 2517 1367 2578 quam
1394 2496 1458 2559 dies
1484 2498 1701 2561 retributionis.
1738 2500 1822 2560 Loca

371 2588 498 2663 fisum,
514 2586 707 2648 ecferuntur
721 2586 857 2647 celerius.
1125 2586 1238 2645 similia
1253 2594 1324 2645 sunt
1337 2586 1421 2645 Rom
1440 2589 1505 2648 13.:
1534 2586 1628 2647 Nunc
1643 2589 1729 2648 cuim
1740 2603 1821 2663 pro·

404 2673 472 2737 eeu
484 2671 641 2757 quomodo
653 2674 740 2735 dicit:
756 2673 1070 2749 appropinquantem
1121 2675 1198 2750 pior
1213 2679 1256 2732 nt
1270 2679 1382 2733 nostro
1396 2673 1482 2733 solur
1486 2716 1497 2747 ,
1520 2691 1617 2749 quum
1632 2691 1703 2735 cum
1718 2672 1822 2734 credi·

371 2758 471 2837 Ιαιι,
499 2762 557 2842 qui
572 2760 634 2821 illis
649 2759 747 2821 adhuc
761 2769 822 2819 tam
837 2758 941 2839 procul
956 2756 1071 2828 aberat,
1124 2759 1245 2835 dimus,
1262 2768 1294 2819 et
1308 2758 1387 2819 Phil.
1404 2762 1449 2820 t:
1479 2761 1639 2821 Dominus
1653 2779 1753 2837 prope
1768 2767 1820 2821 cet

371 2860 398 2911 Ι
416 2866 462 2911 uc
483 2848 577 2909 nobie
599 2846 738 2929 quidem,
767 2854 837 2926 post
858 2852 904 2905 tot
926 2861 1071 2905 annorum
1125 2845 1243 2927 Quibus
1255 2845 1330 2906 locis
1340 2844 1411 2905 vide
1423 2849 1820 2908 commentorinmnoetrum.

371 2933 505 3008 ucula,
517 2935 587 3014 jem
601 2935 731 2995 ricinum
746 2951 813 2994 esse
829 2932 979 3014 possimne
994 2930 1069 2990 affir·
1169 2935 1219 2993 26.
1247 2933 1436 2994 Voluntarie
1447 2936 1533 2994 enim
1546 2935 1750 3009 peccantibus
1760 2952 1821 2996 no-

371 3021 478 3096 me?
500 3023 567 3084 Hic
581 3021 738 3102 scrupulus
751 3021 847 3081 movit
858 3017 1022 3099 quosdam,
1037 3025 1072 3075 ut
1124 3019 1169 3080 bis
1195 3028 1269 3098 post
1297 3027 1457 3096 acceptum
1487 3024 1634 3082 notitiam
1666 3024 1820 3097 vemwtit,

371 3095 446 3174 h
463 3130 531 3172 nen
547 3109 673 3170 extremi
684 3106 808 3187 judicii,
829 3105 885 3166 sed
900 3106 1013 3177 mortis,
1028 3104 1071 3163 in·
1119 3111 1274 3182 jamnon
1285 3107 1550 3183 relinquiturpro
1560 3109 1820 3185 peccotiaboatiu.

371 3195 572 3280 fflgeuslrm
587 3202 736 3276 putarent.
775 3191 866 3275 Quod
880 3213 941 3253 non
956 3191 1071 3274 placet,
1124 3193 1194 3274 Quo
1210 3203 1294 3255 textu
1308 3203 1394 3267 nota,
1424 3193 1479 3254 has
1494 3193 1656 3256 dictiones:
1682 3214 1821 3273 procun-

371 3277 428 3352 h
441 3285 525 3360 uuis
540 3301 601 3343 uon
616 3281 656 3343 (le
678 3281 805 3361 ungulis
820 3280 882 3359 agit
898 3278 1070 3360 Apostolus,
1123 3282 1206 3342 tibus
1220 3282 1312 3343 nobis
1318 3324 1329 3355 ,
1346 3300 1406 3340 non
1421 3299 1486 3341 esse
1502 3280 1629 3355 dativus,
1645 3283 1699 3362 qui
1714 3302 1819 3362 regan·

371 3349 420 3440 ffi
442 3369 488 3432 de
512 3377 666 3432 conventu
689 3386 744 3429 seu
767 3366 981 3428 communitate
998 3362 1069 3425 fide·
1124 3377 1173 3428 tur
1187 3388 1206 3427 a
1220 3368 1330 3429 verbo:
1360 3367 1571 3445 relinquitur,
1596 3367 1650 3429 sed
1670 3368 1820 3430 abletivoe

371 3439 460 3538 ᾖ,
482 3459 516 3519 iu
532 3475 597 3536 qua
609 3455 677 3517 aliis
691 3453 887 3515 morientibus
902 3453 956 3514 alii
970 3469 1070 3514 succe·
1124 3455 1261 3515 absolute
1276 3455 1405 3534 positos,
1432 3455 1508 3514 sicut
1527 3473 1565 3514 ex
1582 3453 1700 3516 Graeco
1723 3456 1818 3516 meni·

451 3566 462 3622 ς
488 3551 556 3604 urm
578 3559 653 3602 vero
669 3542 742 3622 quia
764 3540 829 3601 dies
843 3540 975 3601 solitarie
990 3537 1069 3618 posi·
1124 3540 1234 3603 festum
1247 3550 1300 3601 eet
1323 3539 1473 3601 Undeulii
1484 3540 1702 3602 resolvuuthoc
1715 3549 1819 3622 pacto:

395 3631 431 3708 ’,
455 3630 639 3714 premerem
661 3625 764 3688 sddito
791 3627 933 3700 articulo,
960 3633 995 3685 nt
1016 3625 1071 3685 boc
1125 3630 1249 3688 Nomai
1270 3623 1333 3703 (vel
1352 3623 1419 3702 ubi)
1442 3628 1623 3689 voluntarie
1643 3647 1817 3704 precamur.

371 3703 452 3796 k:
466 3707 527 3796 τὴν
542 3706 672 3796 ἡμέραν,
687 3733 746 3776 non
762 3714 837 3775 slim
854 3713 918 3775 fere
933 3712 1011 3774 solet
1026 3713 1069 3771 in·
1124 3714 1206 3775 Illurl
1222 3733 1358 3794 quoque:
1376 3717 1447 3788 jum
1464 3733 1531 3775 non
1546 3716 1739 3792 relinquitur
1753 3724 1819 3789 etc,

371 3793 466 3886 Η
493 3803 531 3866 iu
559 3802 722 3883 ereptoris
749 3799 947 3882 Apostolicis,
979 3818 1071 3879 quum
1124 3812 1194 3861 note
1216 3801 1324 3861 elarius
1346 3819 1385 3861 ex
1401 3799 1519 3861 Graeco
1543 3802 1635 3861 verti:
1657 3813 1730 3863 'non
1749 3821 1820 3863 um·

371 3873 647 4060 wudu
667 3888 777 3969 judicii
800 3908 836 3948 ac
858 3886 1070 3948 retributionis.
1121 3888 1226 3965 plius,
1243 3886 1309 3948 vel:
1333 3905 1400 3947 non
1414 3888 1503 3948 ultro
1515 3906 1578 3964 pro
1591 3892 1727 3964 percutit
1741 3889 1819 3949 reli·

371 4037 376 4044 ,
547 3982 619 4038 sunt
642 3975 785 4036 l'I'hees.
801 3976 848 4046 2.,
875 3974 1016 4034 2'I'hees.
1035 3977 1071 4044 1.,
1123 3994 1188 4052 quc
1207 3975 1374 4035 cstbostie.

371 4047 486 4144 ffb.
502 4065 534 4125 l.
548 4063 625 4124 ets.
1166 4063 1279 4122 Locum
1290 4060 1369 4121 hunc
1380 4059 1528 4140 Apostoli,
1544 4060 1667 4139 perinde
1678 4069 1712 4122 ut
1725 4062 1819 4137 illum,

374 4137 593 4216 *moenem
614 4149 723 4230 igitur,
745 4144 923 4228 Apostolum
946 4164 1006 4205 non
1027 4144 1068 4206 di·
1124 4150 1175 4228 qni
1193 4157 1238 4207 cet
1252 4168 1316 4227 cap.
1334 4150 1378 4208 6.:
1400 4147 1597 4223 Impossibile
1613 4155 1656 4210 ert
1672 4168 1738 4225 coe,
1763 4152 1818 4228 qui

373 4247 453 4318 uu,
475 4235 562 4320 quud
576 4235 642 4297 dies
664 4234 716 4296 ille
734 4235 799 4313 jam
822 4234 1006 4314 propinquus
1022 4233 1070 4306 sit,
1124 4235 1217 4295 semel
1246 4242 1321 4295 sunt
1346 4234 1525 4295 illuminati
1554 4241 1627 4310 etc,
1657 4236 1819 4298 Novetiani

371 4305 461 4422 μ
486 4331 637 4388 venturus
661 4330 762 4384 aetate
787 4339 902 4393 eorum,
930 4318 969 4380 ad
995 4339 1070 4400 qnos
1124 4320 1276 4400 quondum
1292 4340 1346 4381 suo
1362 4320 1511 4399 dogmati,
1533 4340 1593 4401 quo
1609 4320 1701 4402 lapsis
1716 4324 1817 4403 poeui-

372 4407 483 4490 ffl
537 4409 722 4491 Hujuemodi
751 4409 830 4469 enim
856 4426 976 4468 sensum
1004 4407 1070 4488 ipse
1123 4410 1247 4468 tentiam
1262 4408 1430 4488 negabant,
1448 4406 1609 4469 vendicare
1625 4410 1724 4470 conati
1739 4417 1818 4470 sunt.

371 4499 446 4578 ffi
461 4497 598 4578 corrigit,
612 4504 646 4558 ut
660 4498 680 4558 2
692 4495 801 4557 'l'beee
814 4498 852 4567 2.,
867 4512 990 4554 monens
1006 4513 1068 4567 eos,
1123 4493 1242 4574 Quibus
1268 4496 1376 4573 ntique
1401 4496 1499 4573 prima
1524 4494 1602 4557 fecie
1626 4516 1686 4555 non
1711 4514 1818 4574 parum

371 4583 408 4652 Tu
420 4593 614 4658 terrsmtur,
633 4592 797 4660 tamquam
812 4583 906 4642 instet
921 4580 985 4640 dier
999 4582 1069 4641 Do·
1122 4581 1241 4643 ridetur
1255 4580 1419 4660 suffragari.
1442 4580 1530 4660 Quae
1542 4583 1633 4642 etiem
1648 4600 1739 4642 cauea
1753 4582 1819 4657 suit,

371 4675 461 4738 ffli-
498 4669 634 4751 corrigit
654 4671 746 4732 etium
760 4668 869 4729 Petrus
886 4666 1015 4746 sepiat
1031 4671 1069 4742 3.,
1122 4676 1157 4729 nt
1170 4667 1252 4749 apud
1268 4668 1416 4747 quosdam
1428 4665 1600 4729 Catholicos
1612 4676 1751 4748 suspecta
1765 4666 1817 4727 hs·

371 4771 462 4848 {m
476 4757 628 4820 sciemus
649 4776 714 4829 eos,
741 4756 795 4836 qui
817 4754 976 4815 dicebant:
1010 4754 1070 4816 Ubi
1121 4755 1244 4817 beretur
1265 4754 1341 4815 haec
1355 4754 1509 4833 Epistola,
1530 4754 1680 4834 fueritque
1701 4753 1818 4815 tardius

371 4855 411 4912 11
420 4847 602 4928 promissio
614 4851 674 4906 out
686 4842 843 4904 moenem
857 4841 948 4918 cius?
971 4841 1069 4915 (locet,
1121 4842 1154 4903 iu
1174 4842 1386 4904 auctoritatem
1409 4849 1542 4921 recepta3
1569 4843 1649 4900 sicut
1669 4842 1700 4900 iu
1719 4839 1816 4920 prole

371 4935 457 4998 suto
470 4951 579 4996 onnes
592 4931 683 5009 opud
696 4930 875 4991 Dominum
890 4945 962 5004 oue,
990 4929 1071 4990 siout
1121 4930 1259 5009 gononis
1288 4927 1445 5008 Epistulae
1465 4925 1658 4988 ostendimus.
1699 4927 1742 4988 Ut
1762 4928 1817 5008 igi·

371 5023 454 5086 iiam
467 5039 583 5084 murra
620 5015 682 5080 eeu
695 5015 768 5078 dicit
788 5014 845 5077 boc
858 5014 926 5077 loro
938 5014 1068 5096 Aposto-
1121 5021 1173 5077 tur
1194 5013 1398 5096 intelligatur,
1423 5014 1504 5076 hunc
1523 5014 1623 5075 locum
1638 5013 1817 5077 Noretianie

418 5137 492 5182 serr.
508 5131 785 5179 stertentum
1567 5119 1609 5180 1⁷
