4442 5825
389 594 437 664 37
441 594 466 665 0
890 584 1122 649 COMMENTARIUS
1139 584 1171 639 ιιι
1189 585 1255 640 atr.
1273 584 1333 639 xm.

391 784 445 826 suo
457 757 546 839 loco),
558 782 619 823 non
630 760 755 822 multum
771 759 933 822 verisimile
946 769 998 833 est,
1011 780 1086 834 eum,
1141 770 1170 822 ct
1192 763 1249 823 ritu
1271 763 1429 842 utriusque
1451 761 1598 823 offerendi
1624 783 1637 823 r

388 869 468 913 nnnc
494 846 577 909 aliud
603 855 755 929 agentem,
786 849 869 908 velut
894 867 932 907 ex
959 848 1086 928 abrupto
1140 848 1240 909 derari
1253 859 1380 929 possunt
1391 852 1546 929 mysteria,
1559 869 1637 929 quae

388 938 522 1000 voluisse
537 935 576 996 de
588 935 735 996 sacrificio
748 936 905 996 incruento
920 954 1086 995 sermonem
1142 945 1173 996 et
1190 934 1256 996 aliis
1273 935 1428 996 enucleate
1443 945 1511 996 sunt
1527 936 1636 1015 exposi

390 1026 544 1104 ingerere,
582 1021 636 1083 sed
665 1022 762 1103 potins
793 1023 908 1083 cruenti
939 1022 969 1081 in
1000 1039 1087 1081 cruce
1183 1022 1244 1083 Sed
1260 1022 1418 1100 allegoria,
1443 1042 1535 1102 quam
1551 1023 1637 1083 hicir

389 1111 482 1172 oblati
496 1111 670 1170 memoriam
692 1129 731 1169 ax
745 1108 908 1169 antedictis
928 1127 1085 1167 renovare.
1140 1109 1249 1182 stolus,
1267 1110 1297 1169 in
1313 1129 1348 1169 eo
1365 1112 1421 1168 sita
1437 1119 1497 1181 est,
1521 1111 1624 1190 quod,

434 1197 504 1276 Quo
515 1216 605 1257 sensu
616 1204 719 1256 autem
728 1194 765 1255 de
773 1195 861 1255 altari
870 1196 968 1256 crucis
976 1192 1087 1256 edendi
1138 1196 1216 1277 legis
1231 1195 1365 1276 pontifex
1382 1195 1419 1255 de
1435 1196 1603 1270 sacrificio,
1620 1216 1637 1277 q

390 1304 445 1347 nos
461 1291 645 1365 potestatem
668 1282 780 1342 habere
802 1282 952 1354 dicamur,
980 1292 1011 1341 et
1026 1300 1086 1341 uon
1139 1282 1306 1364 populique
1328 1291 1452 1364 peccato
1476 1283 1629 1344 obtulerat

387 1372 448 1445 illi,
476 1372 527 1451 qui
543 1368 738 1430 tabernaculo
761 1366 952 1441 deserviunt,
978 1366 1086 1429 intelli·
1140 1369 1245 1441 debat,
1270 1369 1324 1429 sed
1346 1369 1520 1431 animalium
1543 1372 1634 1430 immo

388 1460 468 1539 gitur
483 1477 522 1518 ex
535 1456 636 1518 verbis
652 1457 681 1517 S.
699 1455 837 1516 Thomas
862 1474 953 1536 supra
972 1456 1086 1536 positia.
1140 1476 1214 1535 pora
1229 1455 1436 1517 cremabantur
1451 1465 1539 1518 extra
1554 1465 1637 1518 castr

388 1545 453 1606 Nos
469 1545 548 1604 enim
563 1564 601 1603 cx
617 1563 652 1603 eo
668 1541 791 1616 edimus,
807 1540 876 1602 dum
892 1543 1023 1602 fructum
1038 1561 1085 1600 se·
1140 1563 1267 1624 cumque
1277 1541 1472 1603 tabernaculo
1482 1543 1637 1605 deserviur

388 1632 461 1692 lutis
477 1651 516 1691 ex
537 1650 625 1691 cruce
641 1628 765 1703 Christi,
792 1638 945 1709 tamquam
968 1629 1086 1688 vivifico
1140 1642 1264 1732 possunt
1286 1629 1323 1689 de
1345 1629 1434 1690 altari
1457 1633 1570 1702 crucis,
1593 1630 1627 1690 id

388 1718 488 1801 ligno,
525 1718 691 1798 excipimus.
714 1676 839 1777 illinon
878 1724 997 1788 ossunt,
1013 1735 1084 1795 quo·
1139 1720 1292 1798 percipere
1314 1716 1352 1776 de
1371 1718 1517 1778 sacrificio
1541 1737 1633 1797 super

390 1808 471 1867 uiam
481 1739 544 1881 ιιι
571 1803 703 1883 explicat
728 1737 875 1879 Liranusl)
896 1804 950 1882 qni
976 1800 1087 1880 legalia
1141 1804 1256 1877 oblato,
1286 1804 1459 1883 praesertim
1487 1824 1582 1884 quum
1615 1825 1637 1865 e

390 1889 560 1953 custodiunt
581 1887 677 1970 (quod
700 1890 904 1970 designetur*
896 1911 925 1949 m
946 1891 1086 1949 servitute
1139 1891 1262 1951 fuerit
1254 1910 1323 1967 igne
1350 1892 1500 1970 passionis
1526 1911 1637 1953 consur

390 1973 598 2052 tabernaculi),
613 1996 673 2036 non
689 1976 800 2037 habent
814 1977 974 2056 partemin
992 1975 1086 2035 effica-
1142 1980 1243 2051 itaque
1259 1975 1370 2057 duplex
1386 1976 1525 2058 probatio
1542 1980 1586 2037 rei
1599 1998 1636 2058 pr

390 2068 437 2127 eia
450 2066 600 2145 passionis
616 2061 737 2124 Christi.
767 2064 849 2123 Hinc
863 2061 942 2123 idem
957 2063 1085 2143 Aposto·
1141 2084 1179 2124 ex
1195 2084 1241 2137 eo,
1258 2066 1330 2143 quia
1346 2063 1383 2123 de
1399 2064 1637 2141 illosacrifinior

391 2152 439 2213 ius
469 2153 527 2212 ait:
557 2152 593 2213 ,Si
621 2151 911 2225 circumcidamini,
948 2151 1088 2211 Christus
1142 2150 1266 2222 edebat,
1287 2160 1317 2211 ct
1333 2152 1406 2230 quia
1422 2153 1637 2225 cremabatur,

389 2241 478 2302 vobis
499 2238 580 2299 attii
601 2238 748 2314 proderit
755 2261 767 2315 ,·
794 2238 971 2297 etiterum:
997 2237 1087 2297 Eva·
1141 2237 1210 2298 Non
1235 2238 1311 2297 enim
1336 2236 1475 2311 sacerdos
1498 2239 1637 2318 egrediei

389 2331 476 2388 cuati
490 2327 563 2386 estis
577 2344 598 2384 a
614 2324 737 2386 Christo
745 2370 755 2399 ,
772 2328 827 2401 qui
842 2326 877 2382 ιἰι
893 2325 958 2400 Ιιιιι
969 2323 1087 2399 justiti·
1141 2344 1223 2395 curn,
1247 2324 1298 2383 uhi
1315 2325 1466 2385 immolata
1482 2346 1609 2407 corpora
1619 2348 1637 2403 ,o

390 2415 528 2491 camiui,·
545 2430 565 2471 ιι
580 2414 686 2489 pratia
703 2412 869 2484 excidistis,
887 2409 953 2471 Gal.
963 2411 992 2472 6.
1017 2410 1086 2469 Hoc
1141 2420 1198 2471 tur.
1223 2411 1469 2491 Quamquumvis
1482 2415 1637 2493 praecipui

390 2501 478 2562 etiam
501 2501 643 2580 pertinet,
671 2497 753 2579 quod
775 2518 883 2577 corpus
906 2498 1031 2569 Christi,
1059 2497 1088 2555 in
1141 2507 1187 2558 cst
1204 2499 1233 2557 in
1250 2498 1302 2557 illo
1319 2501 1426 2577 priore.
1466 2499 1637 2567 Videture

391 2606 478 2647 cruce
494 2584 635 2657 oblatum,
649 2585 736 2665 panis
751 2596 876 2644 iocatur
890 2583 950 2643 fide
965 2582 1086 2643 manda
1141 2585 1188 2645 lus
1204 2587 1246 2645 ita
1269 2584 1349 2645 velle
1370 2584 1484 2647 dicere
1509 2586 1635 2666 Quod'
1616 2609 1636 2647 ιι

391 2672 513 2745 candus,
528 2672 726 2733 atlhanti..
749 2672 886 2745 Paair,'
878 2672 979 2751 inquit,
996 2688 1087 2745 quem
1141 2669 1249 2732 naculo
1265 2670 1440 2732 deserviunt
1448 2692 1537 2747 ,ιιοιι
1559 2675 1637 2755 possi

393 2778 448 2836 epo
465 2759 557 2833 dubo,
574 2777 649 2818 earo
664 2777 735 2818 meo
751 2765 804 2832 est,
823 2775 916 2836 quam
934 2775 990 2834 epo
1006 2754 1088 2815 dabo
1141 2767 1243 2825 nostro
1260 2744 1364 2832 altari,
1380 2758 1411 2818 id
1427 2759 1520 2839 probo
1538 2779 1577 2821 cx
1593 2760 1637 2841 leg

390 2863 452 2924 pro
467 2845 582 2905 mundi
597 2848 681 2917 vitu,
699 2844 838 2906 scilicet
830 2866 861 2904 ιιι
876 2863 972 2904 cruce.
1141 2855 1233 2905 strum
1250 2844 1345 2904 altare
1360 2865 1394 2904 ac
1410 2846 1585 2905 sacrificium
1606 2866 1637 2907 cr

437 2934 749 3013 supercrearetur
774 2932 966 2992 naturalium
982 2930 1087 3008 inser·-
1141 2952 1222 2992 mum
1244 2931 1301 2991 fuit
1322 2934 1522 3035 significatum
1546 2954 1637 3013 perc

392 3028 446 3081 tur·
460 3022 591 3095 ιιιιιιιιιιι
610 3036 673 3095 pro
693 3028 822 3096 peccato
844 3021 880 3079 ιἰι
895 3020 1016 3100 Saucia
1031 3034 1090 3093 per
1142 3037 1268 3098 qnorum
1284 3022 1406 3097 sanguis
1423 3019 1637 3096 inserebatnrp

390 3106 593 3184 pontificem,
616 3106 728 3166 horum
753 3123 890 3182 corporo
905 3095 1090 3164 crementur
1142 3106 1345 3184 pontificem
1336 3127 1366 3164 ιιι
1391 3104 1438 3165 die
1462 3108 1637 3196 expiatiopir

394 3200 486 3254 extro
501 3200 614 3253 castra.
646 3192 769 3252 Poterat
783 3190 945 3271 Apostolus
961 3190 1090 3292 probare
1142 3192 1190 3251 his
1206 3191 1339 3271 pontifex
1352 3193 1459 3251 veteris
1472 3192 1547 3271 legis
1560 3215 1637 3272 ιιοιιι

394 3279 474 3362 quod
496 3277 614 3340 dixerat
640 3297 677 3337 ex
705 3278 850 3339 antithesi
877 3278 989 3358 veteris
1014 3277 1090 3356 legis
1142 3298 1243 3338 eorum
1271 3298 1375 3339 carnes
1403 3279 1611 3341 cremabantur

392 3372 422 3425 et
435 3385 551 3443 novae3
573 3366 728 3425 nonenim
752 3372 851 3445 potest
873 3364 941 3444 quis
962 3364 1033 3423 novi
1049 3370 1089 3422 te·
1142 3374 1253 3441 castra,
1276 3384 1347 3444 ergo
1371 3366 1455 3441 quir
1441 3364 1539 3426 adhuc
1555 3376 1637 3446 veter

392 3453 530 3513 stamenti
545 3453 692 3532 particeps
714 3471 796 3525 esse,
818 3451 877 3511 nisi
900 3451 1090 3511 recesserita
1141 3452 1242 3524 viunt,
1269 3470 1328 3512 nen
1343 3450 1454 3512 habent
1468 3461 1637 3534 potestaten

392 3540 504 3614 veteri,
519 3536 573 3599 sed
588 3535 693 3598 maluit
709 3556 748 3597 cx
763 3558 828 3618 ipso
839 3538 924 3598 Mose
940 3536 1087 3617 probatio·
1140 3547 1241 3599 nostro
1258 3537 1412 3597 sacrificio.
1435 3537 1493 3598 Vis
1513 3559 1637 3614 consecr

391 3644 459 3686 uem
474 3583 602 3686 adterre.
632 3623 668 3684 B.
686 3622 821 3684 'ihomas
836 3622 975 3704 Apostoli
997 3623 1087 3682 ratio·
1141 3607 1537 3710 correspondentiafigurae
1553 3626 1637 3708 eltis

392 3732 459 3772 nem
474 3710 564 3771 valde
580 3708 720 3771 subtilem
738 3717 844 3783 vocat,
868 3730 959 3790 quam
976 3710 1087 3790 etipse
1141 3719 1228 3771 tenus
1243 3710 1316 3778 talia
1332 3718 1410 3769 sunt.

391 3798 480 3860 valde
503 3796 654 3857 subtiliter
678 3795 819 3876 explicat
853 3797 1021 3888 Scriptura,
1049 3794 1087 3856 ad
1184 3793 1250 3856 Ex
1249 3817 1285 3856 eo
1301 3805 1418 3869 autem,
1445 3798 1634 3877 quodhicA

391 3903 480 3966 quarn
506 3884 633 3964 respicit
652 3881 832 3962 Apostolus,
862 3883 989 3944 habetor
1000 3863 1088 3943 Lev.
1140 3882 1198 3942 dit:
1214 3891 1429 3957 errracacrro,
1447 3886 1636 3968 cupitmster

393 3973 458 4045 16,
482 3971 534 4030 ubi
551 3971 734 4051 praecipitur
749 3989 865 4030 summo
881 3968 1040 4043 sacerdoti,
1056 3978 1089 4028 ut
1140 3973 1179 4029 tis
1202 3969 1384 4051 allegoricae
1406 3929 1579 4054 doctrinae,
1604 3983 1634 4054 ‘l

391 4014 505 4117 decima
535 4055 584 4117 die
606 4057 716 4117 mensis
745 4058 880 4139 septimi,
916 4075 996 4136 quae
1025 4063 1089 4116 erat
1140 4056 1364 4118 exhortationis.
1388 4056 1470 4115 Dicit
1487 4078 1591 4138 porro.
1615 4078 1637 4121 ιι

391 4141 455 4203 dles
470 4144 656 4225 expiationis,
680 4143 784 4204 offerat
799 4143 923 4204 vitulum
946 4164 1000 4223 pro
1019 4160 1087 4222 pec·
1139 4143 1217 4203 sicut
1239 4144 1332 4205 etlex
1355 4142 1503 4221 loquitur,
1528 4165 1601 4225 qma
1609 4167 1637 4249 p

391 4237 457 4291 cato
473 4250 542 4302 ιιιιι,
567 4240 598 4291 et
612 4229 729 4292 hircum
751 4251 805 4311 pro
828 4237 951 4311 peccato
967 4226 1087 4310 populi;
1139 4228 1208 4288 dum
1225 4229 1353 4289 habebat
1362 4231 1513 4292 civitatem
1523 4231 1637 4295 culture

390 4323 452 4376 tum
481 4318 637 4397 utriusque
666 4318 840 4396 sanguinem
871 4315 980 4375 inferat
1009 4317 1088 4386 intra
1140 4327 1249 4391 tatum,
1280 4315 1333 4377 scd
1363 4316 1514 4394 agebat
1506 4339 1536 4378 in
1567 4301 1637 4388 dese

389 4403 513 4464 velum
505 4425 535 4464 ιιι
552 4403 662 4465 Sancta
676 4411 860 4463 sanctorum·
853 4421 1001 4481 ,corpora
1016 4421 1087 4461 vero
1141 4402 1207 4482 disp
1228 4360 1309 4476 sitis,
1333 4404 1513 4481 inquorum
1537 4403 1634 4486 medio

390 4493 514 4551 cremari
530 4490 640 4571 jubeat
662 4499 749 4551 extra
771 4496 878 4550 castra.
916 4488 993 4549 Nam
1017 4485 1087 4569 quia
1140 4422 1309 4549 naculum.
1319 4489 1378 4567 Qui
1394 4489 1451 4549 huc
1467 4467 1637 4574 adscribunt

389 4577 581 4638 emtoblatio
605 4596 659 4657 pro
683 4584 808 4656 peccato
829 4573 1011 4645 sacerdotis,
1039 4573 1097 4632 vel
1140 4575 1294 4649 mer.19.,
1321 4575 1372 4635 ubi
1396 4573 1434 4635 de
1456 4579 1637 4658 sacrificiot

390 4665 479 4723 etiarn
495 4662 714 4730 multitudinis,
740 4663 769 4721 in
786 4682 847 4742 qua
862 4657 1086 4742 comprehendi·
1140 4662 1254 4740 agitur,
1278 4672 1431 4740 tamquam
1449 4666 1637 4750 Apostolus}

390 4758 438 4809 tur
452 4753 600 4821 sacerdos,
615 4749 691 4809 nihil
704 4767 742 4808 cx
755 4767 793 4807 es
804 4746 950 4808 cedebat
943 4769 972 4807 in
989 4747 1086 4806 cibum
1140 4748 1242 4826 procul
1270 4749 1361 4822 dubio
1384 4747 1540 4812 falluntur.
1576 4752 1637 4840 Noa

389 4835 568 4910 sacerdotis,
591 4835 644 4896 sed
660 4843 756 4894 totum
771 4833 948 4894 sacrificium
966 4831 1085 4894 combu·
1138 4837 1206 4914 guis
1223 4856 1335 4897 vaccae
1349 4833 1436 4895 rufae
1457 4825 1637 4918 ιιιιοιοιιιιιιι

389 4923 516 4983 rendum
541 4930 619 4995 erat,
647 4923 690 4981 uti
713 4919 856 4980 statuitur
870 4919 945 4981 Lev
965 4922 994 4980 4.
1011 4922 1085 4980 etti.
1139 4921 1193 4982 sed
1209 4925 1247 4982 de
1264 4943 1300 4981 co
1316 4921 1472 4990 sacerdos.
1500 4933 1636 5012 extract¹

387 5005 425 5068 In
439 5027 474 5070 so
493 5009 655 5108 eaerihcio,
680 5016 740 5066 tam
762 5005 865 5078 vituli,
889 5026 980 5088 quarn
1001 5005 1086 5098 hirci,
1138 5009 1319 5088 aspergebat
1327 4989 1637 5102 conurforcrtsbcrp
