4442 5825
391 583 438 651 qq
904 568 1139 626 collusltllllllls
1157 569 1189 623 lll
1200 569 1266 624 cll.
1278 570 1316 625 lll.

389 752 665 843 quemadmodum
692 754 726 818 in
753 752 812 819 ills
840 749 1110 819 exacerbatione.
1169 752 1226 817 16.
1262 747 1402 835 Quidam
1432 751 1518 818 euim
1547 749 1725 820 sudientes
1753 772 1833 820 exs-

390 855 623 943 cerbsverunt,
652 856 710 923 sed
737 878 802 923 non
830 856 987 942 universi,
1016 856 1070 943 qui
1097 856 1243 943 proiecti
1264 861 1340 923 sunl
1364 874 1405 921 en
1428 851 1586 943 Aegypto
1613 876 1676 944 per
1699 858 1833 924 diesem·

308 1004 311 1010 -
394 964 451 1028 li.
482 959 611 1046 Quibus
638 967 750 1027 sutem
772 960 917 1027 intensus
945 967 996 1026 est
1023 959 1244 1047 quodraginta
1272 960 1390 1027 suuis?
1417 958 1533 1027 Nonne
1560 960 1639 1046 illis,
1669 961 1727 1050 qui
1753 980 1833 1049 pec·

390 1071 560 1151 caverunt,
589 1085 726 1154 quorum
754 1063 920 1131 esdsvers
946 1069 1117 1150 prostratu
1137 1071 1213 1130 suut
1239 1064 1272 1130 iu
1301 1055 1496 1146 deserto¹)?
1529 1067 1586 1133 18.
1615 1062 1750 1149 Quibus
1776 1084 1832 1132 su·

390 1175 456 1236 lem
479 1171 607 1255 Jsrravit
641 1190 707 1235 non
743 1169 880 1235 introire
915 1169 948 1234 in
982 1168 1130 1255 requiem
1157 1168 1280 1254 ipsius,
1320 1169 1382 1234 nisi
1418 1169 1502 1254 illle,
1543 1169 1599 1257 qui
1636 1159 1831 1250 incrudeli²)

389 1272 546 1340 luerunt?
589 1275 646 1340 19.
676 1273 719 1339 lut
747 1271 917 1358 videmus,
955 1273 1032 1360 quis
1067 1291 1134 1338 non
1168 1278 1351 1359 potueruut
1384 1272 1520 1339 introire
1554 1278 1696 1361 propter
1725 1275 1829 1341 lucre·

390 1376 575 1445 dulitstem.

962 1599 1045 1607 -mn
1059 1598 1262 1608 ...m-.—

868 1807 1070 1876 elldllllllll
1093 1807 1219 1875 cllllls
1243 1807 1366 1874 llnlll.

391 1934 507 1987 Prselert
526 1933 655 1985 christum
674 1933 747 1993 llosl
766 1938 898 1996 tumqusm
917 1932 1051 1983 llomlnum
1070 1931 1177 1982 tumulo.
1213 1931 1311 1982 llolnde
1329 1933 1448 1994 exemplo
1466 1932 1588 1997 latrum,
1608 1933 1652 1997 qul
1669 1933 1703 1986 ob
1723 1932 1832 1986 lucsedu·

323 2007 327 2013 '
408 2055 412 2063 ,
494 2003 591 2055 litatem
611 2008 680 2054 terre
707 2001 835 2065 promises
860 2001 958 2053 exclusi
982 2004 1059 2063 sunt,
1088 1999 1203 2051 deterret
1222 2000 1354 2052 llebrueos
1378 2001 1410 2052 sb
1434 2002 1563 2064 apostasia
1582 2014 1597 2053 s
1617 2002 1734 2068 cbristo,
1765 2005 1833 2055 uest

495 2071 542 2135 lpsl
562 2072 632 2122 coelo
652 2069 830 2122 excluduntur.
1414 2100 1422 2115 .

438 2200 465 2257 1.
494 2197 584 2258 Unde
590 2241 601 2271 ,
627 2197 747 2272 fratres
766 2198 887 2269 sancti,
913 2196 1089 2257 oooosonts
1142 2213 1262 2277 ponere.
1278 2194 1371 2256 Porro
1387 2196 1537 2275 genitivus
1549 2196 1616 2256 ille:
1632 2198 1836 2274 consessionis

394 2285 532 2345 coelestis
549 2287 731 2360 participes.
755 2283 828 2355 His,
852 2301 933 2361 quse
955 2284 1090 2362 proxime
1142 2289 1279 2358 nostros,
1296 2281 1407 2361 pendet
1417 2281 1455 2341 ab
1470 2291 1602 2363 utroque
1615 2286 1741 2346 nomine
1756 2304 1834 2366 pres

394 2368 433 2431 de
449 2368 568 2431 Christo
585 2369 732 2430 Pontifioe
755 2369 838 2440 dixit,
862 2376 962 2444 sptem
977 2384 1008 2430 et
1023 2369 1088 2429 bre·
1142 2367 1266 2429 cedente
1278 2369 1465 2446 Apostolum
1481 2376 1511 2428 st
1521 2369 1722 2447 Pontificem.
1739 2371 1838 2432 Monet

393 2476 462 2517 vem
486 2458 608 2536 subjicit
633 2457 890 2529 exhortationem,
918 2455 1089 2534 quotidem
1142 2458 1221 2515 enim
1243 2456 1404 2516 Hebrseos
1427 2474 1497 2515 suos
1520 2455 1645 2530 Psulus,
1669 2466 1707 2517 ut
1726 2466 1839 2519 sttsnts

395 2543 604 2605 Hebraeorum
618 2545 650 2604 in
666 2540 821 2603 Ohristum
844 2543 966 2613 excitet,
989 2542 1089 2602 simul·
1143 2540 1331 2603 oonsiderent
1346 2552 1378 2603 et
1391 2541 1589 2623 perpendent,
1612 2545 1683 2620 quis
1700 2552 1734 2605 et
1748 2564 1839 2626 qusn-

397 2648 456 2709 que
470 2632 549 2690 vism
566 2639 652 2709 peret
674 2629 713 2689 sd
735 2630 827 2690 aliem
847 2628 1001 2688 doctrines
1024 2648 1089 2709 pon
1141 2637 1192 2689 tus
1207 2631 1247 2689 sit
1261 2627 1399 2689 Christus
1414 2628 1517 2702 Jesus,
1540 2640 1570 2691 et
1593 2630 1677 2711 quod
1700 2632 1769 2708 ejus
1782 2630 1840 2693 ofi-

396 2722 467 2779 tem.
490 2718 622 2779 Fratres
637 2735 686 2775 eos
703 2713 844 2796 appellnt,
861 2722 913 2774 sut
928 2714 1091 2775 secuudum
1144 2717 1229 2777 cium.
1245 2714 1409 2794 Duplioem
1424 2716 1503 2776 enim
1518 2736 1678 2797 personam
1692 2720 1841 2781 sustinere

396 2822 529 2875 carnem,
556 2804 635 2863 siout
661 2801 746 2863 Rom.
768 2805 811 2864 9.:
843 2803 908 2863 Pro
932 2802 1092 2878 fratribus
1143 2802 1282 2882 Apostoli
1304 2812 1335 2862 et
1352 2801 1514 2863 Pontificis.
1547 2802 1841 2886 Apostoli-quiden,

396 2892 482 2964 meis,
506 2891 611 2969 inquit,
634 2891 690 2966 qni
712 2897 787 2950 sunt
808 2891 935 2965 coqnots'
960 2892 1022 2949 met
1042 2907 1091 2949 ss·
1143 2888 1174 2950 id
1190 2896 1244 2965 est,
1259 2888 1485 2968 legetisPstre
1498 2890 1592 2966 missi,
1607 2889 1648 2952 sd
1663 2894 1843 2954 sunnntissr

397 2977 537 3038 cundum
553 2995 701 3052 cosnsm5
724 2986 777 3037 sut
796 2978 916 3055 scotres
939 2976 1091 3055 religione,
1144 2975 1213 3037 dnm
1236 2977 1366 3039 sulutem
1386 2986 1416 3039 et
1437 2996 1543 3058 pacem
1566 2978 1680 3059 populo
1701 2979 1843 3042 dndsieo.

397 3062 549 3144 quomodo
578 3065 692 3143 passim
721 3065 752 3123 in
780 3064 966 3144 Apostoliois
997 3062 1092 3124 literis
1144 3064 1196 3126 Sio
1210 3066 1290 3124 enim
1305 3065 1439 3145 ipsesit:
1459 3065 1534 3125 Non
1552 3084 1623 3128 sssm
1638 3069 1766 3142 missus,
1781 3068 1844 3130 nes

401 3149 507 3212 issuee
522 3158 667 3211 vocentur
687 3169 789 3210 omnes
805 3150 976 3212 Christiani.
1006 3151 1093 3213 son-
1144 3151 1187 3211 od
1208 3168 1290 3226 oves,
1313 3171 1395 3228 qnos
1406 3154 1576 3229 perierunt
1598 3153 1713 3214 domus
1727 3154 1844 3229 lsrael,

398 3245 463 3298 ctos
476 3245 576 3297 sutem
591 3256 651 3317 quo
667 3255 755 3297 sensu
769 3237 890 3297 eosdem
905 3245 1003 3310 vocet,
1019 3239 1092 3297 estis
1144 3237 1250 3297 Mettis.
1268 3238 1316 3298 15.
1342 3240 1383 3299 Et
1397 3237 1434 3298 de
1449 3258 1483 3297 eo
1498 3239 1627 3301 Paulus:
1653 3241 1734 3303 Ds'so
1750 3241 1844 3303 ΟΜ-

400 3324 430 3383 in
446 3323 573 3384 slisrnm
588 3323 790 3404 Epistoisrnm
807 3325 1026 3386 commentariis
1042 3344 1092 3384 ex·
1143 3331 1224 3385 stum
1246 3328 1360 3387 Jssnm
1382 3328 1564 3386 ministrnm
1584 3327 1685 3404 fuisse
1705 3330 1845 3389 es‘sousn·

398 3409 543 3491 pliestnm
559 3421 614 3471 est.
638 3411 715 3471 Nsm
729 3412 784 3471 etsi
796 3432 855 3471 non
868 3412 978 3491 singuli
988 3410 1093 3470 fideles
1145 3413 1280 3487 cisionis,
1294 3419 1430 3488 psopter
1440 3415 1606 3473 veritatem
1620 3415 1692 3489 Det,
1709 3415 1755 3474 ad
1767 3433 1844 3477 eon·

399 3499 495 3558 seneli
512 3498 577 3562 sint.
601 3499 667 3578 ipss
686 3506 784 3558 umen
800 3497 934 3558 Ecclesia
949 3517 1003 3560 sen
1020 3496 1091 3557 lide·
1144 3496 1322 3572 {inmundos
1342 3501 1566 3575 promissiones
1582 3508 1718 3576 posnam
1725 3525 1739 3579 ,-
1766 3520 1845 3579 pen·

398 3583 470 3645 lium
486 3586 614 3645 societss
630 3605 703 3644 vers
718 3584 812 3665 pollet
827 3586 985 3646 esuctitnte
1001 3593 1031 3643 et
1042 3584 1091 3661 ju·
1144 3591 1188 3645 tes
1203 3592 1310 3645 ossum
1332 3605 1428 3662 sospes·
1447 3588 1668 3648 misericordia
1682 3591 1845 3652 bonorare

398 3671 488 3730 stitis.
519 3670 602 3730 Dicit
627 3680 725 3730 sutem
753 3673 891 3732 coelestis
918 3673 1092 3732 vocationis
1144 3672 1259 3747 Deum,
1276 3672 1359 3734 Rom.
1376 3673 1425 3733 15.

394 3758 578 3834 participes,
603 3755 684 3836 quod
707 3756 745 3816 sd
767 3757 983 3819 hoereditatem
1008 3758 1092 3836 regni
1187 3758 1237 3818 Ex
1258 3760 1367 3839 quibus
1389 3760 1583 3839 intelligitur,
1606 3759 1762 3824 Christum
1783 3784 1844 3826 uun

397 3843 537 3903 coelestis
551 3861 570 3902 s
586 3843 654 3902 Deo
679 3845 777 3903 voesti
793 3846 867 3918 sint3
890 3864 951 3904 non
967 3864 1088 3921 quomo·
1143 3846 1284 3921 gentium,
1311 3845 1362 3907 sed
1385 3845 1573 3908 Judseorum
1595 3847 1689 3910 tutem
1713 3851 1843 3930 Aposto

397 3928 571 4008 donumque,
584 3929 636 3989 sed
648 3931 804 3991 vocstioue
816 3931 928 3991 efficaci
940 3951 993 4012 per
1003 3929 1090 3991 tidem
1142 3930 1212 4002 lum,
1235 3933 1353 3993 tsmetei
1367 3932 1407 3993 sd
1422 3944 1527 4012 gentes
1547 3943 1655 4013 postes
1670 3956 1744 3996 suos
1760 3938 1843 4017 Apo·

395 4016 427 4074 in
441 4014 603 4076 Christum.
627 4016 676 4075 De
690 4035 750 4095 quo
766 4017 935 4096 subjungit:
1143 4016 1235 4076 stoloe
1250 4020 1371 4079 miseric
1395 4019 1549 4080 Pontificis
1564 4028 1665 4081 sutem
1680 4026 1762 4102 gerit
1776 4043 1843 4103 pes

439 4101 644 4165 Considerate
659 4105 846 4177 Apostolum
861 4112 891 4163 st
906 4105 1090 4181 Pontificem
1143 4122 1262 4177 sonem,
1292 4115 1441 4182 quotenne
1469 4105 1570 4166 Deum
1599 4109 1712 4188 populo
1743 4110 1845 4173 reddit

394 4187 600 4265 consensionis
622 4194 761 4262 nostros,
783 4192 904 4251 Jssssm.
931 4190 1018 4249 Multi
1041 4210 1089 4250 oo·
1142 4192 1321 4268 propitium,
1346 4190 1440 4272 idque
1464 4192 1610 4253 sacrificio
1637 4198 1683 4255 sui
1706 4199 1844 4278 eorporis

324 4295 328 4308 ·
394 4272 475 4334 dices
499 4271 614 4334 sddunt
629 4274 797 4347 osonum,
821 4284 909 4354 prout
924 4276 954 4334 iu
971 4275 1088 4337 Graeco
1144 4273 1243 4336 oblslo
1259 4277 1289 4336 in
1305 4297 1403 4351 eruce,
1426 4279 1502 4338 sieut
1524 4276 1603 4340 infr·
1624 4279 1745 4343 docebit
1760 4285 1841 4367 Apo

395 4369 425 4422 et
449 4359 576 4441 Syriaco
604 4357 719 4438 legitur.
754 4357 886 4438 Quidum
913 4362 1090 4440 interpretes
1141 4361 1245 4423 stolus.
1269 4362 1337 4424 Hoc
1357 4372 1457 4426 sutem
1477 4365 1606 4426 officium
1620 4387 1680 4428 non
1697 4369 1773 4430 eolis
1788 4373 1841 4432 im·

392 4448 494 4510 Latini
515 4466 569 4526 pso
584 4447 737 4522 Apostolo
759 4447 1036 4524 melodunensem,
1059 4455 1090 4507 et
1143 4448 1249 4525 pendit
1262 4448 1397 4521 Judseis,
1414 4450 1466 4512 sed
1483 4451 1621 4514 omnibus
1636 4454 1753 4516 electis

390 4535 620 4612 professionem
641 4552 695 4612 pro
718 4533 920 4609 consessione.
948 4531 1009 4593 Sed
1032 4533 1088 4593 hee
1184 4537 1227 4594 nt
1252 4555 1312 4614 qno
1342 4542 1431 4597 sensu
1463 4544 1587 4599 voestnr
1611 4544 1788 4617 Apostolus
1813 4551 1843 4606 st

392 4639 483 4682 voces
498 4620 668 4696 Apostolos
684 4627 713 4678 et
728 4620 882 4695 consessio
905 4619 981 4680 sdeo
998 4620 1088 4680 tritae
1140 4622 1294 4698 Pontifen
1308 4622 1513 4699 consessionis
1527 4628 1682 4686 nostros?
1705 4627 1842 4708 Quidem

392 4708 506 4767 suntin
529 4706 639 4768 scholis
655 4704 843 4777 Christianis,
869 4714 902 4765 ut
920 4706 1088 4785 improbum
1139 4706 1183 4765 sie
1208 4718 1379 4788 exponunt:
1406 4710 1506 4789 Quem
1528 4730 1583 4771 uos
1605 4712 1790 4793 Apostolum
1812 4727 1842 4777 et

391 4790 531 4854 videntur
555 4814 592 4854 sc
617 4811 723 4874 perum
745 4790 921 4872 religiosum
944 4793 1020 4853 cline
1043 4811 1086 4853 re·
1140 4792 1320 4855 Pontificem·
1338 4796 1521 4857 mnfitemnr.
1544 4797 1606 4858 Alii
1623 4799 1683 4859 sis:
1706 4801 1841 4882 Aposto-

496 4997 519 5068 ¹]
537 5004 551 5056 4
571 5005 633 5058 llos.
654 5008 694 5073 14,
713 5007 753 5059 29.
773 5004 814 5060 sl.
832 5004 874 5057 88.
893 5004 935 5057 88.
971 5000 996 5071 ι)
1014 5005 1030 5058 5
1048 5004 1111 5060 lille.
1132 5006 1154 5070 l,
1172 5007 1215 5059 82.
1232 5006 1274 5060 45.
