4442 5825
638 579 1285 635 nuroammnsomuos.vms.1o11.
1631 590 1677 658 81

371 754 484 821 nihii
509 758 697 831 vetustioris,
725 757 807 839 quod
821 758 930 819 Roma·
984 757 1067 818 modi
1093 764 1164 818 aunt
1190 776 1298 836 opera,
1328 776 1407 837 quae
1429 758 1514 820 Deua
1537 758 1622 833 lacit,
1648 771 1682 822 ut

371 850 459 919 ntur,
486 843 521 905 in
542 865 602 925 qno
625 845 735 924 legitur
750 848 930 926 “proximan
985 865 1075 925 opera
1097 846 1263 924 potentiae,
1278 846 1433 924 -justitiae,
1460 845 1682 909 misericordiae

371 948 402 993 te
426 933 538 994 recitat
560 931 718 1007 Ecclesia3
743 933 872 992 alterum
899 933 930 992 in
985 933 1066 1011 ejus;
1094 929 1132 990 de
1147 929 1256 1012 quibus
1270 931 1409 1012 scriptum
1426 942 1473 993 est
1487 932 1597 994 Psalm.
1613 936 1680 996 24:

371 1016 542 1099 piphaniae
571 1018 710 1093 Domini,
742 1020 871 1080 alterum
900 1019 931 1078 in
991 1020 1163 1080 Universae
1179 1020 1250 1078 uice
1266 1020 1399 1080 Domini
1418 1021 1635 1081 misericordia
1651 1029 1681 1082 ct

371 1104 533 1167 rotidiano.
571 1105 773 1166 Veruntamen
795 1104 931 1167 emenda·
984 1108 1109 1165 uentus.
1140 1106 1319 1165 Posterioris
1334 1105 1415 1166 modi
1430 1106 1585 1181 mandata,
1601 1128 1680 1188 qnae

371 1190 549 1273 Hieronymi
560 1190 643 1254 favet
652 1191 930 1264 Hebraicaveritaa,
983 1193 1068 1252 Deus
1090 1190 1231 1252 facienda
1253 1192 1340 1253 nobis
1355 1194 1508 1274 praecipit
1545 1194 1636 1257 Unde
1652 1204 1681 1257 et

376 1288 484 1341 sonat:
500 1280 661 1341 Fartidivi
671 1282 706 1340 in
718 1280 930 1355 ueneratione.
984 1288 1130 1339 vorantur
1152 1280 1222 1340 viae
1244 1277 1467 1353 mandatorum,
1495 1289 1525 1340 et
1536 1281 1681 1359 justifica·

371 1364 535 1448 squidem
560 1368 665 1427 vertit:
693 1369 835 1443 Litipaoi
860 1385 931 1428 cum
985 1368 1115 1441 tionum,
1147 1375 1176 1426 et
1203 1367 1437 1429 testimoniorum
1466 1367 1542 1441 Dei,
1570 1367 1680 1430 Psalm.

371 1459 456 1529 one,
483 1452 755 1534 sedHieronymus
771 1453 931 1515 exeodem
987 1455 1057 1514 118.
1099 1453 1149 1513 De
1175 1451 1222 1512 bis
1248 1451 1319 1514 dicit
1341 1453 1444 1514 David
1471 1453 1583 1515 Psalm.
1612 1455 1679 1516 l'i.:

371 1540 491 1603 ibraeo:
519 1541 690 1618 Displicuit
705 1542 783 1601 milri
796 1558 931 1617 cenera-
986 1539 1150 1602 Custodioi
1164 1543 1234 1601 viar
1250 1541 1400 1616 Domini,
1421 1560 1478 1602 nec
1492 1544 1589 1618 impie
1604 1544 1682 1618 pessi

371 1648 390 1691 n
411 1648 578 1709 pronomen
593 1628 734 1690 Hebraea
758 1649 819 1688 non
834 1628 930 1707 expri·
985 1646 1006 1687 a
1021 1629 1089 1689 Deo
1112 1646 1201 1704 mco,·
1228 1635 1258 1686 et
1273 1627 1384 1689 Psalm.
1402 1630 1468 1688 24st
1502 1630 1577 1690 Viae
1597 1637 1680 1705 tuor,

371 1713 638 1795 »iintelligendum
650 1716 831 1796 relinquunt.
855 1714 930 1776 Cum
987 1717 1141 1788 Domine,
1169 1714 1352 1776 demonstro
1378 1716 1475 1791 mibi,
1505 1719 1682 1778 atterritus

371 1802 420 1863 uni
454 1802 595 1863 versione
631 1805 814 1863 conveniunt
844 1803 930 1881 Sym·
985 1809 1057 1862 tuns
1072 1802 1165 1862 edoce
1181 1821 1237 1861 me.
1259 1802 1374 1863 Locum
1388 1803 1479 1881 igitur
1490 1812 1680 1883 praesentem

382 1895 418 1951 et
446 1889 576 1971 Aquila,
606 1887 718 1950 Graeci
746 1891 930 1969 interpretes.
985 1889 1038 1948 alii
1060 1887 1098 1949 de
1119 1889 1177 1949 viis
1199 1887 1407 1950 mandaturum
1422 1891 1483 1950 Dei
1501 1889 1681 1972 intelligunt,

371 1983 429 2037 nu
450 1985 550 2037 autem
565 1975 709 2038 Hebraea
724 1997 799 2036 voce
820 1996 858 2035 ea
872 1974 930 2035 dis·
985 1975 1042 2036 hoo
1057 1995 1162 2037 sensu:
1187 1975 1332 2037 Mandata
1354 1998 1420 2037 mea
1435 1997 1615 2056 cognoscere
1628 1998 1680 2038 no·

371 2084 394 2137 r,
418 2082 486 2123 cum
502 2064 585 2143 quis,
611 2063 750 2124 molestia
773 2064 815 2123 rei
830 2063 929 2142 cujus·
985 2064 1114 2137 luerunt,
1130 2071 1162 2123 ut
1176 2063 1208 2123 in
1224 2064 1260 2122 iis
1274 2063 1468 2125 ambularent.
1490 2063 1552 2124 Alii
1568 2063 1607 2126 de
1623 2065 1682 2125 viis

371 2157 456 2224 ctus,
484 2148 604 2211 tandem
631 2168 735 2211 sama
761 2170 794 2212 se
820 2149 931 2228 abjicit
986 2170 1106 2232 operum
1125 2150 1198 2222 Dei,
1225 2149 1307 2229 quod
1323 2161 1369 2210 est
1384 2151 1583 2231 probabilius,
1609 2153 1682 2230 qnia

383 2237 420 2298 in
434 2234 552 2298 Graeco
572 2237 720 2300 vocabulo
735 2236 826 2316 hujus
840 2236 933 2298 locis
985 2239 1160 2299 tentationis
1191 2245 1348 2316 peccatum
1379 2250 1443 2299 erat
1474 2237 1511 2299 de
1540 2238 1682 2319 operibus

372 2323 548 2385 auctoribus
564 2332 804 2385 eatannotatum.
838 2324 933 2384 Porro
986 2325 1061 2398 Dei,
1091 2322 1259 2402 dequibus
1282 2321 1373 2384 dixit:
1410 2326 1568 2387 Virierunt
1584 2343 1683 2403 opero

371 2414 474 2473 ionem
500 2411 655 2491 Scriptura
681 2420 773 2470 vocat
796 2410 933 2472 homines
987 2430 1066 2472 nico.
1104 2408 1276 2471 Secundum
1298 2409 1376 2489 banc
1394 2413 1602 2493 acceptionem
1619 2431 1682 2473 sen·

386 2499 475 2571 aevi,
498 2499 586 2578 quasi
608 2498 712 2560 eodem
732 2506 866 2577 tempore
881 2516 933 2578 ge·
987 2518 1037 2559 sus
1054 2505 1114 2558 est:
1137 2497 1179 2556 Et
1194 2517 1285 2576 opera
1308 2499 1476 2577 potentiae,
1496 2499 1637 2561 bonitatis
1653 2507 1684 2559 et

371 2584 383 2646 l
405 2594 454 2646 est
477 2586 530 2666 qui
545 2583 651 2648 eadem
667 2593 768 2646 aetate
783 2586 934 2645 vixerunt.
983 2585 1123 2665 justitiae
1144 2603 1246 2657 meae,
1277 2603 1357 2664 quae
1383 2606 1481 2647 coram
1504 2587 1550 2648 eis
1571 2585 1630 2647 feci
1652 2586 1684 2646 in

371 2681 449 2735 mtnr
463 2680 578 2746 autem,
598 2673 652 2753 qui
667 2693 706 2733 ex
722 2675 865 2752 Aegypto
880 2690 935 2751 per
988 2675 1146 2751 Aegypto,
1172 2672 1204 2731 in
1230 2674 1305 2732 mari
1330 2672 1419 2734 rubro
1446 2675 1530 2734 etin
1555 2671 1683 2746 deserto,

371 2757 460 2821 ducti
476 2759 574 2839 legem
588 2766 781 2838 acceperant,
801 2768 833 2819 et
847 2761 933 2819 mira·
988 2779 1061 2840 prae
1073 2759 1222 2820 caecitate
1234 2758 1398 2820 cordisnon
1410 2760 1684 2832 consideraverunt,

371 2845 553 2909 ividerant.
585 2846 635 2908 De
650 2846 760 2927 quibus
777 2845 866 2905 Num.
883 2844 933 2909 32.
988 2865 1042 2905 nec
1066 2865 1169 2906 eorum
1191 2847 1336 2907 rationem
1360 2846 1541 2923 babuerunt,
1564 2854 1597 2909 ut
1611 2846 1685 2909 mihi

380 2936 468 3016 quod
482 2935 695 2996 circumduxit
712 2953 761 2994 cos
777 2935 935 2996 Dominus
988 2932 1153 2994 crederent

371 3028 467 3084 trium
489 3023 587 3084 onan
609 3021 847 3099 quadrantaria,
876 3020 934 3080 do·
1034 3024 1083 3081 11.
1107 3020 1352 3099 Quiburjurovi
1366 3025 1402 3081 in
1416 3023 1469 3080 ira
1484 3040 1564 3082 mea.
1588 3019 1683 3083 Grae·

371 3116 561 3172 numerarer
584 3111 738 3170 universa
760 3110 934 3184 pancratio,
989 3127 1040 3168 oe:
1067 3109 1279 3183 Sicutjuroui
1295 3116 1365 3181 etc,
1388 3106 1639 3187 quemadmodum
1654 3117 1686 3169 et

371 3203 462 3260 semt
483 3195 605 3257 molum
628 3198 663 3257 in
679 3202 845 3271 conspectu
861 3201 935 3270 ejus·
989 3198 1021 3256 in
1037 3194 1187 3256 Psaltario
1206 3193 1317 3274 legitur
1339 3202 1401 3255 tam
1415 3194 1567 3270 Romano,
1594 3214 1685 3274 quam

371 3283 433 3348 iti:
461 3284 592 3360 &anper
616 3290 727 3343 emant
749 3283 851 3342 corde.
888 3281 937 3340 Ita
990 3281 1159 3342 Gallicano.
1196 3280 1247 3341 Sic
1269 3290 1298 3343 at
1320 3280 1398 3342 infra
1416 3290 1517 3344 noster
1538 3284 1686 3363 interpres

371 3369 524 3443 rm,
545 3368 648 3430 addito
671 3371 815 3449 temporis
829 3367 934 3429 adver·
989 3372 1080 3430 vertit
1102 3369 1201 3447 capite
1223 3370 1377 3447 sequenti,
1400 3377 1433 3430 ut
1455 3370 1616 3429 verisimile
1637 3370 1686 3441 sit,

371 3476 444 3536 par,
472 3477 539 3518 eam
554 3458 585 3517 in
598 3456 742 3517 Hebraeo
758 3457 801 3516 sic
816 3454 855 3516 ad
869 3474 935 3515 ver·
988 3457 1046 3518 hoc
1060 3456 1150 3516 etiam
1172 3454 1238 3515 loco
1262 3477 1322 3516 non
1345 3455 1432 3516 aliter
1453 3475 1521 3515 eum
1540 3456 1685 3531 vertisse,

371 3553 458 3606 atur:
485 3546 529 3607 nr
549 3544 637 3605 dini.-
661 3544 805 3620 Populus
821 3560 936 3604 erran·
990 3564 1048 3624 qno
1064 3563 1137 3603 sane
1152 3540 1240 3603 modo
1263 3552 1295 3603 et
1310 3542 1500 3604 clementina
1515 3541 1606 3602 habet
1621 3561 1683 3602 cor·

371 3632 445 3694 orde
471 3635 540 3708 ipsi.
579 3629 639 3692 Sed
665 3650 731 3692 eam
758 3632 817 3691 vim
844 3628 938 3689 habet
990 3631 1100 3704 rectio,
1123 3649 1189 3690 curn
1206 3627 1323 3691 Graeca
1339 3638 1509 3692 constanter
1525 3628 1686 3708 utrobique

371 3717 512 3780 [abrasos
549 3718 738 3798 participium
770 3717 935 3797 praesentis
988 3718 1124 3779 habeant
1138 3708 1202 3791 ὡς,
1219 3737 1278 3776 non
1293 3707 1355 3785 οἷς.
1379 3717 1420 3776 At
1437 3718 1468 3777 in
1482 3715 1623 3776 Hebraeo
1639 3724 1687 3775 est

371 3813 441 3881 ant
454 3804 662 3866 assiduitatem
678 3804 828 3885 quandam
844 3802 934 3863 deno·
988 3805 1146 3866 relativum
1165 3802 1267 3881 wit,
1293 3806 1380 3884 cnjus
1397 3812 1496 3864 tamen
1517 3801 1686 3882 particulae

371 3891 475 3955 rmale
489 3890 613 3974 quidam
635 3891 712 3951 banc
736 3901 847 3969 partem
867 3911 933 3949 can·
990 3894 1091 3953 varino
1107 3899 1153 3951 est
1169 3909 1246 3949 usus.
1270 3891 1360 3952 Unde
1376 3899 1405 3950 et
1421 3891 1478 3950 hoc
1493 3889 1605 3950 Psalmi
1619 3889 1685 3949 loco

371 3989 519 4062 aponum,
533 3986 567 4040 nt
578 3999 683 4039 sensus
700 3980 751 4038 sit:
768 3978 840 4038 Dixi
857 3979 935 4037 enim
989 3981 1073 4039 varie
1087 3996 1152 4039 earn
1165 3976 1356 4050 transferunt,
1368 3976 1413 4037 bis
1426 3975 1563 4037 videlicet
1574 3975 1685 4036 modis:

371 4085 402 4130 sc
416 4065 471 4139 Hi,
486 4066 624 4147 quamvis
640 4086 658 4125 a
673 4085 721 4125 me
737 4073 780 4125 tot
795 4085 831 4124 ac
846 4066 936 4124 tantis
991 4066 1097 4145 Quod,
1124 4063 1236 4140 quibus
1244 4108 1253 4138 ,
1278 4072 1453 4140 propterca
1460 4108 1471 4138 ,
1495 4066 1582 4124 mont.
1620 4062 1687 4123 Nec

371 4153 520 4227 noticiis,
534 4153 681 4231 totiesque
693 4151 843 4224 admoniti,
859 4171 936 4211 sem·
989 4150 1201 4225 laborandum,
1228 4150 1307 4230 qnod
1323 4171 1362 4211 ex
1377 4151 1423 4210 his
1438 4148 1549 4229 eligas,
1566 4148 1687 4210 comsit

371 4260 410 4302 sn
424 4242 456 4301 in
479 4260 581 4302 erroro
596 4241 688 4302 animi
703 4240 750 4300 sui
767 4239 936 4319 persistunt.
991 4260 1031 4301 ex
1060 4257 1163 4299 earum
1194 4238 1408 4318 particularum
1438 4258 1577 4311 numero,
1608 4255 1687 4317 quae

371 4327 421 4389 itio
446 4327 582 4388 redditur
608 4327 781 4388 offensionis
806 4324 936 4385 divinae.
992 4324 1142 4387 interdum
1158 4324 1341 4386 adhibentur
1363 4325 1412 4385 vel
1435 4324 1475 4385 ad
1490 4326 1585 4385 solum
1601 4343 1686 4383 orna·
1714 4318 1720 4329 ’

371 4434 418 4478 m
439 4433 536 4475 sermo
560 4413 597 4473 de
619 4433 720 4474 errore
742 4415 821 4473 circa
837 4411 960 4484 Deum,
991 4423 1053 4474 tum
1079 4411 1235 4485 orationis,
1267 4412 1315 4472 vel
1342 4410 1380 4470 ad
1406 4410 1610 4473 connectenda
1640 4429 1685 4470 se·

371 4499 509 4575 divinas,
535 4499 566 4561 id
589 4509 635 4560 est
656 4500 693 4561 de
715 4498 893 4560 infidelitate
908 4506 938 4558 et
991 4499 1119 4581 quentia
1155 4518 1222 4558 cum
1262 4497 1519 4576 praecedentibus.
1571 4493 1686 4575 Quales

370 4587 492 4663 inibns,
507 4588 688 4661 tentatione,
703 4587 938 4647 murmuratione
991 4588 1082 4647 etiam
1122 4584 1204 4664 apud
1245 4583 1376 4646 Graecos
1413 4594 1483 4646 sunt
1515 4582 1686 4644 nonnullae.

371 4673 410 4736 ds
424 4679 577 4756 sequitur:
992 4674 1093 4753 Quare
1123 4671 1328 4750 Hieronymus
1358 4692 1397 4733 ox
1426 4672 1567 4736 Hebraeo
1596 4670 1689 4731 vertit

377 4770 487 4826 autem
516 4782 585 4825 non
621 4766 840 4837 conuenerunt
869 4762 937 4818 uias
991 4760 1055 4820 sola
1079 4759 1290 4836 conjunctione
1310 4759 1483 4838 copulante:
1510 4758 1554 4819 Et
1574 4760 1687 4833 jurani

371 4851 439 4913 Vna
450 4850 586 4913 Domini
600 4846 737 4908 bilariam
754 4846 893 4907 dicuntur
906 4847 937 4906 in
990 4847 1152 4923 inserere
1167 4863 1244 4904 meo.

371 4937 418 5016 is3
441 4936 622 5017 antqnibns
636 4934 721 4994 Deus
735 4936 800 5013 ipse
816 4931 936 5005 incedit,
1032 4932 1170 4994 Breviter
1193 4950 1298 4992 sensus
1324 4938 1386 4992 ost:
1417 4929 1536 5010 Quibus
1562 4931 1688 5013 proinde

371 5041 484 5088 mnes
494 5021 637 5088 incedere
648 5021 800 5103 praecipit.
823 5020 936 5082 Prioris
990 5022 1084 5081 iratus
1091 5062 1100 5091 ‚
1125 5018 1238 5097 juravi.
1274 5017 1359 5079 Deus
1382 5018 1518 5080 omnium
1534 5018 1686 5100 perturba·

373 5139 535 5186 11111111.
548 5140 604 5205 rem.
617 5138 654 5180 111.
1461 5126 1481 5184 6
