4442 5825
391 585 465 654 tit
905 576 1317 634 ccaunnanmurcrm.

389 754 528 829 Demial;
548 753 681 831 denique
704 754 774 834 quia
796 773 849 834 par
871 773 973 813 corum
999 753 1084 813 mini·
1140 753 1318 834 presbytero
1345 753 1446 834 plures
1479 753 1612 834 quidem
1641 772 1695 833 pru
1719 756 1808 816 iaicas

390 843 513 905 sterium
539 842 679 900 remissio
705 852 895 920 peccatorum
923 838 1086 900 obtinenda
1140 841 1215 900 fiunt
1229 842 1398 913 orationes,
1414 841 1523 921 quibua
1539 841 1585 902 illi
1599 842 1810 904 uuitatmaci·

390 929 578 1007 promittitur.
615 928 661 989 ae
677 947 752 987 sane
772 930 846 1006 quin
862 928 951 1007 hujus
965 928 1085 1006 generis
1140 946 1206 986 mae
1225 936 1255 987 et
1277 930 1410 1008 corporis
1432 939 1576 1008 precatur
1591 949 1611 988 a
1626 928 1708 1004 Dcc3
1730 929 1811 990 scdaa

389 1016 580 1095 presbyteros
596 1014 632 1073 B.
648 1014 966 1094 Jaccbuasignificara
980 1013 1083 1073 volus·
1141 1016 1305 1094 praecipua
1330 1029 1390 1087 est,
1418 1034 1497 1095 quaa
1520 1030 1589 1075 cum
1612 1015 1680 1092 ipsa
1701 1015 1814 1077 maden

390 1105 443 1175 rit,
470 1100 550 1182 apud
572 1110 665 1159 totam
688 1103 899 1179 antiquitatem
922 1100 1006 1160 nulla
1026 1100 1086 1160 init
1141 1100 1345 1178 conjungitur,
1382 1102 1562 1181 presbytero
1599 1102 1733 1164 dicente:
1768 1104 1815 1165 Pu

389 1206 531 1263 umquam
547 1187 707 1248 dubitatio.
730 1187 812 1249 Hinc
832 1191 925 1266 igitur
939 1187 1085 1247 habemus
1140 1189 1232 1248 iatum
1247 1196 1392 1249 sunctum
1407 1193 1592 1251 emtionem
1608 1196 1640 1250 at
1653 1206 1740 1250 suum
1752 1192 1815 1266 pits·

388 1277 553 1337 ministrnm
567 1273 656 1353 liujus
672 1274 856 1335 Sacramenti
871 1274 1085 1351 presbyterum
1139 1279 1252 1335 simum
1290 1277 1541 1337 subericorda'cm
1578 1276 1746 1352 todatccct
1772 1277 1815 1337 att

389 1362 547 1424 Ecclesiae
562 1361 620 1421 ritu
637 1372 856 1421 consecratum.
1140 1363 1299 1423 Dominus
1327 1371 1400 1435 stc,
1429 1373 1464 1422 ut
1496 1362 1626 1423 habetur
1660 1364 1694 1423 in
1717 1361 1815 1423 ἀιαώ

433 1447 494 1509 Sed
524 1460 666 1528 quaeras,
698 1465 751 1507 cur
780 1449 863 1508 dieat
889 1448 1086 1524 presbyteros
1139 1447 1330 1522 Florentino,
1353 1449 1403 1509 vei
1418 1449 1487 1509 aliia
1500 1448 1620 1522 verbis,
1642 1448 1721 1510 idam
1737 1458 1817 1511 unu

389 1535 499 1616 plurali
513 1550 651 1608 numero,
677 1552 745 1594 cum
761 1534 798 1594 de
813 1554 872 1594 uno
888 1535 1027 1615 loquatur
1042 1537 1085 1594 ic·
1140 1533 1327 1608 valentibus,
1343 1544 1446 1597 utente
1456 1537 1551 1614 juxta
1559 1556 1676 1598 morem
1691 1537 1817 1616 cujum·

389 1623 483 1683 drmc.
506 1623 574 1682 Non
590 1623 667 1683 enim
684 1621 911 1683 consuetudinis
932 1632 992 1694 est,
1019 1631 1055 1680 ut
1068 1641 1088 1680 a
1140 1620 1304 1683 Ecclesiae.
1327 1622 1540 1702 Quamquam,
1556 1620 1632 1703 quid
1643 1624 1816 1684 oraticnem·

390 1710 528 1790 pluribus
553 1710 606 1769 uni
628 1709 854 1769 Sacramentum
882 1708 938 1768 boc
960 1709 1085 1769 admini·
1139 1728 1193 1786 per
1208 1709 1352 1770 infirmum
1368 1708 1529 1790 petendam
1553 1711 1606 1781 sit,
1633 1710 1708 1770 satia
1723 1709 1816 1791 ipeed

390 1806 513 1868 stratum,
540 1795 592 1855 sed
618 1794 656 1854 ab
679 1814 754 1870 uno;
782 1794 1033 1873 quemadmodum
1053 1803 1087 1854 et
1140 1794 1276 1857 Jacobca
1306 1795 1437 1857 ostendit
1462 1796 1557 1870 inira,
1585 1794 1721 1858 darana
1744 1795 1818 1875 lsai!

391 1886 510 1944 caeteta
532 1881 692 1942 Ecclesiae
710 1881 913 1941 Sacramenta.
952 1883 1084 1961 Respcn·
1140 1885 1284 1943 orationis
1306 1883 1445 1944 effectus:
1470 1884 1651 1957 sanitatem,
1675 1883 1817 1946 alleviati·

389 1970 462 2032 dent
491 1967 630 2047 quidam,
661 1969 840 2047 Apostolum
868 1970 953 2046 loqui
979 1988 1086 2030 secun·
1141 1988 1209 2029 aem
1224 1978 1254 2032 et
1269 1980 1461 2047 pennatorum
1475 1971 1695 2031 reminiscem.

389 2056 459 2117 dam
475 2055 721 2116 cousuetudinem
741 2054 896 2115 Ecclesiae
911 2056 1087 2135 primitivae,
1183 2057 1281 2137 Igitur
1295 2058 1354 2118 bac
1370 2064 1462 2136 parte,
1478 2055 1818 2136 qumacnotanaaa

391 2141 511 2223 quando
533 2149 617 2202 tanto
643 2140 743 2202 studio
769 2143 929 2203 emebatur
953 2142 1086 2203 iidelium
1141 2163 1218 2223 qnae
1245 2145 1348 2203 statim
1377 2147 1528 2224 sequitur:
1557 2145 1603 2204 Et
1632 2148 1735 2206 mco
1761 2142 1818 2219 β

391 2231 489 2304 mirra,
512 2238 546 2288 ut
561 2228 662 2306 plures
686 2229 872 2309 presbyteri,
894 2239 924 2290 et
939 2229 1087 2291 interdum
1141 2230 1277 2291 micabit
1302 2231 1485 2307 infimam,
1521 2229 1638 2291 indicat
1665 2228 1818 2310 Apcatch

391 2316 480 2378 etiam
508 2316 680 2396 Episcopus
704 2315 891 2396 presbyteris
921 2319 1087 2384 comitatae.
1142 2317 1316 2397 presbytero
1331 2318 1421 2377 certia
1436 2317 1708 2398 acptaescriptiaa
1721 2316 1819 2379 (lirim

391 2404 431 2465 ad
459 2404 605 2465 infirmum
635 2412 831 2463 accurrerent
870 2403 1004 2482 Quorum
1029 2402 1088 2464 etsi
1141 2404 1191 2464 rel
1205 2403 1347 2464 Ecclesia
1360 2404 1460 2465 verbis
1474 2402 1618 2465 utendum
1639 2423 1724 2478 esser
1748 2420 1820 2482 qa-

391 2498 598 2551 mercantum
615 2491 787 2550 unctionem
803 2489 970 2563 adhibcret,
985 2499 1088 2551 omnes
1142 2491 1331 2551 sacramenti
1358 2490 1483 2552 nrm
1511 2508 1668 2552 ruamur.
1705 2489 1820 2551 liena

393 2588 494 2638 umen
519 2596 634 2657 nugare
658 2576 878 2657 quodammodo
903 2575 1089 2648 dicebantur,
1143 2577 1235 2649 iilud,
1260 2577 1345 2655 quod
1359 2578 1448 2638 dicit:
1474 2596 1572 2653 aupes·
1592 2597 1685 2652 aum,
1712 2584 1742 2637 et
1762 2592 1820 2639 cn:

394 2672 556 2743 quatenus,
582 2683 642 2723 sao
663 2670 813 2743 cogente,
841 2666 953 2724 meteri
968 2663 1088 2725 assista-
1140 2683 1202 2740 pro
1217 2683 1266 2737 eo,
1281 2665 1529 2744 significationem
1542 2665 1657 2744 ingerit
1669 2665 1745 2724 ritus
1756 2680 1819 2724 aaa·

393 2752 466 2812 bant
480 2770 517 2810 aa
531 2769 635 2830 preces
651 2750 826 2828 jungebant.
1143 2749 1298 2827 monialis3
1325 2751 1473 2828 quomodo
1496 2759 1528 2812 et
1552 2751 1589 2812 ab
1605 2749 1773 2832 Augustino
1787 2748 1819 2810 d·

435 2836 549 2907 Aliter,
561 2855 600 2896 ac
614 2836 869 2908 &massaneliua
884 2834 1090 2916 respondetur,
1144 2846 1223 2898 ctum
1240 2847 1288 2899 est
1310 2837 1376 2898 lior.
1392 2839 1421 2898 3.
1444 2837 1485 2898 de
1505 2837 1672 2919 baptimo,
1699 2856 1761 2918 sap
1775 2838 1820 2905 ld,

394 2923 554 3003 enallage·
569 2939 636 2985 ease
651 2927 783 2985 armai:
800 2930 947 2987 Acceract
959 2924 1091 3000 presby·
1144 2945 1250 2986 manua
1260 2927 1480 3006 impositionem
1492 2924 1647 2987 nonalicd
1660 2937 1820 3005 escaqu-

395 3020 494 3086 lcruc,
525 3010 556 3071 id
583 3019 630 3071 est
654 3012 794 3088 aliquem
824 3029 863 3073 aa·
888 3012 1088 3088 prerupto-c,
1145 3013 1307 3075 orationem
1323 3031 1416 3094 anper
1429 3012 1589 3074 huminem.

395 3096 543 3179 quomode
576 3096 717 3159 dicuntur
754 3098 902 3171 latrones,
940 3100 990 3179 qui
1025 3117 1090 3158 cum
1195 3100 1351 3176 Unpcrrtea
1373 3119 1445 3161 arm
1466 3100 1536 3160 olco
1560 3103 1596 3161 ira
1619 3101 1750 3161 amnicae
1770 3098 1822 3160 ito·

397 3184 518 3246 (ibristc
528 3186 665 3245 crucifixi
674 3196 766 3259 erant,
776 3188 804 3246 ei
813 3186 977 3245 convmiati
988 3183 1091 3257 fuisse
1146 3191 1235 3249 mtaa'.
1259 3188 1319 3247 Hic
1331 3190 1395 3266 jam
1408 3195 1514 3266 aperte
1531 3189 1661 3247 materia
1673 3185 1824 3248 dedas&

396 3274 489 3333 uam.
507 3273 572 3339 16..
588 3291 654 3332 cum
670 3272 747 3332 altar
767 3273 915 3333 latronum
932 3273 964 3332 id
978 3272 1092 3332 iecerit
1147 3274 1237 3352 hujus
1251 3274 1449 3345 Sacramenti,
1463 3272 1606 3334 videlicet
1621 3273 1722 3335 oleam
1734 3272 1823 3335 elim

397 3360 445 3420 lta
470 3358 604 3436 loquitur
629 3361 720 3421 stiam
742 3361 772 3422 S.
794 3359 981 3439 Augustinus
1004 3378 1092 3419 serm
1146 3360 1226 3421 Nam
1242 3359 1318 3421 illud
1332 3360 1427 3421 solum
1442 3361 1624 3439 proprieeat
1640 3360 1824 3436 oleam&

397 3450 449 3510 33.
480 3445 519 3505 lle
547 3444 691 3519 diversis,
720 3463 812 3525 quam
841 3448 900 3516 ait,
934 3446 1092 3506 muiliereur
1147 3450 1249 3511 viarm
1265 3448 1335 3507 ritis
1348 3446 1445 3507 solum
1461 3448 1582 3527 proprie
1595 3449 1701 3510 νίηιιιι
1715 3457 1766 3509 aa
1782 3441 1823 3506 tt

397 3531 565 3611 quandam,
580 3533 767 3607 quaesitam
784 3533 893 3595 infanti
907 3550 961 3592 suc
977 3540 1093 3593 rncrtco
1147 3555 1208 3614 que
1222 3535 1298 3596 bace
1313 3536 1430 3606 unctio,
1453 3533 1707 3614 quenadmodum
1721 3535 1823 3616 lcqn

400 3618 538 3697 precibus
553 3639 572 3679 a
585 3621 619 3680 B.
636 3619 788 3699 Stepbcnc
804 3622 1031 3699 impetraverat,
1046 3629 1093 3678 to·
1149 3632 1197 3683 tur
1225 3622 1334 3683 Patres
1364 3620 1552 3693 Tridentini,
1589 3622 1722 3703 Spiritus
1747 3617 1824 3684 nd

397 3707 471 3766 lime
492 3724 561 3767 eum
588 3706 627 3767 ad
651 3706 844 3787 presbyteros
871 3707 1095 3785 baptizandum,
1146 3710 1291 3790 gratiam,
1318 3729 1377 3790 qua
1401 3708 1594 3771 invisibiliter
1620 3712 1722 3772 anima
1742 3724 1822 3790 aqi*

398 3791 431 3853 id
448 3791 552 3853 estad
572 3793 703 3872 aliquem
726 3795 981 3874 presbyterorum.
1017 3794 1094 3854 Nan
1147 3797 1241 3857 tantis
1256 3797 1423 3875 inungitur,
1442 3796 1601 3874 aptissime
1623 3801 1823 3878 repra-calli

398 3879 451 3940 lib.
479 3883 507 3939 1.
536 3880 748 3940 miraculorum
778 3882 809 3943 S.
836 3880 993 3959 Stephani,
1028 3900 1094 3958 cap.
1148 3885 1322 3963 pracsertim
1351 3902 1445 3961 quum
1481 3882 1581 3943 oleam
1615 3886 1649 3946 in
1681 3881 1824 3966 scriptur

397 3967 519 4037 ultimo,
542 3966 625 4046 apud
647 3968 776 4029 eundem
801 3968 1001 4049 brigantinum
1025 3974 1093 4025 ton.
1149 3972 1238 4030 etiam
1265 3968 1493 4031 misericordiae
1521 3971 1766 4049 significaticnan
1786 3969 1845 4052 b.

401 4054 467 4125 10..
489 4052 540 4112 ubi
556 4071 604 4112 res
627 4054 731 4114 cadem
755 4064 906 4127 narratur,
928 4061 1043 4115 tantum
1060 4052 1095 4112 iit
1147 4057 1234 4127 beat,
1260 4075 1350 4136 quam
1372 4057 1449 4135 ipsis
1472 4056 1572 4117 verbis
1596 4077 1673 4120 acas
1702 4053 1845 4121 cra&

396 4140 509 4200 mentia
543 4141 736 4217 presbytcri,
778 4163 902 4203 numero
937 4140 1093 4220 singulari.
1148 4144 1264 4203 infirmo
1287 4153 1428 4223 precatur
1450 4142 1609 4220 sacerdos3
1635 4156 1671 4207 ut
1690 4148 1732 4207 ita
1749 4137 1845 4224 pff

398 4226 617 4299 Veruntamen,
640 4229 696 4288 nisi
713 4230 743 4290 in
766 4249 826 4290 nna
840 4227 977 4289 Ecclesia
993 4228 1094 4306 plures
1148 4229 1207 4290 sibi
1229 4228 1429 4310 respondeant
1455 4229 1579 4291 verbum
1602 4242 1635 4292 ct
1657 4232 1845 4330 clamo-q

396 4321 499 4375 estest
517 4312 694 4394 presbyteri,
708 4315 894 4377 condiceret
907 4316 943 4375 B.
957 4313 1093 4376 Jaccbus
1148 4317 1243 4377 Porro
1272 4337 1352 4398 quae
1380 4317 1513 4378 membra
1542 4321 1678 4397 ccrpcria
1706 4313 1845 4398 unp!

396 4398 573 4477 pluraliter:
610 4403 807 4478 presbyteros
839 4403 1004 4464 Ecclesiae.
1050 4401 1095 4462 Ut
1148 4404 1222 4477 sint,
1246 4424 1287 4465 ex
1310 4405 1524 4465 Ecclesiastica
1544 4387 1845 4470 calmosiacensi

396 4487 467 4548 ltine
489 4489 583 4549 etiam
606 4488 766 4568 colligatur
784 4489 931 4551 adversus
946 4488 1093 4548 Adriacas
1148 4490 1305 4550 suetudine
1321 4492 1491 4571 petendum.
1843 4495 1845 4530 l

398 4572 571 4644 haereticos,
585 4593 647 4636 nou
662 4576 788 4638 eundem
807 4595 873 4636 asse
885 4575 1091 4655 presbyterum
1191 4576 1283 4654 Quod
1305 4576 1442 4638 additur:
1474 4578 1517 4638 In
1542 4582 1676 4641 nomas
1702 4572 1822 4646 Μ

398 4670 429 4721 et
445 4662 641 4741 Episcopum.
657 4663 766 4743 Neque
782 4665 862 4724 enim
878 4681 939 4722 una
953 4661 1093 4721 Ecclesia
1147 4662 1295 4741 triplicem
1321 4663 1456 4724 admittit
1476 4668 1740 4728 camtructicnem.
1772 4661 1823 4726 Β

395 4746 501 4828 piures
515 4748 646 4810 babebat
663 4750 842 4830 Episcopus.
1147 4758 1208 4823 oct,
1232 4757 1268 4808 at
1287 4750 1327 4811 ad
1349 4750 1510 4812 dictionem
1530 4754 1599 4813 olco
1625 4752 1786 4822 referatur,
1801 4747 1845 4836 ἡ

440 4835 484 4895 Et
499 4842 589 4896 orent
611 4855 707 4912 saper
729 4855 809 4898 eum.
847 4832 1025 4912 cujusmodi
1041 4832 1092 4894 de·
1148 4854 1253 4896 sensus
1268 4838 1322 4897 sit:
1354 4840 1593 4914 Unpcatcaeum
1608 4835 1845 4903 onomatis!

397 4920 468 4981 beat
481 4940 548 4982 esse
563 4922 640 4982 baec
650 4942 744 5003 saper
757 4921 905 4984 infirmum
921 4921 1026 4993 cratis,
1042 4920 1091 4982 du·
1146 4926 1180 4984 in
1208 4927 1339 4985 nominc
1362 4926 1514 5001 Domini,
1541 4925 1572 4987 id
1598 4937 1648 4989 ‹at
1674 4925 1827 4990 cond

396 5006 615 5071 catEccieaiaa
629 5009 766 5088 tradtic,
788 5008 954 5074 reanum
969 5017 1093 5090 quauta
1143 5029 1214 5072 cum
1243 5010 1438 5076 inescatione
1465 5011 1565 5078 ὥτ’-ἰ
1592 5014 1733 5080 amb‘n.
1771 5005 1829 5092 Η
