4442 5825
424 579 498 649 ttt
881 630 885 639 ,
934 569 1358 629 comminuerentur.

421 749 622 832 aspersionem
650 748 814 810 sssumitnr
841 748 956 824 olenm,
986 756 1021 811 nt
1044 768 1115 810 mox
1169 748 1293 811 ticulum
1315 739 1446 828 σχεδὸν,
1468 747 1501 810 id
1519 755 1568 810 est
1583 766 1691 827 poeste
1713 756 1767 809 sut
1787 748 1866 829 fers,

422 836 590 901 audiemus
1169 858 1229 898 non
1245 836 1378 898 referunt
1401 837 1441 898 sd
1456 839 1577 912 omnio,
1602 835 1655 898 sed
1674 833 1712 897 sd
1730 836 1867 899 verbnm:

465 923 550 985 Itlnd
564 924 656 985 etism
670 931 753 998 notes
767 922 876 986 Mosen
890 925 922 986 in
936 925 1039 986 verbis
1055 943 1116 986 me·
1170 924 1389 1002 mundamur,-
1419 923 1596 1004 iaciuntque
1622 924 1702 985 hune
1731 942 1867 986 sensnm:

422 1012 546 1073 moretis
566 1030 627 1072 non
648 1028 740 1090 egere
760 1009 798 1071 de
819 1012 996 1092 aspersione
1018 1011 1116 1073 teber-
1171 1009 1281 1073 Omnis
1294 1009 1456 1072 secundum
1481 1011 1579 1092 legem
1594 1010 1675 1088 fere,
1699 1010 1732 1072 id
1747 1018 1795 1071 est
1809 1012 1867 1071 im·

423 1098 531 1172 nsculi,
542 1096 598 1159 sed
609 1097 702 1159 soline
713 1098 828 1160 sltsris.
852 1097 1002 1177 Quocirca
1014 1099 1116 1160 dicen·
1169 1099 1325 1177 perfecte,
1353 1098 1536 1160 mundentur
1562 1098 1593 1158 in
1613 1098 1777 1178 sunguine,
1800 1098 1868 1179 quis

423 1185 495 1247 dnm
510 1184 697 1259 arbitremur,
719 1184 785 1261 hoe,
808 1185 891 1266 qnod
906 1185 1020 1247 Penlns
1035 1186 1117 1259 dicit,
1170 1206 1231 1247 non
1246 1193 1309 1246 eret
1325 1184 1379 1247 ilie
1390 1184 1525 1266 perfecte
1539 1183 1702 1259 mundetio,
1719 1183 1801 1266 qnod
1816 1205 1868 1265 por

423 1273 531 1336 Mosen
546 1275 635 1333 etism
646 1270 873 1335 teberneoulum
884 1279 915 1332 et
928 1274 1029 1334 omnis
1044 1293 1119 1334 sess
1172 1291 1239 1335 enm
1254 1280 1378 1353 peccato
1391 1293 1452 1334 non
1468 1271 1655 1334 tolierentnr.
1678 1273 1722 1333 At
1736 1291 1812 1335 sene
1825 1272 1866 1332 ni·

422 1360 582 1422 ministerii
607 1360 753 1438 sunguine
779 1358 917 1422 similiter
941 1361 1118 1440 aspersisse,
1171 1361 1263 1421 mium
1279 1370 1385 1420 coeets
1400 1368 1445 1419 est
1459 1361 1519 1421 ists
1534 1359 1724 1421 constructio.
1747 1359 1868 1420 Rectim

422 1468 485 1510 non
500 1465 568 1508 esse
590 1447 701 1526 scripto
723 1446 873 1527 proditum
888 1446 926 1507 sb
941 1449 1008 1528 ipso
1022 1446 1118 1520 Mose,
1172 1448 1275 1528 itaque
1283 1447 1393 1521 Latini,
1403 1466 1508 1524 possse
1520 1445 1684 1508 reserentes
1694 1443 1736 1506 nd
1749 1448 1868 1521 omnio,

423 1535 485 1598 nisi
499 1534 532 1594 in
545 1543 646 1613 perte,
662 1531 733 1595 dum
748 1533 841 1595 refert
851 1535 881 1594 in
894 1533 998 1595 eodem
1011 1542 1118 1593 octavo
1171 1531 1370 1614 respondent,
1400 1535 1586 1615 Apostolum
1609 1532 1742 1595 dixisse:
1763 1552 1868 1611 paene

424 1623 524 1704 sopite
546 1620 686 1695 Lesitiei,
711 1639 753 1697 se,
775 1629 894 1701 sumpto
916 1630 1071 1702 unguento
1087 1629 1120 1680 et
1172 1622 1292 1695 omnio,
1309 1619 1391 1699 quod
1407 1630 1511 1684 essent
1529 1619 1688 1703 quaedem,
1711 1640 1794 1702 queo
1811 1641 1869 1682 non

423 1709 588 1789 sanguine,
610 1707 665 1788 qui
688 1717 750 1768 erst
772 1709 803 1770 in
824 1709 929 1783 elteri,
951 1711 1119 1785 aspersisse
1172 1708 1325 1788 sangnine,
1333 1706 1589 1789 sedveligne,vel
1597 1727 1677 1789 squs
1688 1709 1867 1788 expietionis

423 1813 520 1874 super
534 1799 648 1857 Aaron
667 1802 697 1855 et
711 1798 899 1858 vestimento
920 1799 996 1872 ejses,
1021 1803 1050 1855 et
1064 1813 1119 1856 so·
1171 1793 1396 1855 munder-entur.
1419 1795 1470 1857 sie
1484 1798 1561 1857 enim
1575 1795 1612 1856 de
1622 1794 1727 1875 spoliis
1738 1794 1867 1857 hostium

420 1901 483 1962 pes·
504 1882 587 1959 filios
607 1881 696 1942 iliius
716 1900 755 1942 oe
777 1889 872 1944 verm
893 1902 1013 1945 eorem.
1040 1883 1118 1942 Nem
1173 1881 1544 1963 proecipitnrlt’um.31.:
1568 1883 1678 1958 Omne,
1701 1883 1791 1960 quod
1808 1901 1867 1960 po·

424 1988 528 2032 sscrse
556 1978 658 2030 vestes
687 1968 834 2050 pontificis
863 1978 894 2030 et
922 1968 1119 2042 sacerdotnm,
1172 1976 1230 2031 test
1244 1971 1382 2030 transire
1400 1989 1462 2047 pes·
1476 1971 1634 2049 pommus,
1657 1972 1732 2046 tprse
1744 1988 1867 2053 pospo-

424 2058 530 2121 merito
545 2056 577 2116 in
591 2058 685 2130 vade,
708 2054 739 2115 id
761 2066 816 2130 est,
838 2057 1043 2118 instrumentis
1057 2059 1119 2116 mi·
1173 2057 1266 2118 bitur.
1290 2056 1455 2134 Quidquid
1477 2065 1583 2118 ossum
1605 2059 1710 2134 ipnsm
1725 2076 1797 2120 uon
1810 2075 1868 2139 po-

424 2144 550 2209 misterii
555 2187 565 2217 ,
594 2149 812 2223 computentur.
847 2143 937 2224 Quod
963 2154 1063 2205 sutem
1089 2143 1120 2203 in
1173 2150 1231 2205 test
1244 2146 1410 2221 sustinere,
1433 2163 1519 2224 apso
1540 2145 1735 2222 expiationis
1748 2147 1868 2211 noeti·

424 2241 512 2316 psrte
534 2249 707 2311 expressum
730 2239 774 2291 est
788 2251 807 2291 s
821 2231 916 2305 Mose,
941 2231 1056 2293 Paulos
1077 2231 1119 2291 in·
1173 2231 1328 2309 destitues.

426 2320 544 2383 tellexit
557 2317 597 2380 sd
618 2327 713 2379 totum
728 2337 820 2400 posse
834 2317 948 2388 referri,
972 2320 1121 2398 scisitque
1217 2317 1377 2379 Caeterum
1393 2316 1433 2379 de
1448 2338 1531 2398 equs
1545 2320 1729 2399 expiationis
1744 2321 1869 2402 ejusque

424 2404 616 2470 referendum
641 2424 722 2480 esse,
749 2403 893 2465 videlicet
919 2404 1059 2480 edoctos,
1087 2412 1121 2464 ut
1174 2405 1331 2487 multiplici
1352 2403 1390 2465 sd
1414 2406 1663 2470 sanctificandum
1685 2427 1759 2481 usn,
1782 2408 1866 2469 loeus

424 2493 589 2557 verisimile
612 2500 665 2567 est,
688 2493 895 2571 smsjoribos.
919 2491 1009 2570 Quod
1027 2512 1065 2553 ne
1079 2491 1120 2551 le·
1175 2502 1221 2554 eet
1243 2491 1379 2572 ejusdem
1403 2491 1454 2554 lib.
1477 2513 1544 2575 esp.
1570 2499 1619 2558 19.
1652 2492 1713 2557 sed
1737 2501 1870 2574 stoque

425 2583 505 2644 viter
516 2578 628 2641 dixisse
640 2577 753 2653 videns,
769 2578 860 2641 fidem
876 2578 949 2641 feeit
960 2578 1121 2660 Josephus,
1174 2580 1293 2661 vulgeri
1316 2578 1356 2641 sd
1370 2580 1534 2643 tollendam
1555 2599 1711 2662 corporum
1726 2600 1763 2641 sc
1777 2581 1867 2641 vesti·

426 2669 480 2749 qui
502 2666 553 2727 lib.
577 2671 606 2729 3.
630 2668 722 2746 entiq.
745 2665 818 2728 Jud.
839 2686 905 2747 esp.
929 2670 967 2741 9.,
990 2685 1056 2727 eum
1078 2685 1122 2739 eo,
1175 2676 1342 2728 mentorum
1368 2667 1588 2730 immunditiem
1613 2668 1729 2728 multos
1755 2667 1870 2728 fiebunt

426 2773 509 2837 quse
522 2755 554 2814 in
565 2752 704 2815 Levitico
719 2754 833 2834 scripte
848 2762 918 2813 snut
932 2753 970 2815 de
987 2752 1123 2813 vestibus
1175 2755 1313 2831 lotiones,
1329 2761 1364 2813 ut
1382 2763 1468 2834 petet
1483 2775 1520 2817 ex
1535 2754 1627 2815 variis
1643 2753 1718 2815 locis
1733 2754 1871 2815 Levitiei.

426 2841 558 2903 neronis
578 2859 614 2899 so
636 2838 764 2900 tiliorum
787 2841 853 2919 ojus
876 2848 1029 2921 unguento
1053 2859 1121 2900 sen·
1174 2840 1264 2903 Unde
1288 2861 1306 2901 e
1330 2839 1453 2902 diverso
1479 2843 1609 2903 nescitur
1635 2842 1790 2923 qneestio,
1819 2861 1872 2902 cnr

426 2930 579 3012 guineque
593 2929 731 3007 aspersis,
754 2937 1021 3002 commemorasset,
1044 2928 1122 2988 idem
1175 2929 1300 2991 dixerit:
1321 2946 1427 3005 poene
1449 2933 1567 3005 omnio,
1592 2950 1658 2991 com
1674 2938 1737 2990 tem
1758 2929 1872 2992 multoe

428 3018 570 3079 continno
585 3015 706 3076 disertis
726 3017 828 3076 verbis
852 3014 1007 3096 subjungit
1022 3014 1060 3075 de
1076 3024 1120 3075 ts·
1176 3018 1281 3079 tierent
1306 3018 1373 3076 sine
1399 3020 1547 3097 sanguiue
1567 3016 1786 3079 mundationes.
1811 3015 1872 3079 Sed

426 3102 589 3166 bernscnlo
612 3102 738 3182 ejusque
759 3103 857 3178 susis,
880 3103 995 3163 scilicet
1015 3121 1054 3163 es
1067 3120 1121 3162 un·
1175 3104 1265 3183 hujus
1288 3105 1512 3183 responsionem
1535 3104 1649 3166 indicet
1670 3106 1707 3165 B.
1727 3104 1872 3178 Thomas,

427 3198 556 3271 guento,
581 3191 673 3269 juxte
698 3190 919 3270 praescriptum
946 3188 1025 3269 legis
1052 3209 1121 3250 eon·
1176 3211 1269 3273 quum
1296 3190 1387 3264 dicit,
1416 3190 1511 3271 ipsam
1542 3211 1664 3273 qnoque
1689 3193 1874 3273 expietionis

427 3279 523 3348 fecto,
545 3285 575 3337 et
597 3277 745 3356 sanguine
765 3286 917 3339 mororum
940 3285 972 3337 et
996 3278 1123 3337 srietnm
1176 3298 1284 3359 equum
1311 3277 1405 3338 inisse
1432 3277 1600 3339 confectum
1633 3299 1700 3341 eum
1726 3280 1873 3359 sunguine

427 3364 554 3427 alternis
562 3364 881 3439 diebusmsctstornm,
889 3384 1014 3444 esperes
1022 3364 1122 3423 fuisse.
1176 3364 1293 3426 vitulae
1313 3364 1405 3425 seire
1435 3365 1575 3445 Respicit
1596 3368 1687 3440 enim,
1708 3375 1742 3425 nt
1755 3367 1872 3445 opinor,

427 3452 498 3515 Non
519 3452 643 3515 dubium
667 3460 782 3526 sutem,
807 3452 882 3533 quin
902 3471 939 3511 ss
961 3450 1124 3531 Josephus,
1178 3453 1217 3513 sd
1238 3451 1285 3526 id,
1312 3450 1394 3533 quod
1415 3461 1611 3533 praeceptum
1633 3460 1707 3527 eret,
1734 3462 1770 3512 nt
1790 3451 1873 3513 illius

428 3549 534 3623 utpote
556 3539 697 3601 secordes
720 3540 886 3612 Levitieus,
909 3539 1063 3619 acceperit
1085 3557 1125 3598 ex
1178 3540 1296 3601 vitulus
1318 3547 1379 3600 tem
1402 3537 1491 3618 pellis
1512 3551 1543 3601 et
1561 3560 1675 3613 cernes,
1698 3559 1792 3620 quem
1808 3559 1873 3601 sen-

430 3626 655 3708 progenitorum
686 3645 807 3687 suornm
840 3623 1008 3685 traditione.
1052 3625 1124 3687 Jem
1177 3627 1244 3706 gnis
1271 3634 1301 3685 et
1325 3626 1411 3686 fimus
1436 3625 1574 3687 flommoe
1595 3626 1794 3688 traderentur.
1824 3625 1875 3688 Ex

428 3713 510 3797 qnod
524 3712 562 3773 ed
578 3713 755 3793 mysterium
778 3714 896 3786 sttinet,
917 3730 971 3791 per
985 3711 1123 3771 taberne·
1178 3715 1225 3774 his
1240 3714 1317 3774 enim
1334 3715 1365 3774 in
1380 3712 1507 3773 cinerem
1531 3713 1661 3775 redactis
1683 3713 1777 3775 flebst
1790 3733 1874 3795 sque

429 3800 530 3863 sulum
556 3800 711 3871 Ecclesia,
737 3818 792 3878 per
817 3817 891 3859 vose
912 3799 963 3860 vel
987 3798 1125 3870 ministri,
1179 3800 1368 3882 expiationis.
1391 3798 1449 3860 His
1464 3800 1590 3874 secedit,
1614 3800 1696 3882 qnod
1711 3800 1876 3885 pleresque

428 3888 481 3949 vel
506 3888 641 3949 membre
666 3884 839 3960 Ecclesiae,
869 3884 901 3946 id
928 3892 988 3960 est,
1014 3885 1125 3965 singuli
1178 3887 1415 3969 purificationes,
1443 3906 1521 3967 quse
1541 3908 1594 3968 per
1618 3907 1729 3970 equum
1754 3889 1876 3961 flebunt,

430 3976 546 4057 quique
567 3973 688 4045 fideles,
711 3973 926 4053 significentur.
955 3973 1022 4033 Hos
1046 3974 1125 4034 euim
1178 3976 1238 4035 vim
1261 3972 1413 4034 hebebant
1433 3993 1469 4035 en
1492 3973 1594 4054 sliqno
1617 3974 1765 4036 sacrificio
1790 3995 1874 4057 prse-

430 4061 552 4133 Psulns,
577 4064 595 4121 2
612 4060 692 4121 Tum.
709 4062 746 4135 2,
769 4079 905 4137 mappae
921 4060 1033 4120 domus
1048 4078 1127 4121 vaso
1179 4059 1306 4135 cedenti,
1321 4062 1352 4121 in
1369 4079 1428 4142 qno
1443 4062 1566 4141 sangnis
1581 4060 1680 4124 iuerat
1693 4062 1818 4124 effusus.

430 4147 571 4230 sppellst
588 4145 672 4207 Nihil
683 4155 783 4208 entem
794 4148 901 4208 horum
913 4146 1127 4217 sanctificetur,
1222 4149 1267 4209 Et
1287 4151 1355 4209 sisse
1381 4152 1547 4224 saupuint's
1573 4151 1726 4228 effusione
1745 4169 1815 4214 noes
1840 4148 1877 4227 tit

429 4237 489 4298 nisi
526 4253 579 4315 per
617 4235 819 4312 aspersionem
855 4234 1012 4313 sanguinis
1049 4234 1127 4295 Jesu
1180 4236 1332 4309 remissio,
1357 4236 1474 4297 seilicet
1490 4246 1704 4313 peecatorum.
1730 4236 1801 4298 Hoc
1823 4236 1875 4298 sb·

433 4319 556 4395 Christi,
572 4328 606 4381 nt
619 4320 753 4400 loquitur
769 4320 876 4382 Petrus
890 4320 1055 4401 Apostolus
1072 4320 1125 4381 ini·
1180 4321 1278 4383 solute
1309 4320 1391 4382 dicit.
1430 4323 1577 4402 Quemvis
1606 4324 1683 4384 enim
1713 4322 1877 4386 nonnullos

430 4412 475 4472 tio
491 4409 606 4490 primes
622 4426 697 4468 eune
711 4408 876 4489 Epistolse.
1180 4408 1392 4470 mundationes
1415 4408 1538 4490 legales,
1559 4417 1595 4469 nt
1617 4409 1731 4471 dietum
1746 4420 1802 4486 est,
1824 4410 1876 4473 fle

474 4499 525 4559 st.
548 4496 592 4559 Et
606 4498 716 4556 omnio
733 4515 839 4573 paene
854 4495 1063 4569 inscripsisse
1078 4511 1127 4553 se·
1180 4504 1246 4557 rent
1260 4497 1327 4556 sine
1342 4496 1489 4575 sunguine
1503 4496 1588 4558 nuile
1603 4505 1703 4558 temon
1719 4498 1759 4560 sd
1773 4499 1875 4561 nmis·

430 4584 571 4647 eundum
594 4582 690 4658 lspem
710 4582 923 4644 mundentur.
949 4581 986 4641 In
1001 4579 1127 4642 Graecis
1181 4586 1297 4644 sionem
1321 4591 1511 4663 peccatorum
1533 4584 1667 4645 institute
1689 4593 1754 4645 eret
1772 4604 1875 4648 onere

430 4671 480 4733 hie
495 4670 568 4732 ordo
582 4678 644 4731 est:
671 4671 716 4730 Et
737 4670 807 4748 fere
826 4672 863 4730 iss
885 4670 1044 4744 saepsisse
1058 4686 1126 4729 om-
1180 4672 1296 4744 monis,
1325 4689 1405 4751 quse
1431 4672 1587 4750 sanguinis
1613 4671 1791 4734 effusionem
1816 4691 1877 4734 non

429 4756 893 4835 ntopertpeantsrssessdum
906 4757 1014 4831 lepem.
1028 4754 1126 4835 Quae·
1180 4758 1325 4837 exigeret
1349 4758 1428 4819 Nem
1451 4778 1506 4836 pro
1530 4760 1660 4837 peccetis
1675 4759 1878 4821 offerebantur

430 4846 515 4920 ritnr,
536 4865 589 4906 eur
609 4864 669 4907 non
695 4843 833 4906 obsolute
852 4842 980 4905 dixerit:
1003 4844 1125 4918 osenia,
1180 4846 1329 4907 sacrificis
1342 4845 1565 4926 propitistoris,
1588 4846 1619 4906 in
1638 4846 1753 4925 quibus
1765 4844 1877 4910 enimsi

431 4929 501 4993 sed:
524 4932 595 5009 fere
617 4933 738 4995 musio.
767 4930 857 4993 Hsec
881 4930 1021 5010 qnsestio
1043 4929 1125 5011 epod
1179 4940 1366 5005 mereretur,
1389 4949 1468 5011 quse
1490 4931 1619 5014 proinde
1636 4934 1737 4996 omnis
1750 4940 1876 4996 ernsnts

431 5015 565 5082 ormo·
580 5019 769 5100 expositores
782 5017 867 5082 suus
881 5026 935 5080 est
959 5019 1037 5081 Nem
1058 5036 1126 5100 pen·
1180 5028 1275 5094 erent,
1290 5028 1325 5081 ut
1338 5027 1423 5101 petet
1436 5038 1478 5086 ex
1489 5019 1566 5083 Les.
1581 5023 1612 5084 4
1627 5028 1659 5082 et
1670 5019 1875 5105 ssssmtsoss
