4442 5825
439 613 511 682 ⁶193
1018 603 1251 661 commitis

435 782 566 843 diximus
581 801 681 862 supra,
697 781 750 842 ubi
767 782 805 843 de
818 781 969 844 secundae
980 790 1011 842 et
1025 783 1131 840 tertiae
1183 798 1336 857 prospers
1361 782 1428 857 opit
1454 782 1569 842 calmo
1595 788 1675 855 taso,
1704 779 1734 840 id
1751 790 1800 841 est
1815 784 1884 843 sieut

435 868 639 948 Epistularum
662 870 856 942 auctoritate,
883 880 914 930 et
939 868 977 928 ad
1007 887 1129 946 praece·
1184 866 1347 939 hacteuus,
1362 866 1422 926 Dei
1437 866 1601 939 beneficio,
1618 878 1668 928 est
1682 888 1815 949 prosper
1824 880 1882 940 ,tua-

435 955 532 1016 dentis
547 956 702 1035 Epistulae
718 976 747 1017 v.
762 963 788 1017 1.
813 957 899 1031 Gaio.
921 950 1131 1032 HuncOsjum
1185 973 1249 1014 runt
1272 972 1372 1013 rerunt
1394 962 1508 1028 status,
1535 957 1567 1015 in
1594 956 1703 1035 primis
1726 956 1883 1016 secundun

435 1042 529 1103 inisse
552 1044 650 1116 illuto,
675 1043 712 1102 de
735 1063 795 1122 quo
818 1043 932 1103 Paulus
955 1041 1131 1121 Apostolus.
1184 1041 1339 1121 spiritum,
1354 1039 1463 1101 deinde
1480 1040 1649 1102 secundum
1666 1052 1803 1102 caetera.

436 1130 521 1190 Rom.
550 1133 616 1190 tt:
643 1130 770 1191 §elatat
796 1147 850 1190 vos
877 1127 998 1208 (inquit)
1026 1128 1130 1202 Ocius,
1229 1127 1258 1186 3.
1285 1127 1417 1188 Gooism
1443 1145 1511 1187 sum
1539 1128 1658 1204 valde,
1690 1129 1884 1190 ominatibut

435 1216 545 1293 hospes
573 1234 660 1276 meus
698 1227 726 1275 et
762 1220 931 1277 universas
960 1217 1131 1289 Ecclesiae,
1183 1213 1360 1293 fratribus,
1391 1221 1446 1274 etc.
1483 1215 1661 1294 Antequam
1689 1215 1731 1276 sd
1755 1235 1882 1297 peraeae

435 1306 609 1382 conjectura
646 1311 690 1362 est
725 1302 915 1363 Venerabilis
953 1301 1058 1362 Bedae
1100 1303 1132 1362 iu
1186 1300 1312 1361 tandum
1328 1303 1360 1362 in
1375 1301 1518 1382 operibus
1533 1302 1770 1363 misericordiae
1786 1302 1884 1382 Cajnn

435 1408 540 1450 comm.
556 1388 646 1467 hujus
670 1390 745 1461 loci,
773 1402 944 1461 eteorum,
973 1390 1025 1468 qui
1048 1387 1131 1448 illum
1187 1386 1375 1460 exhortetur,
1406 1387 1463 1447 hoc
1485 1406 1575 1448 versu
1599 1399 1633 1448 et
1655 1388 1779 1449 duobus
1808 1410 1884 1470 seqq.

434 1486 619 1555 sequnntut3
639 1475 692 1535 sed
708 1475 785 1536 nihil
799 1476 912 1539 hebent
926 1483 1048 1554 praeter
1063 1494 1131 1535 con·
1185 1475 1269 1557 prins
1284 1494 1351 1534 eum
1368 1474 1405 1536 de
1420 1476 1473 1548 iis,
1494 1494 1572 1556 quae
1593 1495 1632 1536 eo
1653 1495 1755 1556 nsque
1772 1479 1884 1549 iecerat,

430 1563 596 1642 jectursm,
620 1580 712 1642 quan
736 1563 852 1627 faciunt
876 1581 915 1625 ex
938 1560 1132 1623 similitudine
1181 1558 1355 1633 colludat,
1370 1561 1538 1641 amposta
1553 1561 1615 1623 liei
1626 1566 1770 1640 μείω
1785 1565 1814 1624 in
1829 1565 1885 1643 ipso

434 1670 549 1711 morum
576 1649 667 1729 hujus
694 1648 763 1727 crjt
797 1670 865 1710 cum
896 1647 948 1708 illo
975 1645 1132 1708 Corinthio
1186 1648 1394 1728 depraedicat,
1421 1666 1476 1727 per
1490 1665 1581 1729 quant
1597 1648 1681 1710 adeo
1697 1651 1884 1711 beneticnsin

436 1735 527 1816 Cajo,
558 1756 646 1814 quem
677 1736 789 1796 Paulus
820 1734 1024 1807 commendat,
1054 1732 1132 1815 quod
1186 1753 1335 1814 pauperes
1349 1733 1742 1797 Christianossoleatesse.
1768 1738 1808 1797 Et
1822 1737 1884 1796 haec

436 1825 534 1904 ipsum
561 1823 691 1903 hospitio
721 1823 875 1903 exciperet
905 1831 937 1882 et
963 1822 1132 1881 universam
1187 1821 1321 1880 laudatio
1346 1829 1393 1880 est
1415 1822 1507 1881 tacita
1532 1819 1572 1881 sd
1596 1823 1700 1884 Deum
1731 1825 1884 1903 gratiamur

436 1909 622 1983 Ecclesiam,
645 1908 676 1969 id
700 1919 748 1968 est
771 1909 924 1989 quoslibet
944 1907 1133 1968 Christianos
1188 1908 1274 1968 actio.
1312 1905 1526 1980 (deriderentur,
1554 1929 1640 1988 quae
1662 1910 1752 1970 dicta
1775 1922 1840 1970 eunt
1853 1909 1884 1969 ad

437 2015 547 2075 egenos
563 1996 600 2055 acl
613 1999 709 2077 ipsum
722 1998 888 2056 venientes.
912 1994 1129 2059 Eadem-bens·
1187 1994 1331 2074 raptata
1354 2015 1382 2052 v.
1405 1996 1452 2067 d.,
1478 1994 1589 2074 quihus
1610 1996 1690 2056 illud
1717 1998 1880 2078 explicatur,

435 2082 557 2145 ficentis
571 2084 663 2143 inisse
679 2081 759 2143 hunc
774 2082 960 2161 Cajum,cui
971 2081 1081 2142 scribit
1096 2081 1133 2140 B.
1187 2080 1268 2162 quod
1294 2082 1343 2140 hic
1367 2080 1490 2143 dicitur:
1525 2081 1665 2146 (dachus
1691 2104 1766 2146 essm
1793 2084 1882 2144 uulda

436 2169 589 2244 Joanues,
613 2169 803 2230 manifestum
828 2179 872 2228 est
895 2187 932 2229 ex
955 2187 984 2226 v.
1010 2172 1037 2231 3.
1057 2176 1088 2227 et
1103 2168 1132 2226 5.
1188 2170 1281 2248 Cujus
1300 2166 1467 2251 spiritualis
1489 2169 1594 2251 gaudii
1619 2175 1784 2233 materiam
1806 2191 1882 2249 expo

435 2255 526 2335 hujus
542 2257 638 2336 Epist
662 2255 730 2316 Hoc
753 2270 853 2315 autern
878 2253 967 2314 valde
987 2253 1133 2315 credibile
1188 2256 1231 2317 nit
1245 2248 1343 2316 verbis
1359 2257 1570 2338 sequentibus:
1593 2254 1810 2319 Venientibus
1820 2258 1882 2336 {ro-

436 2353 496 2417 est,
518 2343 602 2403 illum
619 2342 725 2422 Galum
742 2341 931 2404 Corinthium
948 2340 1044 2400 inisse
1061 2361 1132 2400 eun·
1187 2342 1288 2403 tribus
1303 2348 1356 2402 e'tc.
1366 2387 1376 2417 ,
1400 2343 1488 2422 qussi
1504 2340 1604 2402 dicat:
1629 2344 1701 2406 Hoc
1726 2346 1783 2406 tibi
1798 2357 1881 2426 grata·

436 2430 520 2503 dent,
547 2449 635 2509 quem
660 2430 773 2491 Paulus
788 2450 808 2488 s
823 2449 860 2489 se
876 2429 1010 2488 Corinthi
1035 2428 1132 2507 bapti·
1187 2430 1248 2501 lor,
1275 2428 1333 2488 hoc
1355 2428 1426 2489 mihi
1445 2428 1503 2489 init
1527 2428 1661 2509 gaudio,
1689 2432 1750 2494 hoe
1777 2436 1881 2494 nomino

436 2529 537 2580 saturn
559 2517 679 2590 scribit,
711 2514 817 2577 IOor.
843 2521 869 2575 1.
907 2515 981 2574 Fuit
1003 2525 1034 2575 et
1056 2513 1155 2573 alitae·
1187 2517 1257 2577 Deo
1273 2517 1441 2596 egietttgo
1457 2518 1579 2596 gratias,
1596 2519 1685 2598 qnod
1702 2522 1737 2580 in
1751 2539 1880 2601 pauperes

436 2604 544 2683 Cajus,
559 2604 647 2663 Pauli
664 2603 803 2682 Apostoli
820 2601 1001 2681 discipulus,
1017 2601 1056 2665 de
1072 2620 1134 2680 quo
1188 2604 1372 2665 Christianos
1389 2602 1497 2680 *soleas
1527 2623 1597 2664 esee
1624 2605 1710 2667 odeo
1738 2606 1877 2676 beneficus

436 2693 504 2751 Act.
535 2694 583 2754 19.
610 2699 640 2749 et
666 2691 733 2761 20,
763 2691 823 2750 nisi
850 2689 909 2748 duo
934 2686 1046 2748 diversi
1073 2687 1134 2746 illic
1189 2691 1267 2751 sicut
1283 2689 1327 2750 illi
1343 2691 1401 2771 ipsi
1418 2689 1504 2750 nohis
1519 2690 1712 2768 retulerunt,
1740 2696 1878 2772 quiistint

438 2778 596 2857 significati
613 2785 689 2836 sunt
713 2775 792 2836 Nam
809 2771 859 2835 ille
874 2772 993 2855 quidem
1010 2784 1136 2833 vocatur
1188 2776 1226 2836 ad
1242 2795 1296 2836 nos
1311 2786 1473 2848 venerunt,
1492 2786 1574 2836 tunm
1590 2777 1827 2841 beneficentiam
1839 2798 1873 2839 et·

439 2863 583 2933 Macedo,
601 2862 649 2922 bic
664 2881 737 2924 vero
751 2861 920 2923 Derhaeus.
942 2859 1065 2921 Derhon
1081 2880 1133 2920 an·
1188 2864 1275 2945 perti.
1304 2863 1394 2924 Hanc
1409 2861 1640 2926 beneficentiam
1658 2867 1826 2947 Apostolus
1838 2887 1874 2927 to

440 2960 500 3010 tem
532 2958 647 3027 ponunt
676 2952 706 3010 in
736 2951 891 3031 Lycaonia
927 2948 976 3008 vel
1007 2949 1134 3007 Isauris.
1188 2959 1239 3010 tat
1258 2954 1444 3023 veritatem,
1471 2950 1519 3009 bis
1541 2952 1667 3013 verbis:
1695 2958 1873 3016 Ettediao·

437 3036 593 3099 Neminem
609 3038 730 3097 istorum
746 3038 838 3096 fuisse
858 3036 935 3096 bunc
951 3033 1069 3113 Oajum,
1085 3036 1136 3094 oui
1187 3040 1278 3098 stium
1291 3036 1529 3113 pultibcsttibtts
1544 3043 1681 3100 ueritati
1704 3050 1800 3117 tuoe,
1820 3042 1871 3120 quit

436 3124 555 3183 tertiam
571 3125 657 3183 istam
674 3122 842 3202 Epistulam
853 3121 888 3181 Β.
905 3120 1042 3181 Josnnes
1062 3124 1134 3180 scri·
1186 3142 1288 3183 uerum
1312 3132 1344 3184 st
1364 3125 1487 3185 nornine
1512 3142 1568 3183 suo
1589 3124 1725 3203 dignum
1754 3128 1870 3189 Christis·

436 3208 495 3281 bit,
518 3208 604 3268 nobis
627 3208 799 3268 credibilius
824 3217 871 3267 est
894 3226 933 3266 ex
948 3228 976 3265 v.
993 3212 1022 3267 4.
1038 3205 1136 3286 hujus,
1187 3228 1259 3270 nom
1275 3230 1333 3270 non
1350 3210 1421 3271 facit
1436 3209 1500 3269 sols
1515 3209 1608 3285 fides,
1634 3214 1691 3274 sed
1709 3215 1790 3277 bona
1803 3230 1870 3294 opert

437 3293 489 3354 ubi
505 3315 574 3354 eum
586 3295 720 3356 terune
728 3297 806 3357 inter
819 3293 897 3353 filios
908 3312 977 3353 suos
990 3303 1135 3366 numerat,
1188 3296 1258 3356 fidei
1275 3290 1432 3376 adjuncta,
1455 3297 1531 3357 inter
1545 3317 1630 3377 quae
1646 3303 1784 3362 eminent
1797 3299 1868 3361 offitia

438 3399 515 3461 quos
530 3383 648 3441 scilicet
664 3380 783 3442 Christo
804 3389 951 3459 genuerat
966 3398 1018 3458 per
1034 3380 1134 3439 Evan-
1189 3384 1331 3442 caritatis.
1370 3382 1456 3443 Hinc
1482 3383 1676 3466 intelligetur
1704 3388 1781 3448 illnd
1804 3386 1868 3463 tntu

437 3467 569 3549 pelium,
599 3479 653 3527 aut
682 3488 736 3547 per
765 3468 962 3547 baptismum,
1000 3474 1052 3524 ant
1081 3480 1135 3544 per
1187 3487 1294 3529 vetans
1317 3475 1499 3530 extremum:
1521 3471 1613 3531 sicat
1639 3480 1677 3533 tu
1701 3477 1740 3536 ist
1763 3476 1869 3535 urriols

437 3563 613 3632 utrumque,
640 3552 708 3614 illos
724 3566 824 3616 autem
841 3551 956 3614 Paulus
971 3552 1135 3630 Apostolus
1187 3555 1342 3616 stabulos.
1365 3555 1512 3617 Nimirum
1527 3559 1707 3620 inambulat
1718 3563 1750 3621 in
1762 3562 1869 3627 veritate

438 3640 557 3700 Christo
579 3649 733 3720 genuerat.
769 3643 866 3719 Quaem
894 3657 950 3717 spo
976 3639 1075 3715 dilipo
1099 3642 1135 3700 itt
1186 3644 1240 3719 qui
1263 3644 1292 3701 in
1313 3652 1397 3702 recta
1421 3641 1478 3703 fide
1501 3653 1530 3702 et
1549 3645 1673 3706 sincera
1695 3650 1867 3709 caritatem!

438 3730 581 3788 veritate.
604 3726 987 3807 Haecparsexpositsest
1004 3725 1135 3786 advers.
1188 3728 1284 3788 solum
1300 3737 1416 3803 manet,
1432 3727 1484 3789 sed
1500 3730 1589 3790 etiam
1607 3734 1739 3811 proficit
1778 3730 1866 3799 cotim

438 3816 466 3873 1.
494 3811 593 3891 Epist.
622 3818 666 3889 2.;
696 3834 763 3874 num
788 3827 818 3873 et
841 3814 882 3874 ibi
908 3812 1072 3892 reperitur,
1102 3822 1136 3871 ut
1210 3834 1267 3874 uae
1303 3813 1479 3877 dicebantur
1515 3815 1554 3876 sd
1592 3838 1720 3882 versum
1749 3818 1864 3881 illumi.

437 3899 586 3977 quaedam
614 3899 691 3959 aliae
719 3901 883 3959 sententiae
917 3908 988 3959 sunt
1014 3900 1135 3977 utrique
1187 3835 1283 3981 hpist.
1298 3902 1328 3960 2.

435 3983 593 4064 Epistolae
608 4001 787 4046 communes.
1231 3988 1261 4046 4.
1284 3987 1440 4063 Maiorem
1463 3990 1577 4051 bonam
1600 4007 1672 4053 nott
1694 3994 1795 4055 hobae
1810 4004 1863 4068 pt*

481 4074 508 4133 2.
534 4073 720 4145 Carissimo,
741 4072 779 4131 dc
794 4071 941 4132 omuibus
956 4074 1134 4133 orationem
1188 4078 1276 4134 tium.
1313 4073 1442 4135 Veteres
1451 4075 1696 4139 concordantias
1720 4080 1863 4145 suto·

433 4158 539 4234 socio,
554 4176 707 4233 prospers
723 4166 752 4217 te
766 4158 910 4234 inpredi,
932 4165 986 4217 stc,
1020 4158 1135 4217 Sensus
1186 4160 1331 4224 collectae
1352 4160 1536 4241 abldugoue
1551 4162 1698 4241 Curensi,
1726 4158 1863 4230 coemi

435 4243 557 4302 videtur
573 4246 607 4316 is,
624 4264 713 4323 quent
729 4244 883 4304 lrnnclere
899 4245 929 4304 in
945 4243 1064 4304 modum
1082 4264 1133 4304 ex·
1188 4266 1227 4307 ex
1252 4246 1365 4307 familia
1395 4252 1490 4309 sancti
1518 4250 1690 4325 Dominici,
1722 4260 1863 4315 consistit
1915 4275 1916 4288 ¹

435 4328 528 4409 plicat
542 4330 644 4391 Beda:
660 4330 760 4390 Deum
773 4349 824 4389 oro
840 4330 878 4390 de
889 4330 1023 4392 omuibus
1035 4330 1134 4403 rebus,
1188 4333 1307 4411 legunt:
1333 4336 1502 4410 Maiushit
1523 4355 1590 4399 stou
1607 4338 1712 4401 habeo
1726 4340 1869 4418 emtas.
1914 4360 1916 4387 ι

435 4425 466 4475 et
481 4417 687 4495 spiritualibus
703 4418 849 4488 nimirum,
865 4425 896 4477 et
910 4417 1134 4497 temporalibus,
1188 4419 1301 4479 Tribus
1316 4424 1393 4481 enim
1409 4421 1483 4482 locis
1499 4422 1574 4483 haec
1589 4423 1683 4485 lectio
1700 4427 1731 4488 in
1748 4428 1805 4488 illis
1816 4429 1873 4486 αἱ

434 4511 469 4561 nt
493 4506 524 4562 in
547 4506 683 4582 utrisque
706 4513 735 4562 te
759 4522 903 4583 prospere
930 4522 1017 4581 agere
1035 4503 1156 4588 iaciat„
1188 4505 1872 4586 cordanttisreperitu13scilicetrerbo:10·

433 4592 573 4668 utrisqne
608 4591 725 4663 valeret
762 4588 965 4649 continuando
995 4591 1133 4649 nimirum
1185 4593 1256 4668 jor,
1280 4592 1387 4654 verbo:
1413 4595 1542 4671 Habeo,
1564 4596 1675 4658 verbo:
1708 4600 1862 4670 uantur

434 4675 488 4734 tibi
506 4674 635 4734 salutem
652 4677 780 4745 animae,
796 4694 886 4753 quam
902 4674 983 4735 dedit
999 4693 1054 4756 per
1067 4695 1132 4754 grs-
1187 4689 1217 4737 et
1239 4679 1376 4741 Isidorus
1393 4679 1513 4742 clarius
1535 4685 1623 4745 testis
1646 4695 1713 4760 est,
1740 4685 1863 4748 attritas
1909 4690 1917 4735 Ι

433 4762 524 4836 tiam;
556 4762 758 4824 continuando
782 4763 874 4823 etiam
901 4762 1133 4824 incolumitatem
1185 4776 1306 4828 veteres
1319 4768 1446 4828 Latinos
1455 4768 1862 4851 mutuaturum-t
1908 4760 1917 4820 l

434 4850 584 4925 torporis,
607 4860 639 4910 et
661 4868 757 4910 rerunt
780 4847 989 4926 temporalium
1013 4848 1133 4911 effluen-
1186 4851 1310 4913 Habent
1335 4856 1380 4915 ita
1403 4856 1497 4915 etiam
1514 4855 1624 4918 Biblia
1641 4855 1863 4943 Uorapte&
1906 4864 1917 4911 l

434 4934 521 5005 tiam,
538 4934 649 5012 quibus
666 4937 696 4995 in
713 4934 771 4995 Dei
786 4938 960 4996 servitutem
976 4935 1051 4996 bene
1066 4948 1131 4996 ute·
1186 4949 1214 4998 ot
1230 4941 1314 5020 regia
1329 4940 1488 5003 indeorta.
1525 4942 1617 5024 Quas
1632 4937 1863 5009 omniasissd
1906 4940 1917 4999 l

433 5020 493 5094 ris3
522 5020 613 5094 haec,
645 5023 781 5102 inquam,
807 5020 1023 5097 continuando,
1053 5025 1134 5085 aaut
1186 5025 1285 5088 derati
1297 5029 1510 5108 patrissantis
1525 5028 1864 5097 oneraretis-suttune
1904 5038 1917 5087 ἱ
