4442 5825
391 565 466 634 itt
893 561 1129 618 mensurnus
1147 559 1261 631 ιιιιοιι.
1279 564 1308 618 ι.

390 734 557 817 signifieat:
573 736 803 814 irritationem,
823 739 1086 820 exasperationem,
1141 742 1280 813 ditionis,
1296 747 1329 799 ut
1343 746 1430 800 erant
1444 738 1524 800 inter
1538 737 1728 801 Christianos
1739 736 1817 811 multi

392 842 494 886 serem
509 823 774 905 disceptationem,
797 824 853 887 sed
867 825 916 886 hic
931 828 962 887 in
977 825 1086 887 bouem
1140 829 1315 909 congregari
1331 825 1580 906 dedignabantur,
1595 827 1656 887 uisi
1671 824 1820 886 celerentm

390 918 506 993 partem
528 912 652 971 sumitur
672 912 711 973 ab
729 912 892 994 Apostolo,
919 916 963 975 sie
978 922 1086 986 nmen,
1141 935 1213 996 prae
1243 914 1382 986 caeteris,
1413 932 1449 972 ac
1477 913 1562 974 loeus
1593 912 1762 974 honoratior
1784 910 1819 973 ss

390 1005 426 1059 ut
448 999 539 1059 tacite
560 1017 612 1060 eos
635 1007 718 1060 texet
740 998 780 1061 de
801 1001 874 1060 vitio
897 1001 1018 1080 proprie
1032 1020 1087 1082 per
1141 1002 1343 1083 praeberetur.
1367 997 1458 1080 Quod
1472 1002 1578 1062 vitium
1595 1001 1689 1061 etism
1704 996 1822 1062 Joectss

392 1085 471 1146 hene
484 1104 591 1146 vocem
606 1086 792 1166 significatio,
815 1107 948 1161 monens,
964 1100 997 1148 ut
1011 1086 1087 1148 illud
1141 1089 1305 1170 Apostolus
1321 1096 1406 1148 notat
1421 1106 1487 1167 cap.
1503 1089 1532 1148 2.
1548 1106 1624 1148 suae
1639 1085 1735 1166 Epist
1755 1083 1823 1147 Hm'e

391 1179 511 1232 vertam
525 1173 556 1232 in
572 1175 766 1251 eontrarium,
788 1172 984 1256 queeidicat:
1011 1174 1088 1235 Sunt
1141 1177 1240 1238 sensui
1257 1176 1338 1236 levet
1352 1175 1536 1254 reciprocum
1558 1192 1686 1235 nomen:
1712 1165 1824 1247 teudi,

391 1260 470 1320 mter
497 1279 569 1333 voe,
606 1261 672 1342 qui,
710 1261 836 1321 fratrum
866 1261 1087 1323 infirmitatibus
1141 1283 1195 1343 pro
1212 1283 1272 1344 quo
1296 1270 1398 1324 noster
1418 1259 1541 1340 quidem
1563 1260 1713 1341 interpres
1734 1258 1824 1320 sarid:

390 1345 511 1421 offensi,
526 1344 650 1408 dissidia
665 1349 826 1420 mscitsnt,
854 1358 1021 1409 conventus
1037 1347 1086 1408 de·
1140 1357 1294 1424 nostram,
1305 1347 1360 1409 sed
1372 1346 1669 1427 significantiusaliir
1686 1353 1824 1421 maison,

391 1440 508 1506 emunt,
524 1434 584 1495 imo
600 1432 796 1515 deiectionem
812 1435 984 1496 moliuntur.
1009 1433 1086 1495 Ocn-
1141 1438 1298 1498 Erasmus:
1324 1437 1427 1496 nostri
1449 1441 1605 1496 mutarem.
1645 1433 1746 1515 Quasi
1761 1430 1826 1495 ties

391 1528 438 1582 tra
453 1520 595 1583 adhortor
610 1540 683 1596 res,
708 1530 758 1595 ut,
784 1520 910 1584 fratrum
925 1523 1088 1583 infirmatas
1141 1523 1322 1604 Apostolus:
1338 1522 1408 1582 Non
1420 1521 1589 1582 alienantes
1599 1539 1657 1583 voe
1669 1540 1689 1583 a
1699 1518 1826 1597 coalitu

390 1626 427 1669 ae
441 1609 514 1668 vitia
529 1608 758 1685 dissimulantes,
774 1611 873 1690 potius
887 1610 1017 1671 invicem
1034 1627 1087 1669 ros
1143 1611 1182 1672 ad
1197 1630 1272 1692 quos
1289 1608 1451 1670 Christiani
1466 1617 1569 1669 mutue
1585 1608 1778 1669 conveniunt

391 1693 585 1757 consideretis
601 1696 766 1757 secundum
782 1715 836 1769 es,
860 1697 970 1777 quibus
985 1695 1024 1757 ad
1039 1715 1087 1755 ea·
1185 1697 1279 1758 Porro
1297 1696 1398 1758 Latini
1420 1695 1485 1756 lere
1507 1702 1669 1776 exponunt
1691 1693 1729 1755 da
1743 1694 1829 1763 deam,

390 1784 512 1845 rinion
528 1791 559 1843 at
573 1782 652 1844 bona
672 1801 764 1863 opera
783 1791 887 1845 mutuo
907 1779 1088 1863 praestanda
1143 1785 1224 1845 tione
1239 1783 1392 1846 Ecclesiae
1408 1782 1537 1843 fidelium
1561 1799 1617 1862 per
1637 1782 1768 1844 schisma

391 1870 606 1951 provocemini
658 1867 855 1932 Considerate
884 1871 1089 1951 proximorum
1142 1873 1340 1954 apostasiam,
1373 1868 1411 1931 ed
1437 1890 1528 1951 quem
1554 1866 1672 1930 Judaei
1698 1888 1777 1931 nonu
1829 1946 1839 1955 q

391 1959 536 2033 virtutae,
562 1963 597 2017 ut
612 1974 664 2017 css
680 1958 853 2034 imitemini;
879 1958 1031 2033 miserias,
1055 1964 1090 2016 ut
1142 1958 1237 2020 semel
1252 1957 1292 2020 ad
1305 1956 1396 2020 fidem
1412 1958 1564 2031 conversi,
1580 1963 1670 2017 erant
1686 1954 1841 2037 procliui

392 2042 572 2120 sublevetis,
597 2044 688 2105 animi
709 2063 781 2104 vero
806 2044 995 2106 infirmitates
1020 2063 1088 2124 sup·
1142 2046 1202 2107 Pro
1217 2047 1275 2107 hac
1289 2045 1479 2124 expositione
1494 2043 1656 2124 plurimum
1672 2041 1774 2105 iacere
1784 2034 1841 2129 pell]

390 2138 521 2214 perinte,
537 2150 593 2192 nec
607 2130 696 2192 aliter
709 2131 739 2192 in
756 2151 806 2192 eae
821 2131 982 2204 intendite,
998 2150 1087 2212 quem
1143 2141 1208 2193 taut
1223 2133 1271 2207 id,
1295 2131 1378 2213 quod
1393 2133 1492 2193 statim
1507 2150 1561 2211 pro
1577 2131 1699 2192 ratione
1720 2128 1841 2210 suqul

392 2227 426 2281 ut
440 2238 502 2281 eon
509 2219 638 2298 ignetur.
662 2218 735 2280 Huc
753 2228 891 2301 spactant
906 2219 1087 2280 exhortatio·
1142 2223 1203 2301 git:
1227 2221 1414 2282 Voluntarie
1430 2220 1516 2280 enirn
1529 2217 1738 2294 percensita·
1750 2206 1841 2285 ΜΨ

391 2326 453 2382 nee,
468 2304 798 2386 queehebeuturiuira
813 2310 958 2388 cap.12.:
973 2307 1088 2366 Puram
1140 2315 1213 2384 post
1241 2314 1403 2384 occeptum
1435 2308 1586 2368 notitiem
1616 2306 1763 2366 onita&

391 2395 562 2473 monimini
586 2411 659 2455 enrn
686 2395 851 2469 omnibns,
879 2402 909 2453 et
930 2413 997 2474 esp.
1024 2393 1088 2454 13.:
1143 2395 1212 2456 Hoc
1228 2396 1309 2455 euim
1324 2393 1363 2454 de
1377 2393 1415 2453 iis
1430 2392 1556 2472 inteligi
1570 2392 1697 2468 volunt,
1727 2392 1777 2475 qai
1800 2386 1803 2397 '

393 2482 520 2545 ecrite·
544 2482 762 2559 fraternitatis
783 2487 913 2544 moneat
935 2482 970 2542 in
995 2480 1088 2543 uobis.
1143 2484 1262 2543 ritatem
1276 2481 1348 2544 fidei
1363 2480 1456 2542 semel
1474 2488 1631 2558 acceptam
1648 2487 1680 2541 et
1695 2476 1841 2563 eognfflp

391 2566 557 2631 confimat
571 2568 661 2629 etiam
680 2568 761 2629 hunc
784 2587 917 2642 sensum,
945 2566 1028 2649 qued
1043 2586 1088 2629 se·
1144 2570 1294 2632 destinata
1319 2567 1474 2631 voluutste
1495 2565 1649 2629 deserunt.
1690 2563 1778 2649 Quod
1800 2562 1841 2643 dl

393 2657 513 2737 quitur:
1143 2658 1186 2719 ita
1211 2658 1249 2718 sit
1273 2654 1326 2730 (de
1352 2675 1411 2735 que
1438 2653 1528 2735 paule
1555 2660 1625 2735 post
1649 2642 1841 2725 videbimul·fi

435 2741 487 2803 25.
510 2743 584 2804 Non
607 2741 782 2804 descrentes
801 2743 1012 2804 collectionem
1028 2756 1088 2803 no·
1142 2764 1203 2805 non
1223 2740 1410 2805 incommode
1432 2749 1531 2803 umen
1553 2739 1630 2801 haec
1652 2743 1730 2803 ratio
1745 2737 1841 2811 (irari

391 2836 499 2893 mm.
535 2828 574 2889 In
590 2826 708 2891 Graeco
723 2837 770 2891 est
784 2828 1021 2911 tricompoeitum
1037 2818 1088 2890 vo·
1143 2849 1245 2892 cerum
1282 2829 1463 2909 expositioni
1497 2829 1563 2906 jam
1598 2825 1701 2889 dictes
1733 2822 1841 2907 potdl

391 2916 547 2979 rabulum
573 2907 822 2996 λιιισιιναγώγην,
849 2917 932 2997 qued
946 2916 1091 2977 Erasmus
1144 2920 1251 2999 aptari.
1284 2917 1364 2978 Nam
1380 2918 1433 2998 qui
1450 2914 1648 2977 conventibus
1665 2906 1834 2977 eeclesiatl·¹

392 3004 564 3065 trsmtnlit:
595 3006 861 3081 oppetentionem.
898 3001 1016 3065 Eadem
1031 3021 1091 3063 rex
1144 3003 1373 3087 cisperiestum
1386 3001 1727 3083 etsuperbiameesub
1823 3052 1826 3064 .

391 3090 520 3152 habetur
535 3090 676 3152 2'll1ees.
692 3093 739 3167 2.,
764 3093 814 3153 ubi
836 3098 936 3152 noster
957 3107 1091 3166 conpre-
1143 3093 1272 3174 preximi
1298 3100 1369 3151 sunt
1394 3090 1527 3171 graviori
1551 3089 1676 3165 minae,
1706 3107 1765 3170 qus
1797 3072 1828 3137 ¹:

391 3180 553 3256 petionnn
580 3179 681 3239 vertit
718 3178 813 3239 Forte
840 3176 1022 3260 apostolus,
1051 3174 1092 3237 ad
1144 3189 1242 3241 sectas
1261 3179 1399 3260 proprior
1422 3178 1557 3259 pariant,
1583 3175 1635 3238 vel
1656 3193 1711 3257 per
1726 3177 1837 3256 apo*

391 3264 551 3327 Hebraeos
565 3265 711 3341 scribens,
730 3266 776 3327 uti
791 3263 890 3327 voluit
903 3262 1092 3326 hac'Grseca
1144 3269 1219 3328 siam
1248 3266 1280 3326 in
1308 3266 1450 3346 pristinas
1479 3260 1674 3325 infidelitatis
1705 3259 1833 3330 tenet*

391 3371 474 3427 voce,
489 3352 603 3433 alioqui
618 3372 696 3426 rara,
710 3371 750 3414 ne
763 3372 783 3414 a
797 3351 946 3415 vocabulo
961 3368 1090 3431 synago·
1144 3352 1326 3415 relabentur.
1362 3352 1409 3412 Its
1432 3370 1504 3413 sane
1525 3358 1643 3429 martyr
1658 3349 1792 3432 Ignaris·

393 3458 468 3522 gae,
494 3437 576 3520 quod
590 3438 800 3502 Hebraeorum
822 3440 924 3500 metui
947 3438 1091 3516 quodam·
1145 3440 1281 3522 epistolis
1303 3438 1344 3500 sd
1360 3438 1507 3518 Ephesios
1530 3444 1564 3497 et
1578 3435 1761 3517 Smyrnaeus
1789 3494 1791 3500 ,
1813 3477 1815 3480 -

392 3527 485 3589 modo
513 3527 665 3609 proprium
695 3534 773 3601 erat,
802 3526 924 3606 longius
952 3523 1092 3585 recedere
1144 3537 1226 3589 tetur
1261 3523 1301 3588 ad
1337 3522 1590 3606 frequentandum
1624 3519 1824 3606 ecclesia&

394 3612 558 3676 rideretur.
1145 3623 1326 3686 conventus,
1353 3631 1474 3674 eausam
1496 3609 1575 3670 hene
1590 3608 1738 3674 reddemur
1761 3619 1826 3687 με

438 3698 522 3780 Quid
536 3707 638 3761 antem
654 3698 704 3760 hie
714 3707 835 3761 moneat
845 3698 1017 3779 Apostolus,
1033 3719 1093 3760 uon
1144 3704 1254 3775 niem,
1283 3700 1398 3779 inquit,
1432 3696 1673 3774 confirmabunt
1700 3705 1824 3776 vost-fl

394 3787 467 3847 estis
496 3794 619 3848 mustat
672 3785 781 3848 Graeci
810 3787 1004 3868 interpretes,
1040 3805 1090 3847 uu·
1145 3789 1289 3862 minetur,
1304 3785 1380 3848 eiiie
1396 3804 1430 3846 ea
1444 3783 1637 3857 subtrahent,
1653 3781 1679 3846 i·
1698 3814 1713 3829 ·=

393 3882 478 3935 ctera
492 3871 723 3955 Chrysoetomo,
740 3874 890 3947 sentiunt,
913 3874 1092 3954 Apostolum
1145 3872 1319 3938 excidente
1334 3871 1403 3933 fide.
1793 3867 1795 3872 ’

393 3979 531 4033 mouere,
551 3981 591 4021 ue
614 3959 811 4022 censentibus
834 3960 1045 4022 ecclesiasticis
1060 3979 1093 4020 se
1188 3962 1276 4023 Siout
1304 3959 1542 4021 consuetuedinis
1570 3964 1615 4019 cst
1650 3987 1656 4006 ι
1688 3986 1716 4006 «ι
1759 4019 1762 4026 ,
1787 4021 1789 4026 ,
1815 4018 1818 4026 ,

394 4045 580 4120 subducant,
607 4046 689 4127 quod
712 4067 765 4129 per
787 4066 840 4108 eos
854 4055 960 4108 mutua
975 4052 1092 4120 caritas,
1145 4047 1232 4108 Haec
1245 4048 1335 4107 etiam
1351 4065 1421 4125 pers
1437 4046 1510 4106 lacit
1528 4063 1584 4124 pro
1605 4061 1701 4106 senen
1724 4054 1745 4095 t>
1799 4047 1825 4124 ⁴,

396 4133 435 4195 de
459 4153 520 4215 qua
533 4140 620 4215 perte
639 4133 848 4215 praecedeuti,
877 4133 1032 4211 iurentur,
1062 4143 1094 4194 et
1145 4153 1219 4195 mm.
1227 4133 1308 4193 Nam
1317 4129 1502 4194 cousuetudo
1511 4131 1721 4210 trequentisn
1754 4170 1757 4177 ·

394 4219 434 4282 ad
459 4219 518 4281 hec
543 4219 698 4282 adducunt
721 4220 908 4300 Scripturas:
943 4221 1002 4283 Ubi
1027 4221 1092 4282 deso
1145 4220 1302 4299 designst3
1328 4220 1481 4301 apostasia
1504 4238 1576 4279 vero
1600 4236 1663 4278 uno
1683 4213 1823 4294 asts*

394 4307 445 4369 val
459 4314 522 4369 tres
536 4310 854 4384 concrepeticnntin
866 4313 996 4369 nominc
1010 4326 1091 4383 mco,
1144 4308 1252 4390 pietur.
1274 4308 1367 4367 Notat
1381 4326 1453 4386 ergo
1469 4324 1537 4379 ecs,
1556 4304 1609 4386 qui
1625 4302 1718 4387 trequ

393 4396 439 4455 tet
463 4412 533 4457 enne
559 4396 595 4456 in
620 4396 725 4455 medio
752 4413 879 4470 conone,
908 4395 1091 4457 sistente.
1144 4389 1742 4472 ordinarieiaciebsntidquodhic1··=
1814 4447 1816 4450 .

394 4482 612 4546 Multitudinis
626 4483 823 4543 credentiam
835 4490 907 4543 eret
921 4499 975 4543 cer
989 4500 1090 4543 enam
1187 4480 1249 4543 Sed
1278 4480 1483 4542 consulentes.
1531 4477 1667 4541 Graece:
1722 4473 1839 4558 ν-’ΐῃι

393 4572 550 4631 ctaninw
565 4588 633 4631 ene
639 4614 650 4644 ,
671 4570 737 4630 Aet.
754 4573 783 4631 4.
807 4570 903 4631 Juxta
918 4587 1009 4648 quem
1023 4586 1089 4628 san·
1145 4564 1289 4643 λοῦντις,
1305 4567 1492 4648 quodetiam
1508 4566 1583 4626 verti
1598 4568 1717 4646 potuit:
1813 4605 1837 4628 -,

393 4675 458 4718 sum
472 4658 604 4739 pertinet
618 4655 694 4717 haee
709 4653 888 4729 admonitio,
911 4655 1014 4717 velud
1029 4674 1091 4727 ees,
1143 4662 1255 4716 tenua
1298 4654 1471 4732 Utrumque
1500 4652 1642 4732 congruit
1671 4653 1743 4716 huie
1776 4696 1778 4699 v
1820 4649 1828 4678 ’·

393 4745 445 4827 qul
473 4747 554 4805 metu
583 4743 826 4824 persecutionum
852 4761 913 4802 non
937 4739 1093 4803 sudabant
1144 4738 1352 4821 Supplendum
1376 4747 1422 4800 eet
1442 4745 1543 4799 autem
1563 4757 1604 4799 ex
1624 4757 1677 4800 sn
1693 4776 1706 4793 ‚,
1737 4769 1740 4787 ι
1769 4770 1780 4784 =·
1816 4762 1831 4807 ,ι

392 4829 562 4911 hujusmodi
578 4838 745 4891 cenventus
764 4828 856 4903 adire,
872 4827 922 4888 rel
936 4829 1035 4909 petius
1050 4826 1092 4889 ad
1145 4817 1304 4905 ἀλλήλους
1310 4871 1321 4903 ,
1352 4826 1386 4888 id
1411 4834 1457 4888 est
1482 4826 1566 4886 ntur
1590 4825 1752 4904 olum3
1819 4875 1836 4900 Ι.

392 4916 529 4979 homines
542 4935 677 4979 morosos
691 4925 722 4976 et
734 4914 893 4989 fastuosos,
917 4915 1091 4995 praesertim
1142 4907 1288 4989 ἑαυτοὺς,
1304 4913 1336 4976 id
1351 4922 1397 4974 eat
1410 4931 1465 4976 vos
1479 4919 1601 4974 metuo.
1631 4913 1750 4976 Sensus
1762 4905 1826 4980 «ἡ

394 5003 522 5081 dirius,
536 5006 590 5086 qui
604 5023 671 5066 cem
684 5002 827 5066 detritus
839 5001 1006 5064 humilioris
1021 5021 1090 5064 oon·
1143 5010 1204 5064 est:
1232 5001 1406 5065 Ounvenme
1421 5009 1452 5061 et
1466 5018 1602 5079 synaxes
1625 5017 1666 5062 ne
1680 4993 1825 5068 desusfflt
