4442 5825
391 609 467 677 274
631 631 636 641 ι
905 597 1139 654 couusursatos
1155 596 1265 652 noir.
1286 595 1326 651 ιι.

389 777 581 858 patientiam,
611 793 701 856 qnam
731 775 764 834 in
794 772 931 835 adversis
957 775 1087 835 retinete
1139 773 1234 834 stolus
1257 773 1345 833 etiam
1363 776 1390 831 l.
1407 771 1436 832 h.
1453 780 1485 832 et
1500 773 1612 852 &cap
1627 771 1716 851 hujus
1728 771 1806 851 lipia

391 882 478 924 nemo
500 863 610 942 possit,
639 862 696 921 nisi
718 863 879 922 instructus
906 858 979 932 fide3
1008 878 1086 922 num
1139 861 1273 939 itemque
1297 857 1397 921 2Cor.
1423 860 1450 917 9.
1474 866 1505 918 et
1534 863 1599 930 11..
1630 860 1743 921 tametsi
1765 878 1808 920 noa

387 952 492 1026 ‚iustus
514 968 552 1010 cn
572 948 633 1025 fida
656 950 743 1009 uiuit.
782 946 871 1008 Unde
892 956 922 1006 et
938 946 1087 1025 Ephesios
1140 967 1201 1007 una
1216 954 1246 1006 et
1261 945 1366 1006 eadem
1377 945 1491 1025 ubique
1502 945 1739 1025 significatione,
1752 945 1809 1005 siout

393 1036 536 1097 admonet
551 1055 616 1115 cap.
634 1036 679 1106 6.,
704 1044 739 1094 ut
761 1036 792 1093 in
815 1034 953 1094 omnibus
968 1040 1088 1093 sumant
1140 1033 1244 1094 inillis
1261 1033 1334 1092 locis
1354 1030 1458 1091 videre
1474 1040 1528 1091 est.

392 1132 510 1183 scutum
524 1121 605 1181 fidei.
627 1120 717 1182 Nunc
732 1123 831 1201 igitur,
848 1117 997 1199 quomodo
1014 1118 1087 1179 fides
1183 1120 1280 1199 Igitur
1310 1117 1433 1198 quidam
1463 1118 1652 1191 existimant,
1683 1117 1765 1179 fidam
1789 1134 1814 1176 n

393 1209 431 1269 ad
458 1209 632 1289 patientiam
660 1209 756 1289 prosit
780 1228 815 1268 ac
842 1207 1010 1267 necessaria
1040 1207 1087 1279 sit,
1140 1226 1232 1266 sensu
1249 1206 1309 1265 dici
1325 1195 1501 1279 ὑπόστασιν,
1520 1203 1549 1265 id
1565 1206 1814 1266 autecessorum

393 1294 525 1357 ostendit
550 1314 588 1355 ex
617 1296 682 1374 ipsa
710 1294 780 1354 fidei
808 1295 945 1365 notione,
975 1293 1087 1366 dicens,
1140 1312 1247 1354 rerum
1277 1293 1533 1369 sumendorum,
1564 1290 1652 1371 quod
1679 1294 1718 1353 sit
1743 1289 1818 1352 veluti

393 1403 458 1445 eam
473 1401 540 1443 essa
554 1381 764 1443 substantium
785 1399 890 1441 rarum
906 1380 1087 1457 speranda·
1140 1380 1221 1442 basis
1236 1400 1272 1440 ao
1287 1377 1534 1452 fundamentum,
1556 1380 1607 1439 cui
1622 1388 1742 1459 sperata
1754 1377 1820 1441 aab

393 1488 465 1531 rum
482 1479 538 1528 ate.
568 1469 627 1529 Pro
641 1468 875 1545 sperandarum
891 1476 979 1526 vetus
996 1484 1086 1546 quae
1140 1467 1183 1527 ita
1208 1467 1365 1540 innitatur,
1392 1475 1426 1526 ut
1451 1464 1567 1546 absque
1594 1485 1632 1527 ea
1659 1465 1760 1527 haberi
1781 1482 1817 1527 na

394 1555 463 1616 dam
481 1554 638 1616 translatio
657 1555 762 1616 habet:
792 1557 998 1631 sperantium.
1037 1551 1087 1613 Sic
1142 1563 1252 1632 queat3
1268 1552 1418 1634 quomodo
1434 1552 1573 1612 columns
1589 1553 1675 1624 basi,
1690 1561 1720 1614 et
1734 1549 1819 1613 domu

395 1644 473 1703 enim
489 1642 563 1722 legit
578 1643 765 1721 Augustinus
778 1648 862 1702 tract
880 1643 929 1703 te.
946 1650 975 1700 et
991 1641 1041 1701 95.
1057 1640 1089 1698 in
1142 1642 1277 1701 innititur
1291 1638 1504 1714 fundamento;
1520 1638 1569 1699 vel
1586 1640 1680 1700 etiam
1692 1636 1819 1722 quomoda

395 1728 484 1792 Joan.
501 1739 532 1790 et
546 1729 628 1789 alibi.
650 1727 711 1791 scd
750 1730 779 1788 ui
794 1731 837 1788 ita
852 1730 960 1801 vertit,
981 1730 1006 1786 is
1021 1745 1086 1806 par·
1142 1727 1311 1788 accidentia
1326 1748 1344 1786 a
1360 1727 1531 1788 substantia
1546 1728 1741 1787 sustinentur.
1768 1725 1822 1786 Has

395 1817 530 1896 ticipium
565 1815 693 1877 medinm
728 1748 936 1891 linatopiuoiu
974 1813 1090 1891 accepit
1141 1812 1243 1875 facere
1258 1822 1369 1895 putant
1390 1815 1458 1893 ejus
1479 1813 1563 1874 vocis
1586 1811 1824 1894 acceptimus

395 1903 509 1977 active,
525 1911 555 1961 et
570 1912 785 1984 consequenter
796 1900 951 1962 voculam:
968 1918 1088 1975 sarain,
1142 1901 1259 1961 duobos
1273 1902 1349 1961 locis
1362 1901 1423 1979 jam
1437 1900 1528 1962 dietis
1547 1900 1588 1962 ad
1603 1900 1779 1963 Corinthios.
1795 1897 1823 1959 h

390 1990 493 2069 junxit
522 1991 732 2070 sequentihus,
762 1990 833 2070 quia
859 2008 907 2048 res
934 2008 993 2048 non
1019 1995 1090 2046 sunt
1143 1987 1202 2049 illis
1218 1989 1297 2049 enim
1320 1988 1509 2067 hypostasis,
1538 1986 1569 2048 id
1593 1983 1820 2051 cismontanis

395 2085 566 2156 sperantes,
593 2077 647 2137 sed
669 2076 844 2157 sperandae.
881 2075 993 2136 Verum
1010 2074 1089 2133 idem
1141 2076 1263 2151 plo-rius
1279 2083 1403 2135 uocatur
1417 2074 1465 2148 id,
1488 2074 1570 2154 quod
1585 2086 1631 2135 cst
1646 2075 1821 2136 materian

394 2164 556 2243 interpres,
584 2172 615 2222 ut
638 2164 694 2224 sibi
719 2170 882 2235 constaret,
909 2163 999 2221 etiam
1014 2161 1087 2220 alte·
1142 2160 1368 2222 fundamentum
1395 2161 1552 2242 gloriandi.
1591 2161 1640 2224 Ab
1668 2162 1726 2222 hoo
1749 2176 1820 2221 saun

394 2251 456 2310 rins
478 2251 602 2311 membri
625 2251 817 2332 participium
843 2250 942 2309 active
966 2247 1089 2307 reddere
1142 2268 1202 2310 non
1225 2250 1350 2308 multum
1385 2248 1499 2309 recedit
1522 2250 1558 2309 B.
1582 2249 1737 2321 Thomas,
1760 2246 1820 2317 du,

395 2336 562 2411 debuisset,
589 2336 646 2398 hoc
664 2337 767 2398 modo:
796 2345 1019 2412 orpumsntum
1035 2354 1088 2396 acu
1142 2337 1268 2416 primum
1285 2339 1316 2397 iu
1332 2344 1497 2408 comment,
1516 2334 1627 2398 deinde
1644 2338 1674 2396 2.
1690 2355 1747 2396 sec.
1762 2334 1818 2414 qt

395 2427 551 2487 convictio
566 2443 633 2487 non
649 2426 834 2488 videntium.
866 2422 946 2485 Nam
969 2432 1001 2484 et
1015 2420 1089 2483 illud
1142 2445 1170 2483 a.
1188 2430 1231 2499 1.,
1257 2424 1352 2500 fidam
1368 2423 1429 2485 dici
1448 2423 1515 2483 vult
1537 2443 1647 2485 rasum
1662 2419 1819 2500 apscondo·

395 2513 426 2572 in
448 2511 562 2574 Graeco
585 2512 716 2581 medium
739 2520 798 2572 cst:
826 2503 859 2569 οὗ
883 2501 1089 2587 βλεπομένων.
1142 2531 1215 2573 ram
1239 2511 1466 2584 substantiam,
1495 2509 1578 2591 quod
1603 2512 1720 2572 initium
1741 2523 1819 2570 serua

394 2597 432 2659 Id
447 2608 546 2660 antem
561 2619 617 2659 neo
633 2598 720 2673 fecit,
747 2618 803 2658 nec
823 2599 887 2657 sine
905 2596 1089 2658 absurditate
1142 2597 1357 2679 sperandarum
1381 2600 1411 2658 in
1433 2595 1521 2659 nobis
1542 2599 1583 2657 sit
1609 2617 1666 2677 par
1690 2608 1821 2658 ussum

394 2683 494 2746 facere
507 2687 612 2766 potuit.
636 2684 738 2765 Quare
753 2692 861 2757 restat,
879 2691 913 2744 ut
928 2691 1089 2763 utrumque
1141 2685 1227 2760 fidei,
1257 2705 1338 2763 quae
1363 2685 1476 2744 virtute
1503 2685 1636 2745 continet
1663 2701 1759 2744 omncs
1783 2682 1820 2741 ια’

396 2773 516 2850 passive
532 2774 683 2852 capiatur:
707 2789 832 2846 corum,
856 2789 937 2846 qnae
951 2788 1089 2847 speran-
1143 2770 1316 2853 sperandas.
1351 2772 1444 2843 Nam,
1460 2772 1573 2853 inquit,
1589 2762 1818 2832 maenada

395 2863 467 2935 ttsr,
494 2866 538 2920 ct:
570 2878 697 2935 cosam,
729 2876 809 2936 quac
835 2875 903 2919 non
928 2858 1088 2919 uidentur.
1142 2861 1220 2922 solat
1237 2861 1335 2939 prima
1358 2860 1507 2938 cujusque
1528 2860 1572 2920 rei
1596 2857 1754 2931 inchoatio,
1772 2870 1819 2915 na-

397 2945 489 3026 Quod
513 2946 635 3025 quidem
661 2956 821 3025 utrumque
851 2964 968 3008 sensum
998 2945 1090 3006 habet
1142 2950 1224 3010 xima
1239 2945 1359 3025 quando
1383 2954 1448 3006 tota
1469 2964 1516 3006 res
1537 2965 1669 3025 sequena
1684 2939 1831 3006 vunnu}

396 3030 586 3096 manifestum
601 3043 630 3093 et
642 3034 825 3113 aptissimum
837 3052 927 3114 scopo
941 3031 1089 3113 Apostoli.
1143 3034 1195 3094 illa
1208 3036 1386 3105 continetur,
1403 3032 1487 3092 velut
1500 3034 1531 3094 in
1542 3033 1673 3114 quodam
1686 3026 1815 3113 principit
1829 3049 1831 3072 ³

439 3117 521 3179 Illud
537 3139 659 3193 moneo,
676 3119 770 3180 verba
789 3117 886 3179 media
901 3118 981 3199 apud
997 3117 1089 3180 Grae·
1187 3118 1277 3201 Quod
1289 3120 1343 3177 etsi
1356 3118 1505 3180 subtiliter
1515 3140 1551 3179 aa
1562 3121 1713 3200 sapienter
1727 3114 1821 3184 dictu

400 3221 451 3265 cos
465 3225 525 3265 non
540 3224 657 3286 semper
672 3225 739 3267 esse
755 3203 911 3284 ejusmodi,
926 3212 959 3265 ut
973 3205 1091 3287 utrique
1143 3208 1196 3279 sit,
1221 3206 1318 3284 magis
1340 3214 1441 3265 tumen
1462 3226 1606 3284 germana
1628 3206 1704 3266 mihi
1722 3200 1816 3262 nisu

399 3293 610 3371 significationi
631 3296 744 3355 servire
767 3298 896 3373 queant,
920 3294 1041 3352 activae
1063 3299 1092 3352 et
1144 3295 1295 3374 expositio
1310 3291 1535 3372 chrysostomi,
1559 3310 1651 3374 qnam
1666 3286 1817 3353 modom

397 3380 554 3458 passivae,
577 3381 684 3459 quain
698 3400 731 3441 re
745 3379 831 3439 multi
845 3377 1006 3455 falluntur,
1028 3376 1091 3452 sed,
1144 3390 1192 3440 tus
1218 3400 1254 3439 ac
1280 3378 1388 3459 reliqui
1416 3379 1527 3441 Graeci
1553 3380 1651 3439 sacnti
1677 3383 1758 3448 sunt,
1779 3367 1831 3452 qd'

399 3485 453 3546 pro
475 3468 562 3526 vario
584 3485 684 3528 eornm
706 3485 778 3539 usn,
804 3462 952 3545 quaedam
971 3467 1092 3544 passive
1144 3485 1247 3526 omnes
1262 3466 1438 3545 hypostasin
1456 3461 1629 3544 intelligunt
1644 3485 1727 3536 eam,
1748 3474 1813 3542 qua!

398 3560 514 3612 tantum
530 3554 642 3632 accipi,
657 3551 804 3632 quaedam
816 3552 923 3624 aedae,
940 3551 1090 3631 quaedam
1144 3553 1252 3623 Latine
1278 3571 1420 3612 voconius
1442 3553 1677 3613 subsistentium
1699 3550 1759 3612 siva
1777 3560 1813 3606 aa·

400 3646 529 3719 utroque
550 3638 647 3699 modo.
685 3638 776 3718 Quod
799 3646 965 3709 noverunt,
989 3640 1041 3719 qui
1059 3639 1091 3700 in
1142 3641 1336 3714 mantiam,
1367 3659 1427 3717 qua
1454 3638 1527 3718 quid
1549 3641 1581 3698 in
1608 3658 1709 3699 rerum
1733 3642 1814 3695 nsua

384 3724 568 3801 ,auctoribus
597 3724 724 3786 Graecis
752 3723 833 3784 bane
866 3734 937 3784 sunt
973 3727 1091 3785 versati.
1145 3727 1290 3787 exsistere
1305 3725 1429 3803 dicitur3
1446 3734 1479 3786 nt
1493 3726 1569 3803 {ides
1584 3724 1643 3785 hoc
1658 3719 1831 3784 smnus·

398 3809 515 3872 Dictio:
541 3828 667 3887 aarum,
690 3810 806 3885 Graece
821 3800 1024 3889 πραγμάτων,
1050 3811 1093 3869 ita
1145 3822 1193 3873 tur
1216 3832 1335 3885 eorum,
1362 3832 1443 3891 quae
1468 3820 1642 3892 sperantur,
1668 3797 1813 3891 hypati

398 3899 497 3976 posita
513 3907 559 3958 est
576 3900 606 3958 in
620 3898 735 3971 medio,
750 3907 784 3957 nt
799 3898 848 3958 vel
862 3897 1027 3979 sperandis,
1042 3895 1091 3958 vel
1144 3920 1180 3958 ac
1194 3898 1362 3958 substantia
1378 3895 1526 3975 (nimirum
1549 3917 1604 3978 per
1625 3893 1812 3976 metonymia·

398 4002 458 4043 non
472 3984 684 4065 apparentibus
708 3983 831 4065 adjungi
855 3986 958 4063 possit.
996 3984 1090 4045 Plari-
1143 3985 1181 4045 ab
1197 3981 1331 4060 effectu),
1347 3988 1433 4065 quia,
1449 3986 1593 4066 quamvis,
1614 4003 1670 4063 spe
1684 3981 1813 4064 pendat&

399 4087 460 4149 qne
475 4090 541 4131 eum
564 4079 665 4132 nostro
687 4074 864 4150 interprete,
887 4072 969 4153 quod
992 4072 1091 4151 aptius
1144 4071 1273 4132 nondum
1290 4071 1342 4131 illa
1366 4074 1523 4145 exsistant,
1548 4082 1652 4131 tamen
1674 4075 1813 4131 eorunm*

399 4165 460 4231 est,
490 4157 659 4237 elegerunt,
688 4168 723 4218 ut
751 4177 819 4218 cum
849 4159 1015 4235 sperandis
1044 4178 1089 4218 co·
1144 4159 1312 4219 sistentiam
1342 4159 1372 4219 in
1403 4159 1487 4220 nobis
1518 4156 1740 4238 quodammodo
1762 4147 1814 4212 i&

397 4241 531 4304 haereat.
1145 4245 1233 4306 efficit
1259 4264 1295 4305 ac
1321 4246 1430 4325 gignit,
1461 4256 1552 4327 atque
1583 4245 1652 4323 ipsa
1674 4233 1831 4325 praaaaffl·

441 4329 603 4409 Quaeritur
617 4337 733 4404 autem,
758 4350 817 4410 quo
838 4349 929 4392 sensu
948 4330 1025 4407 fldaa
1038 4350 1090 4390 vo·
1144 4331 1230 4392 nohis
1246 4331 1388 4407 exhibet,
1407 4331 1478 4392 dnm
1493 4330 1639 4392 videlicet
1653 4330 1729 4391 adeo
1742 4327 1831 4390 caffl}

398 4426 482 4477 cetur
507 4416 682 4478 susbstantia
706 4434 814 4478 aarum
842 4417 1090 4494 sperandarum,
1144 4417 1183 4477 de
1205 4419 1242 4478 iis
1262 4439 1317 4480 nos
1345 4418 1435 4492 facit,
1461 4428 1553 4498 atque
1575 4419 1603 4478 si
1628 4437 1662 4478 re
1687 4418 1751 4497 ipa
1767 4393 1831 4488 11]

396 4507 461 4565 siva
476 4522 606 4580 aarum,
632 4522 713 4581 quae
734 4511 916 4580 sperantur.
952 4502 1013 4563 Ubi
1031 4504 1089 4583 pri·
1144 4505 1290 4583 praestita
1305 4517 1421 4577 meent,
1445 4524 1480 4564 ac
1494 4504 1635 4565 manibus
1651 4499 1831 4578 encrensi

398 4608 479 4650 mum
495 4589 708 4666 animadverte,
723 4612 777 4671 pro
794 4590 963 4651 substantia
975 4587 1091 4650 Graeca
1144 4592 1284 4651 certiores
1299 4610 1386 4664 vero,
1407 4611 1496 4671 quam
1520 4591 1547 4651 si
1562 4589 1612 4651 vel
1628 4588 1724 4651 oculis
1737 4577 1831 4656 ΜΤ

396 4697 457 4738 non
472 4698 538 4738 esse
560 4668 682 4753 oleion,
713 4697 772 4757 qno
795 4676 939 4739 vocabulo
963 4676 1090 4755 primam
1144 4686 1319 4757 conspecta,
1339 4678 1388 4737 vel
1405 4679 1521 4739 ratione
1535 4676 1746 4737 demonstrata.
1765 4668 1817 4746 Q!

397 4784 493 4825 rerum
520 4766 701 4844 categoriam
730 4775 904 4844 nuncupant
929 4761 1089 4835 dialectici,
1142 4763 1191 4837 fir,
1211 4774 1243 4823 ut
1259 4762 1439 4842 hypostasin
1460 4764 1598 4824 nonnulli
1616 4754 1816 4824 muisdia*

397 4848 469 4909 licet
498 4852 656 4912 assentiam
685 4851 806 4931 propria
835 4850 999 4930 significet3
1037 4848 1090 4909 sed
1141 4850 1193 4911 vel
1207 4851 1462 4928 certificationem
1477 4852 1716 4926 interpretentur.

398 4926 578 5011 indurasti,
605 4956 761 5018 quaevox
775 4937 1002 5011 substantiam,
1024 4937 1090 4997 sive
1145 4935 1250 4998 eodem
1264 4937 1380 4997 recidit
1791 4999 1804 5016 ,

397 5021 627 5087 minantium
642 5033 746 5101 sonat;
772 5042 833 5105 qua
855 5042 927 5085 usus
946 5021 1088 5103 esthpo
1124 5078 1127 5090 ‚
1184 5022 1292 5104 Neque
1319 5023 1371 5084 hic
1397 5020 1579 5085 Graecorum
1608 5009 1817 5086 eamme&
