4442 5825
653 556 817 615 aristoles
834 558 921 614 sesti
938 557 1051 614 ilcohl.
1086 559 1170 614 vens.
1191 560 1306 613 treis.
1626 564 1698 639 481

370 734 468 797 inihi]
482 733 577 798 refert
598 735 638 799 ad
657 756 792 809 sensum,
819 745 886 797 utro
901 757 952 819 po·
1005 737 1084 798 Nam
1099 737 1174 799 haec
1189 738 1320 819 corporis
1332 734 1477 817 abjectio,
1492 734 1701 797 membrorum·

371 820 439 884 loeo.
462 824 616 886 Oratione
633 826 747 899 movit,
764 824 796 884 id
809 824 952 885 estrehe-
1007 846 1067 904 que
1093 826 1268 906 compositio
1296 831 1361 884 erat
1393 823 1548 884 humiliter
1580 825 1702 886 orantis

371 919 416 971 ·at
426 931 536 993 magna
547 912 639 973 animi
652 911 842 972 contentione
853 912 954 972 Deum
1006 913 1098 972 Putat
1114 911 1215 985 Beda,
1232 910 1412 992 Prophetam
1427 911 1519 972 semel
1534 918 1658 985 tautum,
1674 919 1704 973 et

371 1015 400 1059 us
426 1006 480 1059 est.
516 998 603 1059 Haec
629 999 707 1059 enim
735 999 953 1078 congeminatio
1006 1001 1103 1080 prius,
1133 1007 1164 1058 et
1189 1007 1293 1078 postea
1314 1018 1429 1074 orasse3
1458 998 1621 1081 statimqne
1642 1018 1703 1060 una

371 1084 478 1147 entim
492 1084 663 1166 significare
681 1083 757 1145 solet
773 1086 803 1145 iu
819 1084 952 1166 Scriptu-
1007 1088 1157 1157 oratione,
1174 1085 1256 1166 quod
1271 1084 1382 1159 voluit,
1397 1086 1581 1165 impetrasse.
1613 1085 1704 1167 Quod

377 1168 442 1233 Jes.
458 1173 527 1233 24:
547 1172 762 1234 commotione
777 1191 954 1233 commove·
1007 1182 1042 1233 ut
1056 1171 1094 1233 de
1118 1174 1210 1252 priori
1234 1173 1368 1233 oratione
1390 1191 1493 1233 rernm
1516 1173 1568 1246 sit,
1591 1172 1629 1233 de
1651 1192 1702 1254 po·

371 1276 462 1333 erro,
479 1259 552 1319 Luc
569 1260 636 1343 ιιι
652 1259 818 1322 Desiderio
833 1259 954 1320 deside·
1007 1261 1134 1322 steriore
1156 1266 1256 1320 tamen
1277 1280 1338 1321 non
1360 1261 1437 1322 adeo
1462 1258 1618 1340 probabile
1639 1268 1703 1335 est3

371 1343 394 1406 3·
438 1345 552 1406 ihcatur
566 1363 638 1425 ergo
650 1347 753 1419 oratio,
766 1366 856 1426 quam
868 1347 954 1427 prius
1008 1348 1081 1427 quin
1095 1347 1195 1427 potius
1210 1355 1343 1427 apparet,
1363 1365 1431 1407 sum
1446 1365 1500 1425 pro
1516 1346 1705 1427 impetranda

371 1440 379 1490 t
409 1422 621 1509 νεργουμένην,
636 1431 722 1493 idest
736 1434 883 1508 incitato,
900 1452 954 1494 oe·
1008 1434 1112 1514 pluvia
1128 1436 1237 1513 septies
1252 1452 1361 1495 orasse
1398 1433 1476 1493 Nam
1493 1434 1618 1494 totidem
1633 1434 1704 1494 vici·

370 1537 401 1594 e,
432 1527 479 1595 et,
504 1528 538 1578 ut
560 1528 661 1580 noster
687 1520 834 1601 interpres
857 1521 955 1595 vertit,
1006 1520 1063 1582 bus
1078 1521 1159 1581 misit
1175 1541 1300 1601 puerum
1316 1519 1354 1580 ad
1373 1520 1622 1600 proficiscendum
1636 1539 1704 1582 con·

371 1624 396 1667 u.
428 1604 507 1666 Nam
527 1606 673 1685 ejusmodi
695 1608 839 1667 orationis
855 1626 953 1668 exem·
1007 1616 1166 1681 tremate,
1181 1628 1252 1667 num
1267 1607 1338 1668 inde
1356 1607 1452 1668 nubes
1467 1607 1567 1687 aliqua
1582 1606 1705 1669 adscen-

372 1690 505 1754 dducere
516 1691 619 1753 voluit
643 1693 778 1754 Historia
790 1701 836 1753 est
848 1693 866 1753 3
878 1694 954 1773 Reg.
1008 1694 1103 1767 deret,
1119 1695 1185 1774 ipse
1199 1695 1317 1754 iuterim
1334 1695 1439 1756 orandi
1455 1703 1596 1774 repetens
1611 1697 1705 1769 vices,

371 1776 403 1839 hi
419 1786 521 1839 tamen
537 1800 598 1841 non
617 1779 699 1842 aliud
714 1780 837 1861 legitur,
864 1800 955 1861 quam
1008 1780 1103 1841 donec
1119 1780 1317 1841 exaudiretur.
1489 1854 1492 1858 Α

375 1864 506 1926 dixisse:
532 1867 567 1928 Si
589 1870 649 1927 erit
671 1870 766 1929 oanis
789 1869 835 1929 iris
859 1886 911 1928 ros
926 1874 956 1927 et
1051 1869 1095 1929 Et
1118 1870 1236 1929 eoelum
1259 1868 1347 1929 dedit
1365 1868 1523 1944 pluuium.
1562 1869 1703 1944 (ioelum,

378 1998 390 2028 ,
413 1954 476 2014 nisi
487 1955 583 2028 jacea
599 1956 664 2015 oris
679 1956 740 2015 mei
756 1954 861 2016 verbo.
896 1952 955 2015 Sed
1007 1955 1114 2034 utique
1130 1961 1267 2028 aereum,
1294 1956 1325 2015 in
1347 1955 1435 2033 cnjus
1454 1954 1555 2016 media
1581 1958 1704 2036 regione

371 2039 441 2101 arba
456 2040 542 2100 nobis
559 2045 684 2121 exponit
700 2040 955 2103 Jacobusoratio·
1008 2043 1172 2122 gignuntur
1194 2041 1303 2116 nubes,
1331 2062 1369 2103 ex
1392 2042 1502 2122 quibus
1523 2042 1646 2123 pluries
1674 2045 1706 2106 in

371 2125 381 2187 l
395 2127 502 2188 Deum.
525 2126 595 2188 Non
607 2130 688 2189 enim
700 2129 774 2189 talia
785 2128 956 2210 Prophetae
1009 2138 1119 2189 terram
1134 2128 1330 2190 descendunt.

371 2221 409 2275 ml
425 2215 569 2294 imperio,
595 2212 650 2275 sed
670 2216 871 2295 impetrabant
891 2235 954 2275 ora·
1051 2217 1094 2276 Et
1109 2224 1198 2277 terra
1213 2216 1301 2277 dedit
1313 2217 1457 2293 fructum
1472 2234 1573 2276 suum.
1597 2217 1704 2295 Dedit,

376 2310 411 2361 nt
432 2300 528 2381 liquet
551 2303 589 2363 de
612 2302 682 2363 aliis
705 2302 743 2361 ab
758 2301 830 2363 Elia
852 2303 954 2383 gestia.
1009 2302 1141 2364 Graeca:
1172 2293 1345 2380 ἐβλάστησε
1352 2345 1363 2376 ,
1389 2306 1600 2379 permiscuit,
1623 2322 1705 2381 pro·

371 2408 404 2468 go
428 2389 545 2449 coelum
569 2389 678 2452 clausit
700 2390 852 2463 oratione,
877 2390 956 2448 sicut
1009 2390 1109 2450 duxit.
1148 2390 1197 2449 Ex
1213 2390 1275 2463 his,
1291 2409 1372 2470 qaae
1387 2388 1426 2449 de
1441 2390 1514 2450 Elia
1528 2398 1631 2451 orante
1641 2391 1706 2469 jam

371 2493 392 2536 rs
407 2474 597 2555 postmodum
613 2476 740 2558 aperuit
1008 2476 1087 2536 dixit
1108 2476 1288 2557 Apostolus,
1314 2475 1345 2536 id
1369 2474 1454 2537 nobis
1478 2475 1705 2557 intelligendum

371 2579 432 2623 uon
448 2563 536 2639 pluit
558 2582 662 2625 onnus
684 2571 762 2639 tres,
787 2570 816 2623 et
838 2581 956 2624 menses
1008 2563 1165 2643 relinquit:
1192 2562 1225 2624 Si
1251 2571 1335 2624 tanta
1357 2564 1404 2623 ris
1427 2572 1474 2623 est
1498 2561 1642 2625 ferventis
1670 2585 1707 2625 ac

371 2668 473 2711 raeco:
489 2652 532 2711 Et
548 2670 614 2711 reon
628 2650 821 2727 pluitauper
836 2656 955 2710 terram
1008 2649 1136 2711 devotae
1165 2651 1325 2724 orationis,
1356 2659 1389 2712 ut
1414 2669 1468 2729 per
1496 2669 1562 2710 eam
1588 2650 1707 2713 coelum

378 2743 441 2796 tree
457 2743 512 2797 ete.
544 2737 738 2818 significatur
754 2737 875 2797 effeetus
892 2757 955 2797 ora·
1009 2737 1108 2798 claudi
1124 2747 1153 2797 et
1167 2740 1279 2816 aperiri
1295 2738 1397 2818 possit,
1412 2737 1498 2797 nohis
1514 2738 1593 2797 omni
1608 2736 1709 2799 studio

383 2826 486 2884 statim
503 2833 696 2896 consecutus,
723 2823 755 2885 id
771 2832 817 2883 est
833 2825 956 2885 siccitas
1009 2825 1138 2884 orationi
1163 2823 1392 2885 incumbendum
1415 2843 1496 2897 asse,
1524 2832 1558 2883 ut
1582 2823 1708 2887 fratrum

371 2909 563 2973 lsratliticae.
588 2913 723 2991 Tempus
743 2911 867 2991 quidem
883 2908 955 2972 defi·
1008 2911 1136 2972 salutem
1153 2932 1171 2971 a
1186 2911 1254 2972 Deo
1270 2911 1475 2992 impetremus:
1496 2930 1559 2972 rem
1574 2913 1707 2991 prolecto

371 2998 511 3058 siccitatis
526 2999 557 3058 in
572 2998 696 3059 historia
710 2999 828 3077 Regum
844 2997 956 3058 diserte
1010 2998 1100 3079 longe
1124 2999 1191 3059 Deo
1218 3001 1394 3078 gratiorem,
1425 3018 1516 3077 quam
1540 3000 1580 3060 sit
1603 3002 1707 3081 pluvia

371 3085 517 3166 primitur.
548 3085 615 3145 lmo
630 3084 729 3145 videri
745 3094 843 3164 potest
858 3087 957 3145 minus
1009 3095 1108 3147 terrae
1124 3083 1543 3146 foecundaudaenecessuria
1567 3086 1708 3149 Porrone

371 3171 499 3233 oinisse.
524 3172 604 3233 Nam
617 3173 702 3234 initio
719 3191 785 3251 cap.
800 3176 828 3233 8.
840 3170 956 3244 dicitur,
1010 3174 1077 3253 quis
1093 3174 1250 3245 existimet,
1267 3171 1332 3232 sola
1344 3172 1478 3232 oratione
1488 3174 1707 3251 procurandum

371 3281 383 3318 r
399 3260 487 3321 tertio
504 3257 615 3320 lactum
638 3258 733 3319 fuisse
754 3259 878 3320 verbum
893 3258 956 3318 Do·
1009 3278 1077 3320 esse
1092 3257 1218 3319 fratrum
1231 3258 1366 3331 salutem,
1382 3267 1597 3339 consequenter
1610 3274 1706 3323 osten·

371 3344 385 3406 l
407 3345 526 3420 Ellam,
552 3356 587 3405 ut
603 3344 723 3405 daretur
745 3344 850 3425 pluvia
869 3365 958 3425 super
1010 3345 1063 3416 dit,
1080 3347 1169 3405 etiam
1184 3346 1306 3406 monitis
1322 3355 1354 3404 et
1365 3345 1603 3424 correptionibus
1615 3369 1705 3428 agau-

387 3441 495 3494 terrae.
533 3431 593 3494 Sed
615 3431 755 3506 dicimus,
783 3451 957 3510 expressum
1010 3432 1097 3504 dnm,
1125 3440 1159 3492 ut
1173 3432 1266 3493 frater
1286 3430 1430 3492 aberrans
1455 3433 1484 3491 in
1499 3441 1612 3494 rectam
1627 3437 1707 3497 viam

371 3527 488 3598 tempus
504 3539 523 3578 a
535 3518 652 3580 Christo
668 3520 742 3580 Luc.
756 3524 801 3590 4.,
817 3519 958 3599 loquente
1010 3526 1177 3580 revocetur.

371 3605 535 3668 :usEliaez
559 3606 714 3684 Quaado,
738 3607 852 3686 inquit,
868 3606 957 3665 clou-
1056 3609 1104 3668 19.
1128 3607 1259 3667 Fratres
1287 3607 1365 3682 mei,
1399 3608 1425 3665 si
1455 3609 1524 3682 quia
1554 3621 1592 3663 ex
1622 3601 1709 3663 uobis

371 3700 386 3752 t
401 3693 522 3754 eoelum
534 3695 632 3754 oanis
644 3694 745 3753 tribue
758 3701 786 3753 et
801 3692 957 3753 mensibus
1011 3695 1167 3753 erraverit
1183 3714 1203 3754 o
1221 3694 1367 3767 ueritate,
1385 3700 1414 3753 et
1429 3691 1621 3753 converterit
1636 3691 1706 3766 quia

371 3799 406 3841 ee
420 3788 586 3860 repugnat,
602 3778 684 3859 quod
700 3782 730 3839 in
741 3780 867 3841 historia
883 3778 955 3838 dici·
1011 3798 1090 3839 eam.
1116 3781 1166 3841 Ex
1184 3781 1278 3854 uobis,
1296 3779 1428 3840 Graece:
1444 3781 1486 3839 Ia
1504 3779 1600 3851 vobis,
1616 3775 1646 3835 id
1662 3785 1709 3836 est

371 3885 496 3927 :anno
519 3868 621 3927 tertio.
654 3865 734 3926 Nam
751 3864 826 3927 illud
841 3874 957 3946 tempus
1011 3870 1165 3927 intervos.
1196 3869 1366 3927 Veritatem
1378 3874 1468 3926 vocat
1478 3873 1591 3926 rectam
1603 3863 1704 3924 riven-

371 3961 459 4027 atur,
485 3962 520 4013 ut
543 3961 667 4014 annotat
688 3954 833 4026 Lirenas,
859 3973 919 4012 uon
940 3973 958 4011 a
1011 3954 1043 4013 di
1057 3953 1207 4032 regulam,
1232 3973 1311 4032 quae
1327 3952 1534 4031 complectitur
1548 3952 1622 4011 haec
1636 3947 1704 4023 duo,

371 4041 460 4101 itione
473 4039 602 4119 pluviae,
617 4038 671 4099 sed
685 4038 723 4099 ab
737 4058 858 4120 egressu
871 4039 958 4099 Elias
1011 4059 1114 4100 sanam
1132 4040 1221 4100 fidem
1242 4049 1273 4101 ot
1292 4048 1425 4100 sanctam
1441 4038 1707 4100 conversationem.

371 4146 393 4186 a
406 4126 514 4187 Israel.
548 4127 638 4187 Prius
654 4128 733 4186 enim
750 4127 839 4186 latuit
854 4127 883 4186 in
899 4134 957 4186 tor·
1010 4129 1038 4186 Δ
1054 4146 1128 4186 sana
1143 4127 1201 4188 lida
1217 4127 1356 4187 aberrant
1375 4125 1534 4202 haeretici;
1562 4147 1580 4186 a
1604 4133 1708 4185 sancta

371 4212 482 4284 larith,
499 4213 610 4286 donec,
626 4233 661 4272 eo
676 4215 802 4284 siccato,
817 4213 913 4273 abiret
928 4214 958 4272 in
1011 4215 1240 4274 conversatione
1254 4211 1325 4272 mali
1342 4211 1513 4274 Christiani.
1545 4211 1643 4292 Igitur
1659 4229 1709 4271 er·

371 4311 440 4360 :tam
466 4300 673 4375 Sidoniorum3
703 4309 736 4360 ut
762 4298 890 4380 proinde
920 4319 958 4359 ex
1010 4318 1085 4360 rore
1101 4318 1122 4358 a
1138 4306 1287 4374 veritate,
1313 4300 1497 4381 periphrasis
1513 4307 1559 4359 est
1573 4306 1708 4379 peccato·

373 4388 466 4448 storia
477 4395 596 4467 tempus
609 4385 684 4446 illud
697 4385 862 4460 definitum,
878 4386 959 4465 quod
1010 4389 1060 4446 ris.
1084 4387 1177 4447 Hunc
1192 4397 1291 4448 autem
1307 4395 1489 4449 convertere
1504 4385 1633 4458 dicitur,
1657 4385 1711 4465 qui

371 4482 470 4535 serunt
492 4473 631 4535 Christus
654 4472 803 4533 Dominus
827 4482 856 4531 et
876 4475 956 4552 Apo·
1011 4494 1048 4533 ea
1065 4473 1139 4534 loris
1155 4473 1276 4535 adhibet
1298 4472 1482 4535 adminicula
1504 4471 1710 4552 subsequente

371 4562 450 4640 ojus,
465 4568 630 4639 utcumque
645 4560 746 4638 colligi
762 4560 863 4638 possit.
1012 4561 1131 4634 effectu,
1147 4580 1227 4640 quae
1242 4560 1418 4621 revocandis
1433 4562 1471 4621 ab
1488 4578 1587 4620 errore
1603 4578 1707 4639 pecca-

374 4649 419 4709 Ει
433 4666 563 4708 rursum
585 4649 701 4708 orauit.
738 4647 887 4706 Narratur
901 4644 958 4705 hoc
1010 4647 1124 4707 toribus
1140 4646 1312 4707 adhihenda
1326 4648 1413 4707 Deus
1428 4646 1571 4717 instituit,
1596 4654 1628 4704 ut
1643 4664 1708 4725 pre·

371 4755 392 4794 n
415 4733 484 4795 libri
507 4754 571 4814 cap.
590 4737 639 4795 18.
656 4733 702 4793 his
725 4734 840 4794 verbis:
869 4733 959 4793 Elios
1011 4753 1060 4794 ces
1076 4734 1116 4794 ad
1132 4735 1246 4806 Deum,
1262 4732 1444 4807 doctrinam,
1461 4733 1611 4793 exhortati
1633 4751 1709 4804 nem,

379 4821 522 4882 mandit
537 4824 572 4882 irs
592 4823 736 4881 uerticem
754 4820 911 4894 Carmeli,
930 4826 958 4878 et
1010 4821 1239 4900 correptionem,
1252 4822 1496 4900 castigationem
1513 4839 1579 4880 cnm
1595 4755 1711 4898 alioqui

371 4926 381 4969 ι
403 4910 440 4970 in
462 4916 581 4969 terram
602 4909 711 4984 posuit
732 4908 850 4983 faeiem
865 4924 955 4966 suom
1009 4906 1092 4967 solus
1107 4906 1192 4967 Deua
1209 4909 1262 4982 sit,
1289 4908 1341 4988 qui
1364 4907 1515 4968 hominum
1537 4904 1629 4967 corda
1643 4924 1709 4987 pro-

371 5014 473 5071 renuo
493 5013 569 5069 auo,
597 4993 712 5055 scilicet
735 4990 839 5054 orandi
856 5011 955 5053 causa.
1008 4994 1075 5073 pris
1089 4994 1185 5073 possit
1200 4992 1240 5054 ad
1255 5014 1289 5057 se
1305 5001 1487 5056 convortere.

371 5111 467 5155 ‚xerse
483 5110 679 5155 aarum
1459 5099 1500 5161 31
