4442 5825
763 592 926 651 scutelle
937 593 982 647 Ab
1001 591 1165 647 muezoe.
1198 591 1282 645 VERE.
1299 591 1324 644 7.
1342 592 1366 644 8.
1747 594 1795 664 59

357 771 415 845 Epo
429 775 540 829 eutem
564 788 637 831 sum
651 773 777 846 vermis,
800 777 830 843 et
851 789 919 831 mon
934 771 1046 846 bomo,-
1100 767 1217 830 ‹lieetur
1230 777 1323 849 stqne
1337 765 1491 844 leudetnr;
1505 765 1620 829 honore
1634 772 1747 839 sutem,
1761 773 1808 827 ut·

360 854 561 933 opprobrium
573 857 738 918 hominum
750 865 779 918 et
790 858 924 931 abjectio
935 857 1044 933 plebis.
1099 856 1138 917 ab
1162 856 1300 917 omnibus
1323 856 1471 917 adoretur.
1495 852 1626 934 Quidem
1642 870 1796 914 coronare

359 943 417 1003 Non
433 944 528 1021 igitur
547 943 683 1004 consistit
701 964 768 1005 cum
782 953 883 1004 mente
899 943 1047 1022 Apostoli,
1100 944 1352 1022 interpretantur,
1383 959 1524 1001 coronsm
1550 959 1605 1000 seu
1629 941 1796 1020 praemium

358 1040 386 1089 nt
393 1027 503 1090 dictio:
517 1030 749 1107 paulominus,
766 1030 945 1110 dignitatem
955 1032 1046 1110 respi·
1100 1029 1236 1090 reddere
1260 1028 1352 1109 Quod
1373 1030 1427 1089 etei
1442 1027 1511 1088 huic
1531 1026 1598 1087 loco
1613 1026 1708 1107 probe
1722 1045 1796 1105 qus·

358 1120 423 1189 ciat,
461 1115 714 1198 quemedmodum
743 1118 887 1178 adversus
916 1117 1048 1178 Febrem
1100 1116 1174 1190 drot,
1198 1124 1230 1177 et
1250 1115 1429 1197 Apostolum
1452 1113 1482 1174 id
1502 1123 1656 1194 spectasse
1677 1134 1738 1174 non
1758 1114 1798 1173 sit

358 1224 407 1263 non
431 1204 515 1285 male
541 1205 739 1265 ratiocinetur
764 1206 916 1265 Erasmus.
960 1204 1048 1265 Certe
1100 1203 1306 1284 improbabile,
1328 1204 1457 1264 maxime
1479 1219 1546 1262 cum
1562 1199 1654 1280 paulo
1669 1206 1738 1281 post
1752 1199 1796 1260 di·

357 1291 462 1363 Lucus,
494 1310 587 1372 quem
616 1291 706 1370 hujus
736 1291 890 1372 Epistulae
920 1291 1046 1352 scribsm
1101 1299 1166 1350 cet:
1202 1291 1351 1351 Videmus
1375 1294 1488 1353 Jcsum
1512 1295 1647 1365 propter
1674 1289 1797 1364 passio-

357 1396 564 1439 rnsnnensem
578 1377 675 1439 Psulo
699 1377 793 1438 tuisse
815 1377 978 1439 verisimile
995 1386 1047 1451 eet,
1101 1382 1296 1438 nemmortis
1306 1379 1411 1454 plocio
1423 1376 1796 1452 ethonorcccrcuotum5

357 1463 473 1525 undem
489 1463 640 1526 Graecam
655 1484 760 1527 vocem
771 1462 929 1527 manifeste
944 1465 1049 1525 retulit
1100 1466 1133 1525 in
1147 1463 1269 1524 Psalmo
1286 1473 1395 1537 temen,
1407 1463 1498 1542 juxte
1512 1481 1634 1523 sensum
1649 1461 1715 1541 ejus
1729 1460 1797 1523 lite·

357 1550 387 1610 sd
398 1560 533 1631 tempus,
553 1552 621 1611 Act.
637 1552 675 1625 t,
700 1551 752 1614 ubi
773 1560 877 1613 noster
900 1554 1047 1631 interpres
1100 1551 1202 1625 rslcm,
1218 1553 1260 1611 itu
1276 1553 1373 1630 accipi
1388 1571 1449 1610 non
1464 1557 1571 1628 potest.

357 1638 453 1697 lebet:
479 1640 579 1712 jussit
602 1640 695 1717 foros
720 1639 763 1699 cd
790 1639 881 1699 breve
906 1639 1048 1699 immines
1144 1640 1188 1700 Et
1203 1639 1392 1699 constituisti
1407 1655 1477 1697 cum
1493 1655 1589 1709 super
1607 1652 1705 1712 opcrc
1724 1653 1798 1696 mo-

357 1724 427 1800 leri,
444 1723 478 1784 id
494 1733 549 1798 est,
561 1726 658 1803 jussit
672 1745 724 1788 eos
738 1725 893 1806 paulisper
907 1726 988 1787 t'orse
1003 1745 1047 1787 se·
1102 1745 1203 1786 nuum
1218 1732 1357 1787 tuarum.
1380 1725 1448 1784 Hoc
1463 1734 1517 1797 eat,
1540 1720 1712 1802 praefecisti
1727 1740 1797 1782 enm

358 1813 467 1873 uslere.
1101 1812 1241 1891 operibus
1256 1833 1276 1872 s
1289 1821 1320 1873 te
1334 1810 1433 1872 fectis.
1456 1810 1492 1871 Id
1508 1812 1588 1871 enim
1604 1809 1724 1891 phrasis
1738 1810 1799 1870 ists

389 1899 456 1959 Nec
482 1897 535 1959 bic
558 1897 657 1960 obstet
678 1898 801 1961 literulis
823 1899 937 1959 Psalmi
963 1898 1046 1959 intel·
1101 1898 1263 1978 significat,
1287 1898 1369 1959 velut
1391 1897 1501 1958 Psslm.
1527 1899 1570 1957 2:
1602 1898 1797 1959 Constitutus

357 1985 450 2045 leetua
474 1983 563 2045 Nihil
586 1988 664 2047 onim
686 1993 778 2059 vetet,
802 2004 864 2065 quo
887 1987 985 2046 minua
1007 1985 1047 2059 id,
1101 2005 1169 2047 sum
1187 2003 1244 2048 rex
1258 1985 1298 2045 ob
1311 2003 1346 2046 co
1361 2003 1457 2061 super
1468 1987 1549 2046 Sion
1563 1990 1702 2044 montem
1718 2003 1796 2045 suu·

356 2070 425 2152 quod
441 2070 483 2133 ad
507 2071 626 2135 literam
649 2071 688 2134 de
710 2072 853 2153 dignitate
875 2071 988 2133 dictum
1002 2080 1048 2133 cet
1101 2080 1185 2133 ctum
1212 2076 1279 2147 ejus
1286 2097 1298 2149 ,·
1325 2071 1433 2133 llsttb.
1462 2073 1529 2135 st:
1559 2073 1663 2147 Super
1689 2074 1799 2134 omnic

358 2158 542 2230 inPsslnso,
565 2160 731 2221 secuudum
753 2160 843 2219 alium
865 2178 987 2221 sensum
1009 2158 1048 2219 de
1102 2160 1186 2219 bonu
1201 2179 1259 2221 suc
1283 2163 1450 2220 constituet
1471 2178 1553 2232 eum,
1578 2168 1610 2218 et
1623 2156 1798 2236 frequenter

357 2257 483 2326 tempore
509 2247 611 2326 possit
637 2247 770 2324 intelligi.
805 2246 942 2306 Praestet
969 2247 1047 2306 enim
1100 2246 1182 2306 slibi.
1205 2246 1376 2327 Quaeritur,
1401 2264 1479 2324 quse
1501 2264 1593 2324 opera
1607 2244 1666 2304 Dei
1688 2245 1796 2305 intelli-

358 2332 429 2393 ucbis
444 2332 529 2393 hune
550 2333 769 2413 interpretandi
792 2331 966 2393 facultatem
982 2335 1048 2413 ipsa
1101 2341 1225 2413 guntur,
1250 2351 1342 2413 super
1362 2350 1440 2413 quse
1462 2331 1612 2393 Christum
1636 2332 1798 2405 constituit,

358 2417 539 2480 iessunditsa
560 2438 704 2480 sensuum
724 2419 905 2500 Scripturae
936 2419 1047 2500 Quare,
1102 2429 1131 2480 et
1160 2417 1283 2499 qnando
1314 2418 1389 2479 illud
1417 2417 1508 2477 fuerit
1536 2416 1699 2497 impletum.
1736 2416 1797 2479 Sed

363 2504 627 2578 utconcludsmue,
649 2516 696 2566 est
717 2508 748 2567 in
771 2506 827 2566 bac
849 2514 934 2586 perte
957 2525 1046 2586 quae·
1101 2517 1260 2587 utrumque
1283 2505 1456 2567 differemus
1478 2506 1509 2565 in
1523 2505 1689 2586 proximum
1703 2504 1796 2565 versi-

363 2593 411 2654 un
434 2593 603 2672 occupatio
626 2593 708 2672 ejus,
736 2590 817 2671 quod
840 2592 878 2654 eb
901 2592 1048 2654 Hebraeis
1101 2593 1211 2667 culum,
1235 2595 1286 2673 qui
1309 2603 1355 2655 est
1376 2592 1467 2672 hujus
1488 2592 1630 2672 repetitio
1651 2590 1798 2672 quaedam

360 2679 433 2758 objici
456 2686 599 2760 poteret:
622 2677 774 2740 Christum
800 2680 916 2741 scilicet
941 2687 1048 2740 morte·
1102 2691 1130 2741 et
1146 2679 1315 2760 explicatio.
1686 2692 1691 2699 “
1729 2680 1731 2685 ’

357 2766 402 2827 len
414 2775 446 2826 et
462 2766 597 2827 miseriis
620 2766 788 2844 subjectum
811 2767 890 2826 inter
912 2766 1048 2828 homines
1145 2771 1174 2828 8.
1198 2768 1316 2829 Omnia
1331 2768 1486 2842 subiecisti
1500 2765 1557 2826 sub
1570 2764 1704 2841 pedibus
1720 2767 1796 2839 ejus.

358 2855 458 2934 ιςὶιος
480 2850 710 2927 neoidsclum,
731 2856 942 2915 verumetiam
961 2852 1050 2915 toode
1102 2853 1192 2937 Quod
1211 2855 1269 2914 eit:
1295 2855 1351 2917 sub
1372 2853 1505 2931 pedibus
1528 2859 1604 2929 cjm,
1632 2853 1795 2933 perfectam

358 2948 518 3013 tutatum
534 2958 571 2999 ac
582 2941 754 3021 turpissima
764 2950 859 3001 morte
871 2940 1048 3002 condemns·
1102 2942 1239 3005 declarat
1260 2943 1485 3021 subjectionem.
1516 2938 1724 3003 conferendus
1750 2948 1799 2999 est

356 3035 416 3101 ten,
437 3035 476 3088 ut
489 3026 534 3088 da
548 3046 587 3087 eo
609 3026 691 3088 (licat
712 3029 876 3108 prophete:
904 3028 1048 3089 Vidimus
1101 3039 1202 3091 eutem
1217 3030 1266 3089 bic
1288 3029 1372 3090 locus
1394 3048 1463 3088 cnm
1484 3049 1530 3102 eo,
1551 3028 1605 3108 qui
1629 3030 1707 3087 estl
1729 3024 1798 3087 Cor.

357 3115 626 3191 semdapectum
639 3117 883 3178 strenuissimum
892 3118 1047 3191 virorum,
1104 3118 1162 3191 15,
1188 3116 1241 3176 ubi
1264 3116 1422 3196 persimilis
1445 3125 1491 3177 ost
1512 3114 1602 3194 hujus
1625 3114 1799 3194 Scriptnrse

356 3199 410 3262 deu
426 3202 481 3263 63.
506 3199 597 3279 Ques
619 3203 721 3262 omniu
743 3200 834 3282 longe
856 3200 936 3261 inira
957 3201 1048 3262 subli·
1100 3204 1253 3265 trsctstio.
1279 3204 1384 3277 Porro,
1408 3208 1448 3263 ne'
1462 3204 1528 3284 qnia
1542 3201 1678 3274 haesitet,
1701 3219 1795 3282 qnae·

356 3289 481 3348 nitatem
504 3287 665 3367 angelicae
687 3288 841 3367 dignitatis
858 3308 926 3349 eum
942 3291 1048 3349 consti·
1101 3311 1171 3352 nsm
1194 3293 1305 3352 ommia
1327 3290 1456 3371 pedibus
1479 3290 1545 3370 ejus
1567 3288 1743 3368 subjecerit,
1766 3286 1798 3348 id

356 3383 442 3436 luunt.
469 3374 536 3436 sed
561 3372 655 3448 hsce,
681 3377 781 3455 inquit
802 3375 982 3455 Apostolus,
1009 3374 1049 3435 sd
1097 3378 1162 3458 jem
1179 3379 1322 3458 exponit:
1803 3385 1806 3392 “

357 3462 438 3523 breve
466 3462 613 3541 temporis
639 3463 770 3542 spatium
792 3464 818 3522 ei
842 3464 1049 3541 contigerunt3
1145 3466 1188 3525 Ιιι
1204 3484 1239 3526 eo
1255 3468 1350 3539 emim,
1375 3463 1460 3541 quod
1483 3466 1594 3523 omnic
1613 3464 1642 3522 ei
1656 3463 1797 3539 subiecit,

357 3548 390 3608 ila
408 3549 555 3610 nimirum
578 3548 720 3627 exigente
744 3550 867 3629 negotio
891 3569 1049 3631 procuren-
1101 3553 1183 3615 nibil
1199 3553 1318 3612 dimisit
1332 3569 1401 3613 stom
1415 3551 1585 3626 subjectum
1602 3552 1639 3610 si.
1656 3547 1798 3630 Aliipru·

357 3632 406 3696 tlte
419 3643 549 3697 nostrae
561 3635 679 3696 salutis.
701 3635 782 3716 Quo·
793 3645 925 3716 peracto,
947 3638 1049 3697 stetim
1102 3641 1169 3721 pins
1184 3660 1221 3700 ex
1237 3636 1355 3701 Graeco
1377 3640 1421 3699 sic
1436 3646 1571 3701 vertunt:
1598 3638 1683 3698 Nom
1698 3638 1797 3715 usbli-

357 3741 400 3799 psr
413 3723 671 3784 maumectiouem
686 3722 909 3785 inuroruliuto
920 3723 1049 3784 deustos
1102 3727 1214 3789 oicmdo
1238 3730 1267 3786 ei
1292 3728 1419 3801 ommia,
1447 3726 1528 3786 nihil
1551 3725 1655 3786 omisit
1680 3728 1708 3785 ci
1730 3743 1799 3787 uon

357 3817 401 3882 est,
426 3818 459 3870 et
479 3807 521 3868 sd
544 3828 714 3889 supremum
739 3810 861 3872 honoris
883 3819 913 3871 ct
936 3811 1049 3890 glories
1101 3815 1282 3889 subjectum.
1305 3815 1405 3873 Docet
1426 3813 1605 3892 Apostolus,
1629 3810 1705 3872 illud
1728 3832 1798 3874 om·

357 3893 513 3975 festigium,
538 3915 578 3956 ex
592 3898 704 3975 eojem
720 3904 863 3976 tempore,
879 3898 967 3959 evehi
984 3918 1048 3958 oos-
1100 3904 1158 3962 nio
1174 3920 1234 3961 non
1249 3919 1303 3979 pro
1325 3899 1426 3960 multis
1448 3900 1534 3971 sumi,
1559 3918 1615 3958 neo
1629 3897 1669 3959 ad
1684 3908 1797 3961 certum

358 3983 399 4059 pit
421 3980 516 4062 Quod
531 3982 704 4061 significent
719 3985 814 4045 verbs
827 3986 1004 4064 sequentis:
1101 3985 1224 4065 aliquod
1248 4005 1347 4047 rerum
1368 4005 1465 4065 penne
1486 3984 1636 4064 restringi,
1658 3994 1693 4046 ut
1708 3988 1798 4047 inter·

393 4068 507 4131 Gloria
522 4077 552 4129 ct
565 4070 686 4130 honore
701 4073 861 4131 coronasti
877 4090 956 4131 eum.
985 4070 1047 4131 llo
1101 4073 1172 4133 dnm
1187 4073 1264 4132 solet
1288 4076 1320 4133 in
1335 4073 1514 4153 scripturis3
1537 4071 1591 4132 eed
1613 4072 1655 4132 its
1669 4093 1796 4153 genera·

360 4174 403 4216 nor
416 4165 463 4216 est
477 4157 685 4217 testimonium
708 4156 920 4233 excellentiam
943 4156 1048 4236 glorie,
1100 4161 1169 4222 liter
1192 4160 1409 4240 accipiendum,
1432 4166 1466 4218 ut
1480 4158 1555 4220 nihil
1578 4178 1701 4240 prorsus
1717 4162 1797 4221 cxci·
1843 4199 1845 4204 .

361 4237 495 4303 cicerone
510 4240 673 4303 definiente
696 4242 747 4303 lib.
764 4246 793 4303 2.
809 4242 849 4304 de
864 4245 1048 4315 inventione,
1101 4249 1217 4327 pistum
1240 4246 1384 4327 intellige,
1405 4255 1526 4326 prester
1541 4248 1639 4327 ipsum
1654 4247 1752 4308 Deum
1769 4248 1803 4309 ei-

361 4326 491 4408 bequsns
505 4328 547 4389 dc
560 4328 665 4409 aliquo
681 4326 764 4390 ieme
779 4350 846 4391 cum
861 4328 960 4391 lende.
986 4331 1048 4392 Oc·
1100 4336 1200 4394 omnia
1211 4334 1431 4411 subjicientem.
1451 4333 1540 4394 Hunc
1551 4336 1631 4394 enim
1644 4336 1796 4415 exceptio·

363 4431 467 4475 rmore
481 4414 635 4476 Hebraeis
657 4418 757 4477 estin
779 4416 900 4478 modum
919 4437 1048 4479 coronae
1100 4440 1176 4493 nem,
1193 4440 1321 4500 eumque
1336 4420 1440 4494 solem,
1462 4422 1604 4500 apposuit
1619 4420 1698 4481 idem
1713 4421 1794 4500 Apo·

364 4500 478 4580 ringere
516 4500 607 4562 Unde
633 4500 711 4562 illud
734 4503 847 4563 Peslm.
872 4505 918 4563 5.:
951 4507 1047 4568 Scuto
1100 4507 1193 4567 stolus
1211 4512 1227 4567 1
1246 4506 1314 4568 Gor.
1333 4510 1392 4579 15,
1413 4508 1571 4587 inquiens:
1596 4508 1680 4569 Crem
1690 4514 1797 4570 autem

364 4584 451 4650 buce
466 4589 645 4650 uoluntatis
660 4596 734 4650 tuce
755 4594 916 4653 coronasti
928 4609 999 4666 uos,
1016 4588 1047 4651 id
1100 4595 1204 4655 dicct:
1220 4595 1337 4656 Omnia
1351 4595 1490 4670 subjecto
1504 4602 1579 4655 suut
1595 4596 1632 4667 ci,
1649 4597 1716 4654 rinc
1732 4595 1794 4657 du·

365 4682 408 4746 ut,
420 4675 631 4736 benevolentis
645 4683 706 4749 tna,
720 4676 802 4737 velut
816 4685 909 4751 sento,
925 4698 980 4739 nos
995 4698 1047 4738 un·
1100 4681 1151 4741 bio
1165 4688 1295 4756 praeter
1305 4683 1403 4756 Eum,
1420 4685 1475 4758 qui
1489 4682 1619 4755 subjecit
1631 4683 1659 4738 ci
1674 4686 1793 4746 omnic.

366 4755 440 4841 iique
460 4759 695 4822 circumdedisti.
719 4762 832 4824 Sensus
851 4764 942 4843 igitur
958 4765 1048 4844 hujus
1101 4767 1204 4847 Quone
1219 4776 1250 4827 et
1265 4768 1296 4827 iu
1311 4777 1397 4849 parte
1416 4766 1617 4849 praecedenti,
1640 4767 1724 4848 quod
1739 4774 1796 4834 eit:

366 4847 514 4921 msficnlae
529 4856 595 4910 est:
610 4846 716 4910 Gloria
728 4850 881 4912 ethonore
893 4849 1047 4912 Christum
1100 4854 1203 4931 Super
1218 4872 1317 4931 opero
1339 4874 1493 4917 manuum
1513 4862 1654 4931 tuocum,
1678 4859 1796 4921 univer·

365 4934 495 4996 tumulus
506 4943 541 4997 st
552 4934 710 4998 effluenter
725 4938 851 4999 ornasti:
867 4938 964 5017 glorie
979 4938 1045 5017 qui·
1099 4960 1161 5001 sem
1177 4940 1237 5008 Dei
1259 4950 1427 5003 ereaturam
1449 4941 1622 5021 intelligere
1644 4944 1797 5011 debemus.

365 5012 424 5097 lan,
440 5043 503 5105 qua
521 5021 557 5083 tit
572 5028 606 5082 ut
621 5023 688 5104 ejus
704 5042 811 5086 nomen
834 5024 946 5107 ubique
959 5043 1046 5107 prse-
1097 5027 1293 5111 Relinquitur
1307 5047 1388 5111 erpo,
1411 5037 1445 5092 ut
1459 5045 1549 5111 super
1571 5046 1688 5098 omnem
1711 5053 1794 5099 cres·
