4442 5825
437 572 512 642 tlt
951 566 1364 622 commemoremur.

436 743 492 805 boc
507 743 662 804 illiberalis
682 752 727 806 est
749 745 857 820 animi3
881 743 1131 824 quemadmodum
1185 747 1236 825 qui
1253 744 1342 805 ditari
1359 744 1423 805 rult
1439 765 1478 807 ex
1493 745 1594 807 officio
1614 766 1710 808 curse
1723 745 1873 828 pastoralis

436 840 540 891 contra
554 830 688 892 liberalis
701 840 747 892 est
762 834 882 913 ingenii,
898 851 965 893 non
977 852 1015 893 en
1030 836 1131 892 tristi·
1186 833 1261 892 Nam
1279 841 1366 912 turpe
1382 843 1443 906 est,
1467 842 1614 914 quaestus
1629 834 1735 914 gratia
1750 843 1808 895 tam
1821 850 1882 897 ssu*

436 921 483 980 tia
499 925 607 979 autes
621 923 800 980 necessitate
809 919 927 996 facere.
951 919 1039 999 Quod
1054 921 1130 980 Pau·
1186 929 1264 979 etum
1283 939 1425 980 exercere
1447 922 1657 982 ministerium.
1701 919 1790 999 Quod
1806 920 1875 981 addi·

437 1004 484 1066 lus
500 1013 600 1065 monet
615 1008 633 1066 2
647 1005 715 1068 Gor.
732 1009 761 1068 9.
1186 1015 1247 1066 tur:
1275 1008 1328 1066 sed
1354 1008 1552 1081 voluntarie,
1580 1006 1709 1068 videtur
1732 1006 1810 1069 idem
1823 1027 1877 1069 csse

479 1090 638 1153 Caeterum
676 1095 792 1173 utrique
836 1095 909 1152 vitio
952 1093 1131 1174 opponitur:
1186 1113 1251 1153 cum
1268 1113 1313 1166 eo,
1330 1094 1410 1173 quod
1426 1094 1876 1174 priusdixitzsedspantuaea

435 1179 635 1257 Sponsonee,
663 1182 727 1254 rel,
762 1189 795 1239 ut
820 1180 894 1258 legit
919 1179 1131 1260 Hieronymus,
1184 1182 1241 1240 Est
1256 1182 1334 1239 enim
1351 1180 1579 1253 observandum,
1600 1181 1788 1262 Apostolum
1802 1202 1876 1263 eppe

435 1267 618 1328 voluntarie
630 1266 820 1343 providere,
844 1268 937 1347 idque
959 1268 1130 1328 secundum
1185 1287 1256 1326 uere
1279 1269 1352 1327 hoec
1378 1270 1453 1329 duo:
1484 1275 1590 1327 coacte
1619 1277 1651 1327 et
1679 1271 1787 1345 turpis
1810 1270 1878 1329 lucri

436 1354 550 1415 Deum.
572 1353 608 1414 ld
623 1363 721 1414 autem
738 1352 825 1426 iacit,
841 1358 894 1434 qui
910 1353 1054 1426 libenter,
1070 1354 1130 1412 ela·
1184 1357 1306 1429 gratio,
1323 1356 1367 1428 ei,
1385 1353 1468 1435 quod
1483 1363 1543 1415 est:
1566 1361 1752 1431 spontanea
1766 1374 1820 1418 aaa
1832 1374 1877 1417 vt·

436 1442 524 1505 trites
542 1448 574 1500 et
596 1451 750 1522 prompte,
776 1443 904 1521 quique,
930 1450 964 1501 ιιι
986 1442 1029 1501 uit
1051 1439 1131 1500 idem
1185 1442 1336 1501 luntarie.
1359 1442 1437 1502 Nem
1454 1452 1483 1501 et
1498 1443 1552 1521 qui
1565 1449 1694 1519 coacte,
1716 1442 1750 1504 id
1766 1444 1877 1504 astino

435 1525 532 1599 Beda,
547 1529 671 1590 nullius
685 1537 830 1589 terrenae
844 1531 909 1602 rei,
936 1528 989 1587 sed
1005 1534 1130 1587 tanturn
1184 1530 1235 1607 pis
1251 1529 1439 1608 compulsus,
1453 1536 1488 1588 nt
1502 1527 1627 1602 bsbest,
1643 1529 1731 1591 unde
1746 1530 1878 1603 vti-rus

435 1631 594 1690 supernae
609 1616 760 1678 maceriis
775 1617 907 1689 intuitu,
923 1615 1052 1675 verbum
1070 1615 1132 1674 Dei
1185 1616 1236 1695 qui
1253 1617 1356 1691 turpis
1369 1616 1452 1676 lueri
1466 1617 1573 1691 oratio
1581 1660 1592 1693 ,
1613 1627 1649 1676 ut
1665 1615 1758 1679 dives
1772 1617 1878 1689 usust

432 1701 619 1777 praedicat,
655 1723 691 1763 sc
720 1711 841 1763 caetera
874 1704 1005 1782 pastoris
1036 1701 1132 1760 officis
1184 1701 1337 1781 pastorale
1353 1721 1459 1763 munus
1481 1710 1618 1776 exercet,
1642 1724 1708 1764 non
1735 1722 1778 1764 ex
1791 1704 1878 1765 anius

435 1797 578 1867 praestat
607 1788 806 1850 Posticulum:
826 1789 997 1851 occandum
1015 1790 1129 1862 Deum,
1184 1787 1214 1848 id
1238 1787 1326 1862 lacit,
1349 1809 1408 1870 quo
1432 1798 1515 1849 curet
1535 1789 1639 1849 ovium
1664 1788 1815 1868 salntem
1834 1788 1876 1851 ssd

435 1875 577 1957 pleraque
592 1875 712 1935 Graeca
727 1895 786 1935 nou
806 1876 925 1937 babent.
948 1875 1043 1955 Atqui
1058 1874 1130 1934 Hie·
1184 1876 1293 1956 privati
1324 1875 1472 1937 commodi
1501 1895 1610 1951 ceum,
1645 1896 1713 1957 qno
1741 1886 1877 1951 οουιιιιο

434 1981 578 2042 ronymus
600 1963 630 2023 in
645 1963 742 2043 Epist.
765 1973 941 2036 memorata,
966 1961 1131 2040 Gregorius
1184 1963 1277 2022 nollet
1292 1963 1425 2024 inutilem
1441 1963 1541 2024 subire
1556 1962 1706 2024 laborem.
1918 2018 1920 2029 .

434 2058 510 2131 part.
528 2052 555 2110 2.
572 2070 661 2111 curse
676 2048 844 2129 pastoralis,
866 2071 930 2132 cap.
948 2054 984 2122 7.,
1001 2047 1131 2110 etBeda
1228 2051 1255 2110 3.
1279 2052 1387 2127 Neque
1416 2057 1453 2109 ut
1482 2050 1692 2112 dominantes
1721 2053 1759 2112 in
1789 2050 1875 2113 enm

436 2138 467 2197 in
482 2147 637 2197 comment.
653 2137 765 2216 legisse
780 2157 813 2198 se
827 2137 998 2208 declarent,
1025 2155 1060 2194 oc
1076 2154 1130 2215 pro
1184 2136 1375 2198 Rectiuszin
1391 2134 1508 2212 cleros,
1525 2139 1592 2199 sire
1605 2138 1769 2199 adversus
1783 2139 1875 2199 cleros
1918 2172 1920 2179 ·

436 2243 472 2283 eo
484 2224 580 2301 Syrus
589 2225 798 2304 paraphrastes
810 2228 957 2305 reposuit:
974 2224 1130 2300 spiritua·
1185 2223 1221 2282 Id
1238 2226 1317 2283 enim
1333 2223 1449 2286 Graeca
1472 2223 1584 2283 volunt.
1623 2224 1875 2306 Hierony-musis

434 2311 525 2388 liter3
556 2313 673 2377 temetsi
699 2330 806 2372 sensus
836 2322 896 2384 est¹
928 2330 1018 2391 quem
1045 2309 1131 2368 Beda
1185 2312 1270 2390 epist.
1285 2311 1324 2370 ad
1339 2313 1449 2391 Nepet.
1464 2311 1555 2392 legit:
1571 2313 1607 2372 in
1623 2312 1760 2374 clerum.
1793 2310 1877 2373 flicst

435 2397 633 2478 significarit,
658 2406 692 2458 ut
707 2408 789 2458 recta
803 2401 985 2473 intentione,
1008 2417 1069 2476 qus
1084 2416 1129 2456 so·
1184 2397 1234 2457 elii
1260 2397 1384 2477 quidam
1410 2401 1608 2478 posteriores3
1634 2400 1755 2460 vitiose
1780 2408 1876 2471 umes.

434 2485 493 2546 lius
507 2485 567 2546 Dei
581 2485 677 2563 gloria
692 2498 868 2566 quaeratur,
885 2506 941 2546 nec
957 2485 1026 2555 ulie,
1041 2503 1129 2564 quam
1184 2495 1217 2543 ιιι
1232 2485 1368 2557 arbitror,
1383 2494 1497 2546 mutato
1513 2503 1636 2546 numero
1651 2485 1771 2566 plurali
1786 2486 1816 2546 in
1829 2487 1875 2546 n'n

434 2591 567 2653 superus
581 2591 693 2633 merces
709 2582 914 2652 exspectetur,
931 2592 1051 2651 gregem
1067 2570 1129 2630 Do·
1183 2572 1327 2651 gulurem.
1367 2573 1474 2635 Oleros
1495 2571 1581 2632 multi
1603 2571 1783 2633 batismum
1799 2575 1875 2637 intes·

434 2660 507 2719 mini
532 2667 709 2740 procurent;
738 2661 795 2720 nisi
825 2661 928 2720 malis:
958 2658 1129 2719 secundum
1183 2667 1340 2739 pretautur
1366 2658 1508 2733 clericos,
1538 2657 1569 2719 id
1596 2666 1642 2718 est
1672 2659 1877 2723 satori-stirs

434 2748 556 2821 Deum,
572 2745 603 2806 id
619 2754 666 2806 est
679 2746 842 2807 secundum
858 2747 919 2807 Dei
935 2746 1129 2806 voluntatem.
1183 2747 1355 2807 ministeriis
1372 2745 1549 2828 deputatos,
1570 2754 1606 2805 nt
1620 2755 1695 2807 sunt
1707 2746 1876 2828 presbytui.

435 2831 525 2913 Quod
540 2832 644 2893 eodem
660 2834 774 2894 recidit
1183 2831 1319 2906 diaconi,
1335 2852 1371 2891 ac
1385 2834 1497 2895 caeteri
1512 2840 1580 2914 post
1591 2852 1655 2893 eoa
1679 2832 1733 2895 Sic
1749 2842 1780 2893 et
1794 2832 1876 2895 Grss·

477 2922 584 2998 Neque
600 2925 702 2998 turpis
717 2921 799 2983 lucri
813 2923 931 2998 pratia,
947 2920 1000 2981 sed
1014 2920 1130 2981 volun·
1184 2940 1236 2981 cus
1266 2918 1484 2994 Oecumenius,
1513 2940 1630 2982 ssorum
1658 2930 1784 2982 costum
1812 2922 1876 2984 etet

434 3011 524 3068 tarie.
555 3008 616 3067 Pro
631 3008 908 3069 tribusvocabnlis:
933 3009 1036 3084 turpis
1048 3007 1130 3068 lucri
1183 3009 1303 3067 nomine
1319 3007 1498 3087 intelligens.
1529 3008 1569 3068 Et
1584 3008 1646 3067 buc
1661 3011 1766 3070 citant
1779 3007 1873 3072 Hiero

432 3098 550 3172 pratia,
568 3094 692 3157 Graecis
705 3114 795 3155 unum
807 3094 980 3156 adverbium
994 3103 1041 3155 est
1052 3115 1128 3154 rom·
1183 3114 1321 3173 nymum‚
1337 3097 1368 3156 in
1385 3094 1528 3173 epistola,
1543 3113 1633 3175 quam
1649 3094 1736 3170 dixi,
1757 3097 1803 3156 its
1816 3095 1876 3158 rat

433 3183 580 3262 positum:
607 3173 855 3261 αἰσχροκερδῶς,
883 3192 913 3243 et
937 3182 1128 3255 voluntarie,
1182 3182 1319 3242 benten:
1340 3183 1491 3258 Episcopi
1504 3183 1684 3242 sacerdotes
1700 3201 1732 3243 se
1748 3201 1812 3244 esse
1825 3200 1876 3244 rso-

434 3268 564 3331 Grsece:
592 3263 767 3347 προθύμως.
803 3270 862 3330 Pro
879 3288 938 3348 quo
955 3268 1066 3347 Syrus:
1093 3272 1130 3328 in
1182 3271 1297 3343 verint,
1314 3287 1379 3329 non
1392 3268 1557 3346 dominos,·
1573 3268 1738 3332 bonor-ent
1749 3271 1876 3344 ckmcos,

433 3357 615 3418 totocorde
642 3365 751 3419 uestro.
786 3357 847 3418 Alii
872 3357 975 3435 itaque
997 3357 1039 3414 sic
1062 3354 1128 3414 red·
1182 3357 1511 3431 quasiclericos,utet
1525 3357 1632 3432 ipsisa
1646 3357 1877 3434 annuerunt

434 3442 522 3504 dunt:
560 3446 633 3505 Non
663 3448 801 3521 turpiter
828 3444 1027 3521 affectantes,
1065 3443 1130 3512 sive
1182 3445 1345 3518 episcopis,
1371 3444 1475 3504 eonor
1490 3441 1669 3521 deferatur.
1706 3445 1878 3506 senones

433 3538 584 3592 sectantes
599 3531 742 3605 lucrum,
769 3531 823 3591 sed
842 3537 993 3607 prompto
1009 3532 1128 3589 animo.
1181 3529 1263 3589 illud
1272 3531 1876 3605 oratortrDomtrrtroureoosenooeoa

434 3615 630 3697 Quamquam
644 3640 704 3678 non
719 3618 824 3689 refert,
840 3616 999 3687 adverbio,
1025 3636 1063 3675 an
1079 3637 1130 3675 no·
1182 3624 1218 3676 ut
1227 3618 1418 3693 principem,
1435 3635 1505 3676 curn
1522 3623 1557 3677 tu
1569 3635 1619 3676 me
1633 3634 1704 3678 non
1721 3617 1837 3680 babeas
1847 3623 1878 3678 st

432 3705 515 3765 mino
529 3703 684 3784 turpitudo
704 3707 898 3786 exprimetur.
921 3702 1000 3762 Nam
1017 3702 1130 3764 Paulus
1182 3703 1382 3763 senatorem?
1405 3703 1446 3763 Et
1462 3704 1650 3782 interpositis
1668 3704 1816 3784 Apostoli
1827 3704 1874 3765 Pe

432 3790 570 3861 resolvit,
588 3811 624 3850 ao
640 3793 760 3852 nomine
778 3792 934 3869 expressit,
951 3789 990 3849 sd
1006 3789 1066 3848 Tit.
1085 3792 1129 3848 1.:
1183 3790 1221 3848 tri
1236 3809 1271 3849 ex
1287 3790 1344 3849 hoc
1361 3788 1426 3851 loco
1442 3790 1556 3849 verbis:
1571 3791 1736 3850 Pessimae
1750 3809 1876 3854 com

432 3869 561 3955 αἰσχροῦ
577 3868 708 3955 κέρδους
722 3870 822 3956 χάριν,
841 3877 1037 3954 turpirlucri
1051 3895 1128 3953 ora·
1183 3876 1305 3937 tudinis
1324 3884 1384 3952 est,
1412 3878 1527 3955 inquit,
1553 3878 1589 3936 in
1613 3876 1809 3953 quibusdam
1823 3879 1876 3940 lle·

432 3969 488 4025 tia.
526 3966 567 4026 Et
589 3966 644 4024 boc
667 3966 733 4027 loco
756 3966 867 4047 Syrus:
893 3965 966 4025 Non
989 3966 1025 4023 in
1040 3964 1129 4024 lucro
1183 3964 1282 4024 oleeiis
1296 3972 1400 4026 tacere
1411 3964 1625 4042 presbyteros,
1650 3971 1683 4024 et
1704 3967 1877 4041 praescisti·

433 4055 530 4129 turpi.
568 4052 667 4111 Vocet
685 4062 787 4113 autem
810 4061 870 4111 tam
887 4051 1012 4124 Petrus,
1040 4070 1130 4130 qnam
1184 4050 1238 4110 bus
1267 4053 1433 4127 Episcopis
1459 4069 1525 4111 non
1559 4051 1649 4127 loqui
1659 4073 1673 4127 ,·
1705 4055 1802 4128 quasi
1828 4057 1878 4114 usi

433 4137 550 4199 Paulus
574 4147 667 4213 turpe
689 4140 831 4213 lucrum,
858 4159 918 4198 non
941 4136 1020 4217 quod
1043 4157 1082 4196 ex
1097 4155 1130 4195 re
1183 4137 1368 4211 invideant,
1394 4144 1541 4198 autnon
1564 4137 1747 4212 dignentur·
1762 4139 1876 4200 nudus.

433 4226 511 4303 turpi
537 4226 693 4306 proveniat
715 4223 793 4305 (egit
816 4226 894 4285 enirn
916 4224 954 4285 de
977 4224 1131 4284 functione
1184 4223 1236 4284 Sic
1252 4224 1320 4297 ille,
1347 4225 1386 4285 de
1408 4223 1488 4285 iustu
1511 4222 1701 4305 quorundam
1718 4227 1876 4308 Episcopu-

433 4309 612 4391 episcopali,
641 4331 701 4389 qus
719 4311 791 4391 qnid
813 4311 967 4372 honestius
991 4331 1027 4371 ac
1042 4331 1127 4391 proe-
1184 4331 1288 4391 porum
1305 4312 1532 4392 capreolorum

433 4395 587 4476 drussi),
604 4399 656 4458 sed
672 4398 754 4477 quod
770 4400 906 4479 turpiter,
922 4397 953 4457 id
968 4407 1015 4458 est
1029 4400 1130 4457 animo
1227 4397 1430 4458 Veruntamen
1445 4399 1535 4477 longe
1548 4396 1741 4476 probabilius
1757 4409 1813 4474 est,
1831 4419 1877 4482 per

433 4485 590 4565 cupidoet
603 4505 696 4544 avsro
717 4487 884 4565 quaesitum
906 4487 948 4544 sit
969 4493 1021 4544 ant
1036 4504 1128 4563 quau·
1184 4485 1282 4546 cleros
1298 4484 1424 4563 intelligi
1440 4484 1705 4564 gregisDominiei
1722 4490 1879 4566 portiones,

432 4582 530 4647 ratur,
547 4570 759 4645 itautfscile,
783 4574 833 4651 qui
857 4573 903 4632 sic
926 4571 1051 4631 affectus
1075 4578 1129 4643 est,
1185 4591 1265 4651 quae
1294 4571 1422 4652 singulis
1451 4571 1614 4651 Episcopis
1646 4573 1824 4652 pascendas
1847 4591 1878 4634 sc

434 4660 523 4720 etiam
540 4679 576 4720 ex
590 4658 651 4720 alia
667 4678 699 4720 re
712 4658 848 4737 qualibet
862 4667 982 4736 paratus
998 4659 1037 4716 sit
1053 4678 1129 4717 com·
1184 4657 1341 4737 regendae,
1358 4657 1443 4718 velut
1455 4659 1570 4732 sortito,
1588 4657 1787 4738 obtigerunt,
1796 4664 1878 4742 juxte

432 4744 575 4824 pendium
591 4748 706 4805 sectari.
737 4744 831 4818 Vide,
852 4763 928 4823 quac
944 4744 1075 4805 diximus
1091 4743 1130 4804 ad
1183 4743 1230 4817 id,
1246 4745 1326 4825 qnod
1342 4744 1514 4827 Cyprianus
1531 4743 1619 4816 dicit,
1635 4746 1878 4810 Ecclesismesss

431 4830 504 4892 illud
532 4833 688 4912 Epistulae
710 4830 750 4892 ad
777 4832 838 4891 Tit.
864 4834 905 4890 1.:
929 4832 1002 4891 Non
1028 4835 1131 4907 turpis
1183 4850 1288 4904 unam,
1315 4834 1401 4911 eujus
1427 4831 1563 4910 singulas
1588 4833 1749 4911 portiones
1774 4831 1876 4916 ungri

432 4917 513 4978 lucri
527 4919 686 4997 cupidum.
1185 4917 1325 5000 Episcopi
1340 4921 1370 4979 in
1386 4917 1515 4979 solidum
1537 4926 1651 4980 tenent.
1690 4921 1817 4985 Pbrssis
1833 4919 1875 4981 ic

474 5004 572 5084 Igitur
596 4996 843 5084 αἰσχροκερδῶς,
869 5002 1010 5085 providet
1036 5004 1130 5084 gregi,
1186 5015 1305 5085 sumpta
1321 5027 1339 5065 a
1354 5014 1433 5067 sorte
1449 5002 1528 5083 (nam
1544 5006 1652 5069 clerus
1666 5019 1781 5072 sortem
1795 5009 1873 5091 sigui
