4442 5825
677 595 841 654 semem
857 593 1176 652 umutsceamus.
1196 598 1236 650 re.
1590 588 1664 673 itt

365 782 493 857 munte
507 783 648 855 tempore
659 778 788 852 iusserit
796 819 806 851 ‚
821 777 916 852 pum·
969 772 1124 855 pendisse,
1152 793 1189 834 se
1203 770 1314 834 deinde
1328 772 1471 835 viaticum
1487 776 1620 855 eorporis
1637 783 1667 835 et

365 882 488 926 remus.
521 865 571 927 Sie
595 864 654 924 ille.
691 864 750 924 His
773 860 919 923 secedunt
970 862 1126 943 sanguinis
1141 861 1266 921 Domini
1281 861 1455 941 praebuisse
1466 861 1555 922 simul
1571 870 1603 922 et
1617 882 1665 922 ae·

396 951 571 1013 S.Vietore
595 950 648 1011 lib.
672 953 701 1010 2.
726 949 917 1010 desserant.
971 950 1095 1028 cepisse.
1133 948 1174 1009 Et
1202 948 1323 1027 quidem
1349 947 1425 1008 haee
1449 948 1601 1010 sufficiunt
1626 948 1666 1009 ad

365 1058 447 1184 lcup.
465 1045 502 1112 1..
511 1047 550 1188 9et
563 1039 620 1099 sub
630 1039 754 1185 lpotuine
770 1035 918 1097 Bernardi
970 1033 1181 1095 stabiliendum
1191 1034 1436 1116 probabilitatem
1451 1035 1544 1114 hujus
1558 1036 1669 1098 tertius

381 1126 414 1187 it
428 1145 495 1187 ca.
534 1171 558 1198 .‚
585 1133 617 1185 et
652 1125 678 1183 is
698 1126 847 1183 vetustior
865 1141 916 1183 au·
970 1122 1178 1201 expositionis.

365 1228 402 1272 se.
417 1145 702 1274 delibitatinfinn.
718 1207 919 1291 (quodfertnr
1013 1207 1074 1269 Sed
1096 1209 1169 1287 quia
1194 1208 1342 1288 prioribus
1365 1210 1470 1283 etiam,
1492 1209 1668 1289 praesertim

365 1316 419 1360 reru
446 1295 623 1379 Augustini)
651 1297 703 1357 lib.
731 1299 759 1356 h.
791 1316 856 1376 esp.
887 1296 916 1355 4.
971 1293 1136 1371 seeundse,
1152 1313 1208 1355 sua
1224 1296 1424 1376 probabilitas
1438 1316 1498 1356 non
1514 1296 1609 1371 deest,
1625 1303 1668 1356 at·

365 1382 457 1447 llistus
471 1386 560 1467 Papa
583 1388 694 1447 eitatus
710 1402 729 1443 a
743 1381 918 1444 Burebsrdo
971 1401 1029 1462 que
1044 1401 1108 1442 eam
1125 1382 1191 1454 alii,
1213 1400 1365 1463 perteque
1380 1381 1528 1444 Catholici
1544 1384 1667 1464 scripto·

379 1472 495 1534 Decreti
511 1492 576 1553 eap.
593 1475 622 1532 h.
660 1471 722 1552 Qui
741 1489 845 1531 omnes
860 1469 918 1529 boe
970 1488 1019 1529 res
1033 1467 1235 1529 tradiderunt:
1258 1468 1370 1530 ideireo
1391 1468 1498 1531 lectori
1520 1469 1615 1530 libera
1630 1471 1669 1530 sit

365 1557 391 1620 bi
413 1566 605 1641 praeceptum
632 1559 768 1619 celerent
789 1555 827 1616 ad
851 1575 918 1616 eam
971 1564 1107 1636 potestas
1130 1575 1149 1616 a
1170 1554 1288 1618 duabus
1315 1555 1367 1617 vel
1394 1558 1482 1617 etiam
1508 1576 1547 1616 ex
1572 1555 1669 1617 tribus

365 1646 658 1718 umcenisssionem,
672 1663 752 1725 quae
767 1664 821 1724 pre
837 1660 919 1705 mere
971 1641 1119 1722 eligendi,
1150 1662 1240 1722 quam
1255 1642 1391 1705 voluerit.
1430 1643 1521 1725 Quod
1536 1644 1615 1704 euim
1630 1641 1669 1704 ad

365 1734 426 1795 sice
440 1734 639 1815 presbyteris
971 1731 1127 1791 veritatem
1143 1732 1251 1790 attinet
1269 1730 1426 1792 doctrinae
1439 1731 1617 1792 Catholicae
1630 1728 1670 1792 de

365 1819 461 1894 oren,
489 1829 522 1881 ut
535 1820 622 1880 multi
638 1825 759 1899 putent,
782 1817 851 1877 huie
867 1833 918 1877 ex·
972 1835 1029 1877 usn
1047 1835 1083 1877 ae
1105 1819 1282 1878 necessitate
1303 1820 1531 1880 sacramentalia
1554 1816 1669 1878 coufes-

370 1953 378 1982 ,
403 1907 483 1989 quod
507 1909 568 1967 uit:
594 1907 806 1982 alterutrum,-
836 1908 920 1985 quael
973 1904 1080 1976 sienis,
1107 1923 1145 1964 ea
1161 1906 1235 1965 sutis
1250 1904 1434 1986 abundeque
1456 1925 1495 1967 ex
1509 1905 1576 1968 ullis
1592 1905 1668 1966 Seri·

366 2003 481 2055 tantum
504 1992 710 2055 confessiones
731 1992 918 2072 praecipian-
972 2000 1079 2072 pturae
1101 1991 1191 2066 loeis,
1218 2011 1254 2052 ae
1279 1994 1464 2072 potissimum
1491 2012 1530 2053 ex
1555 1991 1671 2053 Christi

365 2084 613 2163 tpraeeipiuntur
627 2081 780 2141 orationes
790 2088 919 2137 mutuae.
973 2078 1089 2138 verbis:
1118 2079 1260 2156 Quorum
1283 2083 1464 2141 remiseritis
1479 2087 1552 2156 ete,
1579 2079 1670 2141 dean.

365 2188 438 2230 sees
460 2177 507 2229 est
529 2159 681 2245 ἀλλήλοις
686 2210 698 2242 ,
725 2165 756 2226 id
783 2172 829 2225 est
850 2165 919 2238 elii,
974 2165 1040 2238 hh,
1056 2164 1189 2244 denique
1206 2185 1246 2225 ex
1261 2166 1435 2246 Apostoliea
1449 2176 1596 2249 perpetua
1611 2174 1669 2227 tra·

365 2254 583 2317 remadmodum
599 2256 663 2334 ipse
675 2254 766 2314 etiam
777 2252 920 2312 Erasmus
974 2253 1086 2312 ditione
1102 2252 1302 2314 confirmetur.

366 2352 434 2403 atus
455 2350 511 2403 est
549 2342 594 2403 Ut
614 2344 655 2401 sit
677 2358 799 2413 sensus,
829 2358 919 2417 expo·
1016 2340 1060 2400 Et
1074 2346 1164 2401 erate
1177 2358 1241 2416 pro
1264 2343 1418 2416 inviseris,
1442 2348 1479 2402 ut
1493 2342 1670 2403 salvemini

365 2450 479 2510 ugone:
497 2427 758 2490 Confitemiuinon
773 2425 921 2496 retineo,
974 2425 1105 2487 Graecus
1135 2417 1246 2505 ἰαθῆτε
1253 2473 1263 2504 ,
1294 2431 1471 2507 sanemini,
1498 2433 1571 2490 suni
1595 2430 1670 2489 n'tis.

365 2520 428 2577 ines
442 2514 631 2588 bominibus,
654 2513 771 2575 scilieet
784 2516 839 2587 iis,
854 2513 920 2591 qui·
974 2513 1036 2594 Qui
1049 2514 1078 2573 in
1091 2522 1178 2593 purte
1193 2514 1384 2595 praecedeuti
1395 2516 1501 2577 volunt
1512 2535 1576 2579 csse
1585 2536 1670 2600 prae·

366 2612 477 2665 statem
491 2602 663 2663 remittendi
679 2609 805 2681 peecata
819 2617 837 2659 a
852 2599 921 2659 Deo
974 2609 1108 2680 ceptum
1130 2603 1314 2683 presbyteris
1337 2604 1508 2664 confitenda
1523 2622 1589 2665 esse
1603 2625 1670 2689 pee-

365 2691 544 2752 mnovistis.
568 2689 647 2748 Nam
656 2688 773 2750 Graece
783 2687 921 2758 dictione,
973 2697 1056 2761 cate,
1084 2689 1128 2748 sie
1150 2697 1304 2769 exponunt
1326 2690 1405 2750 hane
1419 2699 1548 2771 partem:
1575 2694 1671 2755 Orate

368 2796 449 2839 nune
464 2778 674 2851 alterutrum,
690 2795 771 2835 nuno
785 2776 921 2835 invicem
972 2793 1034 2854 pro
1048 2777 1203 2852 invicem,
1231 2778 1326 2837 idest
1340 2776 1390 2837 elii
1407 2798 1461 2858 pro
1476 2779 1561 2854 aliis,
1591 2798 1671 2862 pres·

365 2875 495 2945 terpres,
518 2863 592 2925 nihil
607 2861 735 2943 amplius
750 2859 922 2942 significari,
974 2863 1076 2944 hyteri
1091 2881 1144 2941 pro
1161 2863 1286 2924 infirmis
1302 2872 1426 2945 peecata
1448 2885 1505 2926 sua
1520 2866 1672 2944 confessis,

376 2951 445 3011 aliis
461 2951 632 3032 Scripturas
653 2950 727 3010 loeis
742 2950 854 3030 passim
870 2947 921 3007 ob·
974 2959 1010 3010 ut
1034 2951 1194 3011 sanitatem
1219 2953 1372 3031 recipiant.
1417 2952 1459 3013 Et
1484 2954 1528 3015 ita
1554 2955 1672 3016 videtur

365 3039 449 3099 Rom.
467 3039 534 3098 1e.=
561 3040 714 3114 suscipite
728 3039 875 3110 inuicem,
891 3034 923 3095 id
974 3035 1060 3097 Beda
1074 3039 1241 3118 accepisse.
1263 3038 1376 3099 Verum
1395 3039 1533 3121 plerique
1548 3042 1672 3118 malunt,

378 3126 526 3198 infirmos,
551 3133 586 3185 ut
608 3123 702 3204 liquet
725 3142 764 3184 ex
786 3122 922 3202 ejusdem
974 3122 1116 3204 generale
1131 3142 1197 3183 esse
1209 3134 1416 3205 praeceptum,
1436 3147 1495 3208 quo
1506 3129 1673 3208 iubeantur

365 3213 435 3273 uitio
451 3220 483 3271 et
499 3215 514 3271 1
528 3212 638 3272 Thess.
655 3213 684 3273 5.
706 3210 773 3284 Ita,
796 3210 865 3270 dum
881 3211 924 3269 ait
975 3209 1082 3270 fideles
1107 3229 1193 3271 orare
1219 3231 1274 3291 pro
1300 3231 1367 3272 sese
1395 3222 1515 3288 mutuo,
1540 3218 1672 3277 maxime

365 3298 443 3359 tulus
465 3298 543 3378 Iiph.
560 3301 605 3359 b:
628 3297 765 3373 Subjeeti
786 3299 921 3358 invicem
975 3297 1122 3358 firmiores
1137 3316 1192 3377 pro
1208 3297 1432 3374 infirmioribus,
1445 3302 1519 3381 justi
1534 3321 1588 3381 pro
1604 3323 1672 3383 pee-

365 3404 399 3446 rc
414 3386 550 3459 Christi,
577 3404 637 3445 nou
659 3385 742 3457 vult,
768 3392 803 3444 ut
820 3401 923 3444 omues
977 3382 1143 3456 sutoribus,
1165 3390 1199 3442 ut
1213 3405 1231 3444 a
1246 3387 1395 3465 peccatis,
1419 3387 1531 3467 quibus
1546 3390 1672 3468 implici-

380 3472 546 3551 promiseue
568 3472 697 3550 subjecti
720 3471 797 3545 siut3
821 3468 875 3529 sed
890 3476 924 3528 nt
975 3479 1022 3532 tos
1045 3489 1084 3529 ex
1106 3471 1242 3550 ipsorum
1261 3471 1449 3534 confessione
1471 3478 1672 3555 cognoverint,

365 3558 574 3639 reperioribus,
594 3556 626 3618 id
647 3566 694 3618 est
715 3576 826 3617 uxores
841 3558 924 3628 viris,
977 3559 1037 3619 Dei
1050 3557 1254 3618 misericordia
1272 3558 1444 3620 liberentur.
1467 3561 1516 3622 Ita
1530 3561 1672 3637 futurum,

365 3645 486 3719 mtibus,
513 3645 593 3705 servi
607 3643 752 3717 dominis,
779 3643 923 3723 quemad·
977 3653 1010 3704 ut
1024 3643 1137 3726 pariter
1151 3646 1270 3726 utrique
1289 3645 1329 3705 ad
1344 3646 1472 3708 sulutem
1486 3651 1672 3729 perveniant

383 3732 494 3793 ibidem
531 3738 746 3812 cousequenter
782 3729 923 3790 declaret.
976 3731 1055 3792 Nam
1071 3732 1192 3791 sanitas
1214 3735 1244 3792 in
1259 3731 1420 3813 Scripturis
1442 3755 1534 3816 saepe
1556 3738 1595 3798 ad
1611 3738 1673 3797 ani·

366 3818 386 3879 l.
402 3820 448 3879 3.:
467 3819 572 3880 Nolite
586 3821 716 3878 mentiri
730 3820 877 3892 inuicem,
893 3814 924 3875 id
976 3838 1054 3878 mum
1069 3816 1215 3892 refertur;
1242 3829 1276 3879 ut
1297 3821 1329 3879 in
1344 3820 1487 3882 Paeimis:
1513 3825 1602 3886 suaa
1624 3843 1674 3884 mc

365 3906 479 3967 ositeri
493 3906 663 3966 mentiatur.
697 3905 769 3965 Nou
784 3905 863 3964 enim
878 3922 923 3963 so·
978 3908 1116 3966 Domine
1123 3949 1133 3979 ,
1166 3912 1194 3965 et
1222 3906 1370 3968 sanabor.
1408 3910 1498 3970 Sene
1526 3914 1673 3971 enimam

365 3993 412 4054 ies
433 4002 554 4052 mutuas
576 3991 725 4071 probibet
762 3992 803 4051 Et
817 3991 924 4050 Petrus
978 4009 1098 4066 meam,
1117 3993 1193 4069 quia
1205 3997 1337 4069 peceavi
1351 3994 1417 4054 tihi.
1440 3995 1482 4055 Et
1499 4000 1515 4057 1
1530 3997 1610 4057 Petr.
1627 3999 1674 4058 2:

373 4082 417 4140 h:
447 4079 628 4156 Hespituies
650 4081 784 4140 invicem
792 4123 803 4153 ,
833 4076 925 4137 idest
979 4080 1077 4153 Cuius
1091 4079 1193 4140 livere
1207 4083 1315 4140 saneti
1330 4085 1408 4142 estis.
1445 4082 1537 4144 Hune
1551 4103 1674 4145 sensum

365 4185 418 4227 rum
434 4173 466 4228 et
479 4165 654 4226 facultatem
677 4165 803 4239 babent,
825 4163 924 4242 bospi-
978 4163 1186 4226 commendant
1200 4169 1357 4247 sequeutia
1379 4169 1418 4230 de
1441 4172 1576 4232 erutione
1587 4172 1674 4252 justi,

365 4254 435 4314 riam
448 4254 554 4334 inopes
569 4272 605 4313 ac
621 4259 700 4312 tecto
716 4250 892 4332 indigentes.
977 4261 1008 4313 et
1020 4250 1096 4312 illud
1111 4261 1291 4314 extremum:
1319 4258 1381 4334 (issi
1403 4262 1545 4319 converti
1563 4261 1675 4336 fecerit

365 4339 445 4413 iecit,
468 4339 551 4420 qnod
574 4346 675 4401 namt
689 4337 853 4418 Gregorius
872 4336 924 4396 lib.
975 4346 1192 4416 peccatorem,
1222 4341 1359 4403 salvabit
1387 4345 1530 4406 animum
1561 4350 1628 4422 ejus
1653 4363 1675 4406 u

365 4447 386 4508 p
402 4446 469 4507 esp.
483 4427 551 4502 db,
567 4427 729 4507 quosdam,
745 4427 777 4485 in
792 4423 925 4505 periculo
979 4434 1086 4487 morte.
1124 4425 1266 4488 Similiter
1280 4437 1377 4490 autem
1399 4439 1430 4491 et
1444 4431 1579 4493 Josnnes
1592 4433 1673 4511 Apo

365 4515 527 4586 institutos,
542 4513 661 4574 sibimet
674 4531 780 4593 pscem
796 4512 925 4584 dedisse,
978 4514 1074 4575 stolus
1095 4513 1152 4575 snb
1175 4514 1265 4575 finem
1290 4517 1404 4597 primae
1425 4537 1499 4579 suae
1513 4518 1675 4599 Epistulae

365 4607 393 4662 et
417 4601 593 4681 sanguinem
619 4598 817 4679 redemptoris
843 4618 925 4660 sces-
980 4599 1216 4661 exhortstionem
1234 4601 1373 4681 adjunxit
1393 4606 1432 4667 ad
1451 4605 1546 4667 bonos
1560 4604 1675 4682 fideles,

365 4687 503 4762 iihimet,
530 4686 561 4747 id
577 4695 624 4747 est
644 4686 720 4747 elios
735 4686 817 4760 eliis,
845 4684 925 4767 quod
979 4695 1013 4746 ut
1028 4708 1082 4767 pro
1097 4687 1305 4768 peecatoribus
1320 4699 1413 4751 erent.

365 4775 506 4857 hsterpres
535 4772 664 4835 diceret:
695 4773 754 4834 eibi
782 4776 926 4836 inuiam.
1022 4774 1161 4836 Multum
1182 4777 1267 4836 enim
1294 4779 1379 4841 velet
1401 4779 1580 4856 deprecatio
1595 4783 1675 4857 justi

365 4862 418 4923 uim
435 4860 615 4942 Gregorius,
638 4860 847 4941 presbyteres,
875 4859 927 4939 qui
979 4862 1118 4922 assidua.
1140 4861 1221 4922 Hine
1229 4863 1302 4923 atis
1313 4874 1447 4945 apparet,
1459 4875 1575 4946 partem
1587 4888 1672 4948 prae-

378 4955 480 5021 sraut,
506 4948 642 5028 reliques
667 4947 851 5008 multitudini
872 4945 926 5008 Sa·
979 4948 1135 5009 cedentem
1150 4951 1338 5029 potissimum
1360 4950 1399 5011 ad
1417 4953 1518 5033 justos
1540 4973 1595 5017 seu
1609 4975 1672 5038 pcr-

365 5053 415 5098 ιιι
427 5035 514 5116 pacis
534 5052 590 5114 seu
608 5034 859 5098 reeoucilistiuuis
873 5034 926 5095 lm·
978 5033 1119 5098 iustiores
1144 5034 1243 5118 dirigi.
1278 5037 1422 5101 Voculam
1448 5042 1531 5103 enim
1557 5039 1675 5106 Graeca
