4442 5825
811 607 975 664 ermom
992 607 1032 663 sn
1050 604 1215 663 mutue.
1248 606 1332 661 uuus.
1351 606 1451 662 8.-1θ.
1724 610 1795 679 Ῑ4Ὶ

358 788 413 846 lt:
440 784 494 844 Ibi
515 792 624 845 nutem
646 787 702 861 qui
724 784 930 860 testificatur,
952 803 984 845 ec
998 784 1049 845 ui·
1101 783 1208 869 pient?
1230 785 1265 847 Id
1281 784 1430 866 quomodo
1446 782 1486 845 sd
1500 784 1623 847 Levites
1639 781 1797 862 pertineat,

356 890 420 933 cere
428 915 440 947 ,
465 870 496 932 id
512 873 626 951 estqui
642 873 844 932 testimonium
867 871 962 932 hebet
974 889 1049 930 suse
1100 895 1179 935 nunc
1194 873 1297 935 docet:
1321 873 1486 952 Quoniam,
1501 872 1616 952 inquit,
1632 889 1684 948 per
1700 868 1796 928 Abre-

356 961 440 1018 ritce.
480 958 575 1018 Porro
598 958 707 1018 clarius
729 958 760 1017 id
784 960 882 1037 ipsum
897 966 1050 1019 verterunt
1101 962 1170 1022 hem
1198 962 1287 1021 etism
1313 960 1405 1031 Levi,
1435 960 1487 1038 qui
1518 958 1650 1019 decimas
1679 954 1799 1034 accipit,

357 1047 496 1104 Erasmus
510 1044 740 1105 etHeutenius:
761 1048 805 1119 is,
821 1044 860 1103 dc
875 1062 937 1120 que
954 1051 1050 1104 testo·
1102 1048 1267 1110 decimatus
1290 1054 1345 1109 est.
1381 1047 1450 1107 Hoc
1474 1053 1536 1106 est:
1566 1044 1604 1104 Iu
1627 1041 1799 1103 Abrehemo

355 1139 415 1190 tum
432 1139 497 1204 ert,
527 1132 612 1208 quod
628 1136 725 1192 sicot.
763 1131 859 1210 Syrus
874 1141 983 1204 sutem,
999 1130 1049 1190 ed·
1103 1136 1234 1194 decimes
1272 1133 1365 1195 deute
1400 1131 1547 1193 secerdoti
1575 1126 1800 1191 Melchisedech

355 1218 408 1277 dito
436 1220 576 1289 nomine,
603 1219 646 1277 sic
672 1216 814 1278 reddidit:
841 1217 892 1290 Is,
922 1218 962 1277 de
987 1234 1050 1292 quo
1103 1223 1193 1281 etiam
1220 1221 1361 1281 Levitice
1386 1217 1496 1291 tribus,
1526 1237 1606 1299 quse
1635 1213 1800 1277 secundum

355 1312 464 1365 testato
473 1305 704 1379 cetScripturn,
721 1305 807 1380 quod
818 1307 916 1364 vicot.
939 1304 1051 1365 Sensus
1102 1309 1201 1387 legem
1218 1308 1328 1386 accipit
1341 1327 1361 1366 c
1375 1304 1535 1378 hetribns,
1563 1303 1694 1365 decimes
1709 1299 1800 1372 dedit,

356 1394 444 1470 igitur
468 1400 534 1450 eet:
560 1391 610 1450 Ibi
632 1409 725 1466 uero,
752 1389 783 1451 id
805 1399 852 1450 est
873 1391 904 1448 in
925 1391 1050 1450 historie
1104 1404 1135 1454 et
1150 1401 1368 1473 consequenter
1392 1389 1487 1472 (quod
1504 1390 1668 1471 Apostolus
1691 1386 1799 1449 intelli·

357 1478 499 1548 Genesis,
515 1477 648 1536 decimes
662 1478 780 1555 occepit
795 1479 834 1550 is,
854 1477 902 1536 cui
918 1476 1049 1535 testimo·
1104 1480 1235 1559 gendum
1247 1475 1382 1559 reliquit)
1398 1480 1490 1539 etium
1503 1475 1740 1541 benedictionem
1752 1493 1799 1537 ec-

356 1568 433 1624 ninm
450 1564 843 1642 pmhibeturinSeripturs,
859 1562 1052 1643 quodvivst3
1105 1568 1193 1647 cepit
1231 1566 1311 1626 Nem
1326 1574 1356 1625 et
1372 1567 1439 1646 ipss
1452 1564 1637 1626 deoimsrnm
1655 1564 1802 1643 pensione

357 1661 505 1731 qusoenns
512 1651 627 1710 seilicet
635 1650 832 1710 introducitur
843 1651 960 1721 vivens,
968 1648 1052 1708 nulls
1105 1653 1283 1732 profitentur
1298 1651 1447 1725 homines,
1464 1672 1498 1712 se
1513 1652 1644 1712 vicissim
1657 1655 1803 1728 expetere

357 1737 513 1799 demente
537 1737 601 1814 ejus
623 1747 677 1796 eut
702 1755 874 1796 successore
899 1733 980 1795 tecte
1003 1752 1050 1793 us·
1106 1747 1137 1799 et
1151 1748 1328 1818 exspectare
1352 1739 1590 1800 benedictionem
1604 1758 1624 1797 e
1646 1732 1803 1798 secerdote

359 1844 444 1904 quum
459 1823 621 1884 mentione
651 1823 730 1882 Nem
745 1823 888 1893 Acconis,
911 1821 1053 1884 Eleunri
1105 1834 1140 1885 ut
1155 1828 1214 1886 Dei
1228 1827 1372 1885 ministro.
1397 1824 1662 1904 Quouiemeutem
1675 1822 1802 1887 obscum

360 1910 529 1970 stelionum
551 1909 740 1970 secerdotum
756 1908 959 1969 Leviticorum
975 1927 1052 1968 mor·
1105 1914 1264 1991 minusque
1279 1914 1398 1992 proprie
1420 1912 1542 1986 dicitur,
1566 1931 1650 1983 eum,
1672 1911 1803 1989 quinon

360 2009 411 2056 tem
427 2004 461 2056 et
482 2014 674 2057 successores
697 1998 728 2057 in
744 1995 900 2076 Scriptura
912 1995 1053 2074 legimns3
1106 2009 1168 2073 eet,
1183 1998 1326 2058 deeimsri
1342 2018 1396 2078 per
1412 1998 1519 2072 elium,
1546 1997 1615 2059 ideo
1630 1993 1805 2077 pmemoliit

361 2082 444 2143 etde
470 2082 696 2144 nelchieedeth
722 2081 798 2143 nihil
824 2083 990 2160 ejusmodi3
1020 2088 1054 2139 tlt
1106 2105 1291 2157 sermonem,
1314 2086 1472 2165 inquiens:
1502 2087 1541 2148 Ut
1555 2085 1735 2147 ita'diedum
1751 2084 1802 2156 ott,

362 2172 419 2250 ipso
433 2170 555 2230 silentio
567 2171 750 2250 perpetuitas
761 2168 920 2230 sacerdotii
931 2167 1054 2239 Christi,
1107 2176 1188 2232 sive:
1220 2173 1259 2232 Ut
1274 2175 1321 2232 ita
1343 2173 1468 2249 dicam,-
1494 2174 1582 2251 quesi
1597 2169 1690 2231 dicet:
1717 2172 1803 2248 Quo·

362 2259 442 2336 cujus
464 2256 518 2316 ilie
540 2265 646 2336 typum
669 2256 809 2336 gerebat,
833 2254 1055 2328 ostenderetur,
1107 2260 1183 2319 dom
1198 2259 1293 2319 modo
1308 2258 1468 2334 loquendi.
1490 2257 1623 2329 Deinde,
1637 2275 1699 2336 quo
1714 2272 1804 2321 mutu

364 2341 607 2422 qncmedmodum
623 2343 796 2424 expositum
816 2353 862 2403 est
877 2340 952 2402 illud
968 2360 1055 2420 supe·
1108 2346 1220 2406 dictum
1236 2347 1292 2417 sit,
1312 2343 1444 2424 explicet
1459 2344 1561 2404 verbis
1575 2343 1760 2423 subjunctis:

364 2434 433 2490 rius:
462 2433 533 2490 siric
546 2437 659 2506 patre,
689 2433 757 2490 sirie
780 2439 900 2502 mom,
931 2437 963 2488 et
977 2445 1055 2508 quse
1153 2433 1202 2492 10.
1232 2433 1344 2492 Adhuc
1373 2433 1458 2491 enim
1493 2433 1529 2493 iu
1553 2430 1672 2492 tumbis
1699 2428 1805 2506 petris

364 2526 534 2595 sequuntur.
571 2517 663 2590 Sunt,
687 2519 740 2597 qui
763 2519 950 2587 existiment,
975 2518 1055 2595 Apo·
1108 2527 1196 2593 erat,
1220 2519 1350 2595 qrcnedo
1373 2518 1514 2579 obviavit
1528 2519 1557 2577 ci
1571 2514 1804 2583 Melchisedech.

365 2605 468 2665 stolum
483 2604 635 2682 respicere
650 2603 689 2664 ed
712 2622 833 2664 versum
848 2600 977 2662 Psalmi:
1007 2604 1057 2663 Tu
1109 2607 1200 2677 Dixi,
1216 2607 1330 2686 inquit,
1353 2606 1428 2666 Levi
1444 2604 1624 2666 decimatum
1640 2603 1736 2666 fuisse
1751 2618 1806 2683 per

367 2690 602 2755 eswoerdosin
624 2697 789 2751 oeternum
812 2688 985 2750 secundum
1002 2707 1057 2748 or·
1110 2693 1282 2765 Abraham,
1312 2694 1401 2772 quis,
1431 2690 1553 2772 queudo
1579 2685 1806 2753 Melchisedech

364 2777 465 2839 duem
497 2776 727 2838 Melchisedech
765 2776 876 2837 Verum
905 2774 968 2835 illic
995 2795 1056 2835 non
1110 2779 1229 2841 obvium
1252 2781 1307 2839 ivit
1321 2778 1478 2852 Abrshce,
1504 2786 1534 2839 et
1554 2776 1687 2839 decimes
1709 2775 1748 2838 nh
1770 2793 1806 2836 oc

363 2861 599 2938 iteichieedech,
624 2863 676 2925 sed
700 2865 857 2943 eutitypon
879 2861 946 2941 ejus
967 2859 1056 2945 Chri·
1109 2867 1239 2945 occepit,
1265 2866 1340 2928 Levi
1366 2884 1433 2928 cum
1461 2872 1527 2926 tot-c
1552 2884 1608 2928 sne
1631 2863 1807 2945 posteritete

363 2960 421 3012 dus
436 2952 668 3031 pneuuutietur
690 2949 828 3011 uccrdoe
850 2951 880 3011 in
895 2957 1056 3009 ueternum·
1110 2953 1211 3016 edhuc
1226 2964 1290 3014 eret
1306 2956 1335 3014 in
1351 2953 1460 3015 lumbis
1475 2954 1579 3032 petris,
1595 2951 1626 3014 id
1641 2959 1686 3014 est
1701 2949 1807 3032 procui

400 3042 430 3100 9.
445 3038 503 3111 Et,
515 3044 553 3098 ut
563 3040 610 3098 ito
622 3039 742 3098 dictum
749 3041 801 3110 sit,
810 3054 873 3112 per
883 3035 1057 3110 Abrohom,
1110 3042 1157 3101 sui
1173 3039 1330 3116 Abrohom
1356 3048 1392 3100 nt
1405 3048 1563 3119 propteroa
1578 3059 1645 3100 eum
1661 3058 1698 3099 co
1710 3045 1739 3098 et
1754 3054 1807 3116 per

362 3131 386 3183 d
399 3125 482 3186 Levi
490 3167 501 3199 ,
528 3127 585 3201 qui
599 3126 739 3185 decimos
753 3125 892 3199 occepit,
918 3123 1058 3184 decimo-
1111 3147 1180 3189 enm
1196 3126 1359 3187 decimatus
1372 3128 1442 3205 jure
1455 3128 1571 3187 censeri
1586 3124 1704 3187 debent
1727 3123 1808 3186 deu

362 3217 407 3271 tec
422 3217 477 3272 cit.
514 3211 575 3271 Pro
598 3214 735 3287 occcpd,
759 3212 790 3272 in
810 3209 913 3272 multis
929 3218 989 3270 tem
1004 3211 1057 3273 im·
1111 3214 1338 3292 sicutmysterii
1353 3232 1446 3274 csuss
1459 3212 1572 3275 tectum
1589 3222 1651 3284 est,
1667 3208 1806 3272 uthbre-

362 3299 490 3376 messis,
510 3316 603 3373 quem
619 3296 829 3377 manuscriptis
844 3296 1060 3371 wdetun-u
1111 3301 1179 3363 hsm
1210 3299 1343 3360 decimes
1376 3298 1462 3360 deret
1491 3297 1728 3360 Melchisedech:
1765 3298 1809 3355 its

361 3381 552 3462 qumndsm
563 3385 739 3448 Letinorum
752 3384 1057 3463 commentoriistegi·
1112 3406 1249 3467 quoquc,
1275 3386 1414 3466 ejusdem
1437 3386 1570 3466 mysterii
1594 3385 1723 3457 ustione,
1748 3400 1810 3449 nou

361 3480 422 3529 tur:
452 3472 589 3546 uccipd,
616 3471 769 3551 praesenti
795 3478 937 3550 tempore.
972 3471 1060 3550 Ques
1111 3482 1227 3538 tentum
1241 3493 1297 3553 pro
1311 3493 1343 3535 se
1359 3475 1424 3553 ipso
1440 3472 1537 3546 dedit,
1562 3470 1686 3533 sedere
1700 3466 1808 3531 sefor-

361 3556 449 3618 lectio
479 3567 627 3618 consentu
656 3556 773 3620 Graeco
803 3557 910 3616 textui.
961 3557 1060 3619 Just·
1113 3562 1205 3623 tusis
1220 3558 1386 3633 intellecti,
1407 3558 1460 3620 sed
1476 3569 1507 3620 et
1520 3579 1575 3640 pro
1591 3566 1656 3619 tote
1670 3576 1727 3618 sus
1740 3572 1808 3635 pro·

361 3644 556 3722 qnemetism
573 3645 761 3723 Augustinus
778 3641 843 3703 loco
864 3645 1059 3722 supracitato
1114 3649 1214 3727 sepis,
1241 3666 1319 3726 queo
1342 3648 1373 3708 in
1396 3645 1508 3708 lumbis
1530 3646 1627 3725 ipsius
1649 3650 1749 3716 esset,
1778 3642 1810 3703 in

360 3728 581 3808 legitcdhunc
592 3729 729 3800 modum:
743 3729 1058 3807 prepotestatem
1113 3755 1174 3814 qno
1200 3743 1283 3794 erent
1311 3741 1343 3794 et
1367 3735 1513 3809 Levitse3
1538 3732 1719 3812 .preesertim
1741 3745 1810 3792 cnm

362 3822 390 3875 ct
404 3817 487 3878 Levi
509 3819 668 3893 occipiens
688 3818 858 3889 decimani,
887 3816 1061 3878 decimatus
1115 3830 1179 3880 tots
1209 3820 1342 3900 dignitus
1370 3820 1452 3881 illins
1482 3820 1617 3899 generis,
1649 3823 1685 3882 ut
1709 3817 1752 3877 cit
1776 3812 1809 3875 8.

362 3910 414 3961 cet.
438 3902 510 3974 Ubi,
523 3902 606 3982 quod
617 3903 725 3964 hebet:
739 3910 875 3979 propter
886 3903 1060 3977 Abrohom,
1115 3906 1258 3977 Thomas,
1273 3928 1309 3968 ex
1324 3906 1477 3970 Abrohom
1492 3914 1580 3967 essct.
1604 3903 1674 3984 Quo
1684 3898 1810 3984 proinde

362 3988 482 4050 Graec·
497 3990 619 4068 quidem
642 3991 734 4049 etium
755 3988 931 4066 admittunt3
953 3989 1007 4050 sed
1028 3997 1062 4048 ut
1115 3994 1278 4064 decimuto,
1310 4002 1373 4052 tots
1399 3994 1517 4072 generis
1537 4010 1638 4052 messe
1662 3990 1812 4054 decimi·

362 4077 463 4155 potius
478 4085 631 4137 vertetur:
648 4095 706 4153 per
722 4076 903 4149 Abraham,
919 4079 994 4138 sicut
1010 4077 1061 4138 hs·
1116 4080 1305 4159 intelligitur.
1328 4079 1398 4140 Jsm
1415 4080 1580 4141 siLevitue
1591 4077 1732 4139 decimeti
1742 4080 1812 4136 sunt

363 4162 439 4223 bent
454 4180 560 4223 omues
569 4163 655 4244 ,elice
669 4164 943 4241 interpretationes,
958 4181 1064 4224 sensus
1115 4187 1135 4226 c
1150 4164 1390 4238 Melchisedech,
1417 4174 1488 4227 snut
1508 4166 1603 4245 igitur
1623 4185 1659 4225 eo
1673 4165 1812 4235 minores,

363 4248 505 4328 Apostoli
520 4249 609 4328 plene
624 4250 756 4328 requirit.
794 4249 851 4309 Est
872 4260 974 4312 sutem
990 4251 1063 4313 boec
1117 4262 1148 4314 et
1163 4273 1216 4334 per
1231 4272 1418 4333 consequeus
1434 4272 1537 4314 sorum
1553 4251 1752 4313 secerdotium
1767 4250 1811 4312 in·

363 4336 499 4397 exemto
514 4337 683 4414 superioris
707 4336 892 4414 argumenti,
918 4356 978 4417 qno
994 4356 1061 4397 con·
1117 4341 1207 4401 terius
1222 4339 1391 4401 sacerdotio
1406 4338 1645 4413 Melchisedech,
1666 4360 1703 4400 sc
1717 4335 1814 4399 multo

363 4422 482 4484 clusum
494 4433 567 4493 eret,
576 4421 802 4485 Melchisedech
813 4440 881 4481 esse
892 4423 1064 4484 Abrehemo
1117 4428 1214 4506 magis
1229 4427 1397 4488 sacerdotio
1413 4426 1523 4487 Christi
1545 4446 1598 4506 per
1612 4424 1813 4488 secerdotium

364 4510 524 4587 majorem,
547 4507 810 4588 propioresquod
834 4517 864 4567 ct
878 4509 1010 4570 decimes
1025 4508 1064 4569 ub
1117 4512 1342 4574 Melchisedech
1358 4513 1566 4593 praefigurare.

363 4616 400 4658 eo
422 4596 608 4675 accepisset,
636 4604 668 4656 ct
693 4593 930 4657 benedictionem
957 4598 1063 4675 imper·
1161 4598 1223 4660 Sed
1238 4599 1337 4670 dices,
1364 4600 1422 4661 hec
1442 4603 1559 4662 rstione
1573 4598 1723 4661 Christum
1739 4614 1813 4676 quo·

364 4685 473 4745 tiiteet.
1118 4704 1178 4767 que
1193 4685 1415 4747 Melchisedech
1431 4688 1573 4748 minorem
1586 4684 1710 4746 ostendi.
1733 4683 1815 4746 Nan

408 4768 539 4830 Poterat
567 4770 647 4828 enim
676 4768 797 4846 quaeri:
828 4766 912 4848 Quid
942 4769 999 4829 hoc
1025 4767 1063 4831 nd
1118 4774 1196 4834 sicut
1217 4773 1312 4833 tribus
1334 4775 1409 4834 Levi
1432 4772 1578 4833 decimete
1600 4780 1647 4832 est
1668 4772 1699 4830 in
1717 4769 1813 4832 Abre-

364 4856 493 4918 Levitss
508 4864 563 4915 eut
577 4855 744 4914 Leviticum
763 4856 964 4916 secerdotium
980 4864 1064 4916 tento
1119 4860 1203 4931 hem,
1219 4861 1262 4919 sic
1277 4867 1306 4919 et
1320 4859 1414 4919 tribus
1429 4859 1529 4930 Jnds,
1545 4877 1655 4938 exque
1670 4864 1754 4919 ortns
1768 4865 1815 4919 en

364 4952 434 5023 post
447 4943 633 5014 institutnm3
648 4944 777 5004 mexime
792 4961 859 5002 cum
874 4943 1002 5008 Levitiei
1018 4961 1063 5001 se·
1119 4943 1272 5019 Christus,
1301 4953 1336 5004 ut
1355 4944 1434 5006 inire
1456 4944 1573 5004 dicitur.
1611 4944 1732 5006 Etenim
1754 4964 1816 5010 non

363 5029 503 5092 cecdotes
517 5048 581 5090 non
601 5027 722 5091 solvont
738 5028 889 5104 decimu,
915 5027 969 5090 sed
985 5030 1064 5090 scci-
1119 5032 1218 5092 minus
1232 5030 1333 5104 dude,
1356 5049 1447 5111 quem
1462 5028 1557 5103 Levi,
1581 5032 1614 5092 in
1627 5030 1739 5096 lumbis
1752 5038 1817 5094 ent

1539 5128 1609 5193 10*
