4442 5825
753 614 917 672 mutuus!
933 615 961 671 ll.
978 613 1066 672 sucu
1081 614 1177 670 imi.
1211 613 1296 670 lm.
1317 615 1357 668 lt.
1377 615 1418 669 1⁷.
1704 618 1775 688 021

371 792 453 856 Illud
476 793 638 876 quaeritur,
662 791 813 874 quomodo
836 794 943 855 Petrus
958 810 1025 854 eum
1081 794 1158 854 Nam
1187 793 1217 853 in
1240 792 1358 854 Graeco
1384 810 1446 852 una
1472 808 1532 849 vox
1554 798 1613 852 ast:
1641 781 1778 869 occupor,

371 890 421 944 cet
434 882 642 959 Prophetom,
665 900 756 961 quem
771 881 870 941 Moses
886 881 1025 942 oriolum
1081 883 1164 957 sicci,
1177 899 1264 957 aqua
1276 887 1426 941 carentes.
1448 880 1646 954 Iuoquosum
1657 886 1779 940 vertere

371 976 492 1051 ccupat,
518 967 548 1029 id
571 975 625 1040 est,
651 966 847 1028 divinatorem
869 988 905 1028 ac
928 978 1027 1030 rstem
1082 968 1160 1028 solet
1176 967 1319 1047 uulgatus
1331 969 1489 1045 interpres.
1512 964 1679 1045 Igitur-hac
1693 975 1780 1047 parte

371 1074 519 1125 monum,
535 1064 570 1116 ut
583 1054 721 1135 plerique
737 1054 915 1134 intelligunt.
939 1053 1028 1117 Certe
1082 1054 1269 1134 significatur
1286 1054 1454 1135 hypocrisis
1471 1060 1501 1113 et
1514 1051 1636 1113 fallacia
1650 1052 1778 1132 pseudo-

371 1141 516 1225 upbctam
530 1141 587 1204 Dei
599 1142 703 1216 tuisse,
719 1140 911 1202 cadaverum
927 1149 957 1201 st
972 1143 1028 1202 im·
1083 1141 1315 1201 didascalorum.
1337 1141 1380 1202 Ut
1404 1142 1483 1201 enim
1498 1138 1565 1200 lons
1580 1158 1660 1220 aqua
1676 1157 1780 1200 carens

371 1230 466 1304 rhun,
482 1236 599 1290 constat
614 1249 653 1290 ex
668 1230 714 1302 iis,
730 1228 863 1308 quaeda
883 1248 918 1288 eo
934 1228 1028 1290 refert
1082 1228 1187 1309 procul
1209 1229 1370 1290 venientes
1393 1229 1500 1288 inritat
1521 1225 1560 1286 ad
1583 1226 1780 1288 hauriendum

371 1318 487 1399 rlptura
509 1315 715 1377 Humerorum.
739 1315 818 1376 Nam
834 1334 852 1375 s
866 1334 938 1376 vero
960 1316 1028 1377 Doo
1082 1324 1112 1375 ct
1127 1314 1305 1391 hibendum3
1330 1324 1364 1376 st
1379 1316 1432 1375 ubi
1447 1315 1571 1395 propius
1592 1315 1780 1387 accemsriut,

371 1403 528 1550 spectabat
544 1412 574 1463 st
588 1401 756 1483 accipiebat
771 1422 921 1483 respousa.
937 1400 1028 1481 Quod
1082 1399 1207 1462 frustrsu
1222 1420 1274 1463 eos
1288 1420 1323 1462 ac
1339 1401 1434 1463 fallit:
1450 1402 1494 1462 ita
1505 1410 1536 1462 et
1547 1402 1597 1461 isti
1612 1402 1779 1474 veritatem,

371 1498 489 1553 raram
508 1490 561 1550 illa
584 1491 650 1569 ejus
670 1488 770 1560 verba,
794 1510 857 1570 cap.
875 1491 941 1549 22:
964 1491 1028 1551 Re·
1082 1490 1235 1568 pietatem,
1259 1487 1397 1563 salutem,
1421 1497 1450 1548 et
1466 1488 1570 1549 salutis
1590 1490 1780 1549 securitatem

371 1576 503 1652 mdebo,
519 1577 677 1654 quidquid
690 1578 769 1637 mibi
783 1576 901 1637 dixerit
913 1578 1028 1638 Domi·
1082 1574 1269 1636 auditoribus
1291 1578 1483 1656 promittunt3
1507 1574 1560 1636 sed
1574 1594 1607 1635 re
1622 1577 1691 1656 ipsa
1706 1572 1780 1637 nihil

371 1680 398 1742 t,
422 1664 577 1725 Hebraice
598 1671 692 1742 mni,
720 1670 751 1722 et
771 1683 836 1742 cap.
862 1667 927 1725 dh:
955 1666 1028 1725 Nou
1081 1661 1186 1722 horum
1203 1671 1362 1743 praestant,
1385 1670 1498 1742 utpote,
1523 1662 1688 1723 secundum
1703 1663 1780 1724 Pau-

371 1760 440 1815 saro
453 1753 632 1828 praeterire
642 1768 818 1812 sermonem
831 1752 963 1814 Domini
970 1775 982 1828 ,·
998 1760 1029 1811 ct
1081 1749 1150 1823 lum,
1173 1749 1320 1810 babentes
1341 1755 1472 1827 speciem
1498 1752 1624 1827 quidem
1639 1752 1779 1825 pictatis,

371 1860 454 1903 mm:
478 1838 642 1920 Quidquid
657 1839 816 1899 Dominus
838 1839 916 1897 mibi
937 1838 1028 1900 disc·
1082 1838 1233 1898 uirtutem
1249 1845 1355 1898 sutem
1369 1843 1436 1913 rjus
1447 1838 1650 1914 obuersatus,
1667 1836 1779 1897 2'l'im.

370 1926 596 2003 ’,hocloquou
618 1923 707 1986 Unde
718 1932 748 1984 ct
761 1923 870 1985 dicitur
881 1924 1029 1986 Dominus
1083 1923 1112 1982 3.
1137 1923 1234 1985 Simili
1251 1934 1336 2007 tropo
1351 1926 1374 1987 J
1377 1924 1452 1985 udas
1468 1926 1561 1986 dixit:
1587 1925 1691 1986 Nubes
1713 1928 1782 1985 siue

371 2014 473 2075 tuisse
489 2011 583 2072 verba
605 2009 825 2072 benedictionis
841 2013 871 2071 iu
888 2031 939 2072 oro
955 2014 1027 2090 ejus,
1084 2029 1182 2087 aqua,
1199 2009 1296 2084 idest,
1312 2011 1407 2072 nubes
1419 2011 1502 2073 leves
1514 2034 1549 2074 sc
1561 2011 1686 2086 steriles,
1702 2029 1782 2093 quae

371 2122 396 2185 p.
413 2100 467 2163 28.
490 2099 568 2159 Nam
593 2099 769 2173 ulcuscula,
794 2117 873 2177 quae
895 2098 1029 2180 protulit,
1083 2097 1205 2176 pluvias
1227 2100 1414 2177 promittuut,
1438 2119 1492 2159 nec
1514 2097 1645 2161 tundunt
1670 2109 1779 2172 tamen,

371 2208 426 2271 pue
452 2185 530 2247 illud
553 2186 745 2246 nominatim:
784 2186 914 2246 Orietur
941 2186 1030 2247 stella
1084 2183 1136 2244 ssd
1154 2187 1183 2245 iu
1199 2191 1269 2246 atre
1285 2184 1480 2265 dissipantur.

382 2274 502 2350 sarco,
526 2280 556 2333 ct
571 2281 736 2350 cousurpct
751 2275 845 2348 cispa
860 2273 899 2334 ds
913 2275 1028 2349 Israel,
1128 2273 1171 2333 Et
1199 2273 1338 2333 scabulae
1375 2273 1555 2334 turbinibus
1592 2276 1781 2350 suscitatus.

384 2362 525 2424 crucibus
540 2370 744 2440 agnoscuntur
758 2359 870 2420 diviua.
895 2360 1030 2435 Accedit,
1084 2356 1214 2431 Graece,
1238 2379 1296 2420 non
1312 2359 1416 2421 addita
1430 2361 1654 2437 conjunctione:
1678 2361 1782 2421 Nubes

371 2450 413 2511 ed
444 2447 555 2509 Petrus
585 2448 726 2509 absolute
754 2446 934 2526 Prophetsm
963 2467 1029 2508 eum
1084 2465 1105 2506 o
1127 2446 1269 2523 procella
1297 2456 1397 2523 octus,
1425 2448 1588 2524 impulsos.
1623 2447 1674 2509 Sic
1700 2445 1782 2528 apud

410 2536 474 2607 liat,
498 2554 554 2596 ucc
575 2533 797 2617 reprehendens
819 2535 849 2594 iu
866 2555 900 2595 co
920 2534 1029 2596 falsum
1084 2532 1211 2593 dudam:
1235 2534 1348 2611 Nubes,
1375 2552 1457 2613 quur
1479 2552 1500 2594 u
1521 2537 1623 2596 uentis
1645 2538 1781 2597 ermm-

371 2556 458 2697 idm,
475 2621 529 2683 sod
545 2625 712 2683 avaritiam.
1083 2620 1245 2697 [errentur.
1268 2622 1394 2683 Notatur
1416 2621 1598 2683 instabiliter
1617 2623 1781 2697 doctrinas,

371 2710 424 2771 An
438 2718 541 2770 autem
557 2708 595 2770 ad
619 2708 840 2770 vaticiuaudum
856 2710 945 2769 etiarn
960 2707 1029 2769 dae·
1085 2706 1155 2768 dum
1170 2727 1255 2769 mors
1271 2707 1404 2783 nubium,
1427 2727 1508 2788 quae
1522 2730 1541 2772 a
1555 2711 1653 2772 scutis
1668 2707 1781 2790 procel·

371 2795 1030 2877 snmuliqusndoadvocavcrit‚haudliquet3
1086 2795 1159 2856 lusis
1187 2796 1248 2856 huc
1278 2795 1354 2857 illuc
1381 2798 1549 2876 agitantur,
1579 2798 1782 2860 inconstantes

371 2884 455 2948 aeui
469 2881 556 2944 multi
571 2885 614 2944 ita
629 2885 767 2956 sentiant,
791 2903 827 2944 eo
842 2881 925 2965 quod
941 2886 1030 2943 orio·
1084 2889 1156 2944 sunt
1171 2883 1201 2943 in
1224 2881 1343 2964 pituitis
1367 2884 1439 2958 suis,
1460 2892 1614 2946 mutantes
1633 2894 1664 2947 et
1685 2885 1782 2947 iuver

371 2987 384 3030 r
406 2980 538 3032 vocetur.
572 2969 633 3032 sss
654 2970 827 3043 sciendum,
853 2972 920 3032 loco
941 2970 1031 3048 hujus
1085 2977 1185 3031 tentos
1199 2989 1244 3043 ea,
1261 2979 1351 3050 prout
1365 2971 1553 3034 commodum
1568 2974 1666 3035 visum
1681 2973 1780 3034 fuerit

371 3057 474 3119 nabuli
485 3057 515 3117 in
525 3057 665 3119 Hebraeo
676 3057 753 3137 legi:
766 3059 936 3131 Pssumis,
949 3056 1032 3137 quod
1085 3057 1254 3119 'l'estsntur
1275 3056 1305 3118 id
1322 3057 1359 3119 de
1373 3058 1506 3139 antiquis
1528 3059 1691 3121 haereticis
1706 3060 1781 3121 'Pcr-

371 3143 478 3207 ΠΧ
494 3143 624 3206 Graecis
642 3144 738 3205 literis
754 3138 894 3223 φατουρὰ
910 3163 1031 3223 expres·
1085 3143 1231 3205 tullianus
1239 3143 1289 3205 lib.
1300 3144 1338 3205 de
1349 3146 1523 3227 praescript.
1538 3146 1656 3208 advers.
1668 3147 1781 3207 hamt

371 3241 445 3295 *unt
469 3233 585 3312 Estque
600 3232 658 3293 loci
674 3250 789 3304 nomen,
810 3234 949 3293 Paroria
964 3233 1033 3292 Pto·
1086 3250 1151 3310 cap.
1168 3232 1218 3291 ts.
1237 3238 1266 3290 et
1281 3231 1427 3293 lreuasus
1442 3231 1493 3292 lib.
1511 3235 1538 3293 1.
1556 3253 1622 3314 cap.
1639 3235 1668 3295 6.
1685 3244 1716 3295 ot
1730 3236 1781 3294 ul.

371 3335 451 3381 uaso
467 3320 557 3379 dicta.
573 3319 733 3400 Repetitur
747 3327 848 3380 autem
863 3319 955 3379 Deut.
971 3319 1031 3389 23„
1085 3318 1133 3377 De
1148 3318 1235 3378 novis
1252 3326 1351 3379 autem
1367 3338 1404 3380 ac
1417 3326 1540 3380 nostrae
1555 3321 1664 3382 sentis
1678 3319 1781 3381 haere·

371 3401 604 3486 [Hieronymus
616 3406 725 3467 vertit:
741 3406 790 3466 De
803 3407 1032 3481 Mesopotamia
1085 3405 1153 3465 ticis
1168 3403 1199 3464 id
1215 3405 1312 3484 ipsum
1328 3405 1448 3467 abunde
1463 3406 1641 3487 quotidiana
1655 3415 1784 3469 testatur

371 3495 455 3554 stus.
486 3492 621 3553 Vocatur
646 3490 770 3572 quidem
792 3492 917 3554 Balaam
940 3494 1032 3552 etiam
1087 3492 1279 3571 experientis.

371 3593 402 3638 ι.
419 3583 468 3643 13.
483 3579 617 3655 ariolus,
633 3580 665 3640 in
680 3588 784 3640 nostra
798 3581 951 3656 versious;
978 3578 1032 3639 sed
1130 3578 1249 3657 Quibus
1261 3579 1363 3655 colico
1375 3579 1577 3642 tenebrosum
1590 3586 1781 3641 reservatur.

371 3663 477 3727 sbraea
492 3665 598 3727 dictio:
621 3683 720 3740 casua
744 3685 822 3747 quas
837 3666 898 3726 illic
912 3655 1032 3745 legitur,
1086 3664 1162 3725 Plus
1178 3673 1223 3725 est
1238 3666 1270 3725 in
1285 3665 1419 3727 Graeco:
1442 3667 1562 3745 Quibus
1577 3668 1679 3743 colico
1694 3674 1781 3728 tenc·

371 3753 420 3816 bet
431 3752 469 3814 ad
482 3752 619 3815 diversas
631 3751 787 3813 divinandi
800 3754 926 3833 species,
942 3755 1032 3812 ctiam
1088 3752 1219 3812 ussum
1241 3754 1276 3814 iu
1299 3761 1464 3814 ueternum
1486 3762 1612 3815 seruata
1626 3763 1679 3815 est.
1704 3756 1782 3834 Qut·

371 3833 440 3902 ltus.
463 3838 556 3901 Unda
571 3839 715 3901 cccxx.
730 3847 902 3901 verterunt:
918 3831 1033 3918 μάντιν,
1089 3838 1159 3912 bus,
1186 3858 1246 3898 nou
1267 3839 1389 3900 nebulis
1412 3860 1464 3900 seu
1487 3841 1632 3914 nubibus,
1658 3842 1712 3902 sed
1735 3843 1783 3916 iis,

376 3937 429 3988 ost
443 3934 560 4002 cutm,
583 3927 714 4008 generali
735 3927 871 4002 uomiu03
894 3926 1033 4005 quamvis
1088 3944 1163 4006 quos
1191 3923 1374 3987 demonstrat
1403 3927 1480 3988 illud
1508 3927 1708 4007 praecedens:
1737 3930 1783 3990 Hi

371 4011 413 4074 in
428 4013 595 4093 scripturis
611 4035 671 4076 non
686 4014 785 4075 soleat
799 4014 859 4073 Dei
875 4013 1032 4092 Prophetis
1087 4019 1161 4073 suut
1182 4014 1288 4090 sontes
1303 4022 1368 4088 etc,
1393 4014 1423 4074 id
1446 4014 1601 4077 ostfalais
1622 4016 1783 4097 magistris.

372 4098 470 4161 rubri.
505 4100 548 4161 Ut
572 4100 644 4162 hinc
669 4120 729 4161 non
754 4099 964 4181 improbabilis
995 4101 1035 4160 sit
1088 4099 1146 4158 Est
1162 4101 1240 4159 eninr
1264 4091 1319 4168 οἷς
1340 4100 1547 4162 masculinum.
1571 4102 1669 4184 quue
1691 4104 1784 4163 etiam

371 4187 783 4267 spicc‚13usam,homincm
795 4206 928 4259 uvarum,
942 4205 1033 4266 quac·
1087 4194 1173 4265 patet
1193 4206 1231 4246 ex
1246 4187 1383 4266 Epistola
1403 4189 1437 4249 B.
1456 4188 1566 4263 dudae,
1589 4190 1643 4250 ubi
1656 4191 1783 4251 nubium

371 4287 401 4334 {a
422 4293 514 4335 causa
536 4273 617 4355 apud
639 4276 767 4357 populos
787 4271 934 4347 infideles,
954 4274 1033 4333 inter
1089 4273 1202 4332 mentio
1224 4271 1343 4353 longius
1361 4273 1526 4354 praecedit,
1549 4285 1586 4346 et,
1609 4277 1678 4337 aliis
1693 4279 1783 4337 iuter·

371 4375 412 4422 us
426 4360 612 4435 morabatur,
634 4365 724 4423 stiam
749 4362 788 4422 ad
813 4359 934 4420 illicitas
957 4358 1033 4420 diri·
1088 4360 1202 4439 positis,
1228 4359 1347 4421 tandem
1360 4361 1485 4423 dicitur:
1509 4363 1628 4441 Quibus
1640 4364 1783 4440 procella

371 4449 474 4510 tiones
505 4467 626 4530 operam
655 4467 739 4510 suam
777 4446 913 4509 usualem
943 4465 1032 4527 expo·
1087 4446 1292 4507 tenebrarum
1317 4456 1446 4509 servata
1477 4453 1581 4511 estin
1606 4458 1782 4512 octauum.

374 4553 440 4596 aa„
1086 4532 1277 4613 Quamquam
1300 4554 1356 4595 nec
1371 4538 1512 4597 convenit
1530 4537 1607 4597 haec
1622 4536 1783 4618 descriptio

371 4624 429 4683 lt.
453 4623 500 4684 Hi
509 4629 586 4684 sunt
598 4623 703 4700 fontes
714 4623 783 4682 siue
797 4640 891 4700 opus.
915 4621 1033 4682 Fontes
1085 4620 1224 4694 nubibus,
1240 4623 1415 4702 praesertim
1431 4642 1510 4703 quae
1525 4623 1609 4685 leves
1624 4631 1654 4684 ot
1664 4624 1782 4685 steriles

371 4710 457 4792 apris
479 4707 554 4771 nulli
570 4718 640 4769 sunt
661 4710 725 4769 sine
741 4728 836 4789 aqus3
859 4706 912 4767 sod
927 4707 1032 4784 fontes
1086 4715 1165 4767 sunt.
1199 4707 1294 4770 Porro
1319 4708 1482 4770 verisimile
1508 4718 1562 4786 cst,
1588 4711 1781 4791 particulam:

371 4805 425 4858 crs
434 4795 560 4860 fontium
572 4795 774 4878 receptacula,
786 4815 864 4877 quas
872 4794 1030 4867 interdurn,
1085 4798 1121 4855 iu
1137 4802 1314 4871 aeteruum,
1338 4815 1428 4877 quam
1445 4796 1563 4858 Graeca
1580 4797 1700 4870 habent,
1721 4819 1782 4859 nou

371 4885 421 4944 uh
431 4883 734 4955 lentiumobstruetis,
747 4881 871 4943 actalia
883 4900 1031 4954 excausa,
1085 4881 1203 4955 Latius,
1226 4902 1264 4943 ex
1290 4883 1437 4963 Apostolc
1452 4883 1537 4945 Juda
1559 4885 1619 4945 huc
1638 4887 1781 4946 insertam

371 4971 423 5032 uis
451 4969 664 5034 destituuntur.
707 4969 897 5050 Augustinus
925 4969 1032 5046 sontes
1085 4986 1151 5029 esse
1167 4968 1321 5031 codicibus
1333 4970 1475 5048 Graecis3
1497 4980 1531 5030 ut
1546 4971 1602 5032 huc
1617 4981 1705 5052 parte
1720 4973 1780 5033 siu·

371 5075 431 5122 uos
452 5059 529 5141 legit
549 5057 602 5121 lib.
624 5059 664 5121 de
682 5057 743 5119 lide
765 5067 797 5119 st
819 5076 866 5140 op.
889 5075 954 5137 cap·
979 5054 1031 5118 hb.
1084 5057 1227 5119 cariorem
1244 5056 1372 5119 arbitrer
1385 5058 1548 5121 lectionem
1555 5060 1702 5122 Latinam.
1718 5061 1781 5123 uu·
