4442 5825
778 585 1391 643 rrrsrorsrr.ssrr1rrrrr.rms.s.r.
1716 593 1789 664 4⁴³5

355 760 422 825 ism
448 762 504 845 qni
523 759 619 835 ridet,
645 763 857 845 aliquomodo
880 767 1042 846 cognoscit.
1096 766 1312 839 ineffabilibus,
1339 770 1371 825 et
1395 780 1473 844 quse
1502 771 1644 845 superent
1673 784 1790 827 omnem

355 848 454 931 [tuque
476 849 683 932 complectitur
704 851 753 911 hic
776 852 944 914 intellectus
963 856 1041 934 prio·
1095 872 1225 915 sensnm.
1250 852 1434 930 Gloriflcuto
1446 861 1556 926 entem,
1565 851 1650 914 idest
1661 854 1791 934 glorioso

355 944 412 999 tn
462 936 546 999 Sene
573 946 661 999 vetus
691 937 844 1018 quaedum
875 942 1042 1015 translatio,
1096 938 1177 1017 (uum
1204 940 1401 1001 Hebruismns
1428 947 1490 1013 est,
1520 940 1708 1021 participium
1737 960 1792 1020 pro

355 1030 431 1085 t'xto
445 1043 539 1107 quum
558 1024 633 1085 citst
646 1024 727 1085 hunc
741 1024 838 1086 locum
853 1025 1042 1106 Augustinus
1095 1022 1236 1103 nomine),
1252 1027 1419 1105 magnifico,
1436 1026 1536 1087 stabili
1552 1028 1623 1087 item
1638 1046 1674 1087 uo
1684 1028 1790 1088 solido.

355 1102 391 1173 ὦ.
408 1114 439 1171 1.
455 1109 497 1173 de
519 1130 604 1192 pecc.
626 1131 701 1172 mer.
722 1132 787 1193 cup.
811 1114 861 1173 il.
877 1134 948 1194 pror
975 1132 1042 1176 rtorr
1095 1115 1149 1173 Est
1164 1116 1242 1173 enim
1258 1114 1321 1173 hoc·
1330 1112 1470 1193 goudium
1494 1113 1532 1174 de
1553 1114 1651 1193 glorie
1669 1114 1792 1175 coelesti

355 1196 504 1273 Meritis,
530 1198 641 1260 lrsbet:
666 1202 837 1275 ipsiorotis,
865 1200 897 1261 id
922 1211 1043 1262 estnon
1096 1210 1126 1261 et
1141 1209 1263 1261 reterns
1282 1199 1322 1260 sb
1347 1220 1384 1261 eo
1404 1201 1566 1280 promisse,
1592 1220 1670 1281 quse
1686 1200 1792 1262 lullere

355 1285 582 1367 ognosoebutis.
1094 1306 1153 1348 non
1170 1295 1282 1367 potest
1315 1288 1408 1348 Porro
1424 1286 1593 1360 sciendum,
1609 1288 1657 1349 hic
1671 1306 1792 1369 quoque

376 1370 481 1452 Igitur
496 1372 606 1433 Petrus
627 1371 686 1432 lrsc
707 1380 796 1454 purte
811 1372 916 1434 fideles
930 1373 1041 1436 electos
1095 1376 1172 1435 verti
1189 1392 1291 1452 posse:
1319 1375 1487 1448 exsultate,
1515 1393 1587 1454 pro:
1615 1376 1788 1450 multatis,

355 1456 511 1533 insudet,
537 1457 621 1539 quod
644 1456 793 1520 Christum
815 1468 905 1521 untes
925 1479 982 1521 nec
995 1464 1040 1522 vi·
1093 1460 1208 1521 scilicet
1222 1460 1311 1521 modo
1326 1462 1533 1541 praeceptivo,
1557 1462 1706 1541 quomodo
1719 1464 1791 1523 citit

355 1546 416 1619 mir,
445 1565 508 1607 nec
528 1546 697 1626 cognitum,
721 1548 764 1606 itu
785 1546 845 1607 lide
859 1550 1040 1627 receperint,
1095 1549 1280 1627 Augustinus
1303 1546 1354 1607 lib.
1372 1550 1399 1608 2.
1424 1548 1461 1608 de
1483 1548 1580 1627 symb.
1603 1547 1641 1607 sd
1664 1548 1790 1611 (letech.

355 1634 480 1695 istium
495 1631 675 1705 dilexerint,
697 1635 803 1714 utique
818 1644 856 1695 ee
870 1633 1040 1708 dilectione,
1093 1652 1158 1714 esp.
1184 1637 1226 1695 t:
1255 1634 1395 1697 Gaudete
1420 1635 1635 1696 inenerrabili
1661 1637 1789 1712 paudior

355 1732 424 1781 um
440 1718 523 1781 fides
542 1720 653 1799 exigit,
675 1739 795 1802 qouque
817 1723 956 1783 convenit
970 1738 1040 1782 eum
1093 1720 1155 1781 Sed
1178 1721 1285 1782 melius
1307 1724 1435 1782 vertitur
1456 1724 1655 1783 enuntiative.
1694 1721 1790 1803 Oujns

355 1804 440 1889 llige,
468 1806 524 1890 qni
545 1807 632 1867 Deus
654 1816 683 1867 et
705 1806 791 1867 horno
815 1815 875 1880 est,
901 1807 1040 1890 idemque
1092 1809 1167 1868 rutio
1183 1810 1323 1890 superius
1337 1807 1455 1868 reddite
1470 1819 1525 1869 est.
1563 1807 1696 1871 Osossm
1714 1812 1790 1871 tenti

355 1896 491 1957 minum
508 1893 658 1956 Sulrstor.
1092 1894 1197 1975 gundii
1212 1895 1355 1975 deinceps
1371 1896 1502 1976 exponit

369 1982 425 2045 Ex
442 1981 505 2043 lroc
524 1981 591 2042 loeo
614 1981 752 2042 nonnulli
774 1981 975 2061 conjecturum
990 2000 1039 2042 sn·
1138 1984 1165 2041 9.
1188 1984 1400 2060 Repertorrtcs
1425 1983 1521 2059 tinem
1546 1983 1621 2059 fidei
1650 1991 1783 2060 vestroe,

355 2078 430 2144 unt,
459 2070 544 2131 hunc
564 2069 733 2149 Epistulam
753 2069 891 2149 scriptum
913 2086 982 2130 esse
999 2066 1039 2128 cd
1092 2070 1225 2129 sulutem
1241 2072 1436 2131 opimorum.
1470 2070 1615 2151 Plerique
1637 2069 1789 2132 desoluto

355 2156 476 2221 rutiles.
502 2154 641 2237 Quorum
660 2155 734 2217 fides
749 2158 780 2215 in
795 2156 853 2216 hoc
867 2154 1039 2237 specialiter
1091 2154 1195 2216 future
1210 2159 1458 2236 interpretantur,
1485 2159 1557 2237 quis
1578 2164 1788 2237 postmortem

355 2242 579 2316 mmenrlutur,
603 2242 684 2323 quod
705 2245 737 2303 in
751 2262 821 2304 snm
837 2241 1038 2315 crediderunt,
1092 2262 1249 2322 corporum
1258 2243 1386 2304 sulutem
1398 2255 1605 2323 exspectemus
1613 2245 1788 2318 animorum,

355 2340 420 2395 m
446 2338 516 2393 nou
536 2328 684 2391 viderunt
721 2330 800 2390 Nem
814 2329 927 2391 Jndsei
952 2329 1037 2390 chri·
1092 2350 1129 2390 ue
1143 2331 1305 2391 novissime
1321 2331 1413 2391 totius
1427 2330 1567 2391 hominis.
1589 2331 1702 2391 Verum
1717 2333 1790 2411 quis

355 2440 402 2483 om
421 2419 603 2479 hebuetuut
624 2423 820 2498 praesentem.
857 2416 919 2478 Sed
934 2435 1038 2498 perum
1091 2435 1152 2477 non
1166 2417 1257 2478 dicit:
1276 2421 1491 2494 reportaturi,
1507 2417 1561 2478 sed
1575 2426 1787 2495 reportantes,

355 2528 414 2571 mu
431 2516 487 2570 est
504 2503 688 2583 conjecturs„
712 2504 912 2566 Scribitenim
928 2505 1037 2565 Petrus
1091 2503 1211 2565 Grsece
1226 2496 1430 2582 uoptidpeuot:
1453 2506 1562 2583 potins·
1578 2504 1788 2586 accipiendum

355 2594 533 2661 lindseos
546 2611 609 2653 non
624 2593 655 2653 in
669 2591 693 2653 J
695 2591 794 2652 udses
812 2601 1039 2666 commorantes,
1091 2591 1212 2652 videtur
1227 2590 1266 2651 de
1281 2591 1379 2652 solute
1391 2593 1423 2651 in
1434 2611 1555 2671 genere,
1571 2593 1657 2671 cujus
1672 2593 1788 2654 initium

355 2686 376 2747 ri
391 2682 559 2745 Dominus
581 2682 613 2740 iu
636 2698 726 2740 corne
745 2678 804 2738 tuit
825 2687 1037 2751 conversatum
1091 2679 1122 2738 in
1137 2678 1194 2739 huc
1208 2679 1288 2755 rits3
1304 2677 1455 2758 quomodo
1471 2678 1586 2739 Psnlus
1600 2679 1733 2759 loquitur
1747 2678 1788 2739 sd

355 2770 437 2833 dsrl
457 2770 532 2841 so's,
546 2769 601 2846 qui
616 2772 700 2827 eruut
714 2766 744 2825 in
756 2764 948 2846 dispersione,
964 2784 1036 2846 qno·
1091 2765 1170 2845 Epir.
1187 2770 1232 2826 2:
1262 2766 1375 2827 Gratia
1391 2767 1462 2826 estis
1475 2767 1592 2826 rulooti
1604 2784 1666 2842 pcr
1678 2766 1785 2842 tidem,

355 2856 533 2940 mplurimi
547 2852 698 2916 Judaeum
709 2872 770 2914 non
781 2852 927 2913 viderunt
949 2852 1038 2913 Unde
1092 2860 1123 2911 et
1137 2851 1176 2913 cd
1192 2853 1253 2914 'Pit
1271 2857 1316 2916 3.r
1343 2853 1524 2915 Secundum
1546 2871 1637 2914 suum
1661 2856 1784 2915 miscri-

355 2965 358 3004 ;
382 2945 462 3008 illos
489 2945 584 3004 etism
604 2942 709 3001 merito
730 2942 861 3020 pertinet
881 2940 948 3000 lsus
969 2939 1036 3001 ills:
1091 2941 1234 3001 cordium
1248 2941 1353 3002 salvor
1366 2958 1425 3001 rios
1437 2942 1531 3017 fecit,
1556 2949 1587 3001 et
1601 2940 1738 3003 Jsoobns
1754 2943 1786 3002 in

355 3051 427 3096 sem
445 3047 525 3092 cum
539 3028 782 3101 pervideritis,
799 3028 940 3103 dilipitis.
1089 3026 1150 3086 fine
1171 3046 1245 3087 snae
1271 3027 1444 3108 Epistulae:
1471 3028 1616 3090 &locuit
1641 3032 1785 3090 animum

363 3123 412 3182 In
430 3135 533 3197 quem
552 3129 642 3177 nunt
662 3127 787 3192 quoque
808 3131 876 3175 riou
895 3114 1037 3175 videntes
1090 3117 1157 3188 ejus
1172 3132 1192 3172 a
1207 3122 1316 3174 morte.
1354 3114 1513 3175 Sulvsmur
1534 3117 1626 3186 enim,
1653 3114 1724 3176 dum
1735 3116 1784 3194 ju·

355 3207 471 3268 editis.
521 3202 674 3276 Creditis,
697 3220 757 3262 non
785 3208 831 3262 est
852 3203 883 3259 in
910 3200 1036 3273 Graeco,
1090 3199 1268 3260 stifieumur:
1294 3199 1347 3261 sed
1371 3220 1408 3260 es
1430 3201 1513 3262 sslus
1535 3202 1662 3280 primum
1679 3202 1775 3281 irnper

355 3311 380 3356 u
393 3297 431 3356 in
450 3290 594 3370 Syriaco.
618 3288 751 3349 'Pontum
764 3289 841 3348 eninr
854 3286 978 3367 legitur:
995 3290 1037 3348 Iri
1089 3286 1184 3359 fecto,
1203 3286 1313 3347 deinde
1328 3286 1475 3365 psnlutim
1491 3297 1632 3367 ungetur,
1647 3296 1681 3347 rrt
1696 3288 1727 3348 iu
1740 3287 1785 3348 tu·

355 3395 421 3444 torn
439 3395 537 3440 rrum
557 3394 625 3438 riori
645 3376 797 3436 videntes.
834 3373 953 3435 Grecos
974 3384 1036 3434 est:
1089 3381 1158 3433 turo
1185 3373 1306 3434 rusculo
1335 3373 1515 3452 perficietur.
1552 3374 1638 3434 Dicit
1665 3384 1785 3434 sutem:

355 3461 646 3540 flurec,dirersum
657 3460 865 3522 ruscbulumc
875 3463 1036 3541 superiore.
1090 3463 1293 3533 animorum,
1310 3462 1385 3539 qnis
1401 3460 1484 3520 selus
1500 3460 1574 3521 lruec
1589 3461 1620 3520 in
1635 3462 1784 3538 praesenti

355 3553 454 3618 sodor
469 3559 573 3612 sutem
587 3549 687 3610 udlrnc
702 3550 859 3609 sententis„
1089 3548 1155 3606 vitu
1177 3546 1216 3606 sd
1238 3546 1317 3606 solas
1344 3548 1460 3606 unimus
1486 3549 1631 3625 pertinet,
1658 3567 1719 3607 uon
1745 3546 1784 3606 ud

364 3633 551 3708 credentes
573 3644 681 3696 nutem
701 3634 898 3697 exsultabitis
912 3635 1036 3694 tortitia
1089 3652 1223 3710 corpore.
1257 3632 1335 3692 Nam
1351 3633 1407 3693 lruc
1421 3635 1486 3694 ritu
1501 3634 1644 3706 dursnts,
1666 3636 1710 3708 is,
1729 3638 1784 3710 qui

355 3723 554 3792 meffabili
569 3731 599 3784 st
616 3723 804 3800 ploriltwtu.
842 3720 1035 3801 Lugendum:
1087 3721 1169 3798 soris
1183 3728 1237 3795 cst,
1250 3727 1357 3781 under
1370 3722 1462 3780 domo
1475 3723 1693 3796 eorrrmrpitur
1701 3743 1713 3797 ;
1728 3720 1784 3782 sed

355 3817 502 3880 unitatis
508 3857 521 3889 ,
536 3819 569 3871 ut
583 3830 690 3891 soprn,
716 3806 967 3889 quemadmodum
982 3807 1033 3867 hr-
1088 3811 1132 3880 is,
1160 3811 1215 3883 qui
1238 3809 1325 3867 intus
1347 3814 1408 3881 cst,
1435 3815 1611 3868 renovatur
1625 3807 1664 3866 ds
1680 3808 1731 3867 dio
1747 3810 1783 3868 irs

355 3913 396 3966 ur
428 3901 557 3963 Graece
585 3906 616 3957 et
645 3896 739 3975 Syre,
776 3892 1035 3955 consentientibus
1088 3897 1189 3967 diem,
1208 3892 1308 3953 icor.
1325 3897 1354 3953 4.
1389 3893 1463 3953 ltem
1480 3895 1635 3955 nominans
1649 3895 1784 3955 salutem

355 3985 560 4072 templaribus
596 3983 717 4045 Lutinis
754 3999 850 4060 poene
888 3979 1034 4055 omnibus,
1088 3984 1291 4055 animorum,
1319 3979 1471 4053 ludaeos,
1497 3981 1537 4040 ad
1563 4000 1639 4060 quos
1670 3981 1783 4054 scribit,

355 4077 402 4138 ss
419 4071 512 4154 apud
527 4089 583 4131 nos
602 4078 688 4142 sunt,
711 4077 772 4128 tsm
786 4068 921 4146 scriptis,
944 4086 1034 4148 quern
1087 4076 1209 4128 revorst
1225 4088 1243 4127 s
1258 4086 1346 4127 sensu
1367 4067 1495 4142 corneli3
1521 4088 1558 4128 no
1581 4068 1707 4129 sulutem
1730 4087 1784 4148 per

355 4162 498 4244 tpressis.
522 4157 645 4238 Repetit
665 4155 741 4215 enim
755 4155 922 4234 Apostolus
937 4166 968 4215 et
983 4156 1033 4215 de·
1088 4153 1238 4214 Christum
1260 4155 1437 4232 promissum
1458 4156 1661 4233 imaginentur
1683 4153 1784 4228 telem,

355 4259 425 4313 trst
449 4245 586 4308 tmctnm
612 4243 683 4304 tidei
713 4243 850 4321 superius
873 4240 1033 4302 indicatum
1087 4241 1186 4321 qualis
1200 4250 1265 4300 erut
1287 4239 1417 4300 {elicitus
1439 4244 1469 4301 in
1491 4242 1586 4301 veteri
1602 4250 1783 4302 testumeuto

355 4335 493 4398 ildixit:
521 4333 564 4393 Irt
579 4348 642 4409 quo
658 4329 836 4403 exsultatis,
860 4327 1033 4401 ostendens,
1086 4347 1140 4406 per
1155 4328 1263 4387 Mosen
1277 4331 1434 4406 promisso.
1470 4328 1563 4388 Porro
1583 4329 1679 4405 {luero
1695 4335 1784 4388 vocet

355 4435 444 4486 nnus
471 4421 517 4480 sit
540 4436 578 4479 es
599 4416 775 4489 exsultatio,
800 4418 974 4495 praesertim
1002 4417 1033 4475 in
1085 4414 1229 4487 fructum,
1256 4415 1309 4494 qui
1333 4416 1409 4474 idem
1435 4433 1546 4475 neusse
1572 4414 1672 4476 finslis
1693 4414 1783 4474 hebet

355 4507 474 4572 roseus
489 4525 602 4576 eorum,
617 4504 670 4584 qni
683 4501 774 4564 tidem
785 4521 868 4562 susm
883 4501 1032 4583 frequenti
1085 4502 1246 4574 tutionem,
1262 4502 1319 4561 etsi
1332 4522 1391 4562 non
1403 4500 1535 4562 ultimus.
1558 4502 1688 4562 Fructus
1703 4502 1783 4562 enim

355 4593 533 4660 ttlitstiune
549 4599 700 4653 exercent
1086 4596 1118 4648 et
1132 4587 1201 4649 sinis
1215 4588 1287 4647 fidei
1302 4596 1424 4649 nostroe
1435 4598 1480 4649 est
1491 4590 1656 4648 snirnsrum
1669 4597 1781 4648 nostrs-

362 4681 429 4748 Bst
458 4682 555 4762 igitur
578 4695 702 4740 senens:
728 4676 770 4736 At
796 4695 863 4739 cum
889 4695 928 4737 ne
954 4695 1033 4736 nunc
1086 4694 1152 4735 rum
1168 4675 1256 4747 sulus,
1273 4694 1352 4755 quse
1367 4675 1416 4735 hic
1429 4676 1584 4735 inchoetur
1595 4684 1627 4736 et
1639 4677 1669 4735 iu
1680 4674 1781 4735 tuturo

355 4769 456 4834 idem
479 4787 550 4829 eum
578 4763 722 4838 ridedtis,
748 4762 907 4824 credentes
932 4773 1032 4822 tumen
1085 4763 1248 4840 perficitnr3
1276 4763 1396 4822 temetsi
1420 4762 1533 4822 Psulus
1554 4761 1593 4822 de
1615 4763 1727 4840 (ructu
1751 4768 1782 4822 et

359 4873 473 4929 'mr
503 4849 665 4916 exsultitis
691 4849 730 4910 ob
756 4867 840 4932 spem
867 4851 1032 4929 promissus
1084 4848 1150 4924 {tric
1172 4848 1310 4908 distincte
1333 4848 1481 4928 loquitur,
1503 4848 1588 4908 Rom.
1605 4852 1651 4910 e:
1677 4850 1779 4923 Serui,

355 4935 490 5009 teir-ri·
504 4938 617 5022 prndio
640 4935 785 4999 ineffabili
808 4947 839 4997 et
853 4935 1031 5017 glorificato.
1085 4937 1199 5015 inquit,
1219 4937 1302 5012 facti
1317 4937 1403 5008 Deo,
1427 4935 1547 4995 iubetis
1567 4935 1709 5012 {ruuum
1725 4954 1780 4997 vc·

355 5025 516 5116 muudi·
531 5025 669 5110 quidem,
702 5028 776 5106 quis
803 5023 844 5085 de
871 5022 959 5084 bonis
983 5031 1032 5084 est
1083 5030 1184 5084 reum
1204 5024 1240 5082 iri
1262 5020 1568 5098 modificationem,
1593 5023 1690 5101 duom
1704 5041 1780 5086 uero
