4442 5825
392 621 466 691 248
891 615 1309 673 ooasmrsnusmcarx
1844 614 1862 727 p

391 809 428 852 ac
443 788 539 864 docet,
555 811 620 853 eam
638 811 711 866 esse,
731 813 793 873 qua
808 796 893 857 Dens
908 794 1087 856 sanctificari
1138 780 1273 857 Nam⁸in
1298 790 1441 854 Hebraeo
1465 810 1526 852 non
1553 798 1599 851 ast
1625 804 1745 865 corpus,
1768 783 1807 847 sai

390 897 445 939 uos
460 877 557 939 voluit
579 899 633 959 per
655 880 837 942 oblationem
861 884 994 961 eorporis
1010 881 1086 942 Filii
1139 884 1237 944 auris.
1262 880 1332 962 Qus
1346 879 1385 940 (le
1400 900 1432 940 re
1443 880 1508 960 jam
1522 885 1594 939 ante
1609 874 1742 937 diximus
1850 892 1862 929 =

391 966 447 1039 sni,
470 984 546 1044 quos
569 966 715 1027 sacrificia
729 968 806 1048 legis
824 968 1011 1030 sanctificare
1026 990 1086 1031 non
1853 982 1863 1017 ¹

390 1059 537 1133 poterant.
561 1053 605 1115 Ut
628 1054 780 1134 perfectos
801 1057 840 1116 sit
860 1075 973 1129 sensus,
995 1056 1084 1135 pleri·
1184 1058 1233 1117 11.
1256 1056 1299 1117 Et
1315 1055 1416 1115 omnis
1437 1052 1564 1130 quidem
1578 1049 1812 1125 mosoni-
1851 1066 1855 1105 :

390 1160 449 1221 que
475 1138 632 1222 supplent:
661 1143 755 1203 semel
778 1142 901 1219 suctum
930 1163 985 1204 seu
1008 1162 1086 1220 per·
1139 1151 1186 1204 sto
1201 1136 1689 1219 estquotidieminietrarss.1n
1703 1133 1814 1215 sepuit-
1853 1156 1863 1211 s

391 1235 505 1288 artum.
534 1228 575 1288 Et
589 1227 619 1288 id
635 1228 757 1308 quidem
774 1239 866 1291 recte.
893 1230 953 1291 Sed
971 1249 1010 1290 eo
1034 1229 1085 1290 ad·
1140 1230 1222 1291 ribus
1244 1226 1373 1289 ostendit
1395 1227 1558 1306 Apostolus
1580 1222 1816 1306 imperfectione
1849 1242 1863 1280 r

391 1313 469 1388 dito,
496 1323 595 1376 manet
617 1315 716 1376 adhuc
739 1319 834 1377 oratio
858 1317 1034 1398 imperfecta
1056 1319 1087 1379 in
1140 1327 1170 1378 st
1183 1316 1383 1377 infirmitatem
1395 1314 1502 1394 legalis
1516 1310 1679 1375 acerdotii
1694 1307 1816 1373 exiiet*
1853 1330 1860 1367 r

391 1400 506 1463 Graeco
537 1411 661 1482 propter
690 1402 847 1464 articulum
874 1396 902 1463 oi
929 1406 958 1464 in
985 1403 1085 1464 medio
1140 1408 1221 1465 tione
1236 1401 1397 1464 eorundem
1409 1400 1630 1472 sacrifidorum,
1645 1394 1818 1479 quaelebet
1851 1400 1863 1457 'r

388 1490 528 1571 positum,
550 1498 585 1549 ut
599 1490 708 1563 Latine
724 1488 883 1553 dicendum
899 1491 1005 1552 luerit:
1031 1494 1087 1568 qui
1141 1512 1194 1572 per
1209 1490 1343 1571 singulos
1364 1506 1468 1561 annos,
1490 1486 1607 1549 scilicet
1621 1486 1653 1546 in
1669 1483 1720 1545 die
1735 1482 1819 1563 sxph·
1851 1506 1860 1543 r

387 1595 448 1654 per
470 1574 661 1637 oblationem
685 1584 759 1652 etc.;
791 1598 881 1658 quarn
909 1577 1086 1657 particulam
1141 1580 1240 1638 tionis.
1268 1578 1357 1638 Nunc
1372 1595 1438 1636 eam
1453 1592 1516 1635 rem
1531 1572 1663 1656 amplius
1676 1578 1818 1651 urgan·
1851 1592 1863 1629 s

390 1662 532 1725 videntur
547 1663 723 1743 interpretes
745 1663 809 1725 iere
824 1665 995 1745 neglexisse
1010 1674 1085 1724 tam·
1141 1683 1261 1726 sumens
1288 1670 1496 1743 argumentum
1526 1679 1564 1721 ex
1586 1660 1656 1741 jugi
1683 1654 1821 1731 καὶῆ
1849 1678 1863 1741 p

390 1770 481 1831 quam
497 1749 688 1830 superfluam.
712 1749 904 1832 Quamquam
921 1752 1085 1833 Theophy·
1141 1749 1222 1833 quod
1237 1772 1291 1833 por
1306 1748 1442 1830 singulos
1457 1749 1524 1809 dics
1539 1744 1733 1819 offerebatur,
1746 1762 1819 1805 maus
1848 1753 1863 1817 ii

391 1837 488 1897 lactus
515 1845 545 1896 st
569 1834 779 1909 Oscumenius,
806 1857 967 1919 eorumque
996 1841 1085 1899 inter·
1142 1848 1171 1899 ct
1191 1857 1332 1919 vespere,
1358 1834 1668 1917 decoctiones.
1698 1830 1822 1893 Undast
1847 1822 1863 1899 i

392 1932 492 2004 protes
508 1942 567 1982 non
589 1924 724 2003 putarint
741 1925 962 2006 negligendam.
984 1925 1087 2004 Hujus
1141 1925 1230 1987 dicit:
1243 1926 1354 1988 Omnis
1365 1923 1491 2000 quidem
1503 1922 1658 1983 tuendos.
1675 1919 1822 1998 tiunquo
1850 1919 1863 1983 't'

393 2008 517 2089 quidem
534 2010 678 2091 interpres
693 2010 870 2085 Hentenius,
894 2018 1026 2074 auctoris
1041 2013 1087 2071 sui
1140 2012 1284 2073 tidianum
1299 2011 1356 2071 hoc
1374 2009 1555 2070 sacrificium
1577 2007 1683 2091 quivis
1697 2002 1821 2067 uest&
1850 1998 1863 2089 i

394 2096 571 2157 sententiam
596 2096 722 2158 reddere
748 2098 861 2171 uolens,
888 2102 930 2159 its
957 2099 1089 2180 complet
1141 2100 1308 2161 Aaronicns
1345 2097 1450 2158 offerre
1486 2103 1622 2176 poterat3
1659 2092 1822 2174 expiationi
1850 2106 1857 2157 i

394 2184 573 2244 orationem:
596 2185 660 2245 Per
684 2202 779 2262 quam
797 2186 995 2247 voluntatem
1009 2206 1087 2249 sau·
1141 2207 1212 2247 vero
1235 2185 1412 2246 sacrificium
1434 2183 1568 2264 pontifici
1590 2180 1821 2264 propr-inmersi
1850 2204 1863 2269 p

392 2270 522 2348 ctificati
539 2289 656 2347 mmor,
678 2274 735 2348 qui
757 2273 848 2332 iilam
869 2293 929 2351 per
952 2274 1088 2336 oblatio·
1142 2274 1214 2335 Non
1229 2274 1320 2353 igitur
1331 2272 1380 2333 hie
1392 2271 1532 2351 repetitio
1544 2278 1590 2330 est
1602 2268 1742 2350 ejusdcm
1756 2284 1821 2347 pror
1847 2276 1858 2355 t

393 2378 464 2421 nem
478 2361 620 2435 corporis
631 2363 714 2424 Jssu
727 2361 821 2419 semel
832 2369 999 2437 peractam
1011 2379 1089 2423 cort·
1142 2381 1194 2422 sus
1209 2359 1386 2439 argumenti,
1408 2368 1442 2419 nt
1461 2356 1644 2438 quibusdam
1659 2353 1779 2416 videtur
1789 2350 1822 2413 ii
1851 2376 1863 2439 .¹

391 2448 491 2509 secuti
510 2464 627 2506 ramus.
660 2445 884 2527 Theophylucti
905 2468 977 2509 vero
1000 2450 1088 2510 iuter·
1143 2449 1289 2519 centibus,
1309 2445 1489 2526 Apostolum
1512 2443 1643 2505 diversis
1665 2440 1765 2504 vsrhk
1783 2458 1821 2502 ss·
1852 2464 1862 2521 p

393 2552 464 2614 pres
478 2532 643 2593 Lonieerus
658 2532 741 2593 nuda
755 2534 856 2613 posuit
871 2535 1009 2615 Apostoli
1024 2555 1088 2595 ver·
1143 2535 1211 2596 dem
1241 2532 1411 2608 inculcar03
1448 2532 1502 2593 sed
1532 2549 1614 2592 nova
1643 2528 1822 2601 consrnsiu,
1853 2528 1862 2587 'r

393 2621 448 2681 ba:
464 2621 525 2696 Qui
539 2638 598 2695 per
614 2619 805 2681 oblationem
819 2625 963 2698 corporis
976 2622 1091 2685 Christi
1143 2623 1222 2683 sicut
1245 2621 1324 2684 bene
1354 2618 1555 2681 observarunt
1579 2618 1620 2679 D.
1647 2616 1781 2679 Thomas
1799 2621 1825 2674 st
1856 2632 1862 2681 ,ῑ

393 2706 495 2766 romei.
541 2702 699 2766 Caeterum
738 2706 802 2786 ipse
838 2707 1090 2788 ‘theophylactus
1144 2709 1315 2789 Csjstanus.
1339 2705 1424 2780 Scio,
1447 2704 1610 2766 nonnullos
1632 2721 1703 2765 esse
1722 2700 1825 2765 coice
1858 2700 1862 2759 ἶ

393 2790 513 2873 supplet
528 2800 618 2871 atque
634 2793 757 2871 exponit
771 2792 829 2854 hoc
844 2793 946 2854 modo:
970 2797 1012 2857 Io
1027 2815 1091 2874 qua
1144 2794 1284 2866 Graecos,
1301 2801 1332 2852 et
1347 2793 1378 2852 in
1389 2792 1545 2854 hisbibliu
1554 2792 1664 2872 Regis.
1681 2789 1715 2851 iu
1728 2786 1825 2871 quib!
1858 2798 1862 2849 2

396 2879 561 2941 voluntate
577 2880 685 2940 Putria
699 2881 888 2958 sanctificati
902 2901 1019 2957 sumus,
1036 2885 1091 2961 qui
1144 2882 1276 2962 legatur:
1289 2872 1464 2959 ἀρχιερεὺς,
1478 2877 1509 2939 id
1523 2887 1570 2940 est
1576 2877 1743 2957 pontifex,
1753 2892 1827 2940 sm·

392 2984 452 3044 per
478 2965 671 3034 oblationem
693 2972 836 3044 corporis
859 2970 974 3031 Christi
999 2972 1092 3031 semsi
1144 2971 1214 3031 mul
1227 2969 1370 3030 sacerdos
1377 2991 1389 3044 ,-
1405 2976 1500 3047 atque
1509 2966 1582 3028 huic
1596 2965 1721 3028 lectioni
1735 2963 1826 3026 suffit

393 3056 514 3132 fuctum
538 3053 729 3129 reedificari
753 3073 868 3116 sumus.
903 3058 973 3117 Hoc
995 3061 1090 3132 enim,
1144 3058 1209 3138 gari
1234 3056 1402 3116 versionem
1427 3055 1599 3135 Syriacum,
1627 3071 1709 3132 quae
1733 3051 1828 3114 habai:

395 3142 504 3220 inquit,
520 3140 774 3202 subaudiendum
792 3149 844 3202 cst.
860 3144 943 3204 Nam
958 3145 1091 3205 creden·
1141 3147 1291 3222 princeps
1306 3142 1522 3219 anonumum,-
1545 3139 1602 3201 sed
1613 3149 1648 3200 ut
1661 3159 1738 3202 vers
1751 3140 1789 3200 sit
1801 3153 1830 3198 n

395 3235 439 3289 tss
460 3228 657 3304 sanctificari
675 3247 735 3304 per
758 3229 951 3291 oblationem
974 3232 1090 3308 Unice·
1144 3232 1241 3303 lectio,
1257 3228 1329 3289 nihil
1341 3228 1487 3309 prohibet,
1503 3247 1563 3309 quo
1575 3228 1830 3308 minusipsepoey

395 3317 475 3390 niti,
503 3311 542 3375 'irs
573 3315 737 3376 voluntate
765 3317 874 3377 Putris
902 3318 1092 3395 sanctificati
1144 3317 1218 3378 tilex
1244 3316 1428 3389 Aaronicus,
1454 3317 1479 3376 si
1504 3314 1608 3385 vellet,
1634 3313 1831 3396 quotidiana

395 3421 509 3464 murus.
540 3401 681 3477 Sicilie,
709 3404 833 3464 caeteris
859 3404 976 3464 melius.
1007 3405 1091 3465 Nilril
1144 3404 1221 3465 illud
1236 3424 1272 3463 ac
1282 3403 1359 3482 juge
1373 3402 1550 3464 sacrificium
1568 3401 1708 3478 offerret3
1727 3395 1832 3462 tund

395 3490 472 3550 euim
480 3490 579 3568 aptius
587 3489 751 3569 suppletur,
764 3510 854 3569 quam
866 3491 999 3562 verbum,
1011 3490 1091 3573 quod
1144 3492 1239 3570 magis
1264 3490 1335 3549 milri
1363 3490 1506 3568 probatur
1531 3481 1654 3567 ἱερεὺς,
1686 3485 1832 3562 nosrdoe,

395 3577 568 3656 praecessit.
592 3573 771 3637 Oscumenii
797 3597 883 3652 vero,
911 3580 977 3638 sive
1002 3578 1090 3639 inter·
1144 3597 1223 3659 quae
1253 3584 1298 3637 est
1327 3576 1417 3636 lectio
1448 3577 1630 3656 pervulgata
1659 3576 1834 3638 oram

396 3665 490 3741 pratis
504 3663 571 3740 ejus
594 3663 833 3744 supplementum
849 3664 939 3725 nimis
954 3674 1091 3726 coactum
1145 3663 1289 3736 codicum,
1306 3682 1396 3742 quam
1413 3671 1442 3723 st
1453 3670 1587 3724 veterum
1604 3662 1755 3726 exhibent
1769 3678 1835 3723 sun·

397 3749 470 3810 mihi
485 3747 615 3810 videtur.
1145 3752 1292 3813 menterii.

1186 3838 1317 3918 Jampro
1326 3856 1373 3908 eo,
1384 3835 1466 3916 quod
1474 3855 1529 3898 nos
1537 3835 1689 3899 totamm
1699 3859 1707 3896 c
1716 3838 1837 3914 pram

439 3919 515 3982 Cum
532 3940 604 4002 ergo
620 3919 695 3982 ticio
706 3921 877 4003 Apostolus,
894 3942 954 3997 eos,
970 3924 1023 4002 qui
1039 3942 1093 4002 per
1146 3932 1200 3999 est,
1213 3925 1265 3985 alii
1278 3932 1411 3984 vertunt:
1423 3930 1517 4000 auat,
1530 3926 1657 3984 assidit·
1674 3927 1720 3986 At
1731 3921 1835 3986 GM

396 4009 578 4070 oblationem
604 4011 737 4088 corporis
764 4007 877 4070 Christi
904 4010 1091 4071 sanctificae·
1145 4020 1205 4072 est:
1228 4004 1353 4088 ἕστηκε,
1376 4010 1501 4071 verbum
1517 4010 1658 4092 simplex,
1683 4009 1768 4094 quod
1787 4025 1838 4070 m

395 4105 451 4168 tur,
475 4098 507 4155 in
521 4093 581 4155 Dei
597 4094 754 4156 voluntate
770 4098 959 4170 sanctificari,
981 4095 1091 4157 intelli·
1146 4106 1191 4159 est
1202 4117 1387 4178 neeesseper
1398 4098 1595 4178 compositum
1605 4099 1732 4179 exponi.
1743 4096 1836 4158 Snus

395 4180 526 4264 gendum
544 4181 678 4261 praebet,
699 4181 776 4241 hanc
798 4183 890 4244 fuisse
906 4184 964 4245 Dei
986 4183 1091 4243 volun·
1145 4186 1223 4245 enim
1254 4186 1432 4265 perspicuus
1458 4193 1520 4245 estc
1558 4186 1674 4248 omos·
1703 4181 1838 4247 asendit

394 4276 497 4342 tatem,
521 4277 554 4327 ut
576 4266 711 4328 Christus
734 4288 842 4349 corpus
863 4290 950 4330 suum
973 4270 1093 4331 offerret
1144 4279 1206 4331 stat
1227 4271 1367 4347 quotidie
1392 4272 1598 4346 ministrum,
1624 4271 1763 4334 Gneus:
1783 4265 1838 4328 to·

395 4375 449 4438 pro
464 4355 554 4415 nobis
569 4354 800 4429 sanctificandis,
818 4355 848 4416 id
864 4366 913 4415 est
924 4356 1090 4434 justifican-
1145 4358 1300 4435 τουργῶν,
1331 4359 1428 4418 saeris
1457 4376 1616 4435 operans,
1652 4358 1837 4436 semiim

395 4443 451 4505 dis.
483 4442 635 4518 Corporis
660 4449 762 4501 autem
787 4461 929 4523 expresse
950 4443 1091 4516 meminit,
1145 4443 1214 4505 Stat
1237 4445 1323 4517 enim,
1347 4445 1398 4523 qui
1422 4446 1583 4516 sacrificat,
1605 4443 1838 4528 unquentis

395 4552 462 4592 cum
478 4527 591 4608 alioqui
609 4529 683 4588 satis
699 4536 780 4588 osset
795 4528 911 4589 dicere:
925 4549 985 4606 per
1001 4529 1091 4590 obla·
1145 4531 1323 4591 ministrans.
1355 4531 1420 4590 Nec
1439 4531 1551 4602 refert,
1574 4533 1643 4595 siva
1667 4529 1839 4613 particula

395 4619 513 4679 tionem
539 4619 621 4680 ,ἶσαι
644 4615 776 4687 Christi,
803 4616 877 4694 quia
899 4618 928 4676 iu
951 4617 1093 4677 verbise
1144 4616 1285 4695 quotidie
1300 4616 1412 4677 referas
1428 4618 1468 4679 ad
1483 4626 1633 4694 dunum,
1649 4621 1721 4682 sive
1736 4617 1839 4682 adsui·

395 4705 518 4766 Psalmo
534 4702 632 4763 citatis
654 4701 712 4761 hoc
727 4722 834 4762 nomen
850 4722 1023 4782 expressum
1039 4711 1091 4777 est,
1144 4706 1344 4779 nistruhtem,
1362 4722 1429 4764 cum
1445 4705 1504 4765 sint
1520 4726 1556 4767 aa
1572 4707 1759 4785 conjunctu
1778 4714 1838 4768 ist

395 4790 448 4851 ubi
463 4792 522 4851 ait:
546 4790 669 4865 Corpus
683 4795 790 4849 ccccm
806 4793 926 4867 optasti
939 4792 1026 4850 mihi.
1042 4787 1092 4849 Ad
1145 4791 1201 4851 etsi
1215 4791 1316 4851 malim
1335 4788 1642 4870 administrantem,
1666 4795 1748 4856 sicut
1761 4787 1837 4876 palii

395 4877 471 4938 haec
508 4877 588 4939 enim
618 4874 713 4936 verba
742 4875 808 4936 sine
837 4875 929 4936 dubio
958 4875 1091 4956 respicit
1144 4877 1213 4939 cula
1228 4896 1319 4954 saepe
1342 4876 1471 4938 reierttu
1484 4879 1524 4939 ad
1548 4880 1740 4960 offerentem
1761 4882 1838 4950 inse

395 4963 487 5025 Unde
508 4971 666 5045 praeterea
688 4961 849 5043 colligitur,
871 4961 950 5023 hauc
969 4963 1091 5043 Episto·
1145 4961 1228 5045 qnod
1247 4963 1390 5043 sequitur.

395 5050 454 5112 lam
471 5048 588 5113 Graece
602 5050 745 5132 scriptam
759 5068 835 5127 esse,
854 5068 914 5111 non
928 5048 1091 5112 Hebraico.
1187 5051 1232 5114 Et
1245 5050 1368 5112 cadero
1382 5068 1476 5131 saepe
1490 5052 1630 5135 offerens
1645 5055 1776 5120 hostias.
1792 5049 1836 5118 th
