4442 5825
794 610 958 667 merome
974 612 1015 667 so
1032 612 1197 669 marma
1231 611 1316 667 eam.
1334 615 1359 666 r.
1377 615 1402 667 r.
1740 616 1812 686 m

394 789 584 856 inhnluubnr
602 790 724 863 nostris,
747 809 839 869 aspra
858 810 922 871 cap.
939 793 967 850 2.
984 800 1015 851 ot
1028 792 1057 850 4.
1115 809 1166 851 sue
1188 790 1369 862 hamaticoe,
1396 791 1450 869 qni
1478 789 1598 868 nuptias
1621 787 1812 850 damnabm.

392 876 1059 959 btmntiaeVallarestringitadcorpueipso·
1115 877 1158 937 Hi
1184 897 1288 938 omnes
1310 875 1493 938 subaudiunt
1516 874 1658 936 verbnm:
1685 882 1735 936 eat.
1767 876 1815 936 Aa

391 984 437 1027 nu
456 963 671 1038 laborantium,
697 964 754 1025 hoc
775 963 881 1025 modo:
912 965 1059 1025 hiemares
1115 964 1252 1045 plerique
1272 965 1452 1044 interpretes
1475 961 1504 1022 id
1522 963 1697 1042 exprimunt
1711 963 1743 1023 in
1757 980 1814 1023 aua

392 1052 440 1113 tt·
457 1051 638 1123 afflictorum,
662 1070 697 1110 ac
713 1052 739 1111 ei
754 1052 858 1111 eseetia
880 1053 912 1111 in
926 1054 1059 1132 ipsorum
1115 1052 1326 1123 translatione,
1349 1059 1384 1110 ut
1405 1052 1560 1124 Erasmus,
1586 1050 1759 1111 Hentoniue
1783 1058 1814 1110 et

391 1137 553 1217 emporibus,
579 1137 685 1198 eaderu
709 1138 873 1216 patientes,
902 1159 981 1217 quae
1006 1139 1059 1199 illi.
1117 1140 1177 1213 alii,
1193 1140 1237 1199 sic
1249 1147 1414 1199 vertentes:
1431 1137 1629 1199 Honorablle
1641 1140 1731 1199 estin
1743 1154 1812 1197 om·

390 1224 433 1287 tet
444 1226 496 1285 hoc
519 1234 608 1301 pacto
630 1223 840 1286 redundabunt
862 1224 940 1286 duae
956 1225 1060 1285 dictio·
1116 1226 1219 1300 nitra,
1236 1225 1288 1284 vel
1302 1228 1387 1286 inter
1403 1244 1520 1299 ornata,
1537 1228 1731 1302 conjectum.
1755 1222 1814 1285 Ve-

391 1330 441 1375 aet:
464 1318 493 1371 ct
514 1314 596 1387 ἱροῖς
619 1332 655 1372 ac
675 1309 837 1371 dicendum
853 1323 949 1373 esset:
978 1320 1061 1373 tum-
1116 1334 1181 1374 rum
1196 1312 1242 1373 his
1258 1312 1354 1373 modis
1366 1312 1520 1373 intellecta
1536 1315 1692 1385 tentantia,
1707 1328 1813 1390 parum

391 1416 466 1477 flora
486 1400 523 1458 ia
545 1416 679 1474 corpore
704 1417 812 1459 comm
834 1403 943 1460 essetis.
979 1399 1061 1459 Non·
1118 1410 1288 1481 opportune
1315 1409 1358 1459 est
1379 1398 1447 1460 haic
1470 1399 1552 1473 loco,
1580 1398 1631 1458 ubi
1655 1407 1814 1481 praecepte

390 1485 445 1547 ualli
464 1504 572 1566 corpus
587 1485 746 1546 Ecclesiae
763 1485 943 1566 intelligunt,
967 1496 1001 1545 ut
1024 1487 1064 1547 eit
1118 1488 1200 1548 vitae
1209 1485 1374 1560 traduntur,
1386 1508 1447 1548 non
1456 1486 1594 1565 dogmata
1605 1485 1682 1547 fidoi.
1699 1485 1813 1565 Quam·

390 1592 487 1635 nuans:
503 1570 582 1633 (lum
599 1574 666 1632 sitis
681 1570 813 1650 ejusdem
826 1575 956 1651 corporis
972 1592 1062 1632 mcm-
1119 1575 1219 1635 obrem
1240 1593 1297 1633 nec
1320 1574 1373 1633 ilia
1390 1571 1578 1655 quorundam
1597 1572 1701 1654 placet
1723 1590 1816 1651 expo·

390 1658 641 1731 bracommunitor
655 1659 1064 1720 affioivoedecetalicealio-
1120 1663 1197 1723 sitio.
1220 1662 1262 1721 In
1285 1662 1444 1735 omnibus,
1467 1659 1498 1720 id
1521 1668 1580 1735 est,
1606 1660 1687 1740 apud
1713 1678 1816 1720 omues

390 1766 439 1805 run
451 1746 544 1805 malie.
568 1746 682 1807 Verum
705 1754 735 1805 ct
754 1746 833 1806 hunc
854 1767 975 1807 sensum
992 1748 1063 1808 alie
1119 1749 1271 1824 hominee3
1298 1768 1333 1808 ac
1360 1749 1385 1808 si
1408 1747 1500 1821 dicat,
1526 1766 1583 1807 non
1611 1747 1723 1809 debore
1746 1766 1814 1805 con·

392 1852 446 1893 uum
465 1852 532 1894 ease
551 1835 706 1913 praesenti
722 1833 797 1908 loco,
820 1855 877 1894 nec
899 1854 1064 1913 congruere
1115 1836 1234 1915 jngium
1254 1855 1273 1895 a
1295 1854 1447 1915 quoquam
1470 1835 1583 1913 sperui,
1609 1835 1728 1896 etiamsi
1752 1835 1817 1913 ipse

392 1920 585 1981 flmmembro
602 1918 798 2000 praecedenti,
814 1921 906 1981 facile
916 1920 1065 1982 studiosus
1121 1923 1158 1983 ab
1181 1941 1217 1982 eo
1241 1941 1274 1982 se
1295 1923 1455 1983 contineat.
1486 1922 1555 1981 Huc
1578 1921 1709 1995 accedit,
1733 1917 1816 2000 quod

392 2006 598 2083 animadvertit3
636 2009 812 2085 praesertim
842 2011 894 2088 qui
924 2007 1067 2081 didicerit,
1121 2009 1222 2069 nullus
1250 2008 1356 2070 borum
1386 2027 1527 2069 sensuum
1559 2010 1633 2069 satie
1662 2006 1817 2068 commode

393 2092 449 2171 quid
469 2095 510 2155 sit
531 2094 678 2175 Apostolc
701 2113 767 2155 esee
789 2096 820 2155 in
842 2114 974 2175 corpore,
997 2100 1066 2156 uti
1122 2095 1260 2174 adaptari
1276 2099 1371 2176 possit
1386 2095 1474 2157 alteri
1490 2096 1640 2156 membro:
1663 2096 1816 2156 ettbonor

392 2176 445 2241 tr.
458 2181 502 2241 h:
520 2183 671 2257 scientes,
687 2182 793 2263 inquit,
808 2186 972 2259 quoniam,
989 2183 1065 2244 dum
1121 2183 1353 2245 immaculutae.
1385 2182 1535 2261 Quaeres
1552 2182 1665 2244 abillis
1681 2182 1744 2242 iere
1758 2181 1818 2244 die·

392 2284 480 2329 aoaua
506 2269 544 2329 in
580 2286 732 2346 corpore,
768 2273 1017 2347 perecrincmur
1046 2290 1066 2330 c
1120 2271 1283 2333 simulatur.

392 2354 523 2418 ttantao.
1164 2359 1273 2436 ltaque
1296 2358 1514 2427 existimamus,
1537 2358 1682 2435 optimum
1704 2364 1734 2417 et
1754 2376 1815 2416 ma·

423 2442 448 2502 4.
468 2443 667 2504 Honorabila
688 2444 882 2504 connubium
905 2446 942 2504 in
962 2447 1068 2504 onmi·
1122 2447 1202 2505 xime
1218 2443 1388 2522 expeditum
1411 2443 1502 2523 hujus
1525 2443 1584 2504 loci
1607 2462 1725 2505 sensum
1741 2462 1816 2517 esse,

391 2526 442 2603 bat,
457 2536 486 2589 ct
499 2530 611 2591 thorae
623 2531 856 2591 immaculotaa
883 2532 1018 2606 Tborue,
1036 2530 1065 2590 id
1122 2533 1148 2592 si
1165 2533 1358 2610 praeceptive
1371 2536 1546 2611 exponetur,
1563 2537 1592 2589 et
1604 2531 1764 2611 particula:
1780 2532 1816 2590 in

391 2624 427 2677 tat
446 2616 557 2688 cubile,
583 2616 701 2680 Graece
726 2611 823 2695 κοίτη.
868 2616 959 2678 Unde
985 2621 1069 2679 thori
1123 2616 1817 2698 omnibus,adpersonsereseratur,hocmodo2

390 2718 499 2764 mon
514 2708 853 2785 etaoeicproooajuye
869 2704 949 2783 apud
966 2716 1066 2765 aucto·
1123 2707 1314 2781 Oonjupium
1331 2709 1371 2766 ait
1393 2709 1429 2767 in
1454 2705 1817 2767 anniturvoouaono·

390 2790 569 2851 nhatinos.
599 2791 638 2852 In
660 2792 749 2871 hujus
772 2793 866 2871 partis
881 2793 1067 2871 expositione
1121 2794 1234 2868 rabilc,
1251 2800 1281 2852 et
1295 2794 1404 2854 thorus
1418 2793 1650 2854 immaculatus.
1672 2791 1740 2852 Hoc
1757 2799 1818 2853 est:

390 2878 493 2938 artant
515 2878 701 2958 interpretes.
731 2877 862 2958 Quidam
886 2881 1068 2940 enuntiative
1122 2881 1300 2960 Praecipio,
1327 2889 1360 2941 ut
1388 2898 1507 2953 ornnes,
1538 2882 1591 2960 qui
1618 2882 1650 2941 in
1676 2880 1817 2960 conjugio

391 2972 537 3045 exponunt,
561 2965 613 3026 alii
632 2967 834 3047 praeceptive.
858 2966 977 3027 Priores
994 2987 1067 3046 quo·
1122 2971 1202 3040 ostie,
1224 2971 1352 3029 servetis
1371 2968 1515 3029 honorem
1536 2969 1676 3048 conjugii,
1700 2977 1730 3029 et
1751 2966 1814 3027 tho·

390 3067 438 3130 que
455 3072 515 3114 non
536 3053 624 3113 unius
645 3064 718 3114 eunt
736 3055 912 3115 sententiae.
942 3054 1069 3115 Sectarii
1123 3075 1187 3116 rum
1210 3058 1276 3117 sine
1299 3055 1425 3116 macula.
1457 3053 1492 3114 ld
1517 3063 1616 3116 autem
1642 3063 1818 3136 praestetur,

390 3137 492 3218 quidem
507 3139 698 3214 contendunt,
720 3160 839 3205 sensum
855 3159 931 3212 esse,
953 3141 1068 3202 nullam
1124 3142 1243 3224 qnando
1269 3162 1328 3203 neo
1352 3142 1484 3202 violatur
1509 3143 1642 3221 conjugii
1668 3142 1743 3203 fides
1765 3162 1819 3224 per

391 3241 547 3304 uegenua
558 3225 718 3302 hominum,
734 3226 849 3289 nullum
862 3227 1001 3302 ordinem,
1017 3229 1069 3309 qui
1123 3229 1279 3303 adulteria,
1295 3249 1352 3291 nec
1362 3228 1400 3289 ab
1409 3230 1483 3309 ipsis
1499 3230 1575 3289 inter
1592 3248 1625 3290 se
1641 3230 1818 3309 conjugibus

390 3315 557 3393 toonjugio
580 3315 782 3394 prohibeatur.
809 3315 859 3374 Ex
886 3335 945 3394 quo
966 3334 1068 3377 conse·
1123 3316 1288 3397 quidquam
1306 3315 1479 3389 admittitur,
1501 3337 1560 3396 qno
1580 3316 1657 3376 thori
1674 3316 1816 3396 conjuga·

391 3409 500 3478 mter
514 3399 655 3477 inierunt,
678 3402 814 3463 omnibus
830 3400 905 3463 illud
921 3421 988 3462 esee
1002 3404 1066 3463 lici·
1123 3404 1161 3464 lis
1183 3406 1300 3485 puritas
1323 3403 1563 3463 commaculetur.
1586 3403 1678 3463 Hunc
1697 3421 1817 3464 sensnm

390 3491 440 3546 tam
453 3496 482 3548 et
495 3486 680 3561 honorabile,
696 3492 752 3550 etei
767 3491 836 3571 qnia
853 3498 904 3549 aut
919 3491 1068 3551 continen-
1122 3490 1257 3552 indicant
1268 3488 1500 3571 chrysostomus
1517 3497 1546 3550 et
1557 3489 1817 3572 Theopbylactus,

391 3573 448 3634 &m
471 3574 539 3635 Deo
567 3578 700 3650 voverit,
732 3585 785 3636 aut
813 3576 874 3656 legi
905 3575 1085 3656 coelibatus,
1123 3599 1188 3640 cam
1205 3581 1317 3651 dicunt,
1340 3580 1371 3639 in
1386 3576 1433 3637 hie
1453 3576 1554 3638 verbis
1576 3597 1641 3638 ease
1663 3579 1817 3657 repetitio·

391 3669 481 3740 ponte
495 3681 551 3722 aua
565 3681 633 3724 aete
656 3664 834 3724 submiserit.
858 3662 919 3724 Sed
935 3684 986 3725 eos
1001 3667 1066 3724 mit·
1122 3685 1189 3727 nem
1217 3667 1298 3744 ejus,
1330 3663 1411 3744 quod
1438 3684 1529 3744 supra
1556 3672 1755 3745 praeceperat
1779 3664 1818 3726 de

391 3751 471 3808 unas
493 3769 560 3809 cum
586 3750 645 3810 boc
670 3749 810 3812 damnato
834 3770 938 3823 sensu,
965 3760 1067 3812 contra
1123 3754 1319 3813 sanctimonia
1341 3750 1485 3813 sectanda
1500 3760 1527 3811 et
1543 3751 1666 3812 vitanda
1688 3751 1815 3813 fornica·

392 3835 622 3915 quampluribus
643 3837 808 3917 disputare,
830 3858 891 3898 non
911 3847 957 3898 est
978 3839 1068 3917 bajus
1124 3840 1213 3900 tione.
1238 3839 1296 3901 Est
1319 3848 1417 3899 autem
1433 3838 1576 3918 frequens
1597 3840 1629 3900 in
1644 3841 1736 3900 sarria
1750 3838 1816 3900 lite·

393 3919 512 3984 ‘nrtituti-
541 3923 590 3984 Ex
617 3925 794 3985 orthodoxis
814 3923 951 3985 nonnulli
980 3927 1067 3985 intor-
1123 3929 1172 3997 rie,
1196 3927 1248 3987 ubi
1262 3926 1387 3988 verbum
1404 3927 1485 3987 modi
1507 3927 1693 4007 praeceptivi
1709 3926 1819 3988 debeat

392 4018 536 4084 uenum,
550 4012 737 4072 bonor-abile
752 4031 818 4072 esse
833 4014 1018 4088 conjectum
1033 4015 1068 4072 in
1124 4011 1294 4089 subaudiri,
1322 4021 1355 4072 ut
1380 4014 1465 4073 Rom.
1490 4015 1556 4073 12:
1590 4014 1727 4075 Dilectae
1751 4017 1819 4075 rinc

393 4097 528 4172 maibua,
550 4097 655 4170 idest,
679 4100 798 4159 omnino
821 4107 912 4178 atquo
928 4099 1069 4179 perfecte,
1123 4102 1335 4174 emulatione,
1353 4109 1383 4160 et
1398 4098 1438 4160 ad
1453 4101 1515 4161 Tit
1532 4102 1579 4160 2:
1613 4101 1750 4162 Verbum
1765 4119 1818 4161 ao·

392 4185 550 4245 ttomnibne
558 4183 1068 4265 modia,alloquiturOecumonius.
1123 4205 1200 4249 num
1217 4187 1510 4264 imprecandum
1535 4189 1605 4248 item
1621 4188 1651 4249 in
1668 4207 1712 4260 eo,
1736 4187 1818 4270 quod

391 4263 477 4330 idalii
497 4271 667 4352 explicant:
693 4269 783 4334 Omni
807 4293 846 4333 ex
868 4283 963 4354 parte,
986 4281 1016 4334 ot
1038 4273 1069 4332 in
1122 4274 1170 4334 bic
1185 4294 1254 4335 mox
1268 4275 1414 4355 sequitur:
1440 4275 1512 4336 sina
1535 4294 1636 4335 morea
1654 4279 1722 4337 aiae
1737 4295 1818 4336 ova·

391 4357 518 4430 mutes,
540 4378 621 4437 quae
642 4367 714 4419 aunt
732 4361 828 4441 ipsius
848 4359 979 4440 conjugii
1001 4379 1067 4440 pro·
1123 4363 1208 4421 ritic.
1224 4363 1302 4423 Nam
1317 4381 1371 4421 nec
1386 4361 1428 4420 ibi
1446 4361 1567 4421 verbum
1583 4363 1615 4422 in
1630 4362 1744 4423 Gracco
1766 4382 1816 4425 ex-

388 4441 889 4528 pianiveaacramentnmspectee,
901 4446 1068 4518 eivefidem,
1123 4467 1259 4528 pressum
1275 4456 1330 4509 eet.
1354 4447 1442 4509 Unde
1466 4455 1498 4507 et
1511 4448 1657 4509 Erasmus
1681 4451 1711 4509 in
1730 4468 1816 4529 para·

387 4527 440 4592 ἀπ
451 4530 582 4613 prolem3
598 4539 669 4594 aunt
682 4535 762 4596 enim
774 4535 849 4596 haec
863 4535 921 4596 tria
936 4534 1067 4615 conjugii
1123 4535 1231 4615 phrasi,
1250 4536 1342 4597 tacite
1356 4543 1525 4596 retractans
1541 4554 1626 4595 suam
1641 4536 1818 4607 versionem,

386 4611 460 4678 bona
1122 4623 1163 4682 ita
1189 4623 1363 4702 loquentem
1387 4621 1566 4703 Apostolum
1590 4621 1677 4683 iacit:
1703 4619 1816 4702 Gonju·

417 4701 716 4788 menaporum:
737 4707 924 4770 Honorabilo
938 4715 985 4769 oet
1001 4726 1068 4768 con·
1122 4711 1204 4788 gium
1219 4712 1258 4771 eit
1272 4709 1354 4791 apud
1368 4728 1422 4772 voe
1438 4708 1627 4786 honorabile;
1654 4725 1752 4790 neque
1768 4729 1816 4769 cu·

375 4789 484 4874 jeglam
508 4793 541 4854 in
566 4793 704 4856 omnibus
730 4794 865 4875 legitime
890 4795 1067 4873 conjunctis,
1122 4795 1183 4859 bile
1199 4797 1260 4857 ullo
1275 4798 1372 4876 atupri
1386 4813 1500 4875 genere
1515 4796 1740 4857 contaminetur.
1757 4797 1816 4856 De-

378 4875 478 4952 ideatz
498 4877 598 4942 Omne
611 4899 718 4943 verum
733 4903 770 4944 ac
784 4882 950 4960 legitimum
966 4882 1067 4960 conju·
1122 4885 1216 4965 nique
1246 4901 1365 4946 sensum
1394 4882 1473 4944 hunc
1502 4882 1660 4944 manifeste
1684 4883 1817 4946 ostendit

373 4967 451 5046 giam
461 4965 575 5029 honoro
586 4965 711 5047 dignum
723 4977 777 5044 eet,
793 4970 974 5050 minimeque
987 4969 1067 5030 dam·
1123 4971 1312 5033 comminatio
1327 4970 1495 5048 subjuncta

371 5049 518 5135 monn,
531 5061 689 5138 umquam
705 5055 763 5122 boe
776 5055 891 5122 dictum
905 5058 947 5119 sit
961 5054 1067 5120 adver
1164 5059 1390 5123 Fomiootoroa
1405 5058 1490 5121 eata
1506 5062 1535 5118 ct
1549 5055 1712 5120 adetum
1721 5058 1815 5136 juda·-
