4442 5825
709 591 872 649 ueterem
889 592 928 646 ab
946 591 1110 647 Hennaeus.
1142 592 1225 646 vtae.
1243 592 1285 646 25.
1304 593 1345 646 20.
1678 596 1750 666 353

371 790 380 831 t
405 770 475 833 noa
488 770 571 832 enim
585 778 666 845 erat,
688 769 852 830 Dominum
867 770 952 851 loqui
968 769 1006 830 de
1104 770 1200 830 Porro
1223 767 1346 829 vocula:
1373 771 1481 844 oup‘ue,
1507 766 1547 828 ad
1569 787 1659 850 quem
1681 766 1756 830 refe·

371 856 403 919 lo.
422 858 569 939 Denique
580 856 618 918 de
631 857 716 918 eoelo
727 857 862 938 loquitur
878 857 917 930 id,
926 857 1004 939 qnod
1061 857 1156 919 reuda
1171 859 1222 929 eit,
1247 855 1327 915 haud
1343 856 1434 936 plane
1448 853 1555 936 liquet
1592 855 1681 928 Sunt,
1705 857 1758 937 qui

371 942 492 1026 lepoet
515 945 626 1005 eitatur
648 963 686 1005 ex
708 943 873 1025 Propheta.
911 944 943 1006 st
960 945 1007 1005 eui
1061 944 1100 1006 ad
1118 942 1365 1005 Doumrelerant.
1388 942 1466 1002 Nam
1478 942 1562 1001 Daue
1578 941 1757 1021 loquebatur

371 1031 521 1113 p'nplaeet
535 1031 676 1113 enpplere
695 1031 836 1092 verbum:
863 1039 924 1107 eet,
940 1050 1006 1092 een·
1062 1030 1183 1114 populo.
1221 1029 1311 1090 Unde
1327 1030 1478 1109 perterriti
1498 1027 1656 1090 dicebant:
1684 1031 1758 1092 Note

371 1117 464 1180 ibunt
478 1117 607 1179 babeat:
622 1116 719 1178 Multo
732 1119 832 1178 minna
848 1119 1008 1199 impunitae
1062 1121 1214 1198 loquutur
1230 1117 1319 1177 nobie
1331 1118 1498 1178 Dominae.
1520 1115 1583 1176 Alii
1599 1117 1757 1196 peculiari-

371 1230 387 1279 ι,
411 1206 466 1286 qni
481 1213 663 1266 avereautur
686 1224 768 1276 eum,
795 1205 847 1286 qui
868 1204 907 1265 de
922 1204 1007 1265 eoelo
1061 1217 1106 1267 ter
1136 1204 1176 1267 ad
1206 1202 1357 1264 Christum
1387 1203 1557 1283 applicant3
1592 1211 1656 1263 tum
1685 1205 1759 1283 quia

371 1292 515 1372 origine
540 1292 657 1353 eeilieat
683 1292 802 1364 divine,
830 1300 861 1352 et
890 1293 942 1371 qui
971 1290 1008 1351 de
1062 1292 1200 1353 (lhrietue
1219 1288 1447 1369 intelligebatur
1470 1292 1500 1351 in
1523 1298 1610 1370 parte
1624 1291 1758 1371 proxime

371 1380 508 1452 ¹evenit,
531 1388 566 1439 ut
580 1378 704 1440 deceret
717 1397 773 1438 noe
788 1378 879 1439 verbe
894 1378 1008 1439 salutis.
1061 1377 1269 1460 praecedenti,
1299 1396 1398 1456 neque
1428 1384 1586 1438 contextus
1616 1379 1759 1437 surmonie

371 1462 523 1528 odoretur
552 1467 683 1527 iueinuet
719 1466 762 1525 ita
793 1464 1008 1545 supplendum:
1062 1465 1222 1527 admittere
1236 1463 1371 1537 videtur,
1388 1474 1421 1523 ut
1436 1463 1474 1524 ad
1489 1463 1580 1524 alium
1595 1462 1758 1538 releratur3

384 1550 425 1614 de
440 1551 529 1613 eoelo
541 1561 685 1613 venturus
697 1560 744 1614 eet
753 1552 850 1630 judex
865 1560 896 1612 et
906 1572 1008 1632 peeca-
1063 1563 1124 1613 tum
1145 1555 1234 1633 quia,
1257 1549 1338 1632 quod
1367 1554 1507 1613 continuo
1530 1569 1667 1610 sermono
1690 1550 1758 1611 enb-

371 1658 405 1700 mr
419 1638 547 1701 vindex.
582 1638 671 1717 Quod
693 1641 766 1700 eetie
786 1641 927 1699 eonvenit
942 1658 1008 1698 eum
1058 1642 1214 1720 jungitur:
1241 1641 1335 1700 h’one
1357 1647 1463 1699 autem
1485 1640 1680 1714 repromittit
1694 1648 1760 1710 ete,

371 1725 516 1788 rentibus.
1062 1727 1102 1788 ad
1125 1725 1254 1787 eundem
1276 1726 1413 1805 pertinet.
1450 1725 1498 1786 Ita
1520 1724 1631 1786 Graeci
1653 1735 1685 1785 et
1707 1723 1760 1784 ulii

371 1815 404 1875 8.
426 1814 531 1889 0qu
558 1830 623 1875 voe
650 1814 748 1874 movit
774 1819 893 1873 terrem
923 1820 1008 1873 tune.
1062 1814 1207 1894 plerique,
1222 1810 1759 1893 eeeuudumquoseeueueeet,Cbri·

371 1902 447 1961 tinet
461 1900 539 1962 haee
554 1920 624 1980 pare
640 1920 705 1960 enm
723 1900 768 1974 iia,
785 1919 865 1980 quae
878 1917 1004 1980 eequun·
1062 1910 1141 1963 ntum
1161 1921 1235 1961 voce
1257 1919 1327 1971 sua,
1355 1920 1444 1980 quam
1467 1898 1569 1979 angeli
1592 1900 1758 1961 miniaterio

378 1984 422 2049 ed
437 1985 671 2048 deelarationem
685 1987 761 2065 ejue,
778 1985 859 2067 quod
874 1987 1010 2067 proxime
1062 1986 1228 2061 excitabat,
1244 1997 1324 2059 tune,
1340 1986 1460 2068 quaudo
1477 1986 1547 2047 data
1563 1995 1609 2047 eet
1623 1986 1684 2059 lex,
1701 1995 1758 2047 ter·

371 2074 490 2148 mit,
522 2093 629 2155 nempe
660 2093 719 2135 non
754 2092 898 2134 evaauroe
924 2074 1009 2153 jueta
1061 2096 1125 2137 ram
1141 2076 1339 2135 eeneueeieee.

371 2160 477 2234 alitia,
492 2163 547 2243 qui
561 2160 713 2223 Christum
728 2160 767 2222 de
784 2162 868 2223 uoelo
884 2161 1007 2241 loquen·
1106 2160 1168 2222 (lur
1191 2170 1291 2222 autem
1314 2160 1387 2220 illud
1403 2157 1523 2220 Obrieto
1545 2161 1675 2233 tribuet,
1705 2160 1758 2239 qui

393 2246 513 2309 fuerint
541 2250 680 2309 aversati.
724 2248 844 2325 Movit,
876 2247 1008 2309 Graece:
1063 2248 1194 2310 nondum
1211 2250 1381 2308 incarnatus
1396 2256 1474 2318 erat,
1490 2247 1566 2306 haee
1582 2249 1657 2307 ratio
1673 2244 1758 2308 reddi

371 2332 475 2410 huet,
491 2334 522 2396 id
538 2343 586 2395 eet
600 2339 764 2397 eoaereerit.
788 2336 940 2416 Loquitur
956 2354 1008 2395 au·
1063 2346 1179 2416 poteet,
1206 2333 1287 2415 quod
1310 2334 1435 2413 angelus
1459 2332 1509 2393 ille
1525 2333 1638 2394 Chrieti
1660 2351 1758 2413 pereo·

380 2422 427 2483 de
440 2444 480 2483 eo
502 2431 586 2483 motu
609 2442 662 2483 eeu
686 2424 883 2484 coueueeione
904 2430 1009 2493 terrae,
1062 2443 1132 2483 nam
1142 2429 1388 2504 repreeeentaret,
1396 2416 1536 2499 adeoque
1544 2420 1609 2500 ejne
1618 2421 1760 2500 quodem·

371 2510 485 2571 el'aeta
500 2518 560 2584 eet,
586 2508 707 2590 quando
721 2508 771 2570 lex
787 2508 934 2584 dabatur3
950 2528 1009 2568 non
1062 2509 1152 2570 modo
1178 2509 1295 2569 vultum
1320 2516 1453 2588 gereret,
1481 2526 1566 2586 quem
1597 2516 1702 2587 postea
1727 2506 1757 2567 iu

371 2596 390 2659 d
425 2596 549 2677 proprie
578 2604 657 2657 terra
686 2604 757 2656 tune
784 2598 1010 2657 eeueueeionem
1063 2605 1217 2677 aeeumpta
1246 2614 1336 2655 earne
1366 2605 1431 2655 erat
1460 2593 1628 2655 habiturae.
1673 2595 1761 2675 Quae

371 2704 397 2747 ιι
426 2680 535 2755 luerit,
564 2683 697 2764 qualem·
715 2684 830 2763 patitur
855 2685 886 2743 in
912 2691 1009 2742 werae
1062 2692 1199 2744 ueterum
1216 2690 1263 2743 eet
1280 2683 1396 2762 opinio,
1423 2702 1483 2742 non
1505 2680 1614 2742 leviter
1636 2683 1668 2741 iu
1683 2680 1761 2742 Seri·

371 2770 457 2841 ibere.
489 2787 566 2850 quoe
595 2788 751 2846 uocemue,
785 2789 853 2829 nam
882 2768 1010 2830 bietoria
1063 2773 1159 2851 pturie
1188 2768 1324 2831 fundata.
1362 2769 1411 2829 De
1436 2789 1497 2851 qua
1524 2770 1673 2849 eopioeiue
1702 2767 1760 2848 egi,

371 2856 425 2932 di,
448 2858 581 2938 repetita
595 2857 627 2919 in
641 2857 893 2930 Deuteronomio,
916 2875 1008 2937 quum
1063 2877 1153 2942 quum
1175 2875 1359 2939 exponerem
1385 2855 1438 2918 illa
1463 2855 1601 2937 Apostoli
1628 2854 1719 2917 verba
1741 2857 1758 2916 1

371 2953 454 3007 erate
479 2945 599 3024 ringula
624 2943 731 3017 tradit,
757 2963 837 3026 quae
867 2952 1010 3005 terrorem
1063 2946 1129 3006 Cor.
1148 2946 1214 3005 10.:
1238 2947 1346 3022 Neque
1362 2952 1517 3006 tentemur
1532 2945 1702 3018 Obrietum,
1717 2944 1760 3004 ei·

371 3031 425 3096 nlo
439 3030 541 3111 legem
552 3032 714 3113 recipienti
728 3030 887 3104 iaciebant,
914 3038 1008 3090 terrae
1062 3040 1116 3094 out
1130 3031 1262 3111 quidem
1278 3048 1388 3094 eorum
1404 3038 1611 3093 tentaverunt
1617 3053 1629 3107 ,·
1652 3037 1684 3090 et
1698 3049 1760 3091 rur·

371 3137 405 3182 w
420 3127 525 3180 tamen
540 3138 599 3179 uon
610 3117 761 3194 meminit;
776 3116 829 3178 eed
844 3119 915 3199 quia
928 3116 1006 3178 Seri·
1062 3138 1115 3180 ene
1130 3119 1199 3179 illa:
1217 3119 1261 3179 Et
1272 3119 1442 3195 perierunt
1454 3117 1494 3178 ob
1505 3120 1759 3179 exterminatore.

371 3225 418 3268 ae
445 3206 632 3267 eoneuetudo
663 3214 723 3280 eet,
754 3213 788 3264 ut
811 3205 925 3266 moveri
953 3222 1008 3263 eeu
1061 3205 1123 3266 Hie
1151 3206 1381 3266 commentarius
1408 3204 1568 3265 admodum
1595 3202 1761 3285 probabilia

371 3294 492 3356 moveri
507 3291 646 3365 dicatae,
664 3293 695 3353 in
710 3292 821 3373 quihue
837 3311 886 3352 ree
901 3309 1009 3364 neree,
1063 3301 1119 3353 eet.
1151 3291 1220 3372 Quo
1237 3292 1325 3352 etiam
1341 3292 1522 3365 insinuatur,
1546 3290 1672 3352 eundem
1687 3309 1760 3363 oeae,

371 3388 490 3458 praeut
512 3377 720 3453 admirabilee,
741 3397 794 3439 eeu
816 3377 930 3450 laetae,
956 3395 1009 3437 eeu
1062 3380 1114 3461 qui
1129 3377 1280 3459 quendam
1296 3388 1512 3458 superterram
1528 3377 1716 3458 loquebatur,
1731 3385 1762 3438 et

371 3485 427 3541 aa,
447 3464 605 3544 accidunt3
628 3485 665 3526 eo
687 3463 770 3546 quod
789 3465 894 3526 talium
910 3483 1009 3524 rerum
1062 3468 1114 3547 qui
1143 3485 1224 3528 nune
1252 3463 1386 3545 loquitur
1415 3465 1453 3527 de
1484 3464 1584 3525 eoelie.
1625 3464 1762 3545 Angelue

371 3563 426 3616 tua
442 3559 572 3614 eventum
587 3562 680 3634 atque
694 3560 834 3633 aepeetue
848 3552 1008 3613 vehemeu·
1062 3554 1151 3627 enim,
1166 3552 1217 3634 qni
1239 3550 1418 3631 loquebatur
1433 3571 1524 3633 euper
1540 3561 1660 3623 terram,
1675 3549 1759 3612 Obri-

371 3641 497 3704 animoa
520 3637 673 3700 hominum
696 3638 794 3699 eoleat
814 3655 1009 3700 commovere.
1063 3640 1102 3700 ati
1117 3642 1148 3701 in
1163 3657 1253 3700 earne
1275 3640 1394 3704 venturi
1410 3659 1567 3720 personum
1590 3648 1621 3699 et
1636 3638 1760 3713 vultum,

375 3727 515 3806 bssimue
535 3726 567 3786 in
589 3725 700 3787 Pealm.
718 3729 785 3788 67.;
808 3726 911 3801 Deo,
938 3743 1010 3784 eum
1062 3736 1095 3787 nt
1110 3725 1182 3799 diri,
1197 3724 1356 3787 referebat
1379 3726 1468 3787 Unde
1484 3734 1513 3784 et
1528 3725 1563 3785 B.
1578 3724 1759 3806 Stephanae,

371 3815 510 3877 maort·
519 3815 555 3873 in
567 3819 734 3891 oonepeclte
742 3814 859 3889 pepuli
871 3816 928 3885 teti,
939 3828 1009 3872 eum
1062 3814 1164 3874 Actor.
1179 3814 1205 3871 7.
1219 3811 1369 3873 disserens
1380 3811 1417 3872 de
1429 3813 1668 3893 apparitionibue
1679 3810 1756 3873 Moei

371 3903 526 3964 mutim
540 3902 577 3961 in
592 3899 723 3972 deeerto,
740 3907 829 3960 terro
844 3908 931 3960 motu
947 3905 989 3959 eet
997 3920 1009 3975 ,·
1062 3899 1149 3960 saetis
1167 3901 1197 3960 in
1213 3899 1285 3959 ruho
1302 3901 1377 3959 etin
1394 3908 1502 3971 monte,
1518 3918 1597 3959 nune
1608 3899 1759 3979 angelum,

371 3991 426 4052 dm
447 3987 529 4048 eecli
550 3987 790 4049 distillaverunt
811 4006 832 4045 u
848 3989 933 4064 faeie
948 3985 1011 4046 Dei
1062 4007 1141 4048 nuno
1157 3987 1316 4046 Dominum
1333 4006 1410 4058 eum,
1427 3988 1479 4065 qui
1492 3988 1639 4066 apparuit,
1655 3985 1759 4067 appel·

371 4079 413 4138 ni.
445 4073 518 4154 Quo
541 4093 630 4134 varan
649 4075 749 4134 eritue
771 4072 899 4133 liliorum
915 4071 1008 4132 iera'el
1062 4074 1115 4135 lat
1138 4074 1247 4133 Posset
1261 4081 1360 4133 autem
1380 4075 1469 4133 etiam
1484 4073 1558 4133 beet
1570 4093 1640 4154 pare
1652 4074 1763 4154 exponi

371 4163 527 4244 bagypto,
543 4169 574 4221 et
589 4164 733 4222 treneitue
747 4161 777 4220 in
793 4159 941 4220 desertum
958 4158 1009 4219 de·
1063 4160 1101 4221 de
1116 4159 1241 4238 angelo,
1266 4162 1353 4240 eujus
1377 4161 1543 4221 ministerio
1559 4180 1619 4222 vox
1635 4159 1688 4221 illa
1703 4170 1761 4222 ter·

371 4257 460 4323 latur,
474 4247 528 4310 ubi
542 4255 643 4308 tameu
657 4247 772 4307 nullum
785 4255 882 4307 terrae
897 4253 1010 4305 motum
1063 4267 1126 4308 ram
1150 4267 1340 4308 commovens
1361 4246 1419 4307 fuit
1441 4248 1588 4318 excitate,
1617 4250 1696 4308 eieut
1711 4267 1761 4308 ex-

371 4333 623 4415 dieeeproditum
637 4343 692 4394 eet.
716 4335 846 4394 Rursum
859 4333 1009 4394 iuPeelm.
1064 4335 1148 4414 ponit
1163 4333 1310 4411 Liranue3
1331 4343 1364 4394 ut
1387 4333 1480 4395 dictio
1502 4337 1593 4410 eujue
1615 4334 1764 4395 referetur

371 4445 375 4484 :
400 4421 582 4486 Laeteretur
596 4421 693 4495 eecli,
714 4427 744 4480 et
759 4421 889 4481 eeeultet
904 4426 1009 4496 terro,·
1063 4420 1101 4480 ad
1119 4423 1202 4499 peine
1221 4421 1385 4481 membrum
1409 4419 1522 4499 periodi
1544 4418 1762 4500 praecedentia,

371 4516 550 4570 moventur
574 4526 666 4567 more
692 4515 722 4568 et
740 4508 910 4583 plenitudo
936 4509 1009 4581 ejue.
1063 4507 1093 4567 id
1109 4516 1155 4567 eat
1170 4507 1214 4566 nd
1230 4528 1299 4568 eum
1308 4553 1318 4582 ,
1334 4511 1390 4584 qui
1405 4527 1501 4585 reaper
1516 4515 1635 4568 terrum
1653 4506 1762 4584 loque·

380 4594 548 4660 ”bunone
562 4594 718 4655 hominum
733 4595 837 4654 lutura
852 4593 1010 4655 exsultatio
1064 4594 1166 4654 betur.
1197 4593 1259 4655 Sed
1274 4593 1386 4667 fateor,
1410 4615 1446 4655 eo
1462 4606 1551 4674 paeto
1569 4597 1667 4655 minue
1684 4613 1760 4654 eom-

371 4681 494 4746 eribitur
508 4683 737 4743 aeommotlone
751 4699 848 4740 rerum
864 4681 1009 4741 inanima·
1063 4680 1181 4741 modam
1197 4680 1261 4741 fore
1277 4681 1366 4761 bujun
1382 4683 1475 4762 partie
1487 4699 1554 4741 eum
1569 4678 1762 4762 praecedenti

371 4789 419 4832 n.
448 4768 503 4830 ete
516 4787 589 4849 ergo
603 4788 664 4829 vox
680 4767 735 4828 illa
750 4767 926 4838 verborum,
944 4768 1009 4845 qui·
1064 4769 1291 4830 connexionem.

384 4855 441 4920 lex
463 4855 527 4916 leta
548 4853 619 4929 luit,
647 4855 733 4933 enjue
755 4873 846 4934 eupra
866 4855 1010 4927 meminit,
1107 4855 1201 4917 Nune
1209 4861 1315 4915 autem
1323 4855 1527 4932 repromittit,
1536 4854 1651 4914 dicent.
1668 4851 1761 4916 Gree-

371 4961 422 5006 arn
437 4942 627 5004 eeneuaeieee
641 4940 758 5012 dieitur,
778 4942 852 5020 quie
866 4940 1010 5021 populum
1064 4960 1131 5000 cum
1168 4943 1291 5002 verbum
1328 4942 1481 5023 praeteriti
1519 4942 1664 5022 temporie
1701 4952 1762 5003 eet:

371 5033 486 5094 tantan
500 5028 615 5112 ingenti
630 5035 743 5090 terrere
755 5029 912 5090 eonoueeit.
1063 5019 1261 5106 ἐπήγγελται.
1284 5028 1373 5090 Unde
1387 5028 1440 5088 alii
1452 5036 1589 5089 vertunt:
1604 5032 1761 5107 promitit,

371 5145 436 5188 llll.
453 5144 522 5188 ΜΙΙ
533 5147 609 5188 M·
621 5145 679 5186 ῗσι.
691 5143 728 5187 ΙΙΙ.
1510 5135 1553 5195 23
