4442 5825
394 584 470 665 sm
848 575 852 581 ’
911 572 1148 644 oosssrnirns
1165 571 1281 643 n'osr.
1299 590 1336 643 n.

393 774 429 829 ut
442 764 515 840 dixi,
537 764 758 827 multitudinem
782 766 993 847 magistrorum
1008 773 1090 826 creet
1143 764 1289 827 bominem
1306 767 1395 828 etium
1408 766 1769 854 justificetuminonniop

394 853 526 915 embitio.
1144 873 1279 932 pectere.
1304 854 1374 916 Non
1389 856 1467 915 enim
1482 855 1556 918 dicit
1572 854 1713 930 Jacobus,
1731 858 1769 921 ‘w

436 942 593 1016 Scicnter,
623 942 776 1019 quoniam
804 942 908 1015 majus
928 937 1089 1014 judicium
1143 940 1233 1001 nibus
1249 958 1304 1005 nos
1320 941 1479 1016 offendere,
1501 942 1556 1004 sed
1571 945 1609 1003 in
1624 944 1736 1005 multis

393 1030 523 1089 sumitis.
555 1026 688 1089 Grcece:
716 1017 898 1106 ληψόμεθα,
921 1044 1087 1101 sumemus,
1186 1027 1221 1089 st
1247 1030 1317 1104 quis
1342 1032 1378 1089 in
1405 1029 1500 1092 verbo
1526 1049 1596 1093 non
1624 1030 1760 1111 offendit,

394 1116 555 1192 accepturi
580 1132 695 1175 sumus.
731 1114 885 1174 Consonat
910 1112 1004 1173 editio
1031 1112 1087 1194 Sy·
1141 1114 1301 1192 perfectus
1327 1123 1371 1177 cst
1397 1120 1456 1176 oir.
1494 1118 1554 1179 Hie
1578 1118 1662 1198 jem,
1688 1136 1768 1180 cecus

393 1203 483 1263 riecc.
507 1200 604 1262 Juxta
627 1219 717 1281 quem
736 1200 897 1260 lectionem
920 1196 1023 1280 (quum
1038 1220 1087 1259 ve·
1141 1200 1348 1282 praecedentis
1371 1201 1601 1277 admonitionis,
1624 1224 1714 1285 egere
1735 1206 1769 1266 lut

393 1306 457 1350 rem
483 1284 625 1365 arbitror)
651 1287 811 1367 Apostolus
837 1306 905 1348 sese
931 1287 1089 1366 conjungit
1142 1286 1395 1349 decommodisct
1409 1290 1604 1352 incommodis
1618 1290 1769 1374 lingneet

392 1374 469 1449 illis,
485 1394 561 1457 quos
583 1373 733 1448 admonet,
757 1376 800 1434 ite
821 1373 968 1435 suadente
986 1372 1086 1434 mode·
1142 1376 1174 1435 in
1188 1374 1301 1449 multis,
1323 1377 1429 1457 inquit,
1453 1377 1642 1440 offendemus
1667 1396 1769 1452 omum

393 1464 461 1535 stis,
476 1482 537 1543 que
553 1462 649 1542 megin
660 1460 849 1542 persuadear.
866 1461 945 1521 sicut
956 1469 986 1520 et
1000 1459 1087 1535 inire,
1141 1480 1210 1521 men
1226 1463 1255 1522 in
1273 1462 1372 1524 verbis
1387 1462 1550 1526 facillimus
1566 1475 1615 1525 est
1629 1465 1743 1547 lupone,
1762 1484 1769 1526 t

393 1546 432 1610 de
447 1548 551 1628 lingue
564 1548 700 1629 loquens,
716 1567 782 1608 cum
797 1550 857 1607 uit:
873 1549 915 1609 In
930 1551 1002 1625 ipro
1017 1566 1087 1608 nro·
1141 1556 1183 1621 ut,
1206 1550 1259 1628 qni
1279 1549 1437 1611 verborum
1461 1551 1591 1613 offensus
1615 1554 1716 1614 viture
1734 1570 1769 1635 po

392 1634 557 1696 tedics'mus
578 1636 727 1695 tortines.
758 1635 888 1696 summ
914 1635 978 1695 sire
1004 1637 1088 1696 acci·
1142 1634 1294 1712 perfectus
1317 1638 1356 1697 sit
1379 1639 1628 1718 pronuntiandus.
1652 1640 1761 1711 Inunit,

390 1742 467 1801 perc
485 1723 653 1798 iudicium,
678 1742 730 1800 pro
753 1740 813 1802 quo
836 1719 949 1782 Paulus
972 1720 1041 1783 Gul.
1058 1722 1086 1781 δ.
1142 1723 1232 1782 cteris
1249 1722 1376 1784 officium
1389 1728 1537 1786 neminem
1552 1726 1709 1808 suscipere
1723 1722 1769 1788 del

389 1818 523 1888 portare
540 1810 708 1884 judicium,
732 1823 795 1868 eet:
820 1811 944 1885 puniri,
965 1827 1088 1885 poenus
1142 1809 1200 1869 nisi
1223 1807 1389 1888 perfectum
1412 1831 1445 1872 se
1470 1822 1626 1890 agnoscet
1662 1813 1769 1875 lismoi

393 1899 487 1958 lucre.
510 1896 551 1956 Et
567 1896 676 1976 legitur
698 1894 779 1975 epud
795 1903 856 1956 tres
872 1894 1087 1975 Evangelistss
1142 1914 1233 1974 quum
1248 1895 1330 1969 stibi,
1346 1901 1479 1960 maxime
1492 1901 1523 1960 in
1535 1897 1674 1961 doctrine
1689 1900 1769 1981 religi

391 1982 684 2057 Marm,.23.,t1are.
701 1985 749 2042 12.
764 1992 794 2042 et
810 1982 883 2043 Luc.
896 1983 962 2043 tu:
978 1974 1085 2061 λήψον-
1142 1977 1194 2058 (de
1210 2002 1272 2063 qun
1287 1983 1335 2044 hic
1352 1984 1462 2063 sermo)
1486 1986 1657 2068 periculum
1672 1987 1760 2048 hsbot

392 2086 443 2130 ται
463 2061 676 2148 περισσότερον
699 2062 804 2147 κρίμα,
830 2071 990 2146 accipiunt
1015 2088 1087 2130 om·
1141 2088 1193 2131 sus
1209 2071 1379 2131 verborum.

389 2158 478 2236 ptius
493 2158 665 2233 judicium,
687 2158 760 2231 sive,
782 2165 816 2216 nt
836 2158 982 2237 interpres
1005 2156 1087 2238 cpnd
1183 2155 1287 2218 Videri
1302 2167 1402 2238 potest
1417 2157 1494 2220 hene
1510 2162 1693 2222 sententium
1709 2161 1769 2223 Jeer

391 2245 505 2308 Lucum
521 2243 626 2305 uertit:
648 2245 804 2321 accipient
823 2247 975 2319 nrojorcrn
991 2242 1086 2303 dom·
1141 2245 1291 2324 occepisse
1314 2265 1350 2306 ex
1366 2244 1483 2307 Eccles.
1502 2248 1560 2321 14„
1584 2246 1638 2308 nbi
1654 2250 1700 2311 sic
1713 2246 1769 2328 legi

391 2336 567 2407 notionem,
584 2332 614 2392 id
632 2343 685 2405 est,
700 2333 825 2411 gravius
839 2332 1008 2411 punientur.
1024 2329 1083 2409 Igi·
1139 2331 1260 2392 Beatus
1275 2334 1336 2408 vir,
1354 2335 1492 2409 quinon
1508 2341 1550 2395 cst
1567 2334 1679 2411 lapsus
1694 2335 1769 2397 verli

392 2430 442 2481 tur
452 2418 618 2501 Apostolus
629 2422 781 2499 proposito
793 2418 929 2498 periculo
946 2418 1086 2488 deterret,
1141 2436 1194 2478 erc
1207 2436 1273 2479 erro.
1297 2418 1330 2482 Si
1345 2438 1488 2498 quaeres,
1503 2422 1583 2483 sitne
1596 2424 1769 2505 quispimt

391 2527 431 2569 ne
445 2508 579 2588 magistri
594 2525 702 2567 munus
716 2505 865 2579 affectent,
888 2523 965 2564 nere
980 2503 1018 2564 ed
1034 2501 1072 2563 do
1138 2505 1314 2566 affirmative
1335 2508 1514 2587 respondeo.
1544 2508 1624 2568 Num
1649 2508 1681 2570 id
1707 2508 1769 2570 etl

393 2593 519 2657 cendum
545 2604 658 2654 temere
681 2593 856 2673 prosilient3
883 2612 921 2651 uc
942 2593 969 2651 si
991 2590 1085 2650 dicct:
1140 2593 1237 2653 stolus
1263 2592 1320 2652 hoc
1347 2592 1421 2666 loco,
1449 2602 1481 2653 et
1504 2595 1738 2656 Ecclesiasticus
1760 2616 1769 2657 r

393 2679 623 2753 stiterimus,
648 2681 726 2740 scire
747 2678 899 2753 debemus,
921 2698 978 2738 noc
1001 2676 1084 2738 dubi·
1139 2679 1316 2758 significent.
1350 2682 1414 2740 Nec
1438 2681 1517 2741 enim
1544 2684 1640 2744 sentit
1668 2687 1769 2764 Apoetu

393 2777 467 2841 ture,
490 2768 560 2850 quin
581 2786 692 2847 poenes
714 2766 802 2827 nobis
818 2764 1040 2827 accumulemus
1056 2764 1086 2823 in
1140 2784 1208 2825 enm
1223 2764 1343 2826 demum
1360 2767 1455 2827 verto
1470 2786 1538 2830 non
1555 2770 1728 2848 offendere,
1750 2788 1769 2831 ο

392 2854 453 2917 Dei
480 2854 613 2934 judici03
648 2874 715 2915 cum
744 2853 861 2934 elioqui
886 2854 961 2913 sutis
991 2850 1086 2913 mults
1139 2852 1242 2933 lingue
1271 2873 1434 2934 numquam
1469 2854 1590 2917 labitur.
1628 2858 1718 2920 Telis
1746 2874 1769 2920 u

393 2944 461 3015 sint,
483 2944 515 3003 in
536 2942 648 3023 quibus
669 2959 838 3023 peccemus.
860 2939 898 3001 Id
921 2950 981 3012 est,
1003 2938 1085 3019 quod
1140 2942 1257 3019 opinor,
1280 2941 1380 3002 nullus
1406 2948 1452 3002 est
1474 2963 1594 3017 eorum,
1623 2946 1678 3026 qui
1704 2963 1769 3006 seru

393 3029 543 3111 nequitur:
1139 3036 1270 3087 utuntur.
1294 3028 1372 3089 Num
1394 3029 1477 3108 qnod
1499 3029 1538 3091 de
1553 3031 1680 3094 doenne
1695 3032 1768 3114 Bspt

437 3119 465 3178 2.
488 3118 530 3177 In
545 3115 654 3177 multis
664 3116 749 3175 enirn
764 3114 954 3193 offendimus
970 3130 1086 3174 omncs.
1139 3115 1222 3173 cenit
1237 3114 1387 3176 Ecclesis:
1404 3116 1451 3176 Nc
1466 3117 1530 3178 leci
1544 3119 1659 3180 saltem
1675 3117 1769 3181 meotrl

394 3204 602 3282 Offendimur,
615 3203 782 3283 proesentis
793 3201 936 3281 temporis
945 3209 999 3260 est
1012 3198 1088 3260 Vult
1139 3203 1240 3261 vitum
1265 3202 1390 3278 sumine
1413 3222 1537 3279 posses,
1570 3215 1711 3267 sonetum
1735 3225 1769 3287 po

393 3292 472 3351 enim
495 3290 703 3350 assiduitatem
726 3287 878 3367 quendum
901 3295 932 3347 et
945 3287 1085 3368 frequen·
1139 3306 1175 3346 ee
1190 3287 1356 3367 proiectum
1373 3290 1535 3368 significet,
1560 3309 1653 3372 quem
1670 3292 1768 3375 plener

392 3378 465 3439 tium
479 3378 660 3458 significare.
683 3374 812 3436 Graece:
831 3367 989 3452 πταίομεν,
1005 3373 1086 3433 iodi-
1141 3374 1287 3435 effoetum.
1310 3374 1371 3435 Sed
1393 3395 1496 3436 sensus
1520 3380 1663 3459 Apostoli
1687 3389 1769 3453 estu

393 3482 477 3540 mur,
494 3465 707 3542 impinpinrus.
731 3462 789 3521 Est
803 3463 882 3523 enim
901 3455 1018 3520 πταίειν
1034 3461 1086 3519 mi·
1140 3480 1207 3523 csse
1229 3460 1393 3541 periectnm
1416 3464 1446 3523 in
1469 3469 1710 3538 conversatione,
1732 3463 1759 3527 id

393 3569 456 3626 nus,
479 3570 568 3631 quum
584 3550 704 3612 cadere.
726 3547 815 3609 Unde
837 3554 883 3608 ost
903 3547 977 3609 illud
999 3547 1086 3608 Rom.
1141 3550 1230 3608 etism
1245 3549 1378 3628 reliquus
1398 3568 1468 3611 suus
1490 3553 1627 3614 notiones
1648 3554 1724 3615 bene
1737 3551 1769 3613 di

396 3641 461 3699 11.:
485 3637 650 3715 ll'uanoid
672 3641 716 3696 sic
739 3636 951 3714 offenderunt,
974 3642 1011 3695 ut
1032 3653 1087 3694 oc·
1140 3653 1219 3706 nere,
1247 3636 1299 3715 qni
1323 3634 1455 3716 linguam
1477 3637 1620 3700 cohibere
1644 3639 1764 3714 noverit

394 3724 527 3786 dorent?
560 3721 775 3804 significentur
799 3741 871 3802 ergo
894 3723 1009 3782 minore
1032 3740 1087 3781 sen
1141 3722 1264 3794 scilicet,
1279 3730 1312 3781 ut
1323 3720 1473 3804 loquendo
1485 3744 1637 3804 nusquam
1650 3727 1766 3810 grunius

392 3811 508 3874 leviore
522 3820 652 3891 peccatu,
678 3828 758 3889 quse
777 3807 908 3869 venialis
931 3826 1087 3882 vocemus3
1140 3810 1252 3890 pinget,
1275 3828 1341 3868 rnro
1358 3809 1462 3870 levius.
1487 3811 1566 3871 Nem
1582 3814 1719 3875 minimus
1732 3829 1769 3874 νο

394 3907 425 3960 et
440 3917 545 3959 sensus
561 3907 614 3972 est,
640 3898 671 3956 in
693 3897 860 3957 notionibus
875 3895 984 3957 nostris
999 3913 1087 3973 saepe
1140 3914 1206 3955 rum
1236 3894 1368 3956 offensus
1395 3906 1426 3957 ct
1451 3898 1556 3977 culpes
1584 3901 1707 3962 omnino
1730 3901 1769 3962 rtt

394 4004 448 4045 nos
464 3984 533 4056 lubi,
548 3986 723 4065 impingere,
738 4003 864 4064 peccsre
880 4002 933 4063 per
949 3983 1084 4060 ignornn·
1140 3981 1253 4042 homini
1266 3983 1343 4043 inter
1357 3983 1492 4046 homines
1503 3988 1639 4048 versunti
1653 3981 1769 4068 impod

394 4072 478 4145 tium,
494 4070 733 4151 imprudentium,
750 4070 924 4130 affectiones
939 4069 1040 4128 verius
1057 4079 1088 4126 et
1141 4076 1194 4128 cst.
1227 4068 1287 4127 Hic
1312 4087 1418 4130 sensus
1443 4070 1603 4133 manifeste
1625 4083 1711 4154 petet
1729 4091 1763 4136 α

395 4158 579 4220 intentiones
601 4178 660 4219 non
683 4176 790 4238 purus,
813 4166 845 4218 et
867 4176 920 4238 pcr
942 4155 1017 4215 hncc
1036 4153 1085 4215 ob·
1141 4154 1310 4234 qnentibus.
1333 4156 1441 4237 Ituqne
1462 4179 1522 4220 non
1545 4161 1725 4239 perfectum
1746 4177 1769 4218 n

393 4248 500 4307 noxios
515 4242 600 4305 reddi
611 4243 726 4324 jndicio
737 4244 804 4305 Dei.
829 4241 1007 4304 Cavendum
1019 4259 1086 4321 pro·
1140 4261 1159 4301 s
1174 4241 1239 4302 sole
1253 4242 1373 4322 linguae
1388 4247 1588 4323 continentis3
1610 4247 1668 4309 sed
1682 4267 1718 4310 ex
1732 4263 1763 4308 οι

393 4331 653 4406 indecorosum
669 4330 749 4392 hunc
770 4339 901 4391 nostrum
915 4346 1088 4409 sugeumns,
1141 4338 1191 4389 cet
1210 4331 1351 4407 optimum
1363 4332 1440 4390 sumi
1452 4333 1667 4411 conjecturem,
1678 4331 1769 4416 quodi

394 4418 465 4480 dum
486 4419 624 4499 magistri
648 4418 881 4487 essevolumus,
906 4414 988 4496 quod
1002 4416 1034 4476 in
1049 4433 1086 4475 eo
1142 4416 1231 4476 etium
1254 4414 1403 4496 reliquum
1427 4437 1535 4500 cerpus
1550 4439 1675 4483 suerum
1690 4417 1769 4484 esti·

392 4525 516 4568 munere
542 4503 710 4567 exercendo
736 4507 860 4586 grevim
882 4523 918 4564 uc
940 4500 1084 4582 periculo·
1140 4501 1219 4563 bene
1233 4501 1391 4581 gubernet,
1412 4514 1442 4563 et
1457 4506 1515 4566 hee
1535 4509 1658 4570 ratione
1679 4505 1769 4590 pets

394 4593 456 4653 sius
472 4590 533 4652 lsbi
548 4593 707 4671 continget
1142 4608 1225 4665 eese3
1247 4590 1385 4651 nimirum
1402 4591 1590 4671 portentione
1612 4596 1707 4657 totins
1721 4609 1769 4658 οΙ

406 4707 411 4732 ;
437 4678 524 4738 Erec
535 4679 675 4759 Apostoli
687 4678 836 4739 sententis
851 4695 912 4737 une
927 4683 974 4736 est
988 4694 1028 4735 ex
1041 4675 1086 4749 iis,
1140 4677 1197 4735 reti
1219 4674 1257 4735 cd
1280 4686 1390 4756 partes,
1412 4679 1672 4758 quemadmodum
1690 4675 1769 4744 M

395 4780 473 4841 ques
494 4771 696 4844 opposuerunt
714 4765 822 4824 Patres
845 4764 935 4824 errori
950 4761 1086 4841 Pelagiu-
1141 4763 1220 4823 Tim.
1239 4767 1266 4825 3.
1283 4765 1413 4842 portium
1433 4770 1662 4831 enumeratione
1675 4765 1769 4852 perid

394 4865 511 4919 norum,
531 4849 750 4922 affirmantium,
773 4869 862 4928 posse
877 4850 1026 4910 hominem
1042 4850 1086 4907 ri·
1141 4849 1289 4911 hominem
1306 4850 1364 4910 Dei
1380 4851 1535 4914 describit.
1763 4851 1768 4882 ⁴

394 4949 468 4992 rere
483 4935 547 4993 sine
561 4937 701 5015 peccetis.
723 4935 838 4998 Eadem
849 4937 932 4997 velet
942 4934 1087 4996 adversus
1183 4939 1289 4998 Potest
1312 4940 1407 4999 etium
1427 4940 1525 5016 freno
1540 4943 1768 5006 emnem

394 5013 667 5082 mosomenses
680 5025 831 5102 temporis,
843 5043 905 5100 eos,
916 5021 1087 5108 qnidicunt,
1140 5030 1208 5085 tum
1224 5041 1347 5102 corpur.
1371 5022 1493 5089 Greece
1507 5028 1552 5090 sie
1567 5028 1703 5095 hebentr
1723 5029 1769 5094 ΡΙ
