4442 5825
436 618 509 687 552
950 598 1184 656 committemus
1201 600 1233 656 ill
1251 601 1317 657 CAP·
1334 601 1372 656 ill.

434 788 535 847 Deum
551 800 744 863 regenerasse
766 798 824 841 reor
843 797 904 857 per
926 780 1130 839 resurreetio·
1183 780 1220 839 in
1235 779 1365 841 dentem
1380 781 1460 855 Dei,
1481 781 1592 842 eedem
1614 783 1653 842 irs
1669 781 1774 841 coeto
1807 778 1869 840 llrn

436 893 508 936 rtem
524 875 603 936 Jeru
619 870 735 932 Christi
756 887 793 929 ex
811 869 963 942 mortuis,-
986 866 1131 946 qnodque
1183 865 1293 927 eedem
1307 870 1343 928 irs
1358 868 1468 944 coelis,
1495 866 1575 928 dixit
1590 888 1647 948 pro
1663 887 1718 940 eo,
1743 865 1871 946 quodlie

436 959 550 1021 Paulus
566 954 669 1016 scribit
684 955 724 1015 ed
743 956 827 1015 Rom.
844 955 888 1024 4.,
904 954 1061 1015 Christum
1078 970 1131 1012 re·
1184 955 1334 1032 sequitur:
1358 956 1521 1032 profectus
1547 957 1583 1017 irs
1606 955 1753 1028 eoelum,
1783 951 1871 1013 mediis

435 1048 606 1108 surreuiere
628 1050 762 1120 propter
787 1041 1047 1117 justificationem
1071 1059 1132 1101 rto·
1185 1041 1314 1119 quaein
1339 1039 1456 1103 Graeco
1481 1061 1540 1103 non
1563 1042 1737 1115 habentur,
1765 1041 1872 1102 ominis
1917 1052 1919 1057 '

435 1142 544 1195 stram.
581 1133 638 1191 Est
664 1130 742 1189 enim
768 1129 817 1189 hic
843 1127 927 1187 loeus
953 1126 1074 1198 similis,
1099 1133 1133 1185 ut
1185 1128 1225 1187 Et
1246 1125 1367 1206 quidem
1390 1149 1496 1208 perum
1518 1130 1677 1190 commode
1701 1137 1775 1208 poet
1800 1125 1874 1188 met:

437 1238 543 1282 sensus
567 1218 618 1277 sit:
644 1217 801 1296 Baptisma
828 1234 883 1275 nos
908 1215 1010 1275 salvos
1031 1213 1133 1273 fecere
1186 1216 1241 1290 qui
1256 1220 1300 1274 est
1314 1218 1350 1275 in
1365 1215 1496 1277 dexteru
1515 1217 1585 1293 Dei,
1602 1216 1817 1296 subjungitur:
1830 1215 1874 1275 de·

437 1327 492 1388 per
506 1304 619 1366 Christi
635 1303 888 1374 resurrectionem,
904 1321 938 1360 eo
954 1299 1036 1380 qnod
1048 1298 1132 1360 chri·
1185 1301 1321 1376 plotiene
1336 1309 1468 1363 mertem
1477 1347 1486 1378 ,
1511 1303 1569 1364 nisi
1591 1322 1744 1384 praesens
1759 1303 1875 1381 recipie

437 1394 476 1454 sti
491 1392 668 1453 resurreetio
680 1389 829 1471 quendem
845 1388 929 1448 nobis
943 1386 1066 1448 formem
1083 1405 1132 1445 ex·
1184 1388 1252 1448 loeo
1267 1391 1437 1467 praeteriti,
1453 1391 1541 1468 quusi
1556 1388 1672 1451 dictum
1687 1392 1745 1450 sit:
1773 1389 1875 1451 ebrum

438 1479 540 1541 hibent
562 1477 738 1556 resurgendi
761 1475 798 1535 nd
821 1476 972 1553 justitium
995 1494 1031 1533 ec
1052 1474 1134 1531 vitae
1186 1483 1239 1554 pte
1260 1485 1373 1550 mort03
1403 1484 1437 1536 ut
1457 1495 1562 1538 sensus
1589 1478 1645 1550 sit,
1676 1475 1830 1539 cbnrnn
1846 1473 1877 1535 ed

439 1568 621 1635 novitatem,
643 1561 682 1622 ed
704 1583 794 1643 quem
818 1581 1027 1640 regeneramur
1041 1561 1071 1619 in
1087 1579 1131 1618 se·
1186 1561 1267 1621 illem
1283 1562 1424 1642 glorium,
1452 1583 1541 1642 quern
1566 1563 1660 1624 hebet
1674 1563 1716 1624 ed
1733 1562 1876 1624 dexteru

440 1660 591 1715 cremento
607 1651 764 1730 baptismi,
791 1656 843 1723 ut,
868 1649 1024 1725 quomode
1041 1647 1133 1709 otrr-
1186 1650 1245 1709 Dei
1260 1647 1384 1723 sedens,
1407 1658 1542 1710 evectum
1558 1649 1669 1721 fnisse,
1692 1660 1876 1732 posteaquem

440 1750 505 1802 etue
533 1740 673 1800 surrexit
701 1756 723 1796 o
748 1738 883 1797 mortuis
909 1753 969 1812 per
997 1735 1133 1811 pluriam
1188 1738 1327 1815 passione
1342 1747 1373 1796 et
1387 1745 1481 1797 morte
1495 1756 1564 1810 sue,
1591 1737 1678 1798 velut
1694 1758 1791 1799 εεαει
1803 1738 1875 1798 meri·

441 1829 564 1900 Patris,
580 1827 626 1885 ita
643 1832 744 1885 eteros
759 1825 794 1883 ιη
806 1826 947 1884 novitate
965 1824 1047 1882 citae
1063 1839 1134 1879 um·
1188 1823 1276 1895 toris,
1304 1822 1411 1884 deinde
1433 1833 1462 1883 et
1489 1826 1712 1885 resurrectione
1735 1824 1777 1885 ed
1799 1825 1877 1885 vien

442 1916 599 1985 dolemus,
626 1913 710 1971 Rom.
727 1911 755 1970 6.
789 1910 850 1970 Ηῑε
872 1929 976 1970 sensus
992 1908 1135 1988 probetur
1188 1910 1394 1983 immortelenr,
1413 1910 1496 1971 velut
1510 1911 1680 1993 exemplari
1695 1931 1801 1985 aneu,
1814 1930 1876 1972 mor

442 2003 532 2062 etiem
548 1999 662 2061 Joenni
677 1997 788 2058 Lorino
804 2016 877 2077 pree
892 1996 975 2069 aliis,
999 2015 1075 2075 qnos
1089 2012 1132 2053 re·
1187 2006 1247 2059 tour
1276 2005 1408 2057 nostrum
1439 1996 1613 2080 deglutivit,
1652 1997 1826 2079 absumpsit
1849 2017 1877 2056 ee

441 2090 507 2149 sort
545 2086 623 2146 Nem
646 2083 726 2166 quod
747 2083 904 2144 Heseeliue
926 2086 970 2144 sie
996 2081 1134 2161 exponit:
1189 2085 1308 2164 penitus
1335 2083 1470 2156 sustulit,
1496 2093 1530 2145 ut
1554 2087 1639 2146 vitre
1665 2095 1813 2148 aeternae
1834 2102 1879 2146 not

444 2178 506 2238 Per
520 2175 780 2235 resurrectionem
797 2175 877 2234 Jeeo
893 2172 1022 2245 Christi,
1045 2169 1077 2229 id
1091 2175 1137 2229 est
1188 2172 1304 2233 feceret
1321 2170 1479 2232 haeredes.
1514 2171 1780 2252 Quemedmodnm
1801 2171 1878 2234 dees

441 2263 553 2322 virtute
579 2258 694 2321 Christi
714 2257 901 2329 mediatoris,
927 2259 979 2338 qui
1004 2264 1135 2316 mortuus
1189 2259 1270 2319 osuit
1299 2258 1449 2319 Ecclesia:
1487 2261 1548 2339 Qui
1577 2267 1715 2321 mortem
1748 2267 1878 2322 noum

443 2357 534 2410 estet
555 2347 732 2421 resurrexit,
755 2365 814 2405 non
836 2344 954 2405 videtur
975 2345 1048 2403 setis
1070 2361 1137 2402 εεεε
1189 2345 1356 2406 moriendo
1365 2346 1678 2422 destruxitetvt‘tam
1691 2346 1879 2425 resumendo

442 2435 482 2496 ed
512 2431 720 2516 explicandum
757 2442 886 2493 urentem
925 2430 1136 2513 Apostolorum
1189 2434 1364 2508 reparavit.
1400 2431 1489 2512 Quod
1508 2441 1604 2495 totum
1619 2435 1652 2495 in
1666 2435 1775 2509 nobis,
1800 2433 1880 2495 rtet

443 2524 547 2584 horum
565 2520 692 2582 duorum
709 2519 793 2579 Petri
810 2529 838 2579 et
853 2520 956 2592 Peuli,
980 2520 1031 2598 qui
1054 2536 1137 2596 rege·
1191 2519 1312 2594 electis,
1339 2520 1532 2598 complebitur
1559 2539 1614 2600 per
1642 2523 1878 2583 resurrectionen

443 2610 626 2671 neretionem
649 2617 679 2666 et
695 2606 941 2686 justificationem
964 2615 994 2666 et
1009 2603 1137 2665 salntem
1189 2607 1323 2678 beatum,
1350 2605 1472 2686 qnendo
1493 2610 1668 2669 novestma
1684 2611 1821 2672 inimico
1833 2608 1879 2670 de·

443 2707 575 2758 nostrem
598 2693 770 2755 adscribunt
791 2694 999 2755 resurrectioni
1018 2691 1137 2753 Christi.
1190 2693 1792 2768 struetrtrmore,utdicitnrlcor.15.
1814 2694 1877 2758 cce

487 2785 537 2843 22.
555 2785 616 2861 Qui
631 2783 724 2842 eetirt
740 2781 869 2842 dextere
885 2783 955 2842 Dei.
994 2780 1138 2839 Hcoeet:
1190 2791 1286 2842 terum
1325 2782 1433 2842 allusio
1469 2789 1514 2842 est
1549 2779 1589 2841 ud
1625 2780 1728 2842 locum
1770 2782 1879 2845 Jmiet

444 2869 488 2932 sd
503 2870 667 2931 dexteram
682 2870 761 2944 Dei,
786 2867 936 2950 quomodo
951 2867 1039 2929 vertit
1054 2867 1138 2927 Rom.
1191 2871 1255 2932 lb:
1268 2869 1496 2945 Praecipitebit
1508 2865 1688 2946 (Hebmicsz
1702 2864 1879 2944 morteto)

446 2961 475 3020 8.
498 2957 535 3017 Id
552 2964 651 3017 eutem
668 2956 779 3028 dicens,
795 2977 854 3015 norr
866 2964 969 3035 neget,
986 2953 1138 3015 Christum
1192 2963 1333 3018 mortem.
1365 2956 1454 3036 Quod
1470 2965 1501 3016 et
1514 2956 1629 3017 Paulus
1645 2960 1724 3019 citet
1739 2959 1772 3019 ἱῃ
1787 2955 1878 3019 erden

446 3064 520 3109 esse,
532 3045 645 3116 Deum,
664 3041 715 3105 sed
732 3042 857 3116 indicet,
882 3042 920 3103 de
942 3062 977 3103 eo
1001 3062 1034 3102 se
1056 3041 1139 3121 loqui
1193 3045 1287 3124 cupite
1303 3042 1423 3104 adcor.
1447 3042 1564 3105 dicens:
1590 3046 1681 3106 iisne
1702 3046 1760 3123 fiet
1780 3060 1878 3116 teme,

445 3130 610 3192 secundnm
636 3137 791 3201 neturem,
814 3150 874 3205 que
896 3149 956 3190 non
979 3137 1026 3190 est
1046 3131 1140 3199 Deus,
1194 3134 1249 3209 qui
1263 3134 1398 3208 rrrtptur
1420 3139 1481 3193 eet:
1503 3132 1663 3209 Abrorptc
1686 3139 1735 3193 eet
1757 3132 1879 3194 monte

446 3217 476 3279 id
493 3227 540 3279 εει
554 3218 722 3279 humenem.
760 3216 882 3278 Dicitur
905 3218 983 3277 enirn
1001 3217 1141 3279 Christos
1196 3220 1337 3278 victoria.

446 3306 566 3367 entend
580 3305 742 3367 dexteram
760 3306 822 3365 Det
830 3350 840 3381 ,
862 3304 936 3385 quin
959 3311 1026 3384 post
1040 3304 1140 3363 Deum
1236 3306 1452 3382 Profeetresr'n
1468 3308 1596 3367 coelom.
1634 3304 1717 3387 Apte
1740 3305 1878 3369 menoeti-

445 3412 613 3474 supremem
628 3393 659 3454 in
674 3391 733 3452 Dei
749 3411 840 3471 regno
857 3398 1054 3473 potestatem,
1078 3389 1140 3469 glo·
1194 3399 1242 3451 tur
1251 3390 1325 3451 bueo
1338 3412 1409 3472 pers
1420 3412 1488 3452 curn
1500 3392 1568 3455 ille:
1584 3394 1746 3472 Quiestt’n
1761 3394 1879 3457 decute

444 3480 535 3551 rium,
562 3487 592 3539 et
608 3478 781 3559 dignitatem
797 3478 923 3551 obtinet,
953 3486 1142 3556 temqueme
1194 3481 1264 3540 Dei.
1301 3479 1416 3559 Estque
1431 3498 1527 3541 sermo
1542 3482 1587 3541 sic
1601 3479 1803 3544 ordineuduet
1829 3480 1880 3562 (tei

445 3567 513 3628 Deo
529 3564 685 3628 secundus.
726 3565 816 3645 Quod
838 3568 940 3645 utique
962 3585 1021 3624 uon
1038 3583 1140 3623 secun·
1192 3567 1355 3644 profectus
1369 3568 1405 3627 irs
1420 3568 1552 3641 coelum,
1568 3568 1806 3631 eetirrdeoetera
1820 3570 1880 3640 Dei,

447 3653 518 3715 dum
548 3662 697 3726 netnrern,
728 3653 758 3712 in
789 3672 851 3732 que
880 3652 997 3733 genitus
1028 3658 1072 3712 est
1101 3669 1141 3711 ex
1193 3663 1226 3714 nt
1241 3653 1298 3713 hoc
1314 3651 1396 3713 dicet
1409 3654 1532 3728 Petrus,
1548 3654 1629 3735 quod
1641 3654 1737 3717 hebet
1751 3655 1881 3717 articulus

444 3741 550 3813 Petro,
568 3737 749 3822 proindeque
765 3740 898 3820 aequalis
914 3747 959 3799 est
974 3739 1066 3810 Petri,
1086 3736 1141 3798 sed
1194 3740 1279 3802 fidei:
1318 3744 1467 3803 Ascendit
1504 3742 1548 3801 ad
1577 3743 1695 3821 coeloe3
1736 3744 1820 3805 sedet
1845 3740 1881 3802 ed

445 3825 609 3889 secundnm
625 3835 761 3886 naturum
777 3836 915 3900 ereetum,
931 3826 962 3887 id
978 3833 1023 3886 est
1037 3824 1138 3884 hume·
1194 3830 1355 3889 dexteram
1372 3832 1441 3891 Dei.
1465 3830 1632 3910 Utrumque
1644 3849 1717 3891 vero
1730 3829 1881 3893 secundun

444 3935 529 3987 nem,
549 3935 610 3992 qne
633 3913 726 3974 Putre
747 3914 842 3976 minor
858 3923 917 3988 est,
944 3914 973 3973 ei
990 3914 1139 3990 competit.
1193 3924 1330 3976 naturam
1359 3917 1527 3977 humanum.
1580 3916 1735 3991 Obsem,
1767 3918 1880 3979 Petrum

443 4001 503 4063 Sed
512 4003 550 4061 de
559 4002 617 4062 hee
626 3999 776 4062 locutione
786 4003 1010 4082 ejusquesensrr
1021 3999 1140 4079 plenius
1193 4023 1272 4064 nunc
1287 4001 1387 4063 dicere
1402 4005 1582 4081 profectum
1597 4008 1633 4066 irs
1649 4005 1788 4080 coelum,
1804 4022 1882 4083 quer

442 4096 539 4148 ectum
563 4099 610 4147 εει
632 4109 650 4147 a
671 4089 759 4147 nobis
783 4090 813 4149 in
835 4088 1052 4149 commentariis
1068 4088 1137 4166 Epi·
1193 4090 1284 4170 pnulo
1299 4097 1370 4150 ente
1389 4089 1508 4152 dixerut
1525 4091 1691 4171 proiectum
1708 4093 1747 4152 ed
1773 4092 1882 4153 inferos

375 4191 381 4204 ·
443 4174 583 4234 stolarum
601 4174 689 4234 Pauli
704 4176 788 4235 Rom.
805 4179 833 4238 8.
846 4175 922 4254 Eph.
938 4179 963 4234 1.
977 4183 1005 4234 ot
1018 4172 1097 4234 Heb.
1112 4178 1138 4233 1.
1193 4178 1298 4238 Utitur
1328 4177 1408 4237 enim
1440 4178 1601 4256 utrobique
1636 4176 1748 4240 eodem
1778 4177 1882 4241 enee

487 4261 674 4337 Deqlrrtiem
688 4268 832 4336 mortem,
847 4266 977 4323 utsttue
990 4268 1139 4322 aeternae
1193 4262 1355 4325 vocabulo:
1389 4258 1562 4342 πορευθείς.
1610 4266 1658 4327 Ex
1689 4284 1753 4345 quo
1782 4265 1881 4344 collige

443 4349 593 4409 haeredes
608 4349 815 4426 efficeremur.
852 4350 937 4410 Heec
954 4350 1093 4429 pericope
1108 4350 1139 4410 in
1194 4358 1299 4411 contre
1322 4347 1495 4423 Celsinum,
1524 4353 1613 4412 etiem
1640 4354 1771 4433 priorem
1796 4352 1881 4414 lemn

442 4435 568 4497 Graecis
595 4444 626 4496 et
641 4434 727 4515 Syris
749 4433 903 4495 codicibus
928 4457 985 4495 non
1001 4435 1138 4496 hebetur.
1193 4436 1358 4498 seeundum
1374 4447 1557 4519 assumptum
1581 4447 1721 4501 naturum
1741 4458 1882 4523 exponar

441 4523 542 4583 Latini
566 4530 664 4582 temen
689 4517 793 4581 ornnes
816 4520 969 4582 exhibent.
1005 4521 1139 4603 Fulgen·
1194 4526 1264 4586 dum
1281 4543 1355 4584 esse.

441 4609 501 4670 tius
516 4628 638 4690 qnoque
653 4610 727 4668 citet
741 4606 819 4668 libro
835 4608 874 4667 de
886 4607 946 4667 tide
957 4608 995 4669 ed
1008 4608 1139 4682 Petrum,
1236 4612 1386 4686 subjectis
1400 4612 1459 4672 sibi
1474 4612 1595 4687 anoctis
1603 4657 1613 4688 ,
1642 4620 1673 4673 et
1684 4613 1883 4691 potestator·

442 4715 506 4776 erp.
520 4698 549 4756 ι.
573 4694 634 4757 Sed
647 4694 771 4756 etBeds
784 4697 1002 4772 interpretatur.
1028 4695 1136 4772 Quem·
1193 4706 1222 4758 et
1237 4698 1415 4760 rtreottbcr.
1447 4698 1534 4759 Heee
1558 4718 1683 4777 quoque
1697 4721 1770 4779 pare
1786 4701 1880 4763 cotes

442 4801 531 4860 quern
561 4782 696 4843 Ruffiuns
726 4801 786 4842 non
816 4783 939 4842 videtur
972 4784 1139 4860 agnovisse,
1192 4792 1239 4847 ret
1253 4785 1314 4844 illi:
1337 4788 1391 4862 qut
1414 4793 1457 4847 est
1471 4787 1509 4846 irs
1529 4784 1661 4847 deoetem
1677 4789 1760 4864 Dei,
1784 4797 1881 4850 eren

441 4867 511 4930 dum
528 4869 559 4929 in
571 4870 759 4949 expositione
771 4869 901 4948 symboli
914 4868 953 4929 ed
965 4868 1138 4929 ertirulum:
1192 4870 1331 4952 explieat.
1354 4872 1505 4948 Sobjeetis
1519 4872 1579 4933 rior·
1594 4874 1736 4950 anqettr,
1762 4874 1880 4938 Graue:

441 4957 592 5018 Ascendit
617 4958 651 5017 in
677 4957 777 5017 coetos
803 4963 874 5031 etc,
909 4956 980 5016 citet
1009 4956 1084 5017 beee
1103 4956 1137 5017 B.
1193 4950 1404 5036 operariorum
1431 4951 1516 5044 αὐτῷ
1530 4961 1590 5017 τῶν
1608 4951 1755 5039 ἀγγέλων
1769 4954 1882 5034 ειε,ι1

440 5041 523 5104 Petri
538 5041 650 5119 verbe,
665 5042 793 5105 dicentis
808 5042 847 5104 de
862 5041 999 5107 cbristo:
1018 5046 1081 5126 Qut
1095 5049 1139 5105 eet
1193 5054 1239 5108 est
1269 5046 1411 5124 subjectio
1441 5049 1470 5108 et
1498 5046 1641 5129 amelin
1684 5068 1747 5117 nou
1776 5056 1880 5113 eut-2
