4442 5825
395 569 470 653 454

394 741 517 823 plicato.
554 739 632 799 Nam
650 738 762 821 alioqui
782 748 913 814 constat,
941 742 1030 802 etiam
1041 741 1090 821 ju·

395 827 492 901 dices,
519 826 585 885 Deo
608 825 779 900 inferiores,
807 848 860 887 suo
886 827 975 889 modo
1001 848 1091 908 posse

394 933 516 977 servare
539 922 569 973 ct
594 914 734 994 perdere,
761 913 831 974 dum
854 914 1016 975 absolvunt
1039 920 1092 974 aust

395 1000 617 1075 condemnant,
642 1010 671 1061 et
685 1022 739 1081 pro
761 1004 874 1062 meritis
890 1011 942 1061 aut
957 1004 1090 1082 praemia

394 1088 537 1160 reddunt,
559 1097 611 1148 aut
628 1087 790 1169 supplicia3
812 1089 1001 1170 legislatores
1017 1109 1089 1169 qno·

395 1195 462 1258 que,
479 1183 538 1234 tarn
556 1174 787 1249 ecclesiasticos,
804 1197 895 1255 qnam
911 1175 1091 1250 saeculares,

394 1264 458 1323 suis
475 1262 592 1340 legibus
616 1270 645 1322 et
668 1262 933 1324 constitutionibus
957 1261 1089 1324 subdito·

393 1370 457 1410 rum
474 1349 673 1410 conscientias
690 1347 890 1430 obstringere,
917 1352 959 1410 sic
974 1356 1006 1408 ut
1023 1370 1089 1428 pec·

394 1444 463 1498 cent
485 1457 520 1497 ac
543 1437 648 1516 poenis
669 1437 792 1497 obnoxii
817 1437 875 1497 sint
898 1458 997 1497 coram
1013 1436 1091 1511 Deo,

395 1525 447 1604 qui
471 1544 532 1583 non
552 1522 773 1603 obtemperant,
796 1525 886 1602 juxta
903 1524 1090 1603 Scripturas:

394 1611 619 1690 Quodcumque
649 1611 798 1687 ligaveris
834 1630 930 1687 super
958 1619 1090 1684 terrum,

395 1702 454 1759 erit
470 1699 603 1775 ligatum
623 1701 659 1760 iu
681 1698 790 1773 coelis,
818 1698 990 1758 Mascula.
1030 1700 1091 1778 Qui

395 1804 450 1846 vos
463 1786 564 1859 audit,
581 1805 629 1846 me
645 1785 755 1862 audit,-
773 1792 801 1844 et
817 1787 872 1862 qui
887 1805 942 1845 vos
957 1788 1089 1861 spernit,

394 1892 444 1935 mc
458 1876 590 1948 speruit,
607 1873 679 1932 Luc.
700 1873 747 1932 10.
772 1873 958 1932 Necessitate
973 1872 1091 1933 subditi

395 1967 487 2020 estote
495 2004 505 2037 ,
533 1979 601 2020 uon
623 1960 724 2020 solum
745 1967 879 2035 propter
905 1963 1010 2034 iram,
1037 1960 1091 2019 scd

394 2049 490 2108 etiam
503 2048 892 2123 montemmaranum,
908 2048 991 2108 Rom.
1010 2046 1058 2105 13.

438 2131 528 2214 Quod
548 2132 749 2195 annotandum
773 2131 831 2194 fuit
854 2143 979 2214 propter
994 2133 1090 2194 Joan·

395 2242 461 2283 nem
486 2218 661 2294 Calvinum,
692 2223 743 2301 qui
773 2220 831 2281 hcc
860 2220 926 2280 loco
953 2220 1091 2299 insurgit,

394 2307 545 2370 haeretico
568 2307 658 2388 plane
681 2309 785 2388 spiritu
810 2317 840 2366 et
863 2329 915 2369 ore
937 2306 1090 2380 maledico,

394 2395 538 2457 adversus
554 2393 756 2475 legislativum
780 2402 957 2475 potestatem
975 2392 1090 2472 praela-

394 2491 489 2544 torum
505 2482 677 2556 Ecclesiae,
699 2481 817 2556 dicens,
838 2490 930 2543 totam
947 2481 1005 2541 Dei
1029 2501 1089 2540 ma·

390 2573 530 2651 jestatem
555 2569 594 2630 ad
617 2590 651 2630 se
672 2589 778 2645 rapere
801 2588 867 2645 eos,
895 2571 948 2650 qni
970 2566 1027 2629 sibi
1038 2569 1091 2647 jus

393 2654 534 2719 ferendae
546 2657 621 2736 legis
632 2655 808 2730 vendicant,
826 2657 954 2736 ideoque
966 2654 1090 2733 Papam,

395 2743 494 2827 quiid
516 2742 624 2814 faciat,
649 2763 715 2805 esse
730 2743 954 2805 Antichristum.
993 2739 1090 2820 Qum

394 2852 454 2893 nou
477 2830 555 2891 idem
576 2829 700 2890 totidem
727 2830 830 2891 verbis
857 2828 961 2891 eodem
989 2827 1090 2889 colore

394 2920 495 2981 dicere
511 2918 644 2997 potnerit
659 2917 806 2979 adversus
822 2916 1026 2998 legislativum
1039 2938 1090 2998 po·

395 3014 535 3069 testatem
551 3025 655 3085 regum
670 3026 706 3066 ac
721 3007 887 3086 principum
904 3014 1017 3077 terrae,
1045 3006 1092 3064 cui

394 3103 494 3154 tamon
523 3094 728 3172 nequissimus
757 3092 920 3172 hypocrita
949 3111 981 3151 se
1010 3090 1091 3152 nolle

394 3180 540 3256 derogare
555 3200 621 3241 cunr
638 3180 851 3260 protestatione
870 3179 1040 3253 confitetur3
1056 3187 1091 3238 ut

395 3267 563 3347 intelligas,
591 3287 650 3347 quo
667 3269 767 3327 auimo
782 3266 910 3342 seratur,
933 3264 1003 3326 dum
1017 3264 1092 3325 haec

394 3355 498 3416 scribit
513 3355 543 3415 iu
557 3355 725 3415 Romanum
737 3353 931 3430 Pontificem,
956 3360 986 3413 et
1001 3372 1090 3431 quam

394 3442 477 3504 nulla
503 3443 542 3503 sit
556 3441 614 3501 ¹illi
639 3443 670 3502 iu
696 3440 788 3503 verbo
815 3442 873 3503 Dei
901 3438 1090 3522 explanando

393 3531 561 3591 sinceritas.

438 3621 486 3680 13.
515 3618 565 3679 Tu
580 3624 706 3691 autem,
731 3618 801 3693 quis
824 3636 871 3690 cs,
897 3618 952 3694 qui
963 3615 1091 3690 judicas

392 3705 597 3781 proximum?
625 3700 757 3764 Graece:
787 3706 837 3765 Tu
865 3706 934 3779 quis
961 3723 1008 3775 es,
1036 3704 1092 3779 qui

387 3792 515 3867 judicus
530 3792 668 3853 alterum
684 3793 749 3851 sive
762 3791 888 3851 alium?
905 3783 957 3848 τὸν
973 3782 1089 3866 ἕτερον.

392 3880 455 3941 Sed
472 3898 507 3940 eo
523 3880 642 3939 nomine
656 3880 810 3959 proximus
822 3876 1014 3958 intelligitur3
1030 3878 1089 3936 imo

393 3968 459 4047 quis
475 3968 629 4046 proximus
645 3965 859 4042 intelligendus
882 3968 937 4037 sit,
965 3964 1088 4043 exponi·

391 4062 456 4128 tur,
471 4051 587 4113 scilicet
603 4056 697 4113 omnis
714 4053 802 4113 borno
818 4045 895 4112 alius
912 4074 928 4110 a
946 4061 984 4113 te.
1009 4051 1088 4129 Qus-

391 4148 514 4218 propter
533 4148 563 4199 st
578 4140 673 4219 Syrus
695 4144 879 4217 prosimum
905 4140 1001 4199 vertit.
1040 4137 1090 4197 lta

390 4226 520 4305 legimus
548 4228 622 4288 Lev.
650 4229 716 4287 20.:
746 4228 781 4289 Si
811 4228 989 4288 moechatus
1019 4227 1089 4302 quis

390 4315 493 4391 fuerit
515 4332 584 4374 cum
607 4333 707 4375 uxore
730 4314 878 4388 alterius,
907 4321 936 4373 ct
962 4312 1088 4372 adulte-

392 4404 477 4461 rium
488 4401 1089 4478 perpetrares-iteumconjuyepronimi

390 4491 448 4549 sui.
471 4488 533 4549 Ubi
548 4488 631 4549 clare
647 4488 798 4559 ridemus,
815 4488 951 4548 alterum
968 4495 997 4546 et
1009 4504 1088 4562 pro·

390 4575 509 4638 simum
522 4573 647 4636 eundern
665 4575 837 4654 significari.
861 4574 908 4633 lta
923 4575 1008 4635 Rom.
1024 4577 1088 4635 la:

392 4665 454 4740 Qui
469 4663 574 4738 aitrau
595 4664 797 4740 proximum,
821 4662 918 4737 legem
935 4660 1087 4736 implevit.

889 604 891 609 ι
911 564 1144 657 obumtratus
1162 565 1195 621 tu
1211 566 1280 622 CAP.
1298 567 1338 621 Π.

1144 742 1235 803 aliurn
1259 743 1317 804 sibi
1339 763 1455 804 sumere
1473 741 1633 822 judicandi
1656 753 1814 826 poterim

1143 831 1202 889 nisi
1228 850 1294 891 eam
1318 851 1336 890 a
1359 830 1549 910 legislatore,
1577 831 1630 910 qui
1652 830 1692 892 sit
1713 839 1817 911 susque

1143 916 1284 998 superior,
1301 916 1330 977 id
1347 927 1394 978 est
1410 940 1429 977 a
1443 917 1521 988 Deo,
1542 919 1701 997 acceperit.
1721 917 1818 980 simle

1143 1014 1212 1065 sunt
1227 1005 1455 1084 objurgationes
1467 1003 1550 1086 apud
1562 1003 1696 1066 Paulum
1706 1003 1742 1065 sd
1751 1004 1819 1065 Rom

1145 1094 1210 1151 1t.:
1241 1094 1291 1153 Tu
1314 1094 1382 1168 quis
1405 1110 1450 1165 ss,
1480 1095 1536 1169 qui
1553 1092 1685 1167 jrsdicas
1701 1092 1819 1153 alueum

1143 1180 1292 1240 seruum?
1321 1179 1462 1239 Domino
1489 1197 1546 1241 sua
1572 1185 1636 1239 stat
1666 1186 1724 1240 aut
1745 1178 1820 1239 cudit

1143 1266 1185 1324 Et
1199 1266 1322 1325 iterum:
1349 1267 1399 1326 Tu
1415 1273 1522 1327 autem
1538 1265 1618 1345 quid
1628 1267 1751 1341 judicas
1762 1266 1821 1343 [ra-

1143 1360 1222 1412 trem
1240 1353 1354 1414 tuum?

1187 1441 1266 1500 Ecce
1296 1457 1384 1500 nunc
1413 1442 1469 1516 qui
1499 1439 1623 1500 dicitis:
1654 1438 1755 1499 Hodie
1779 1444 1822 1499 urst

1143 1529 1282 1587 crastino
1320 1527 1434 1586 ibimus
1468 1529 1504 1587 in
1541 1528 1633 1587 illam
1673 1528 1821 1587 ciuitatem

1144 1614 1267 1673 Transit
1282 1611 1320 1672 ad
1336 1610 1418 1672 aliud
1433 1633 1529 1692 genus
1540 1613 1704 1695 superbias
1714 1622 1820 1693 etprse

1143 1701 1336 1778 sumptionis,
1353 1719 1455 1761 eornm
1471 1698 1631 1772 videlicet,
1660 1701 1712 1779 qui
1726 1698 1761 1761 de
1773 1698 1822 1759 suis

1143 1786 1311 1847 actionibus
1327 1787 1369 1847 ita
1385 1786 1567 1848 confidenter
1582 1796 1729 1862 statuunt,
1743 1786 1822 1847 disu-

1142 1882 1204 1947 tes,
1230 1874 1306 1934 baec
1323 1883 1354 1934 et
1368 1873 1421 1933 illa
1443 1893 1509 1935 sess
1529 1873 1683 1945 facturos,
1708 1870 1822 1934 acriis-

1142 1969 1276 2021 turorum
1301 1959 1413 2021 domini
1436 1969 1553 2035 essent,
1578 1970 1610 2023 et
1631 1982 1651 2022 a
1666 1960 1725 2022 Dei
1738 1958 1822 2021 vulur

1141 2058 1205 2108 tate
1221 2068 1257 2108 ac
1271 2047 1463 2127 providentia
1485 2068 1545 2109 uon
1568 2048 1752 2129 penderent,
1771 2046 1822 2109 sius

1143 2155 1204 2215 qua
1219 2144 1321 2196 tamen
1336 2155 1395 2196 non
1418 2134 1506 2194 modo
1530 2154 1591 2195 uon
1614 2136 1749 2196 actiones
1767 2150 1822 2195 suas

1144 2230 1172 2282 et
1187 2221 1337 2281 actionum
1353 2228 1478 2295 eventa,
1501 2220 1554 2281 sed
1578 2241 1635 2283 uec
1651 2222 1742 2282 vitam
1755 2238 1821 2281 suan

1142 2309 1192 2368 vel
1215 2309 1253 2368 ad
1278 2317 1456 2369 momentum
1479 2310 1510 2367 in
1531 2316 1684 2388 potestate
1705 2308 1821 2369 babeant

1144 2396 1260 2456 Horum
1276 2403 1376 2456 autem
1391 2395 1485 2457 verba
1507 2415 1560 2475 per
1579 2398 1727 2457 mimeaim
1740 2393 1821 2465 ruat

1143 2503 1203 2564 quo
1229 2483 1325 2542 acrior
1351 2484 1391 2542 sit
1415 2481 1589 2543 admonitio.
1639 2481 1754 2544 Graece
1775 2500 1821 2542 uss

1142 2578 1204 2629 est:
1220 2587 1303 2644 ecce,
1321 2568 1391 2630 sed:
1408 2561 1486 2645 ἄγε,
1502 2588 1579 2646 cpe,
1597 2568 1681 2650 quod
1696 2567 1769 2630 iden
1780 2567 1819 2628 ba

1141 2659 1231 2718 betur
1247 2658 1332 2717 initio
1347 2676 1413 2737 cap.
1436 2675 1515 2735 seq.,
1539 2667 1646 2737 estque
1669 2654 1820 2717 adverbium

1143 2745 1304 2805 excitantis
1320 2745 1522 2805 attentionem.
1548 2742 1702 2825 Quodque
1712 2759 1820 2804 mox*

1143 2832 1262 2911 quitur,
1286 2833 1318 2892 in
1334 2830 1449 2892 Graeco
1466 2832 1510 2891 sic
1525 2830 1672 2891 babetur:
1695 2829 1821 2892 flocus

1142 2938 1212 2981 cras
1235 2939 1344 2982 eamus
1365 2922 1402 2980 in
1423 2920 1506 2979 hauc
1535 2922 1698 2980 civitatem
1707 2942 1719 2996 ;
1744 2925 1772 2978 st
1790 2916 1821 2976 its

1143 3007 1286 3084 deinceps
1297 3014 1418 3066 caetera
1430 3005 1531 3078 verba,
1548 3025 1628 3085 quas
1643 3027 1700 3068 nos
1714 3006 1819 3086 legimus

1144 3094 1347 3154 enuntiative:
1359 3094 1533 3171 faciemus,
1549 3094 1768 3168 mercabimur,
1781 3092 1819 3152 la·

1144 3200 1232 3241 mum
1252 3183 1426 3257 faciemus,
1457 3180 1646 3260 subjunctivi
1669 3179 1749 3241 modi
1768 3183 1821 3240 sui

1143 3270 1174 3328 in
1200 3266 1333 3330 Graeco:
1358 3268 1537 3345 suciamus,
1569 3286 1760 3342 mercemur,
1782 3266 1820 3326 la·

1144 3374 1278 3416 cremar.

1186 3443 1298 3502 Verum
1322 3442 1468 3522 interpres
1491 3441 1530 3501 ad
1550 3450 1686 3503 mentem
1708 3436 1820 3521 aposst

1143 3530 1293 3608 respexit,
1324 3530 1375 3605 ‹pui
1405 3548 1464 3589 non
1493 3528 1591 3590 voluit
1616 3549 1729 3611 ponere
1749 3524 1820 3590 verb·

1143 3625 1264 3677 mutuae
1286 3616 1500 3677 cohortationis
1524 3614 1564 3676 ad
1587 3616 1709 3696 aliquid
1730 3614 1820 3678 iacias·

1144 3703 1230 3776 dum,
1245 3703 1298 3764 sed
1314 3702 1407 3764 verba
1423 3705 1568 3783 propositi
1585 3704 1666 3765 firmi
1679 3712 1711 3765 et
1724 3699 1818 3766 iudubl

1142 3793 1207 3851 tati.
1247 3788 1304 3852 Oui
1327 3790 1526 3870 significando
1546 3793 1643 3851 servit
1658 3792 1747 3853 etiarn
1759 3782 1819 3869 apd

1144 3879 1276 3938 Graecos
1306 3876 1456 3938 interdum
1487 3876 1593 3938 modus
1623 3878 1818 3956 subjunctivus

1142 3966 1233 4025 Unde
1249 3974 1280 4023 et
1295 3966 1325 4024 iu
1350 3963 1483 4026 editione
1498 3964 1627 4045 Syriaca
1642 3962 1818 4045 leguntur'sr

1144 4052 1266 4113 dicativi
1282 4051 1363 4112 modi
1379 4051 1482 4112 verba.
1514 4052 1575 4112 Est
1589 4061 1691 4112 autem
1707 4046 1819 4132 Apsstsl

1143 4140 1238 4199 oratio
1252 4136 1410 4218 (quantum
1424 4134 1564 4219 apparet)
1577 4137 1819 4222 imperfectam

1143 4224 1255 4305 plenda
1277 4225 1333 4286 hoc
1359 4234 1411 4284 ant
1433 4226 1523 4286 simili
1547 4223 1654 4287 modo:
1683 4229 1744 4307 Qut
1763 4225 1819 4284 best

1143 4315 1265 4387 dicitis,
1292 4312 1424 4388 superbe
1447 4321 1476 4373 ct
1501 4314 1596 4374 stulte
1621 4314 1748 4393 facitis,-
1769 4307 1818 4382 uli.

1142 4400 1224 4480 quod
1239 4398 1354 4460 mavult
1369 4397 1559 4479 Gaignaeus,
1581 4398 1730 4464 Graecum
1749 4393 1818 4480 pul*

1142 4488 1270 4565 cipinrn:
1286 4477 1449 4562 λέγοντες,
1466 4487 1623 4563 diceutes,
1635 4487 1817 4550 Hebraeum

1141 4593 1224 4634 more
1253 4594 1307 4654 pro
1337 4572 1430 4633 vsrbo
1456 4575 1587 4654 positum
1614 4575 1745 4637 dicatur:
1770 4573 1818 4646 Ast

1141 4678 1246 4735 nuuc,
1263 4658 1367 4721 dicitis
1382 4668 1437 4721 etc.

391 4747 507 4811 Graece
524 4756 583 4810 est:
609 4753 671 4829 Qui
686 4749 791 4825 diligit
806 4748 953 4808 alterum.
991 4745 1087 4826 Argu·
1184 4748 1228 4809 Et
1262 4748 1418 4824 faciemus
1455 4748 1499 4808 ibi
1534 4749 1665 4824 quidem
1707 4757 1818 4810 caan

389 4843 522 4896 mentum
537 4837 629 4916 hujus
652 4837 744 4915 partis
765 4843 810 4896 est
832 4835 1014 4895 acommuni
1038 4853 1088 4893 na·
1141 4833 1274 4894 Graece:
1295 4836 1338 4895 Et
1351 4834 1512 4911 sudamus
1527 4836 1572 4896 ibi
1587 4855 1714 4900 annum
1728 4847 1818 4898 uses!-

390 4931 459 4982 tura
473 4922 607 4984 hominis.
645 4921 720 4983 (inm
738 4923 816 4983 enim
833 4940 937 4983 omues
952 4920 1087 4980 homiues
1140 4923 1260 4983 Facere
1275 4939 1417 4997 anuum,
1445 4914 1536 5001 idJest
1552 4943 1660 5004 agere,
1676 4923 1820 5004 transigat

390 5015 496 5070 natura
521 5010 581 5072 siut
605 5029 708 5092 pares,
738 5030 799 5078 non
833 5007 925 5072 debet
951 5006 1027 5088 alius
1056 5006 1089 5068 iu
1140 5028 1264 5084 aunum,
1283 5017 1317 5096 ut
1331 5007 1382 5070 alii
1398 5015 1527 5072 vertunt.
