4442 5825
688 582 1111 641 armamentarium.
1144 583 1229 641 rsus.
1249 587 1271 640 s.
1290 588 1314 640 a.
1653 590 1726 660 tot

333 752 581 841 naupetceisrat,
596 780 656 843 qua
670 760 785 822 Paulus
800 762 895 823 utitur
910 759 979 824 Gal.
1032 770 1063 824 et
1086 770 1278 843 peccatorum
1303 762 1425 824 veniam
1451 761 1621 836 consecuti,
1655 759 1727 820 licet

333 850 392 923 ‚uhi
404 852 515 912 Latine
529 850 573 910 sie
588 849 732 929 legimus:
755 857 890 927 propter
904 849 979 910 sub·
1032 858 1137 931 postes
1159 852 1189 911 in
1207 858 1343 912 veterem
1358 851 1476 931 peccati
1492 849 1667 909 seruitutem
1681 865 1726 907 re·

333 936 484 1000 emmens
496 938 596 1016 falsos
608 937 737 1015 fratres.
766 935 866 998 Judas
880 937 979 997 similo
1031 937 1117 1018 lapsi.
1148 938 1236 1018 Quae
1259 937 1365 998 eadem
1387 937 1524 997 doctrina
1538 943 1584 995 est
1599 933 1728 995 concilii

333 1024 413 1087 stam
426 1025 535 1087 hahet:
561 1024 823 1086 subintroierant
837 1024 977 1100 quidam.
1032 1024 1197 1097 Valentini,
1212 1033 1281 1086 ante
1297 1044 1391 1086 annos
1405 1041 1502 1105 paene
1517 1023 1589 1082 800.
1611 1022 1643 1083 iu
1658 1020 1729 1082 Gal·

333 1130 426 1173 rsmne
439 1112 519 1172 huna
534 1111 632 1173 locum
648 1112 692 1172 ita
705 1112 807 1172 vertit:
824 1113 885 1190 Qui
897 1112 979 1171 clam
1032 1111 1081 1172 liis
1096 1110 1199 1185 habiti,
1223 1131 1289 1192 cap.
1306 1114 1335 1174 h.
1350 1110 1530 1183 affirmantis,
1553 1107 1668 1170 Christi
1683 1127 1727 1168 re·

333 1198 438 1262 lacent
462 1205 559 1261 sectas
581 1200 789 1275 pemtetoras.
818 1198 875 1258 Est
899 1198 979 1258 enim
1033 1199 1233 1279 demptionem
1249 1200 1340 1260 etism
1362 1197 1401 1259 ad
1416 1217 1468 1259 eos
1483 1197 1643 1277 pertinere,
1665 1197 1729 1275 qui,

333 1285 490 1359 hnismus,
512 1304 575 1366 quo¹
593 1287 750 1365 genitivus
773 1285 912 1346 effectum
928 1282 979 1344 de·
1033 1287 1088 1347 etei
1102 1305 1163 1349 non
1179 1285 1340 1359 salventur,
1362 1286 1435 1367 qnia
1449 1304 1509 1344 uon
1522 1290 1728 1365 perseverant,

333 1384 398 1447 tues,
412 1374 464 1435 vel
479 1373 609 1453 epitheti
622 1373 697 1447 loco,
719 1371 770 1434 vel
783 1370 980 1433 restrictionis
1031 1373 1179 1454 baptismo
1194 1379 1296 1433 tamen
1309 1372 1480 1453 regenerati
1494 1368 1629 1445 fuerunt,
1652 1378 1682 1429 et
1697 1372 1728 1429 io

333 1479 377 1521 rsa
390 1458 567 1541 adjungitur
581 1478 636 1519 auo
651 1459 778 1521 nomini:
794 1467 890 1521 sectae
900 1476 980 1534 per·
1033 1460 1181 1539 sanguine
1208 1458 1318 1519 Ohrieti
1344 1479 1362 1518 a
1384 1459 1513 1540 peccatis
1536 1458 1600 1518 sais
1623 1455 1727 1517 abluti.

333 1548 427 1623 mis,
448 1546 479 1609 id
502 1554 555 1622 aar,
576 1545 776 1627 perditionem
795 1545 979 1606 adferentes.
1033 1546 1092 1608 Sed
1116 1565 1156 1607 ne
1170 1547 1242 1607 hino
1257 1545 1399 1628 colligas,
1423 1544 1462 1606 ed
1485 1563 1586 1605 omues
1609 1544 1727 1604 omnino

333 1654 364 1697 n
391 1634 445 1696 uhi
471 1632 541 1694 fidei
570 1632 780 1714 naufragium,
809 1632 852 1693 ihi
881 1641 979 1692 certus
1033 1634 1168 1694 homines
1196 1633 1331 1694 effectum
1358 1631 1570 1713 redemptionis
1596 1630 1729 1703 extendi,

333 1722 425 1783 ritus
453 1730 510 1783 eat.
553 1719 647 1781 Dixi:
693 1721 741 1781 uel
773 1722 980 1781 restrictionis
1033 1720 1115 1802 quod
1138 1723 1168 1781 in
1191 1719 1296 1781 eodem
1319 1720 1455 1783 Ooncillo
1479 1738 1545 1798 cap.
1562 1720 1590 1779 4.
1616 1718 1730 1777 diserte

333 1826 400 1887 ως
430 1827 500 1869 uam
529 1814 645 1883 sectae,
675 1805 754 1887 quod
786 1806 906 1868 Graece
935 1813 980 1867 est
1033 1817 1170 1888 negatur.
1197 1807 1285 1882 Vide,
1309 1827 1386 1888 quae
1402 1806 1483 1867 dicta
1498 1813 1567 1865 sunt
1582 1805 1619 1865 ud
1636 1804 1729 1863 verba

333 1886 431 1970 heic,
459 1896 599 1976 quemvis
623 1913 681 1955 usu
707 1895 799 1954 totius
821 1893 980 1954 Ecclesiae
1033 1894 1123 1955 Pauli
1139 1896 1224 1955 Rom.
1242 1898 1290 1968 14,
1307 1897 1355 1956 15.
1373 1898 1436 1954 etl
1455 1891 1523 1952 (lor.
1540 1895 1569 1966 8,
1587 1896 1635 1952 11.

333 1982 445 2047 solim
475 1983 507 2042 in
535 1980 646 2042 malam
670 1990 786 2060 partem
816 1982 980 2060 accipiatur
1075 1982 1330 2059 superducerem
1351 1982 1410 2041 ethi
1429 1982 1557 2041 celerem
1571 1979 1730 2055 perditio·

333 2070 504 2133 idatiano
518 2069 683 2140 notissima,
698 2078 799 2129 umen
814 2068 896 2148 apud
911 2087 979 2147 pro·
1033 2088 1115 2131 nem.
1140 2068 1259 2129 Allucio
1274 2079 1321 2130 eet
1335 2066 1374 2129 nl
1387 2067 1426 2141 id,
1441 2065 1522 2147 quod
1534 2065 1664 2138 dixerat,
1677 2084 1729 2125 eos

333 2176 370 2221 Ι
383 2165 539 2231 amores,
559 2164 652 2236 atque
672 2158 763 2216 etiam
779 2155 812 2214 in
825 2155 981 2235 Scriptura
1033 2157 1272 2219 introducturos
1293 2163 1390 2217 aeetae
1407 2156 1599 2231 perditionis
1605 2176 1617 2230 ,·
1644 2173 1681 2214 ac
1703 2153 1730 2212 si

333 2264 380 2319 rs,
393 2242 576 2306 vocabulum
590 2242 720 2304 madium
740 2249 797 2314 est,
811 2241 982 2321 significans
1034 2243 1129 2305 dicat:
1159 2242 1242 2303 Dum
1265 2241 1461 2304 subinducent
1476 2248 1572 2300 sectas
1588 2238 1729 2320 perditio-

333 2331 464 2406 niumm,
488 2350 580 2411 qnam
595 2330 665 2409 quis
680 2327 737 2389 sibi
751 2327 906 2408 delegerit,
927 2347 981 2388 seu
1034 2332 1090 2404 nis,
1111 2328 1170 2391 sibi
1187 2331 1260 2410 ipsis
1277 2328 1487 2410 superducent,
1508 2325 1610 2401 idest,
1630 2344 1729 2386 aecer-

333 2436 394 2493 nru,
419 2438 476 2481 seu
502 2417 621 2479 taleam
664 2415 758 2478 Poma
782 2433 859 2496 ques
884 2423 982 2476 sectas
1034 2425 1110 2491 seut,
1127 2416 1257 2479 celerem
1272 2415 1477 2497 perditionem,
1493 2416 1550 2475 hoc
1565 2421 1619 2486 est,
1635 2413 1729 2492 inopi-

333 2506 507 2569 rsduxerint
528 2503 620 2585 primi
641 2504 720 2565 inter
739 2502 926 2565 Christianos
942 2521 982 2562 ex
1034 2514 1135 2567 natum
1151 2505 1312 2567 interitum.
1343 2501 1435 2583 Quod
1449 2503 1528 2563 euim
1543 2502 1730 2581 inopinatum

333 2590 412 2655 M
425 2593 585 2666 haeretici,
609 2589 672 2652 late
686 2588 775 2652 docet
789 2590 983 2672 Epiphaniae
1035 2602 1128 2675 atque
1142 2594 1381 2672 inexspectatum
1402 2597 1457 2663 est,
1480 2588 1512 2649 id
1535 2588 1671 2650 celeriter
1693 2605 1729 2645 ac

333 2686 384 2743 sl.
1034 2678 1133 2742 subito
1150 2677 1266 2739 videtur
1279 2677 1425 2752 accidere,
1441 2677 1562 2738 etiamsi
1572 2671 1728 2757 postmul-

333 2768 374 2831 Β
397 2769 498 2841 uam,
524 2768 581 2843 qai
603 2768 678 2825 emit
703 2783 773 2838 eos,
804 2766 981 2826 Dominam
1035 2776 1097 2828 tum
1113 2775 1232 2847 tempus
1247 2764 1373 2827 accidat
1403 2765 1555 2844 Loquitur
1576 2772 1675 2824 autem
1690 2760 1728 2822 de

333 2862 414 2934 pat
429 2856 568 2931 Neoant,
584 2849 700 2914 Graece
715 2852 906 2932 perticipium
922 2857 982 2911 eet:
1037 2855 1227 2917 damnatione
1242 2862 1377 2928 aeterna,
1399 2870 1479 2934 quaa
1494 2849 1579 2913 malis
1594 2871 1630 2911 ac
1643 2866 1729 2931 prae·

333 2935 486 3022 ”ipsuum
523 2945 705 3021 qumquam
739 2937 771 2999 id
799 2940 886 3000 verbi
916 2939 983 2999 loco
1036 2944 1125 3023 cipue
1147 2960 1280 3002 errorum
1301 2941 1454 3022 magistris
1476 2938 1670 3020 superveniet
1687 2936 1730 2997 in·

333 3029 415 3102 ¹flam
439 3026 540 3090 rideri
565 3034 673 3108 potest,
700 3026 761 3086 nisi
788 3025 877 3087 malis
906 3024 983 3086 hanc
1036 3036 1222 3109 exspectate.

333 3123 403 3180 rtur
429 3122 608 3178 connectere
634 3132 702 3173 cum
729 3112 797 3173 illa:
828 3115 870 3174 In
896 3113 984 3173 uobis
1079 3119 1109 3177 2.
1124 3113 1731 3191 Etmaltieeqaenturearumlueeeriar.

333 3211 384 3266 nt
396 3203 544 3279 sesami
556 3200 734 3274 manducer,
750 3208 779 3260 et
794 3201 982 3275 Dosninum,
1035 3204 1073 3263 In
1095 3202 1222 3264 Graecis
1244 3201 1397 3262 codicibus
1420 3199 1533 3281 duplex
1558 3209 1607 3261 est
1631 3198 1731 3258 lectio.

333 3291 589 3352 lsosenematus
603 3294 658 3361 eet,
680 3294 840 3363 aequatae.
871 3287 983 3346 Sensus
1034 3289 1124 3351 Multi
1145 3289 1271 3349 habent:
1296 3280 1476 3362 ἀπωλείαις,
1499 3296 1533 3347 ut
1555 3283 1731 3347 vertendum

333 3379 463 3440 hest:
487 3373 640 3436 Christum
654 3375 873 3453 redemptorem
888 3391 982 3445 suum,
1036 3381 1090 3438 sit:
1117 3382 1289 3453 sequentur
1311 3393 1420 3437 eorum
1443 3373 1651 3452 perditiones,
1667 3372 1732 3432 eive

333 3459 503 3526 imatus
525 3469 571 3522 est
590 3468 691 3521 eoaet
704 3459 832 3521 redemit
845 3480 898 3520 suo
914 3481 981 3519 ean·
1039 3466 1144 3524 exitia.
1160 3464 1197 3523 In
1209 3462 1277 3524 aliis
1288 3483 1348 3523 non
1361 3463 1472 3542 paucis,
1488 3479 1565 3541 quos
1575 3459 1734 3521 annotarit

333 3549 385 3626 ha
406 3567 511 3629 eoque
525 3548 597 3627 jure
618 3547 767 3608 Dominus
782 3549 912 3627 ipsorum
928 3559 983 3619 est,
1036 3551 1185 3610 Robertns
1200 3549 1381 3629 Stephanus,
1402 3547 1526 3628 legitur:
1551 3538 1732 3623 ἀσελγείαις

333 3637 465 3719 *turi
493 3643 584 3711 aunt3
614 3636 641 3694 si
668 3655 730 3694 non
760 3635 871 3706 umbo,
902 3642 984 3693 certe
1037 3655 1116 3717 quae
1137 3655 1197 3697 vox
1213 3638 1360 3698 tueamur
1374 3637 1438 3696 sive
1453 3636 1604 3696 lasciuiae
1619 3631 1732 3714 signiti-

333 3725 374 3804 ΓΙ
387 3732 429 3802 ¹et
456 3723 612 3804 pravitate
641 3720 810 3798 doctrinae;
841 3719 985 3781 videlicet
1036 3732 1093 3784 cat
1116 3724 1182 3783 Noc
1197 3723 1329 3798 dubium,
1345 3723 1416 3802 quin
1431 3741 1519 3783 noser
1529 3721 1732 3801 interprosita

333 3813 480 3876 &nutet
515 3811 657 3884 oratiam
687 3809 916 3886 transferentes
947 3810 984 3868 in
1036 3812 1152 3889 legerit.
1185 3811 1300 3889 Estque
1323 3830 1359 3870 ea
1379 3810 1468 3870 lectio
1484 3809 1575 3886 longe
1590 3805 1730 3887 probabi-

333 3900 461 3971 uiam
482 3902 519 3958 -et
537 3913 598 3972 pes·
610 3895 669 3955 icoc
683 3895 784 3955 solam
800 3895 983 3955 dominato-
1035 3898 1102 3957 lior.
1126 3898 1194 3957 Non
1210 3899 1289 3957 enim
1306 3897 1435 3976 proprie,
1459 3915 1514 3958 nec
1535 3896 1646 3955 usitate
1662 3895 1730 3972 quis

333 3991 398 4048 stet
409 3983 591 4046 nontam
604 3987 751 4043 nostrum
766 3984 880 4045 Jeeuen
893 3981 982 4042 otri·
1036 3983 1147 4044 dicitur
1170 3985 1256 4063 aequi
1278 3984 1402 4043 alteriue
1424 3980 1637 4062 perditionem
1660 3978 1733 4041 lieet

333 4083 371 4150 ῃ
382 4076 537 4146 umentes
546 4089 560 4145 ,·
583 4077 622 4130 ut·
630 4069 771 4148 exprimit
784 4067 819 4128 B.
835 4068 859 4129 J
861 4066 937 4127 udae
952 4069 983 4127 in
1036 4073 1102 4149 ejus
1116 4089 1214 4130 mores
1231 4069 1374 4130 imitando
1389 4068 1476 4150 perdi
1491 4086 1558 4128 cum
1574 4088 1610 4129 eo
1620 4087 1731 4128 merea·

333 4156 509 4239 ulpistoles,
533 4156 596 4237 qui·
613 4154 698 4216 locus
721 4175 787 4214 cum
810 4164 916 4216 nostro.
937 4163 985 4215 ost
1036 4168 1091 4217 tur.
1116 4159 1155 4216 Et
1169 4157 1282 4236 alioqui
1299 4156 1459 4218 dicendum
1475 4164 1555 4216 arat:
1571 4156 1732 4232 perditio·

333 4241 494 4322 Melus,
516 4250 550 4302 et
571 4243 639 4321 ipss
653 4241 761 4302 Petrus
786 4241 834 4301 hic
861 4240 983 4315 indicat,
1035 4263 1127 4315 nem,
1153 4244 1299 4322 singulari
1326 4261 1465 4320 numero3
1491 4241 1644 4324 quomodo
1666 4243 1732 4320 jam

333 4335 423 4412 ¹urs„
437 4327 521 4412 quot
548 4329 644 4392 malti
672 4336 845 4405 emesena
873 4347 982 4389 aarum
1036 4331 1128 4391 semel
1145 4334 1296 4390 etiterum
1313 4329 1441 4390 dixerat.
1466 4329 1528 4391 Sed
1542 4328 1670 4409 etqnod
1685 4349 1728 4389 se

333 4420 453 4500 βίῃ,
472 4433 536 4494 per
555 4433 635 4494 prees
654 4418 711 4476 oin
732 4418 876 4477 ueritate
898 4416 982 4475 blas·
1036 4419 1152 4498 quitur:
1181 4419 1246 4478 Per
1267 4435 1344 4494 quoe
1358 4420 1413 4477 uia
1428 4418 1571 4477 cecitatis
1586 4416 1732 4492 blasphe-

333 4503 494 4570 attur.
661 4575 665 4582 ¹
1034 4504 1185 4578 motitur,
1201 4505 1272 4564 suth
1287 4504 1387 4583 arguit
1402 4505 1549 4568 laeuam
1560 4501 1731 4582 legendam,

333 4587 451 4674 Ιῌιοο
464 4588 628 4664 locabant
642 4589 808 4668 colligitur,
829 4588 982 4650 Christum
1034 4610 1103 4654 noso
1130 4591 1335 4668 perditiones.
1375 4590 1577 4651 Veruntamen
1603 4598 1730 4670 possunt

333 4679 454 4744 uisam
476 4674 632 4758 quedem.
655 4675 815 4757 reprobos,
843 4677 981 4752 nimirum
1034 4677 1110 4739 haec
1121 4678 1179 4737 duo
1192 4698 1281 4739 sensu
1294 4680 1444 4758 conjungi,
1459 4679 1489 4736 in
1501 4675 1730 4737 huncmodum:

333 4767 426 4848 eqni
441 4764 657 4846 redemptionis
668 4766 736 4843 ejus
747 4763 912 4824 secundum
926 4764 979 4824 ali·
1034 4765 1146 4826 Multos
1161 4764 1315 4827 habebunt
1325 4783 1442 4826 suarum
1459 4762 1652 4823 lasciviarum
1668 4764 1730 4824 imi·

333 4850 864 4931 ffuffectast'satiauutpartioipem
879 4852 978 4927 cujus·
1033 4860 1155 4924 tutores,
1178 4860 1213 4920 et,-
1230 4853 1365 4932 impurae
1388 4852 1543 4912 doetrinae
1559 4859 1730 4922 sectatores,

333 4935 980 5020 Rarauthi,deqpibuaRetmsloquitm3
1033 4959 1109 5019 quos
1139 4956 1241 4999 senum
1267 4938 1442 4999 trahentia
1470 4936 1569 4997 simile
1594 4938 1730 4996 exitium.

333 5035 463 5108 {eaput
483 5021 630 5094 Mandu
641 5023 790 5105 tapetem
805 5027 980 5103 regenerati,
1033 5026 1126 5087 'Palus
1151 5025 1235 5086 fuere
1254 5024 1420 5087 Simoniani
1443 5032 1474 5084 et
1486 5023 1673 5097 Nicolaitae,
1699 5025 1729 5084 in
