4442 5825
398 618 478 702 102¹
739 642 744 651 ·
910 619 1145 677 malitiis
1161 618 1194 675 ut
1211 620 1326 676 carru,
1371 616 1391 653 ·'

894 790 1099 862 multatus!
1121 792 1248 863 leiilS
1270 792 1388 866 sumt.

395 934 520 988 Describit
539 932 667 988 t’onttucts
693 931 821 996 otidum,
847 931 976 985 christum
998 931 1138 985 osteudens
1161 944 1253 986 uerum
1271 933 1422 987 Pontificem
1440 932 1536 998 tuisse,
1560 937 1587 987 et
1604 945 1653 998 pre
1671 933 1740 988 uoti

500 1003 638 1072 pellentem
658 1001 781 1054 exaudiri.
818 1001 904 1055 obiter
921 1000 1061 1054 ruditatem
1078 1001 1282 1068 camerorum,
1302 1003 1333 1055 ad
1353 1015 1419 1069 quos
1437 1002 1533 1056 scribit.

440 1151 466 1206 1.
490 1146 600 1207 Omnis
614 1162 754 1222 numque
768 1143 921 1220 Pontifex
935 1159 974 1203 sc
988 1142 1092 1202 tomi·
1144 1141 1313 1204 horninibus
1325 1145 1502 1216 assumitur,
1520 1142 1664 1222 idemque
1679 1162 1735 1223 pro

394 1233 488 1293 aidus
503 1238 681 1308 asscsmptus
693 1248 756 1309 pro
778 1229 959 1292 hominibus
972 1229 1090 1289 wasti-
1143 1229 1231 1289 uibus
1247 1231 1454 1304 constituitur,
1469 1239 1504 1290 at
1519 1248 1623 1291 eorum
1635 1249 1740 1291 canses

394 1323 497 1380 tuitur
524 1322 560 1380 irs
590 1321 643 1393 iis,
682 1336 764 1395 quas
793 1324 870 1378 sunt
902 1316 946 1375 ad
975 1317 1090 1377 Deum.
1143 1315 1225 1396 apud
1241 1316 1348 1390 Deum,
1365 1316 1396 1377 id
1412 1327 1458 1377 est
1471 1325 1507 1377 ιιι
1520 1313 1670 1377 mediator
1684 1337 1740 1378 eor

395 1406 485 1486 Quod
505 1406 537 1465 in
558 1406 659 1466 verbis
680 1403 929 1485 praecedentibus
955 1403 1089 1482 sumpsit,
1143 1412 1172 1463 et
1187 1403 1370 1476 conciliator,
1386 1411 1478 1484 etque
1490 1405 1636 1483 interpres
1647 1406 1682 1464 in
1697 1422 1740 1464 cru

395 1491 544 1554 Christum
567 1511 634 1552 esse
656 1491 848 1562 Pontificem,
876 1488 907 1551 id
930 1490 994 1568 jam
1022 1509 1088 1568 pro·
1143 1509 1223 1568 quae
1245 1497 1313 1550 suut
1334 1489 1415 1570 apud
1433 1491 1533 1550 Deum
1554 1489 1684 1569 αςιιιιιίιι.
1721 1491 1740 1551 1

393 1579 466 1640 bare
483 1580 610 1639 instituit
632 1598 692 1638 non
714 1576 837 1658 quidem
861 1597 900 1638 ex
916 1574 1090 1636 definitione
1142 1578 1336 1657 posteriorem
1361 1578 1517 1639 existimat
1538 1575 1678 1638 Jcauues
1694 1576 1740 1639 (la

394 1667 543 1747 pontificis
559 1685 595 1724 sc
608 1658 743 1745 [propriis
764 1666 830 1743 ejus
853 1665 945 1736 notis,
968 1670 1003 1722 ut
1024 1664 1088 1742 qui·
1142 1662 1296 1724 hocmodo
1305 1665 1416 1724 rectius
1426 1665 1502 1724 verti
1513 1681 1607 1744 posse,
1615 1664 1740 1743 verhop

393 1752 520 1813 busdam
549 1750 683 1826 videtum
714 1751 828 1831 alioqui
856 1767 980 1811 necesse
1008 1758 1090 1811 esset
1142 1752 1174 1811 iu
1189 1751 1319 1811 activum
1334 1759 1467 1812 mutato:
1495 1752 1684 1825 Constituit,
1708 1753 1737 1812 si

394 1840 506 1912 omnia,
522 1857 599 1919 quse
613 1839 662 1899 hic
677 1835 715 1898 de
730 1837 871 1918 pontifice
885 1835 1035 1908 dicuutur,
1058 1838 1091 1896 in
1142 1837 1237 1897 einos
1252 1856 1300 1913 su,
1317 1856 1398 1915 ques
1410 1838 1541 1899 suntad
1552 1840 1667 1900 Deum,
1691 1837 1740 1899 Gr.

395 1925 542 1987 Christum
558 1932 741 2004 competere;
760 1926 836 1984 inter
853 1943 929 2004 quse
944 1920 1021 1982 illud
1036 1932 1089 1996 est,
1142 1925 1223 1984 enim
1237 1925 1362 1986 verbum
1376 1919 1564 1987 καθίσταται
1577 1923 1710 1985 medium
1726 1945 1740 1986 ε

394 2011 476 2092 quod
505 2009 643 2092 pontifex
672 2032 726 2091 pro
756 2018 852 2072 semet
880 2012 945 2090 ipso
979 2008 1092 2069 debeat
1142 2009 1303 2072 accusandi
1318 2030 1421 2073 casum
1444 2011 1538 2074 habet
1556 2011 1740 2092 adjunctum.

394 2098 500 2160 offerre
515 2097 689 2160 sacrificinm
707 2119 760 2180 pro
775 2099 918 2178 peccatis.
956 2095 1025 2157 Hoc
1040 2115 1090 2156 su·
1142 2097 1333 2178 perspicuum
1348 2106 1408 2172 est,
1432 2118 1500 2159 snm
1513 2099 1587 2160 ialli.
1621 2097 1700 2159 Nam
1715 2121 1739 2160 a

394 2193 454 2247 tem
470 2206 489 2247 a
505 2185 622 2245 Christo
637 2185 770 2248 alienum
786 2204 861 2256 esse,
879 2190 1005 2244 constat
1028 2181 1090 2243 sou
1142 2183 1215 2258 hoo,
1238 2185 1295 2246 etsi
1310 2184 1458 2257 medium,
1483 2187 1606 2266 passive
1622 2191 1740 2248 tautum

393 2271 425 2333 id
439 2270 511 2332 iacit
526 2291 565 2333 ex
588 2270 714 2333 aliorum
732 2272 903 2354 pontificum
919 2269 1089 2342 collatione,
1141 2279 1245 2352 patur‚
1271 2271 1354 2331 velut
1376 2271 1454 2332 infra
1476 2293 1542 2354 cap.
1558 2272 1588 2332 8.
1607 2290 1731 2353 prorsus

393 2358 535 2420 videlicet
549 2358 763 2420 haeriticorum.
787 2359 895 2438 Neque
908 2360 990 2417 enim
1006 2365 1090 2417 erant
1141 2359 1306 2420 sententis:
1333 2359 1444 2421 Omnis
1464 2359 1615 2438 pontifex
1636 2360 1681 2418 ud
1704 2361 1740 2438 en

394 2445 446 2508 alii
462 2445 637 2527 pontifices,
662 2466 729 2507 cnm
751 2447 864 2527 quibas
886 2443 1006 2507 collatio
1022 2442 1089 2503 heri
1142 2445 1219 2506 dum
1244 2463 1382 2507 munere
1411 2454 1441 2509 et
1469 2449 1589 2509 tostius
1617 2449 1740 2507 consuti

393 2542 503 2613 posset.
525 2531 606 2593 Nem
620 2535 677 2594 etsi
691 2542 764 2595 aute
778 2533 877 2612 legem
892 2531 1018 2603 tuerint,
1037 2531 1089 2609 qui
1141 2532 1212 2593 item
1237 2532 1304 2594 Jac
1333 2536 1375 2596 3.:
1414 2535 1544 2610 Linque
1573 2536 1739 2595 constituit

393 2620 540 2683 terrificis
555 2617 621 2679 Deo
645 2619 799 2681 offerrent:
825 2628 925 2681 tamen
944 2615 982 2678 de
1000 2617 1088 2678 Levi·
1141 2619 1288 2680 memhris
1302 2622 1430 2696 nestris,
1447 2629 1480 2681 et
1493 2641 1558 2702 cap.
1575 2621 1622 2678 4.:
1647 2622 1740 2699 Quies

393 2707 453 2766 tioo
469 2714 583 2767 tantum
601 2706 744 2785 pontifice
759 2704 938 2787 Apostolum
954 2703 1045 2784 loqui,
1061 2710 1090 2762 et
1144 2706 1279 2766 statuerit
1294 2710 1415 2767 amicus
1430 2726 1492 2768 ssss
1507 2707 1624 2769 saeculi
1639 2708 1736 2782 liujus

394 2811 461 2853 cum
488 2813 522 2853 eo
547 2788 699 2853 Christum
722 2791 873 2866 conterre,
899 2788 1088 2852 manifestum
1141 2796 1240 2853 micres
1251 2794 1313 2854 Dei
1328 2797 1539 2857 constituitur.
1562 2793 1740 2876 Ubicumqu·

393 2887 439 2941 eet
453 2886 546 2941 totam
562 2880 668 2942 seriem
691 2880 847 2961 coquentis
871 2876 1089 2940 dissertationis
1142 2899 1197 2941 nos
1210 2877 1357 2959 legimns:
1380 2885 1560 2958 σοιιιιίιιιίι,
1586 2883 1617 2942 in
1634 2879 1740 2943 ease

393 2968 528 3029 intuenti.
561 2965 650 3027 Unde
664 2969 709 3028 ait
722 2988 787 3047 cap.
805 2966 832 3027 7.
848 2965 886 3027 sd
902 2965 1006 3028 husmr
1023 2965 1090 3026 Les:
1141 2987 1212 3027 rum
1227 2976 1272 3026 est
1287 2968 1425 3041 verbum,
1452 2990 1512 3030 nou
1527 2967 1675 3041 medium,
1703 2979 1738 3030 ut

392 3056 535 3116 tremisses
549 3057 711 3116 comtituit
733 3054 924 3129 secudotss,
948 3052 1088 3131 infirmi·
1143 3055 1237 3133 Epist.
1262 3074 1327 3133 cap.
1353 3056 1397 3115 7.:
1424 3057 1491 3119 Les
1511 3058 1655 3118 homines
1677 3075 1740 3119 con

393 3149 489 3203 tetsm
505 3141 660 3202 habentes.
684 3142 784 3203 Docet
798 3161 885 3221 ergo,
902 3140 975 3221 quid
991 3137 1090 3200 simiis
1141 3141 1316 3202 sacerdotes
1330 3142 1551 3219 infirmitatem
1566 3142 1724 3205 secantes.

394 3226 531 3289 Christus
556 3221 675 3291 habeat
707 3249 776 3290 cum
811 3226 904 3307 legali
941 3227 1089 3308 pontifice,
1143 3246 1231 3288 casus
1253 3232 1445 3292 accusativus
1467 3231 1629 3309 adjunctus
1650 3230 1726 3291 nihil

393 3334 528 3396 veroque
542 3334 578 3375 ac
592 3314 727 3397 legitimo
744 3316 809 3394 ejus
824 3314 928 3388 officio,
945 3322 978 3375 ut
991 3320 1086 3374 osteu·
1143 3314 1279 3375 Graecae
1295 3312 1416 3395 linguae
1432 3320 1560 3397 peritos,
1575 3317 1740 3400 qni'uorunt

393 3401 459 3477 dat,
475 3422 541 3464 eum
558 3422 629 3464 vere
643 3403 822 3464 Pontificem
837 3421 916 3475 esse,
937 3410 999 3462 tum
1016 3399 1089 3484 quid
1142 3420 1244 3462 casum
1274 3403 1339 3482 regi
1369 3426 1388 3464 a
1417 3404 1579 3466 subaudita
1615 3424 1740 3484 praepos

392 3490 505 3552 habeat
526 3489 689 3565 diversum,
717 3510 778 3571 quo
800 3489 920 3571 probet,
945 3487 1000 3550 illo
1023 3507 1090 3549 esse
1142 3481 1238 3564 κατὰ,
1266 3489 1344 3550 sicut
1364 3492 1455 3552 etiam
1478 3492 1688 3554 admonuimus
1711 3494 1740 3554 ιιι

391 3579 543 3657 maiorem.
582 3580 787 3653 Assumptus,
805 3580 846 3638 *in
865 3574 982 3639 Graeco
998 3577 1088 3656 parti·
1142 3596 1205 3656 ssp.
1230 3579 1276 3637 λι
1311 3579 1351 3639 Ut
1376 3581 1553 3642 misericors
1579 3580 1667 3654 tieret
1690 3588 1720 3640 ct

392 3664 504 3742 cipiurn
520 3671 567 3724 est
582 3666 749 3743 praesentis
772 3665 914 3743 temporis
934 3654 1089 3741 λαμβανό-
1141 3665 1288 3741 puniisse
1311 3665 1355 3725 os
1371 3667 1483 3727 Daune
1522 3668 1662 3747 Denique
1679 3665 1739 3746 Syr

392 3766 492 3827 μενος.
539 3748 629 3810 Unde
654 3752 745 3811 vertit
774 3750 935 3810 Erasmus:
968 3752 1023 3829 qui
1052 3767 1090 3811 sa·
1141 3759 1255 3832 terpres
1272 3770 1436 3832 omnesque
1451 3752 1563 3815 Graeci
1582 3761 1740 3815 tractatore

392 3835 572 3898 hominibus
586 3839 766 3899 assumitur.
1140 3838 1207 3898 eive
1223 3836 1350 3899 verbum
1364 3839 1421 3902 hoc
1436 3848 1604 3922 exponunt3
1624 3858 1680 3901 nse
1697 3849 1740 3902 est

434 3924 499 4002 Ego
537 3923 637 3985 malim
669 3924 774 3985 addita
804 3923 1014 4002 conjunctione
1043 3924 1088 3983 sie
1139 3943 1232 4004 quam
1255 3944 1373 4000 eorum,
1396 3930 1450 4008 qni
1472 3930 1589 3988 activae
1614 3928 1740 4007 significa

391 4011 485 4071 verti:
502 4011 612 4072 Omnis
627 4013 711 4072 enim
726 4011 881 4087 Pontifex
897 4027 935 4072 su
949 4011 1087 4071 homiui-
1140 4011 1320 4072 meminerit.

391 4097 634 4165 interemitur
656 4105 760 4175 cipro
775 4097 956 4158 hominibus
971 4098 1087 4158 corasti-
1189 4098 1229 4158 Ut
1258 4099 1373 4176 offerat
1409 4100 1496 4161 dono
1530 4108 1561 4161 et
1588 4101 1740 4177 sacrificis

390 4184 493 4244 tuitus
508 4191 563 4243 eto.
601 4183 652 4243 Sic
667 4186 748 4245 enim
763 4182 847 4243 haud
862 4182 953 4243 dubie
970 4182 1086 4263 plenius
1136 4186 1281 4260 peccetis.
1304 4185 1477 4264 Sacrificio,
1493 4185 1610 4248 Graece
1622 4180 1740 4258 θυσίας,

390 4267 588 4349 explicabitur
601 4289 687 4329 mens
700 4269 846 4349 Apostoli,
862 4270 915 4349 qui
928 4276 1086 4350 utrumque
1139 4272 1259 4331 nomine
1289 4273 1410 4352 proprie
1447 4274 1656 4352 significantur
1694 4294 1740 4336 est

390 4356 511 4417 horum:
535 4375 573 4416 ex
589 4355 759 4417 homiuibus
781 4358 894 4417 assumi
917 4365 949 4418 st
964 4376 1017 4434 pro
1033 4355 1084 4416 ho·
1139 4357 1311 4417 animalium
1326 4360 1500 4432 occisorum,
1517 4380 1595 4440 quae
1610 4360 1730 4423 Latinis

389 4443 518 4502 minibus
533 4443 690 4513 constitui,
711 4440 810 4504 adfert
824 4449 859 4502 ut
871 4443 1086 4525 proprietatem
1137 4462 1209 4504 mus
1224 4454 1379 4518 vocantur,
1395 4466 1460 4507 cum
1473 4447 1611 4507 sacrificii
1624 4467 1735 4509 nomen

390 4527 553 4590 sacerdotis
575 4527 706 4589 Levitici
730 4526 846 4590 Christo
863 4527 1084 4609 applicandam.
1137 4528 1177 4590 ad
1190 4530 1356 4591 inanimata
1372 4533 1529 4612 pertineat.
1554 4533 1614 4593 Pro
1631 4534 1728 4596 denis

389 4612 468 4675 Nam
484 4611 636 4676 cumton
650 4633 688 4675 ex
710 4614 880 4678 homiuibus
903 4616 1015 4678 assumi
1035 4614 1085 4675 de·
1137 4617 1265 4692 criticus
1287 4617 1363 4678 iufra
1386 4639 1451 4698 cap.
1476 4619 1522 4692 8.,
1552 4620 1606 4681 ubi
1630 4641 1737 4683 rursus

390 4701 501 4772 buisse,
513 4702 577 4780 jam
592 4699 796 4781 supradoouit
810 4722 875 4783 cap.
892 4705 923 4763 2.·
948 4701 1085 4764 liundem
1137 4701 1198 4764 duo
1227 4706 1466 4785 conjunguntur,
1496 4725 1633 4768 mutrsra
1663 4716 1693 4769 et
1719 4710 1739 4768 h

390 4806 444 4866 pro
470 4785 638 4848 hominihus
664 4787 855 4849 coustitutum
883 4808 952 4849 esse
980 4789 1012 4849 iu
1037 4789 1084 4861 iis,
1136 4790 1236 4851 vertit
1259 4792 1344 4852 luter
1359 4793 1446 4853 dorso
1462 4811 1515 4853 seu
1530 4813 1670 4866 munere,
1692 4804 1740 4856 et.

390 4891 470 4953 quas
490 4872 529 4933 ad
545 4874 640 4935 Deam
664 4883 750 4946 sunt,
773 4874 905 4936 ostendit
925 4877 958 4936 in
980 4894 1082 4936 conse·
1136 4875 1208 4954 risio
1222 4896 1276 4939 ssu
1291 4878 1444 4952 victimas,
1467 4880 1532 4940 sive
1554 4880 1683 4954 hostiss,
1706 4880 1740 4942 ho

390 4958 559 5040 quentibus.
597 4961 676 5023 'l'als
698 4962 790 5041 igitur
816 4970 877 5037 est,
906 4960 989 5042 quod
1011 4962 1086 5025 dicit
1136 4983 1217 5024 mum
1232 4966 1376 5026 interesse
1390 4966 1526 5038 videtur,
1553 4966 1635 5045 quod
1651 4970 1740 5030 dorse

388 5045 568 5130 spostolus:
598 5046 704 5113 Onon
731 5048 764 5112 iu
787 5047 857 5132 lege
881 5046 1021 5133 pontifex
1043 5067 1081 5112 ex
1135 5050 1246 5134 quibus
1260 5050 1358 5133 syrus
1379 5054 1526 5135 interpres
1549 5052 1632 5117 dedit
1646 5056 1740 5120 octos
