4442 5825
433 608 508 676 042
951 596 1373 654 cremonensem

431 776 517 839 Beda
529 776 620 838 refert
629 776 687 838 boc
696 775 736 838 ad
747 795 849 838 omnes
860 775 1013 857 Epistulas
1025 775 1124 847 Pauli,
1180 783 1211 836 et
1226 774 1420 855 sequentibus
1435 792 1532 854 usqua
1548 771 1588 832 ad
1604 771 1714 845 finem,
1732 772 1765 832 in
1779 771 1870 852 qubus

431 884 509 945 quas
535 864 575 925 ad
601 865 753 927 Ecclesias
779 865 913 944 scripsit:
942 866 1024 943 Quia
1031 907 1041 937 ,
1069 865 1126 922 etsi
1181 862 1291 922 multus
1314 868 1360 921 est
1383 862 1414 920 iu
1430 858 1623 921 exhortando
1640 879 1715 919 suos
1731 859 1872 918 Hebraeos

431 952 566 1027 Paulus,
590 953 696 1032 inquit,
719 952 763 1012 od
779 951 933 1028 quasdam
948 950 1127 1028 specialiter
1180 948 1218 1009 ud
1230 948 1413 1009 retinendam
1424 947 1513 1008 fidem
1527 955 1558 1008 et
1569 965 1660 1026 spem
1674 947 1874 1026 promissorum

430 1041 554 1115 scripsit
568 1039 734 1114 Ecclesiae,
751 1038 896 1099 cornibus
907 1045 1016 1098 tamen
1030 1055 1126 1112 pene·
1181 1037 1364 1107 coelestium,
1387 1034 1548 1115 propositis
1570 1033 1666 1094 etiam
1693 1033 1787 1112 longa
1809 1035 1875 1093 amic

430 1127 561 1201 raliter,
585 1144 667 1202 quae
679 1145 740 1202 per
755 1126 861 1186 orbem
876 1133 961 1200 sunt,
983 1142 1126 1202 quaeque
1181 1131 1351 1184 sanctorum
1366 1131 1486 1202 patrum
1500 1120 1661 1202 exemplis.
1692 1119 1876 1200 Quamviaat

430 1231 531 1274 unam
561 1214 749 1274 catholicam
781 1214 931 1290 faciunt,
969 1213 1126 1288 scripsisse
1180 1212 1211 1272 in
1230 1209 1381 1292 prioribus
1405 1208 1559 1289 Epistulae
1582 1207 1729 1288 partibus
1744 1225 1876 1268 eamrsn

428 1301 588 1376 probatur
610 1301 765 1361 Ecclesiis.
796 1298 860 1360 Sed
879 1299 981 1360 obstat
994 1298 1068 1360 huic
1082 1299 1125 1358 in·
1182 1306 1255 1378 agat
1275 1316 1331 1377 per
1353 1295 1528 1369 intervalia,
1548 1304 1585 1356 ut
1606 1314 1675 1375 cap.
1701 1296 1733 1354 3.
1758 1295 1786 1354 4,
1809 1303 1836 1354 st
1854 1295 1877 1354 t.

431 1387 573 1459 tellectui,
590 1387 672 1467 quod
688 1389 796 1448 Petrus
811 1384 983 1467 subjungit:
1002 1390 1083 1447 sicut
1097 1393 1127 1446 et
1181 1385 1337 1466 Siquidem
1368 1391 1397 1443 et
1426 1382 1593 1443 secundum
1625 1380 1768 1442 Graecos
1797 1382 1875 1440 iuter·

430 1477 466 1537 in
478 1474 625 1535 amnibus
636 1475 807 1551 Epistolis3
825 1475 931 1552 utique
946 1473 1127 1553 significans,
1182 1481 1279 1552 protes
1303 1474 1335 1532 in
1358 1490 1395 1530 ea
1416 1468 1557 1550 Epistola
1579 1467 1661 1530 illud
1685 1469 1789 1548 agitur
1803 1486 1873 1549 prae

431 1559 471 1621 ad
503 1563 578 1621 istos
604 1563 731 1621 Paulum
762 1559 938 1641 specialiter
963 1563 1127 1641 scripsisse
1182 1562 1277 1640 cipue,
1301 1566 1335 1618 ut
1358 1556 1563 1618 Hebraeorum
1588 1557 1777 1633 languentes
1800 1555 1877 1614 enini

431 1648 473 1707 Et
493 1649 525 1707 id
546 1648 669 1709 Petrum
690 1647 787 1720 velle,
810 1649 983 1707 existimant
998 1647 1049 1706 alii
1065 1645 1127 1725 ple·
1183 1648 1352 1707 excitentur
1374 1645 1412 1704 ad
1435 1643 1507 1704 fidei
1530 1643 1803 1725 perseverantiam,
1825 1659 1875 1701 cm

430 1737 526 1815 rique,
550 1755 677 1814 quorum
693 1734 900 1807 Oscumenius‚
923 1754 1010 1815 quem
1026 1752 1126 1794 recen·
1182 1744 1306 1814 tamque
1330 1733 1583 1810 exspectationem
1610 1730 1784 1802 bonorum,
1810 1747 1875 1809 quse

431 1823 525 1882 tiores
548 1821 671 1900 quidam
695 1829 877 1902 sequuntur,
900 1820 1067 1901 Epistulam
1089 1819 1129 1879 ad
1182 1840 1236 1900 per
1250 1819 1401 1881 Christum
1417 1820 1571 1898 promissa,
1596 1826 1694 1897 atque
1710 1818 1743 1876 iu
1757 1816 1878 1876 futurum

432 1909 583 1969 Romarm
599 1909 758 1987 significari
771 1915 866 1986 putat.
890 1908 979 1968 Hanc
994 1909 1073 1968 enim
1089 1905 1129 1966 ad
1183 1908 1316 1987 reposita
1338 1915 1416 1966 sunt
1446 1907 1494 1966 De
1516 1907 1564 1965 his
1587 1906 1666 1985 ipsis
1684 1913 1791 1963 autem
1805 1902 1877 1983 loqui

433 1996 570 2057 Judaeos
593 2014 692 2074 aeque
713 2016 750 2054 ac
770 1994 916 2072 gentiles,
937 1997 992 2074 qui
1014 1996 1129 2053 Romae
1184 1996 1313 2066 Petrum,
1327 1991 1442 2072 liquido
1458 1999 1576 2053 constat
1592 2011 1633 2052 ex
1649 1992 1699 2064 iis,
1715 2008 1879 2070 quaeprrc·

433 2090 526 2154 erant,
539 2079 976 2154 etinGbristumcrediderant,
988 2082 1129 2161 scriptam
1183 2080 1309 2141 cedunt:
1333 2082 1448 2154 Nouos,
1471 2081 1580 2159 inquit,
1603 2078 1711 2140 coelos
1727 2085 1757 2138 et
1772 2094 1878 2139 mucra

432 2167 536 2241 inisse,
560 2189 621 2228 non
643 2178 691 2228 est
712 2168 852 2245 dubium3
877 2167 1129 2248 quemadmodum
1182 2175 1302 2228 terram
1325 2168 1495 2228 secundum
1519 2169 1682 2243 promissa
1706 2167 1807 2241 ipsius
1832 2181 1878 2225 es·

433 2254 616 2317 ostendimus
638 2257 669 2315 in
690 2256 757 2334 ejus
772 2256 926 2335 Epistulae
941 2263 1129 2335 argumento.
1182 2262 1366 2332 spectamus.
1403 2254 1445 2313 Et
1470 2256 1594 2314 iterum:
1622 2254 1769 2328 Propter
1795 2250 1879 2330 puel,

476 2343 508 2403 si
524 2360 662 2422 quaeras,
678 2342 727 2402 ubi
744 2345 775 2402 in
791 2361 828 2402 ea
842 2342 983 2422 Epistola
999 2343 1129 2402 hebean·
1183 2343 1348 2416 consumi,
1358 2343 1433 2401 baec
1445 2347 1672 2416 exspectantes,
1687 2342 1823 2416 ratapite
1833 2345 1879 2398 ete

433 2439 489 2502 tur,
505 2429 543 2488 de
559 2429 669 2508 quibus
685 2430 728 2488 ait
743 2429 868 2489 Petrus:
885 2431 973 2490 Sicut
991 2436 1020 2488 et
1040 2430 1130 2487 Pau·
1184 2428 1268 2509 Quin
1284 2437 1315 2489 et
1331 2427 1415 2501 illud,
1431 2447 1449 2489 a
1465 2448 1525 2508 quo
1541 2435 1689 2506 coeperat
1701 2425 1741 2486 de
1753 2424 1876 2487 adventa

434 2516 484 2577 lus
494 2518 618 2592 scripsit
630 2515 728 2589 uobis,
746 2515 902 2594 proferunt
917 2515 992 2576 illud
1004 2535 1070 2594 cap.
1083 2517 1129 2574 E:
1183 2518 1306 2577 Domini
1328 2517 1478 2595 patienter
1501 2512 1715 2595 exspectando
1731 2512 1879 2584 disserere,

432 2607 486 2665 An
501 2603 630 2663 diuitias
646 2603 795 2663 bonitatis
810 2606 886 2677 ejus,
904 2611 933 2663 et
942 2605 1129 2680 patientiae,
1184 2623 1252 2663 cnm
1267 2604 1319 2674 ait,
1343 2601 1488 2683 quosdam
1503 2601 1619 2662 dicere:
1660 2602 1724 2663 Ubi
1745 2607 1792 2662 ert
1810 2616 1878 2676 prt-

434 2697 464 2750 et
479 2690 731 2765 lonpanimitatis
753 2692 951 2751 contemnis?
982 2692 1129 2765 lpnorar,
1184 2691 1289 2750 missio
1305 2691 1462 2752 aduentus
1477 2690 1566 2763 ejus?
1580 2707 1621 2748 an
1636 2709 1700 2749 uon
1713 2687 1807 2768 plane
1818 2707 1875 2745 eon·

434 2780 587 2853 quoniam
610 2777 790 2853 benipnitar
812 2779 873 2836 Dei
897 2778 941 2836 ad
959 2780 1130 2853 poeniten·
1183 2778 1267 2837 venit
1282 2795 1347 2837 cum
1364 2797 1415 2849 eo,
1439 2774 1519 2858 quod
1542 2773 1581 2834 ad
1599 2775 1763 2837 Hebraeos
1779 2775 1810 2835 in
1829 2774 1878 2833 ine

435 2865 514 2924 tiam
541 2871 571 2924 te
597 2863 752 2925 addunt?
789 2863 856 2924 Hoc
882 2866 1017 2944 quippe,
1044 2871 1076 2923 ut
1101 2871 1132 2923 et
1184 2883 1249 2944 cap.
1267 2865 1315 2924 10.
1339 2863 1465 2925 dicitur:
1493 2865 1658 2923 Patientia
1674 2862 1767 2923 vobis
1782 2879 1876 2923 necer-

433 2957 552 3011 caetera
567 2950 704 3028 ejusdem
720 2952 836 3031 capitis,
857 2951 896 3010 ad
911 2951 1048 3013 ludaeos
1063 2970 1129 3028 pro·
1184 2954 1272 3011 saria
1295 2959 1349 3026 est,
1372 2960 1409 3012 ut
1431 2951 1628 3012 voluntatem
1645 2951 1713 3010 Dei
1733 2951 1878 3027 facientes

433 3038 498 3117 prie
513 3035 626 3099 dictum
642 3038 713 3111 tuin
729 3038 820 3119 idque
835 3036 933 3098 simile
946 3057 1011 3098 esse
1023 3037 1131 3097 volunt
1183 3043 1351 3113 reportetis
1370 3037 1638 3115 promissionem?
1661 3036 1781 3098 Adbuc
1803 3037 1876 3096 enm

433 3143 499 3183 cum
521 3143 566 3196 so,
589 3126 670 3203 quod
686 3125 797 3186 Petrus
813 3126 950 3203 proxime
964 3123 1057 3184 dixit:
1086 3125 1131 3185 Et
1184 3126 1342 3185 modicum
1359 3124 1670 3204 aliquantulumque,
1695 3126 1753 3199 qui
1773 3129 1876 3184 uento·

432 3212 568 3272 Domini
583 3213 687 3274 nostri
702 3212 982 3287 lonoanimitatem
997 3213 1130 3272 salutem
1183 3230 1239 3272 rus
1254 3219 1307 3286 est,
1324 3215 1439 3287 ueniet,
1456 3219 1485 3271 et
1499 3229 1567 3272 non
1582 3210 1732 3269 tardabit
1746 3217 1802 3270 ete

433 3297 644 3359 arbitremini.
681 3297 770 3359 Unde
797 3307 827 3358 st
854 3297 939 3358 locus
965 3297 1017 3378 ille
1043 3296 1130 3357 Pauli
1226 3296 1286 3358 Sed
1298 3301 1329 3358 in
1339 3318 1373 3359 rs
1384 3299 1543 3359 manifesta
1553 3316 1613 3357 non
1625 3298 1781 3357 immoror.
1798 3294 1878 3357 coru

432 3384 492 3443 bue
516 3382 554 3443 ad
578 3386 742 3465 marginem
761 3387 792 3445 in
808 3383 961 3445 codicibus
977 3386 1131 3463 impressis
1184 3392 1269 3465 patet
1284 3405 1322 3446 ex
1337 3385 1392 3459 his,
1408 3393 1520 3465 quanto
1536 3384 1575 3443 sit
1590 3382 1794 3463 probabilius,
1815 3381 1876 3462 Epi

432 3478 595 3531 annotatus
619 3472 753 3532 babetur.
785 3470 868 3531 Illud
892 3491 1025 3551 quoque,
1049 3469 1130 3549 quod
1184 3471 1291 3531 stolam
1314 3470 1353 3531 ad
1369 3471 1524 3533 Hebraeos
1539 3489 1558 3529 a
1572 3470 1667 3530 Petro
1683 3469 1875 3549 designatam,

432 3557 539 3618 Petrus
561 3557 697 3619 dixerat:
727 3560 872 3634 Salapite
887 3557 1087 3618 immaculati
1102 3564 1132 3616 et
1184 3575 1275 3637 quam
1298 3557 1392 3619 ullam
1415 3558 1521 3632 aliam3
1552 3555 1804 3637 necquidquam
1826 3574 1876 3615 no·

433 3645 587 3705 inviolati
616 3647 779 3719 inueniri,
814 3644 946 3705 relemnt
972 3642 1012 3704 ad
1040 3643 1131 3702 verba
1184 3646 1275 3705 menti
1299 3645 1418 3720 habere,
1443 3663 1521 3725 quas
1544 3662 1598 3722 pro
1613 3644 1759 3721 Epistola
1774 3642 1814 3704 ad
1827 3642 1876 3702 Ro

433 3730 521 3790 Pauli
543 3732 574 3791 in
598 3730 703 3791 eadem
724 3732 870 3811 Epistola,
894 3750 960 3810 cap.
979 3734 1043 3791 12:
1067 3730 1131 3791 Ob·
1184 3750 1288 3790 manos
1303 3732 1397 3792 allata
1411 3737 1488 3792 sunt
1516 3731 1594 3791 Nam
1610 3729 1697 3810 quod
1713 3751 1754 3791 ax
1771 3750 1835 3809 cap.
1853 3729 1876 3787 i.

433 3834 519 3878 scaro
541 3836 606 3893 uos,
627 3826 664 3880 ut
684 3819 854 3880 exhibeatis
873 3836 1010 3893 corporo
1025 3825 1130 3877 uestra
1183 3818 1389 3897 proferebatur
1403 3818 1441 3879 de
1453 3819 1601 3898 patientia
1612 3824 1642 3876 et
1654 3817 1877 3897 longanimitate

432 3904 567 3965 buniam
583 3909 758 3980 viventem,
780 3912 942 3980 ranetam,
965 3906 1034 3965 Deo
1052 3906 1129 3980 pla·
1182 3904 1251 3978 Dei,
1277 3903 1308 3965 id
1334 3905 1447 3966 Paulus
1474 3902 1658 3984 increpando
1676 3904 1764 3977 dicit,
1785 3903 1878 3983 longe

433 3999 561 4052 centena
600 3994 747 4073 Quamvis
768 4002 797 4053 et
818 3992 892 4055 alibi
915 3993 1068 4052 Romanos
1090 3991 1130 4050 ad
1183 3992 1350 4052 almitatem
1375 3993 1436 4053 Dei
1462 3990 1657 4069 intelligens,
1691 4010 1756 4070 qua
1786 3989 1878 4050 differt

432 4078 517 4137 vitae
532 4080 693 4155 puritatem
706 4079 852 4140 bortatur.
868 4080 1008 4158 Denique
1020 4080 1051 4137 in
1063 4098 1129 4138 eam
1178 4080 1295 4156 justum
1322 4077 1467 4157 judicium
1494 4079 1525 4137 in
1547 4085 1737 4156 peccatores.
1777 4078 1877 4137 Petrus

432 4163 600 4242 Epistolam
623 4169 753 4225 maxime
773 4168 922 4247 quadrare
945 4167 1049 4225 dicant
1064 4165 1128 4236 boc,
1182 4173 1284 4226 autem
1299 4166 1433 4245 loquitur
1449 4163 1636 4225 exhortando
1648 4174 1680 4224 et
1692 4159 1878 4230 consolando.

433 4249 516 4329 qnod
530 4251 641 4311 Petrus
661 4251 835 4332 subjungit:
858 4255 899 4312 In
922 4252 1034 4329 quibus
1054 4259 1129 4312 sunt
1181 4253 1437 4331 longanimitatem
1458 4250 1642 4331 intelligens,
1666 4271 1732 4329 qua
1748 4249 1878 4312 Christus

432 4337 591 4413 quaedam
602 4337 749 4414 difficilia
759 4341 931 4413 intellectu,
949 4357 1029 4415 quae
1045 4341 1129 4399 docti
1181 4340 1329 4400 Dominus
1342 4339 1505 4398 adventum
1517 4357 1602 4398 sunm
1615 4337 1727 4410 differt,
1739 4338 1878 4419 promisse

432 4431 463 4483 et
476 4424 639 4484 instabiles
654 4424 844 4499 depravant.
1182 4429 1313 4505 praemia
1328 4424 1501 4487 redditums
1517 4426 1631 4485 electis.
1664 4424 1770 4485 Locus
1786 4433 1877 4484 eumn

475 4510 517 4570 At
540 4530 613 4572 vero
634 4511 759 4571 aliorum
775 4512 924 4572 sententia
938 4519 993 4585 est,
1009 4513 1128 4591 Episto-
1182 4514 1221 4573 de
1242 4514 1325 4572 vitae
1347 4514 1477 4591 puritate
1498 4512 1663 4572 communis
1681 4521 1731 4572 est
1746 4509 1876 4572 omnbus

432 4594 492 4655 lam
520 4595 560 4657 ad
590 4597 748 4658 Hebraeos
775 4617 794 4655 a
818 4599 908 4657 Petro
935 4599 1128 4676 significatam
1183 4597 1272 4659 Pauli
1288 4599 1443 4678 Epistolis.

432 4701 509 4742 esse.
552 4682 624 4743 Non
658 4683 737 4743 enim
770 4682 859 4744 aliam
894 4684 1063 4763 specialiter
1089 4684 1129 4744 ad
1225 4684 1296 4747 Jam
1313 4706 1369 4746 nec
1381 4684 1547 4745 verisimile
1559 4693 1617 4757 est,
1633 4685 1773 4760 Petrum,
1788 4682 1876 4745 diem

432 4768 569 4829 Judaeos
586 4770 708 4849 scripsit
719 4769 840 4830 Paulus.
861 4770 927 4830 Nec
943 4770 1129 4831 laborantia
1182 4779 1255 4833 tem:
1271 4773 1360 4835 Sicut
1371 4780 1400 4833 et
1412 4773 1534 4833 Paulus
1545 4774 1675 4847 scripsit
1686 4774 1789 4849 coba,
1799 4785 1878 4852 agat

432 4852 625 4932 designandis
638 4856 719 4927 locis,
732 4856 862 4935 adquae
874 4858 982 4918 Petrus
995 4859 1128 4938 respicit,
1183 4858 1221 4920 de
1236 4878 1297 4919 ona
1313 4868 1366 4919 aut
1380 4859 1476 4919 altera
1491 4860 1642 4919 sententia
1657 4859 1811 4932 Paulina,
1833 4852 1877 4918 aad

434 4938 555 5000 dicens:
582 4944 671 5003 &cut
694 4949 723 5002 et
744 4943 867 5005 Paulus
888 4947 1012 5019 scripsit
1036 4945 1128 5005 cobis.
1183 4944 1222 5005 de
1249 4948 1340 5005 totius
1363 4945 1518 5026 Epistolaa
1548 4957 1603 5006 aut
1631 4967 1769 5030 magnas
1792 4945 1877 5029 partit

434 5024 527 5087 Talia
541 5047 675 5109 namque
688 5029 875 5109 potissimum
889 5031 995 5092 haberi
1004 5049 1069 5111 cap.
1081 5033 1130 5091 10.
1184 5033 1250 5111 ejus
1273 5041 1457 5113 argumento.
1495 5032 1561 5093 Nec
1584 5053 1663 5095 vero
1686 5053 1745 5118 pro
1770 5031 1876 5098 brea
