4442 5825
775 633 938 692 mareiae
955 635 995 691 aa
1014 635 1178 691 naseos
1196 635 1280 690 VERS·
1300 636 1419 690 ta-tt.
1763 642 1809 713 83

369 811 417 874 abi
431 811 562 894 simplex
574 811 795 892 juramentum,
816 815 847 874 in
861 812 1003 876 Hebraeo
1018 822 1061 875 ts·
1116 834 1172 895 pro
1201 833 1256 874 ros
1285 814 1429 885 invicem,
1467 811 1498 872 id
1528 818 1575 872 est
1605 812 1682 874 aliua
1712 812 1812 886 aliam,

369 916 425 960 neu
458 896 588 959 hahetur
625 899 886 980 imprecatorium,
925 901 1062 983 ecliptico
1117 900 1232 962 Graece
1254 893 1391 967 ἑαυτούς.
1428 898 1546 970 Monet,
1573 907 1607 958 ut
1626 899 1813 979 quotidianis

369 1002 494 1048 sumone
508 985 720 1065 significatum.
744 987 813 1048 Huc
831 1006 929 1066 usque
948 1002 1061 1066 παρεν-
1118 986 1376 1048 exhortationihus
1388 1005 1421 1046 se
1434 987 1564 1045 invicem
1577 988 1708 1046 animent
1722 995 1814 1067 atque

369 1069 492 1141 aare<
521 1073 703 1152 interposita
731 1074 826 1135 rerba
855 1073 984 1148 Psalmi,
1025 1094 1062 1135 ex
1118 1074 1306 1135 exstimulent
1329 1072 1367 1133 ad
1390 1074 1646 1153 perseverantiam
1667 1072 1754 1151 fidei3
1784 1082 1815 1133 et

369 1157 468 1242 qar'hus
484 1160 652 1238 Apostolus
667 1161 726 1221 sibi
738 1162 828 1222 sumit
839 1164 992 1222 materiam
1010 1180 1060 1221 ex·
1117 1163 1144 1222 ai
1166 1162 1218 1242 qui
1240 1159 1319 1220 forts
1340 1160 1420 1239 lapsi
1443 1161 1517 1233 sint,
1539 1180 1599 1219 uon
1622 1158 1814 1233 obdurentur,

369 1247 541 1307 aristionis
557 1249 727 1327 sequentis:
1116 1247 1170 1309 sed
1185 1249 1391 1307 restituantur.

399 1334 450 1393 12.
482 1332 595 1393 Videte
602 1378 612 1409 ,
638 1335 778 1411 fratrer,
805 1351 846 1394 ne
868 1335 955 1411 {orte
973 1337 1013 1395 stt
1026 1336 1062 1394 in
1159 1337 1270 1396 Donec
1284 1334 1376 1393 laodic
1392 1335 1647 1409 coenominatan
1682 1332 1814 1395 Graece:

370 1418 468 1497 sitque
485 1426 625 1480 vairam
641 1439 697 1482 cor
711 1420 833 1482 malam
851 1420 1063 1482 incredulita·
1117 1421 1230 1500 (ὶιιοιιιι
1258 1438 1357 1498 usqae
1387 1420 1480 1480 laodic
1515 1427 1663 1495 eamear,
1700 1420 1730 1481 id
1760 1431 1813 1492 est,

370 1506 410 1581 is,
439 1505 628 1568 discedendi
650 1526 672 1567 a
687 1509 756 1569 Deo
781 1511 862 1569 oiva.
901 1509 948 1568 Ne
965 1508 1062 1588 forte,
1117 1506 1261 1586 quamdiu
1287 1507 1448 1567 hodiernus
1473 1505 1538 1566 dies
1565 1504 1712 1581 decurrit,
1739 1506 1814 1582 dies,

370 1591 477 1655 araca
500 1585 638 1672 ptinere,
665 1595 869 1672 nequando.
906 1593 958 1656 Sic
983 1596 1063 1655 enim
1116 1595 1256 1675 inquam,
1281 1593 1371 1673 hujus
1385 1594 1482 1665 ritae,
1498 1593 1545 1652 cui
1561 1590 1623 1653 diei
1638 1612 1699 1653 nox
1714 1612 1813 1654 socce-

370 1678 531 1761 pssetiam
542 1680 693 1760 interpres
704 1680 778 1742 alibi
789 1683 891 1754 vertit,
907 1681 1063 1742 ararim.
1117 1679 1176 1755 dit,
1204 1682 1235 1740 in
1251 1700 1311 1760 qua
1325 1699 1411 1740 uerno
1434 1680 1543 1759 poterit
1562 1681 1696 1760 operari,
1723 1680 1813 1742 Joan.

370 1768 406 1827 l.:
432 1768 483 1827 Ne
497 1767 631 1845 quando
646 1769 735 1830 Deus
749 1768 881 1830 detillis
892 1772 1063 1846 poenitea-
1117 1771 1145 1829 9.
1178 1765 1394 1827 Accommodat
1416 1767 1617 1828 exhortationi
1632 1787 1706 1828 suae
1720 1769 1812 1849 parti·

370 1854 447 1915 iam.
473 1853 540 1916 cor
553 1855 673 1915 malam
697 1855 931 1917 incredulitatis
946 1863 992 1916 est
1012 1874 1063 1915 cor
1116 1854 1214 1915 cularn
1236 1853 1328 1914 laodic
1351 1872 1368 1912 e
1390 1854 1562 1913 testimonio
1585 1852 1699 1914 Psalmi
1722 1852 1813 1934 paulo

370 1938 472 2001 adun
495 1947 527 2000 et
552 1939 694 2015 infidele,
720 1951 774 2004 aut
799 1962 850 2003 cor
874 1940 1062 2003 infidelitatis
1114 1950 1185 2001 anta
1200 1941 1341 2013 recitato,
1358 1948 1508 2020 tamquam
1525 1939 1653 2001 diceret:
1674 1941 1813 2002 Vestrum

370 2024 432 2088 rate
446 2036 632 2107 corruptum.
656 2027 857 2110 Quapropter,
877 2030 980 2111 inquit,
1002 2028 1060 2088 fra·
1115 2026 1219 2102 hodia,
1235 2046 1298 2108 quo
1313 2025 1492 2087 exhortandi
1510 2028 1578 2087 estis
1595 2036 1625 2087 at
1638 2047 1747 2089 rocem
1762 2047 1812 2088 ex·

370 2122 435 2186 tes,
457 2114 612 2175 intuentes
635 2115 667 2175 in
687 2115 763 2177 haee
784 2115 928 2196 majorum
946 2125 1060 2177 vestro·
1114 2114 1297 2174 hortantium
1313 2112 1416 2173 cadim
1432 2112 1564 2188 debetis,
1587 2121 1634 2174 est
1647 2117 1712 2177 vita
1726 2133 1811 2196 prae·

370 2208 423 2262 rs'ra
436 2200 599 2281 exempla,
621 2201 740 2277 videte,
763 2202 794 2263 id
810 2212 856 2263 est
871 2201 1017 2263 attendite
1032 2212 1062 2264 et
1115 2220 1191 2262 sana.

370 2295 478 2359 amre,
492 2307 533 2349 ne
545 2289 667 2368 quando
680 2291 842 2370 contingat,
855 2298 890 2349 nt
901 2291 1059 2370 quisquam
1164 2288 1203 2348 Ut
1217 2305 1285 2348 non
1301 2285 1475 2347 obduretur
1496 2289 1568 2364 quis
1590 2305 1630 2349 ea
1643 2287 1731 2348 vohis
1744 2287 1812 2364 tal·

370 2382 489 2437 mm
513 2375 615 2434 animo
639 2375 836 2456 depravatus,
862 2377 981 2456 abjecta
1004 2375 1062 2437 fida
1115 2374 1198 2433 lacia
1218 2376 1350 2450 peccati.
1387 2372 1524 2452 Respicit
1544 2372 1584 2434 sd
1607 2392 1674 2434 eam
1697 2381 1813 2454 partem

371 2456 480 2534 Mat,
490 2460 631 2522 discedat
646 2481 682 2521 ac
693 2461 840 2523 dedolata
852 2463 918 2524 Deo
929 2464 1060 2524 vivente.
1115 2459 1250 2539 ejusdem
1267 2459 1399 2521 Psalmi:
1420 2460 1525 2519 Nolite
1540 2460 1699 2521 obdurare
1714 2459 1812 2519 corda

373 2542 519 2629 bifieat
534 2548 711 2627 Apostolus,
728 2567 810 2622 euru,
838 2551 890 2630 qai
907 2569 926 2609 a
940 2547 1061 2609 Christo
1114 2555 1228 2608 vestro.
1263 2546 1429 2621 Fallacia,
1446 2544 1564 2607 Graece
1580 2538 1686 2626 ἀπάτῃ
1694 2591 1704 2622 ,
1721 2565 1812 2627 quam

371 2628 502 2706 Mis,
531 2633 642 2694 aDeo
667 2634 792 2696 vivente
816 2634 983 2710 discedere,
1010 2636 1061 2696 rel
1114 2635 1166 2693 alii
1185 2634 1397 2694 redactionem
1421 2640 1551 2693 vertunt.
1590 2633 1694 2694 Causa
1716 2632 1814 2693 finalis

371 2721 431 2801 qaia
444 2718 586 2781 Christus
610 2729 657 2781 ast
671 2720 757 2782 Deus
770 2724 893 2796 virens,
916 2723 966 2782 val
982 2723 1062 2802 quia,
1115 2720 1312 2800 quotidianae
1328 2719 1547 2781 exhortationis
1563 2722 1762 2800 significatur,
1783 2727 1814 2778 et

371 2806 416 2887 qd
434 2814 536 2884 ncaat
557 2807 698 2884 itesam,
726 2827 783 2869 nec
802 2811 934 2870 Patrem
956 2809 1059 2884 hahet,
1115 2827 1222 2868 sensus
1247 2816 1308 2867 est:
1334 2805 1454 2868 Idcirco
1477 2825 1554 2887 opus
1576 2806 1692 2867 habetis
1715 2807 1813 2887 quoti·

371 2892 478 2958 lissa
502 2896 534 2956 2.
568 2892 659 2956 Unde
681 2893 808 2968 Jndsei,
835 2894 985 2958 Christum
1009 2916 1059 2958 ne·
1114 2892 1205 2956 diana
1234 2902 1336 2954 mutua
1363 2894 1581 2967 cohortatione,
1614 2904 1648 2954 ιιι
1677 2915 1716 2956 ne
1745 2893 1813 2975 quia

371 2989 484 3062 pantes,
505 2982 619 3043 arear
642 2981 699 3043 sibi
713 2981 908 3044 blandiuntur
924 2984 963 3045 de
978 2985 1061 3044 cultu
1114 2989 1264 3051 reanum,
1281 2989 1438 3061 apeccato
1454 2981 1602 3054 seductus,
1622 2980 1750 3042 obduret
1763 3000 1814 3042 eor

371 3069 445 3130 niu
458 3067 537 3145 Dsi3
552 3069 919 3150 nonenimpoasuntDeo
932 3069 1059 3150 placere,
1115 3089 1201 3130 suum
1229 3066 1375 3128 adversus
1398 3068 1458 3128 Dei
1481 3069 1613 3129 verbam.
1650 3068 1813 3129 Familiare

371 3155 539 3235 quiritium
554 3156 623 3235 ejus
638 3174 697 3216 non
712 3157 869 3235 recipiunt.
893 3157 952 3218 Pro
968 3156 1060 3218 verbo
1115 3154 1275 3235 Scripturis
1302 3163 1361 3228 ast,
1388 3164 1423 3214 ut
1444 3163 1597 3234 peecatum
1624 3172 1679 3215 seu
1704 3173 1811 3215 concn-

371 3239 542 3303 flsoedendi
557 3240 677 3303 Graece
692 3250 739 3303 est
755 3235 943 3324 ἀποστῆναι,
967 3263 985 3301 a
1001 3262 1059 3323 quo
1114 3242 1264 3321 piscantia
1279 3240 1400 3301 dicatur
1414 3240 1552 3301 homines
1564 3240 1715 3316 seducere,
1731 3240 1811 3302 deci·

371 3315 553 3402 ιωσταοία,
577 3329 758 3390 vocabulum
772 3329 855 3409 apud
871 3329 1060 3392 Christianos
1113 3347 1199 3408 pere,
1225 3327 1400 3388 abstrahere
1423 3336 1454 3388 et
1469 3328 1598 3400 illicere,
1623 3337 1657 3388 ut
1671 3328 1758 3387 Rom.
1775 3332 1812 3402 7.,

372 3412 479 3475 Maure.
1114 3414 1193 3474 Dan.
1212 3417 1278 3485 13„
1300 3414 1368 3475 Jae.
1387 3417 1413 3473 1.
1448 3413 1485 3473 Id
1508 3421 1611 3473 antem
1635 3413 1812 3495 diciturpar

400 3499 579 3563 Notandum
594 3510 710 3575 autem,
735 3501 846 3582 Syrum
866 3503 1058 3581 interpretem
1114 3499 1266 3581 quandam
1281 3519 1537 3581 prosopopoeam,
1558 3508 1707 3580 quatenus
1722 3500 1810 3560 honro

372 3587 404 3647 its
422 3591 569 3650 vestime:
596 3589 640 3650 Et
662 3587 816 3665 deficiatis
837 3609 858 3650 a
880 3591 949 3650 Deo
973 3593 1058 3665 vioe,
1113 3588 1278 3648 tentatione
1294 3585 1413 3667 aliqua,
1436 3589 1520 3649 velot
1542 3589 1680 3647 suasione
1701 3586 1810 3647 sollici·

372 3675 474 3736 silicet
495 3675 627 3737 abducti
641 3695 662 3735 a
677 3675 739 3752 tide
758 3694 819 3753 per
833 3695 919 3747 mm,
945 3679 980 3736 in
996 3695 1058 3753 qao
1113 3682 1195 3735 tatus
1207 3683 1237 3735 et
1249 3673 1398 3747 inductus,
1415 3684 1540 3754 peccato
1553 3675 1711 3748 consentit,
1724 3676 1812 3753 quasi

372 3767 473 3823 neor
486 3762 610 3823 malam
630 3762 873 3823 incredulitatis.
912 3760 974 3842 Qui
991 3783 1057 3823 sen·
1114 3761 1151 3822 ah
1179 3763 1244 3842 ipso
1270 3769 1395 3842 peccato
1425 3780 1594 3841 persuasus.
1635 3762 1684 3820 Fit
1713 3770 1811 3820 antem

372 3863 409 3908 Ι
421 3867 441 3909 a
454 3847 575 3910 Graeca
589 3848 719 3909 lectione
742 3870 800 3910 non
818 3859 862 3911 est
876 3848 1009 3922 alienus,
1033 3850 1059 3908 si
1112 3850 1189 3908 miro
1204 3848 1309 3921 modo,
1334 3855 1381 3921 ut,
1404 3846 1474 3908 dum
1497 3867 1548 3907 cor
1563 3847 1716 3907 emollitur
1731 3845 1811 3908 dele·

372 3934 539 4016 suppleatur
589 3955 732 3996 ronomen
764 3938 879 4016 primae
911 3954 1058 4015 personae
1113 3937 1244 3995 statione
1261 3935 1388 4014 peccati,
1404 3934 1549 4014 paulatim
1566 3933 1744 3995 obdurescat
1758 3932 1810 3995 ad·

372 4017 416 4081 hae
434 4015 542 4083 uredo:
567 3955 604 4079 {a
627 4020 675 4107 τῷ
696 4014 866 4101 ἀποστῆναι
888 4014 973 4101 ἡμᾶς
996 4014 1058 4080 ἀπὸ
1112 4030 1392 4101 vorsuspraccepta
1407 4020 1476 4080 Dei.
1510 4020 1696 4100 intelligitur
1711 4029 1810 4081 autem

372 4101 584 4181 tartareae,
608 4107 711 4182 idest,
734 4107 814 4170 unde
831 4109 1056 4181 iiat,ntdisce·
1112 4116 1268 4189 peccatam
1300 4109 1332 4167 irr
1360 4126 1472 4187 genere
1500 4116 1651 4188 tamquam
1685 4126 1812 4187 persona

372 4189 439 4254 hta
459 4215 517 4257 sos
543 4202 597 4255 aut
619 4215 657 4255 ex
679 4196 767 4257 vebis
790 4196 883 4277 aliqui
899 4216 917 4255 a
933 4196 999 4257 Deo
1014 4195 1057 4255 vi·
1114 4194 1282 4275 quaedam,
1298 4204 1331 4253 at
1346 4193 1424 4266 dixi,
1439 4193 1492 4254 sed
1508 4213 1586 4275 quae
1602 4193 1811 4267 introducitur,

372 4287 457 4342 tnta
493 4281 574 4342 iiam
588 4280 657 4355 ille,
684 4283 713 4342 in
736 4302 795 4363 qao
817 4292 863 4343 ast
882 4302 932 4343 cor
947 4282 1058 4343 malam
1113 4289 1149 4341 ut
1163 4280 1309 4342 seducens
1332 4289 1364 4341 et
1387 4282 1542 4361 impellens
1563 4280 1601 4340 ad
1623 4280 1701 4342 hunc
1723 4301 1809 4362 pecu·

372 4365 589 4442 haedulimis,
601 4369 665 4447 jam
677 4367 814 4430 discessit
826 4391 845 4430 a
856 4370 923 4430 Deo
938 4371 1059 4430 virente
1115 4368 1220 4428 lisrem
1235 4378 1333 4429 actum
1352 4370 1482 4448 peceati,
1509 4370 1560 4449 qui
1585 4375 1631 4428 est
1652 4367 1778 4428 deiicere
1793 4386 1812 4426 a

372 4469 418 4532 p«
429 4453 689 4531 incredulitatem
704 4456 759 4516 aed
775 4455 958 4529 cavendum,
974 4476 1013 4517 ne
1029 4462 1060 4515 et
1113 4453 1173 4515 fide
1190 4453 1317 4531 Christi3
1334 4454 1584 4535 quemadmodum
1597 4454 1811 4534 praecedentia

373 4535 437 4601 tllos
452 4540 547 4603 iaciat
570 4540 730 4603 discedere
765 4543 864 4605 Juxta
886 4562 975 4623 quern
990 4561 1057 4603 sen·
1115 4549 1145 4602 et
1162 4543 1324 4622 sequentia
1340 4543 1416 4601 satis
1435 4540 1596 4603 declarant
1636 4541 1729 4600 Porro
1744 4558 1811 4600 carn

373 4640 427 4687 nn
440 4628 599 4690 conveniet
614 4629 665 4688 hio
679 4628 761 4689 loona
784 4648 852 4690 cum
867 4650 919 4704 eo,
945 4632 997 4709 qui
1012 4636 1059 4690 ast
1114 4649 1174 4689 non
1190 4626 1292 4688 eadem
1317 4629 1376 4688 sint
1397 4626 1499 4688 seduci
1515 4649 1532 4688 a
1546 4636 1685 4710 peccata,
1710 4634 1740 4685 et
1760 4626 1812 4687 ob·

373 4727 427 4794 sap.
454 4716 521 4776 12:
547 4717 594 4777 ive
620 4733 685 4792 assa
709 4716 807 4777 radis
831 4718 1059 4776 amaritudinis
1115 4714 1221 4775 durare
1237 4734 1287 4774 cor
1302 4734 1386 4774 suurn
1404 4716 1436 4773 in
1450 4724 1589 4795 peccato,
1614 4711 1666 4772 sed
1686 4712 1742 4772 hoc
1757 4714 1810 4775 illo

373 4813 483 4863 mm
511 4803 699 4879 perminans
731 4804 904 4880 impediat,
943 4810 972 4863 et
997 4821 1059 4879 per
1112 4802 1265 4882 posterius
1288 4821 1324 4861 ac
1346 4800 1494 4861 deterius:
1521 4808 1602 4860 recta
1622 4807 1737 4874 monet,
1763 4820 1811 4874 ne,

373 4883 449 4948 flam
466 4889 681 4967 inquinentur
697 4891 800 4951 malti.
1112 4890 1139 4949 si
1154 4888 1206 4968 qui
1221 4887 1300 4948 farte
1316 4886 1434 4948 seducti
1450 4889 1508 4946 sint
1523 4906 1540 4945 a
1554 4893 1695 4966 peceato,
1718 4886 1809 4949 obdu·

405 4974 453 5038 ld.
479 4976 543 5040 sca
578 4976 799 5038 adhortamini
827 4982 946 5037 vosmet
974 4978 1060 5052 ipsos
1111 4984 1178 5035 rent
1194 4973 1284 5034 corda
1303 4992 1375 5048 sua,
1401 4972 1454 5033 aed
1477 4974 1577 5033 statim
1598 4973 1735 5035 resiliant
1755 4992 1810 5054 per

373 5073 420 5134 ΡΩ
441 5062 584 5141 ὡραῖοι
605 5064 678 5124 aies.
721 5065 846 5125 Vosmet
870 5066 955 5141 ipsos
979 5059 1059 5124 dixit
1110 5063 1337 5142 poeniteutiam.
1603 5093 1605 5097 ·

1550 5158 1600 5226 68
