4442 5825
427 593 506 671 apg
950 585 1359 643 aommuaausmcaac

429 771 664 846 praeceptorum
687 782 724 823 ac
749 764 928 824 monitorum
953 764 1019 842 ejus
1042 783 1125 824 num·
1181 762 1325 825 exhibent
1350 772 1436 825 vetus
1463 763 1620 845 exemplar
1643 762 1871 844 manuscriptum

427 869 524 931 ‚quam
539 849 795 913 obliviscerentur.
1180 849 1335 911 Ecclesiae
1357 850 1388 912 S.
1404 851 1518 925 Amati,
1541 860 1574 912 et
1596 858 1689 913 vetus
1711 849 1872 931 Epistoisre

472 934 569 997 Porro
593 935 717 1016 quidam
732 935 881 998 Catholici
904 939 1065 1018 scriptores
1089 959 1128 999 ex
1181 937 1277 1000 sancti
1292 937 1377 998 Petri
1388 937 1567 999 Duacensis.
1591 937 1659 999 Sed
1674 937 1786 999 doctas
1796 938 1873 998 inter·

428 1023 480 1089 his
496 1023 578 1084 Petri
594 1022 693 1083 verbis
709 1023 833 1102 probari
849 1043 938 1104 posse
953 1033 1061 1104 putant
1083 1027 1127 1086 in·
1180 1033 1315 1103 pretsre:
1331 1025 1430 1101 docte,
1446 1024 1478 1086 id
1493 1034 1540 1086 est
1554 1024 1741 1101 anitieiose,
1756 1041 1874 1101 eampo·

429 1112 643 1175 tarcessionom
659 1117 830 1173 sanctorum
845 1132 899 1192 pro
916 1112 1001 1186 vivis,
1017 1113 1127 1174 iacien-
1179 1113 1268 1186 sitas,
1293 1113 1337 1171 nti
1359 1110 1474 1173 dictum
1497 1121 1560 1189 est;
1584 1110 1742 1192 quomodo
1757 1111 1875 1192 gentiles

427 1205 477 1265 tes
491 1196 572 1261 bunc
586 1216 723 1260 sensum:
745 1198 836 1259 Dabo
859 1219 990 1279 operam,
1011 1208 1045 1260 ut
1060 1207 1130 1280 post
1181 1204 1291 1280 potitae
1305 1218 1376 1260 suas
1392 1198 1511 1261 fabulas
1523 1198 1563 1259 ds
1575 1198 1636 1259 diis
1649 1207 1683 1259 et
1692 1199 1876 1280 antiquorum

430 1284 548 1347 obitum
571 1303 671 1345 meum
690 1286 785 1345 vestm
806 1287 1005 1361 simmemor,
1029 1287 1129 1348 Deum
1182 1287 1273 1366 gestis
1289 1289 1449 1348 commenti
1469 1295 1549 1360 sunt,
1571 1294 1603 1346 st
1616 1304 1672 1346 eos
1689 1285 1805 1347 imitati
1818 1283 1875 1346 bse

430 1370 577 1433 ¹videlicet
597 1379 737 1437 oraturus
759 1392 813 1452 pro
836 1372 936 1448 vobis,
959 1381 993 1434 ut
1014 1373 1129 1446 horum,
1181 1374 1279 1445 retici,
1302 1375 1478 1453 praesertim
1499 1373 1678 1448 Simoniani,
1701 1370 1743 1433 de
1765 1373 1833 1435 Deo
1851 1382 1877 1433 et

432 1476 513 1538 qnae
528 1457 634 1531 scribo,
653 1460 826 1522 memoriam
842 1459 990 1522 habeatis.
1014 1460 1065 1522 Sic
1080 1479 1129 1521 ac·
1182 1458 1307 1539 Angelis
1332 1467 1361 1518 ct
1374 1458 1477 1520 mundi
1500 1460 1661 1521 creatione
1686 1458 1792 1539 Quam
1813 1478 1877 1521 ens·

433 1545 514 1624 cepit
538 1542 772 1624 chrysostomus
790 1566 877 1609 serm.
897 1547 929 1607 in
949 1547 1075 1609 Petrum
1099 1554 1131 1608 et
1183 1547 1284 1607 ditans
1324 1549 1499 1609 vanitatem
1534 1545 1738 1628 appellebant
1768 1545 1877 1618 Graeci,

432 1630 572 1704 Paulum,
589 1633 727 1694 sitamsn
739 1633 805 1711 ejus
817 1643 860 1695 est
873 1643 961 1695 totus.
984 1636 1062 1696 Nam
1074 1633 1129 1695 snb
1183 1643 1259 1695 teste
1277 1634 1468 1713 Hieronymo
1491 1654 1581 1715 super
1599 1654 1668 1714 esp.
1684 1637 1715 1698 3.
1732 1634 1831 1714 Epist.
1843 1634 1878 1694 sd

432 1718 524 1780 finem
539 1721 612 1779 mire
627 1720 734 1779 variat.
756 1720 822 1782 Nec
837 1722 912 1783 citat
926 1721 1009 1783 Petri
1028 1722 1130 1795 verbs,
1184 1719 1318 1783 Galatas.
1356 1722 1435 1782 Nam
1461 1740 1553 1782 veras
1580 1720 1631 1781 hic
1658 1740 1722 1783 non
1750 1720 1878 1800 intelligi,

433 1815 469 1869 ut
484 1804 566 1885 apud
588 1807 687 1886 ipsum
709 1805 857 1886 leguntur,
881 1807 936 1868 sed
952 1808 1008 1869 hoc
1023 1809 1129 1870 modo:
1184 1810 1260 1869 satis
1286 1806 1419 1871 ostendit
1444 1805 1582 1869 additum
1606 1825 1738 1869 nomen:
1764 1801 1876 1885 μύθοις,

435 1892 573 1955 nudem
592 1899 666 1970 post
687 1912 790 1953 meam
806 1895 1017 1957 dimissionem
1033 1897 1131 1957 vestri
1179 1895 1322 1973 fabulas,
1345 1893 1428 1975 quod
1443 1894 1482 1954 ds
1497 1894 1719 1956 commenticiis
1733 1896 1878 1976 vennam

432 1983 619 2042 memoriam
648 1980 764 2057 facere.
809 1979 1008 2044 Oscumenius
1041 1984 1130 2044 etiam
1183 1981 1406 2043 minationibus
1431 2000 1550 2061 semper
1572 1981 1727 2061 accipitur
1755 1982 1789 2043 in
1809 1981 1877 2045 Scri·

432 2065 523 2144 hujue
547 2066 683 2127 meminit
709 2068 978 2147 interpretationis,
1009 2071 1066 2132 sed
1087 2069 1129 2129 al·
1183 2069 1281 2149 pturis
1296 2068 1494 2150 Apostolicis3
1518 2076 1553 2129 ut
1570 2072 1587 2129 1
1604 2067 1690 2129 Tim.
1714 2071 1745 2129 1.
1761 2071 1878 2143 stes

434 2160 531 2214 teram
554 2152 699 2234 praefert,
726 2163 758 2215 nt
781 2155 1002 2235 simpliciorem.
1038 2155 1130 2217 Certe
1184 2155 1265 2217 Tim.
1281 2159 1310 2217 4.
1326 2165 1357 2217 et
1371 2155 1411 2216 ad
1427 2157 1488 2217 Tit.
1507 2160 1534 2216 1.
1558 2155 1655 2234 igitur
1669 2154 1788 2217 Petrus
1802 2174 1877 2216 susm

433 2260 493 2301 non
517 2240 711 2319 congruebat,
733 2249 767 2302 nt
782 2242 913 2303 diceret:
939 2243 1031 2304 Dabo
1054 2262 1130 2319 ope·
1184 2244 1352 2304 doctrinam
1378 2244 1416 2304 ab
1443 2243 1621 2303 auctoritate
1655 2261 1740 2303 nune
1770 2241 1879 2323 probet

434 2346 516 2403 ram,
532 2328 662 2402 curabo,
676 2320 855 2404 σπουδάσω,
872 2350 937 2390 cum
949 2329 1023 2391 illud
1034 2330 1131 2390 sancti
1184 2331 1344 2404 affirmans,
1365 2352 1426 2391 non
1441 2350 1505 2402 sus,
1525 2338 1579 2390 sut
1596 2327 1729 2389 siiorum
1746 2327 1881 2409 figmenta

431 2412 548 2477 iacisnt
561 2414 679 2494 absque
694 2435 766 2476 cura
781 2424 811 2477 et
826 2415 1041 2478 sollicitudine.
1055 2416 1080 2478 J
1082 2436 1131 2475 am
1184 2438 1218 2477 se
1232 2416 1398 2493 tradidisse,
1414 2415 1470 2479 sed
1483 2415 1607 2478 oracula
1617 2414 1753 2478 coelitus
1764 2423 1880 2496 accepts

434 2500 509 2582 quid
524 2503 642 2576 attinet,
658 2510 789 2563 statuere
801 2502 881 2564 velle
892 2503 1056 2566 doctrinam
1069 2522 1130 2563 cer·
1183 2524 1203 2564 a
1218 2504 1292 2563 Deo.

435 2589 578 2650 timimam
604 2597 781 2668 argumento
812 2591 940 2662 incerto,
975 2611 1043 2652 cum
1069 2590 1132 2651 alia
1227 2591 1343 2651 Natam
1365 2591 1498 2668 [ecimus
1521 2589 1608 2651 vobis
1622 2589 1768 2652 Domini
1788 2591 1879 2652 mser

435 2677 604 2736 certissima
619 2695 809 2755 nequaquam
825 2675 948 2739 desint?
970 2677 1130 2758 Igitur-ob·
1183 2681 1266 2740 Jests
1289 2678 1408 2740 Christi
1431 2679 1582 2739 viritatem
1605 2681 1636 2737 a
1655 2680 1877 2755 pronaum

435 2760 583 2823 servanda
606 2761 656 2821 hic
678 2771 709 2821 et
729 2761 883 2824 laudanda
905 2763 1074 2825 sollicitudo
1096 2764 1131 2824 Β.
1185 2763 1272 2823 Nan:
1283 2766 1544 2840 praescientiam,
1561 2764 1721 2827 utvitiose
1735 2763 1878 2846 logitnrin

435 2848 608 2928 Patrique
631 2850 751 2930 satagit,
773 2859 815 2923 nt,
839 2851 928 2913 etiam
951 2871 985 2911 se
1007 2859 1132 2923 mortuo,
1184 2851 1286 2910 multis
1303 2849 1470 2928 codicibus,
1487 2849 1542 2911 sed
1554 2854 1792 2930 praesentiam,
1807 2847 1877 2933 qaod

435 2943 517 2997 recta
532 2933 666 2995 doctrina
680 2946 798 2997 maneat
813 2938 895 3018 apud
913 2938 1025 3011 fideles,
1048 2946 1079 2999 et
1092 2937 1131 3000 ad
1185 2958 1225 2999 ex
1239 2938 1410 3000 melioribus
1425 2938 1562 2999 Romana
1577 2940 1724 3000 correctio
1740 2940 1828 3001 nobis
1840 2956 1877 2998 re

435 3030 574 3103 posteros
596 3024 821 3085 transmittatur.
860 3026 950 3104 Quae
974 3025 1079 3086 eadem
1102 3033 1133 3084 et
1186 3028 1293 3087 stituit.
1322 3026 1401 3085 Nam
1425 3024 1543 3087 Graece
1566 3032 1626 3085 est:
1650 3020 1877 3103 napoooias,id

436 3108 527 3170 Pauli
552 3109 722 3170 sollicitudo
748 3109 819 3184 fuit,
845 3113 888 3172 ita
913 3112 1071 3174 scribentis
1092 3109 1133 3171 ad
1186 3121 1240 3185 est,
1260 3115 1477 3189 praesentiam
1499 3113 1566 3172 sive
1589 3110 1783 3175 adventum.
1805 3112 1876 3193 Qasr

437 3196 631 3257 Timotheum
647 3199 666 3256 2
683 3199 779 3275 Epist.
797 3201 843 3258 2.:
867 3202 955 3278 Quae
970 3219 991 3258 a
1007 3219 1056 3259 me
1071 3217 1132 3259 aa·
1186 3199 1274 3259 modo
1297 3199 1401 3261 multis
1419 3199 1488 3260 aliis
1510 3197 1586 3259 locis
1609 3201 1705 3260 vertit
1727 3200 1875 3262 nostmin

436 3284 512 3344 disti
524 3302 586 3359 per
600 3284 717 3345 multos
732 3292 832 3360 testes,
855 3288 931 3347 haee
946 3286 1133 3348 commenda
1186 3295 1312 3365 terpros,
1328 3296 1360 3347 et
1373 3285 1429 3347 hoc
1444 3285 1510 3346 loco
1522 3293 1643 3348 vertare
1655 3287 1762 3367 potius
1776 3285 1875 3348 debuit

436 3370 583 3449 fidelibus
604 3372 803 3446 hominibus,
831 3378 887 3450 qui
907 3374 1016 3434 idonei
1038 3379 1134 3433 erunt
1187 3373 1369 3435 Adventum
1392 3381 1491 3434 autem
1515 3373 1634 3437 Christi
1658 3374 1816 3456 intellige,
1837 3368 1875 3432 rel

438 3466 467 3519 et
482 3460 563 3520 alios
578 3458 698 3533 docere,
722 3457 837 3519 scilicet
858 3459 945 3520 nobis
960 3459 1133 3520 demortuis.
1187 3461 1322 3540 primam,
1346 3479 1405 3539 quo
1422 3480 1475 3539 per
1495 3461 1738 3523 incarnationem
1762 3460 1876 3524 seuit'n

483 3549 531 3607 16.
554 3547 626 3608 Non
643 3550 728 3606 enim
750 3546 861 3607 doctas
882 3547 1012 3625 [abulae
1026 3550 1133 3607 secuti.
1187 3546 1266 3607 hanc
1291 3545 1451 3623 mundum
1481 3548 1538 3609 sub
1567 3566 1630 3626 quo
1658 3547 1798 3612 adventu
1825 3553 1875 3607 au

436 3633 473 3694 In
488 3632 591 3692 multis
607 3630 760 3692 codicibus
783 3632 954 3712 legebatur:
977 3634 1132 3707 indoctas,
1187 3633 1297 3695 Christi
1323 3635 1354 3694 in
1377 3653 1466 3694 carne
1489 3634 1668 3696 oeconomia
1690 3634 1874 3717 comprobes·

436 3741 491 3801 pro
514 3720 630 3781 doctus.
659 3720 728 3779 Non
752 3720 831 3780 enim
853 3721 1032 3800 apparebat,
1059 3741 1133 3799 qno·
1188 3720 1284 3794 ditur3
1307 3720 1365 3793 vel,
1381 3719 1462 3800 quod
1477 3721 1573 3799 magia
1588 3720 1705 3800 placet,
1720 3720 1875 3784 ucundsa

436 3807 525 3869 modo
539 3808 660 3886 [coctu
676 3815 860 3886 competeret
875 3807 1048 3887 epithetum,
1072 3826 1133 3886 quo
1187 3808 1253 3885 ejus
1275 3806 1446 3881 adventum,
1468 3808 1522 3887 qui
1545 3808 1602 3867 erit
1624 3809 1658 3869 in
1682 3810 1875 3888 majestatem

436 3896 547 3956 doctae
563 3895 741 3957 dicerentur.
765 3893 827 3956 Sed
849 3914 951 3955 veram
974 3895 1132 3957 lectionem
1188 3896 1305 3954 virtute.
1328 3893 1444 3954 Idcirco
1457 3895 1537 3954 euim
1550 3894 1714 3975 conjungit
1725 3896 1802 3960 baec
1814 3893 1874 3955 dus:

435 4002 475 4043 ex
496 3980 650 4043 codicibus
673 3980 877 4055 fidelioribus,
900 3990 1131 4043 consentaneam
1187 3984 1335 4042 virtutem
1362 4001 1415 4042 sao
1440 3984 1620 4058 potentiam,
1647 3992 1682 4042 et
1703 3985 1874 4045 admone

436 4067 569 4140 Graeco,
592 4070 678 4129 nobis
700 4070 898 4129 restituerunt
919 4068 1133 4148 epanarthotae
1187 4068 1265 4127 Nam
1281 4069 1392 4147 primns
1407 4067 1520 4129 christi
1543 4066 1697 4128 edvemns
1719 4068 1783 4130 init
1796 4072 1826 4130 ia
1839 4069 1871 4126 ir

435 4156 571 4218 Romani.
594 4155 670 4215 Nam
695 4158 726 4215 in
743 4154 858 4216 Graeco
882 4155 1072 4236 participium
1087 4162 1132 4213 est
1187 4154 1326 4213 firmitate
1347 4161 1378 4213 ct
1399 4154 1577 4214 humilitate.
1610 4154 1710 4222 auus.
1735 4155 1818 4236 quod
1838 4172 1873 4213 se

435 4232 679 4319 σεσοφισμένοις,
691 4240 772 4321 quod
780 4240 858 4301 bens
869 4242 1131 4303 vertitllrasmus:
1186 4239 1276 4300 cundi
1300 4249 1392 4321 typus
1414 4242 1540 4319 quidam
1556 4241 1612 4300 iuit
1635 4242 1705 4320 ejus
1729 4241 1874 4320 transigu·

435 4337 506 4389 arte
521 4330 719 4403 compositas,
745 4338 775 4388 et
791 4328 870 4390 alius
893 4330 1034 4407 qnidam:
1057 4328 1132 4387 surb·
1187 4329 1282 4398 ratio,
1305 4327 1344 4387 de
1370 4349 1431 4407 qna
1456 4328 1557 4388 statim
1580 4330 1694 4388 mentio
1718 4329 1874 4408 subjicitur·

436 4416 537 4477 tiliter
559 4417 760 4489 encopitatas.
787 4414 870 4476 Sane
891 4414 1042 4477 Graecum
1067 4434 1131 4475 ver·
1185 4414 1327 4494 Denique
1350 4414 1397 4474 hic
1412 4413 1561 4475 adrentus
1577 4425 1632 4484 est,
1658 4435 1751 4494 quem
1766 4416 1874 4477 entur

436 4502 516 4575 bum,
532 4522 550 4560 a
565 4502 716 4580 sapientia
740 4499 910 4574 ‹lednctum,
935 4502 1078 4583 quodque
1102 4502 1132 4560 in
1187 4500 1311 4561 reddere
1336 4501 1485 4572 volebant,
1507 4499 1729 4580 quidicerent:
1763 4502 1822 4566 Ubi
1840 4505 1875 4560 ed

436 4588 544 4650 bonam
559 4598 675 4667 partem
691 4609 710 4647 a
725 4588 824 4650 LXX.
842 4599 1001 4669 usurpatur
1016 4588 1130 4665 aliquo·
1185 4590 1353 4663 promissio
1368 4595 1425 4648 aut
1448 4588 1605 4650 aduentus
1619 4591 1690 4663 ejus
1705 4590 1788 4650 eta?
1809 4586 1875 4650 int·

435 4676 501 4749 tiss,
521 4683 554 4734 ut
573 4679 587 4734 1
604 4676 679 4755 Bag.
696 4676 724 4734 3.
746 4683 776 4734 et
795 4675 814 4733 3
831 4675 905 4754 Reg.
925 4680 950 4735 1.
967 4684 996 4734 et
1011 4676 1050 4745 4.,
1073 4695 1133 4736 non
1187 4694 1252 4753 cup.
1277 4679 1306 4736 3.
1329 4674 1483 4735 Adversus
1506 4694 1581 4755 quoe
1603 4675 1716 4738 Petrus
1738 4675 1798 4738 lsse
1817 4672 1873 4754 lip‘r

436 4762 597 4840 permittit,
625 4771 658 4821 ut
680 4763 745 4839 ejas
768 4762 958 4841 participium
982 4770 1132 4823 vertatur:
1186 4760 1264 4820 stola
1278 4759 1383 4821 fideles
1399 4762 1466 4821 vult
1479 4780 1552 4821 esse
1567 4764 1789 4840 praemunitos.

435 4848 600 4924 indoctam
623 4850 737 4910 etiamsi
753 4847 793 4909 sd
816 4846 921 4908 falsam
938 4858 969 4907 st
985 4869 1131 4909 commen·
1229 4848 1290 4910 see
1311 4849 1521 4924 speculatores
1542 4849 1625 4926 sacti
1646 4850 1738 4912 illius
1759 4848 1873 4926 mopsi·

436 4934 532 4995 titiam
548 4933 718 4995 doctrinam
740 4931 785 5011 (ut
798 4935 856 4996 hoc
872 4929 951 5009 loco)
974 4935 1131 4996 referatur.
1186 4935 1317 4997 tudinis.
1339 4935 1569 5011 Speculatores,
1593 4935 1729 4998 Graecm
1745 4927 1872 5004 inim,

437 5019 627 5082 Vocabulum
649 5020 774 5100 docus,
800 5030 921 5104 praeter
943 5021 1020 5097 alia,
1045 5023 1133 5084 nobis
1186 5025 1386 5101 inspectores,
1409 5019 1490 5103 quod
1504 5021 1575 5102 plus
1590 5031 1647 5098 est,
1665 5039 1872 5106 quamspses·
