4442 5825
737 614 900 670 Kl’lS'l'Ode
918 614 958 670 Ab
976 612 1141 669 mustos.
1159 614 1243 667 VERS.
1262 615 1300 667 lb.
1316 615 1356 667 17.
1695 620 1764 689 131

349 814 387 858 m
409 796 542 875 explicet
566 817 586 856 s
612 793 829 856 consuetudine
857 793 1020 866 hominum,
1073 812 1164 873 quum
1180 794 1205 853 si
1222 800 1303 853 osset
1317 791 1399 852 nude
1414 793 1584 872 promissio,
1600 792 1649 852 vel
1664 791 1768 852 abun·

349 880 392 957 si,
417 884 556 944 volentes
578 882 645 943 eliis
667 889 778 942 certum
805 879 895 941 iidem
921 881 1021 940 lucere
1074 881 1221 953 dontius,
1245 899 1334 959 quem
1349 880 1380 939 iu
1396 881 1461 939 eliis
1475 879 1628 959 plerisque
1644 881 1767 958 promis·

349 988 438 1043 cmm,
464 989 546 1050 quse
568 967 686 1042 dicunt,
707 970 911 1047 jurameutum
934 969 1019 1026 iuter·
1074 967 1206 1027 sionibus
1229 967 1332 1025 eDeo
1360 966 1458 1026 lectis.
1495 966 1576 1026 Illud
1598 966 1694 1026 obiter
1716 966 1767 1026 sd·

349 1064 446 1119 suunt.
470 1054 531 1118 Sed
545 1056 577 1115 bi
593 1056 727 1136 quidem,
748 1057 859 1134 inquit,
875 1073 929 1134 per
944 1072 1021 1126 eum,
1073 1073 1190 1126 moneo,
1205 1052 1384 1132 particulam
1397 1053 1617 1115 abundantius
1629 1075 1688 1114 non
1704 1072 1770 1114 esse

349 1146 484 1224 uimsjor
507 1145 563 1214 sit,
585 1145 706 1222 jnrsnt,
736 1144 810 1221 quie
829 1161 863 1202 se
877 1141 1020 1218 mojorem
1074 1140 1305 1201 construendam
1322 1159 1388 1199 cnm
1404 1142 1561 1221 perticipio
1577 1142 1697 1215 volens,
1717 1139 1769 1199 sed

349 1231 436 1292 sbent
451 1229 561 1290 Deum.
595 1230 632 1288 Id
648 1231 734 1291 Deus
757 1247 816 1289 non
832 1228 944 1307 potnit,
968 1226 1021 1306 qui
1074 1248 1141 1288 cnm
1157 1227 1249 1287 verbo
1265 1227 1436 1287 ostendere.

349 1318 467 1398 ujorcur
487 1336 549 1377 nou
572 1316 673 1388 hebet,
701 1315 830 1395 ideoque
854 1320 1022 1392 persumet
1118 1315 1363 1374 Pollicitntionis
1374 1314 1570 1374 haeredibus.
1594 1311 1768 1373 Idestbse·

349 1424 420 1467 m
431 1404 559 1483 jureric
1074 1400 1198 1460 redibus
1227 1403 1392 1480 promissae
1420 1401 1643 1461 benedictionis.
1681 1400 1768 1459 lntel-

364 1493 408 1554 st
430 1493 537 1551 omnis
562 1490 797 1549 controversiae
818 1506 927 1548 eorum
949 1487 1023 1563 linis
1074 1488 1152 1567 lige:
1184 1488 1220 1547 In
1244 1506 1369 1566 quorum
1392 1508 1512 1547 numero
1536 1508 1590 1548 vos
1613 1489 1694 1547 estis.
1732 1485 1770 1545 Id

348 1578 367 1637 d
399 1576 680 1653 confirmationem
718 1582 761 1634 est
789 1579 1020 1649 juramentum.
1074 1575 1155 1635 enim
1171 1593 1236 1634 esse
1252 1594 1289 1633 cx
1313 1584 1414 1634 mente
1431 1574 1585 1652 Apostoli,
1609 1574 1770 1653 sequentia

348 1667 440 1725 lrsecs
456 1663 496 1724 sd
514 1660 653 1723 verbum:
679 1665 722 1723 Et
738 1663 840 1722 omnis
854 1664 930 1737 ipsis
945 1678 1022 1721 con·
1074 1661 1232 1721 manifeste
1258 1661 1397 1741 probent,
1427 1663 1478 1721 ubi
1507 1660 1546 1721 de
1571 1661 1770 1740 promissione

348 1752 499 1814 nuntiae
515 1750 589 1826 {inis
603 1758 658 1810 etc
696 1749 807 1809 Sensus
822 1757 883 1808 est:
908 1750 947 1810 Et
963 1767 1020 1808 om·
1074 1765 1240 1807 sermonem
1264 1749 1454 1817 continuans,
1482 1747 1582 1809 verbis
1603 1749 1695 1807 utitur
1711 1747 1770 1825 pri·

348 1837 465 1909 biens,
488 1855 568 1916 quse
582 1837 660 1896 inter
681 1837 762 1914 ipsos
786 1834 897 1894 eccidit
910 1847 963 1894 sut
980 1835 1021 1892 iu·
1074 1854 1141 1895 mee
1156 1854 1302 1913 personae
1318 1835 1441 1913 pluralis
1456 1836 1588 1895 numeri:
1611 1836 1769 1897 solatium

348 1925 453 1985 evenit
480 1925 691 1995 controversis,
715 1925 885 2001 juramento
905 1922 1022 1993 finitum
1074 1922 1260 1995 babeamus,
1292 1923 1494 1999 eonfuyimns
1524 1930 1598 1993 etc,
1632 1922 1770 1982 nimirum

348 2010 411 2071 siut
424 2010 564 2091 legitimo
580 2009 752 2070 dirimendis
768 2008 867 2068 litibus
882 2007 1023 2076 remedio,
1075 2029 1113 2068 es
1137 2010 1268 2080 ratione,
1293 2019 1324 2067 ut
1347 2011 1426 2085 ipsos
1444 2008 1616 2080 Hebraeos,
1639 2007 1678 2067 ed
1694 2024 1770 2086 quos

348 2099 443 2177 ¹solies
472 2097 553 2159 slise
578 2097 771 2177 probationes
796 2094 948 2155 deliciunt.
985 2092 1023 2153 Id
1075 2097 1193 2167 scribit,
1208 2094 1314 2155 doceat
1329 2094 1473 2155 heoredes
1489 2116 1554 2154 esse
1568 2096 1771 2175 promissionis

348 2185 404 2247 nh
417 2194 535 2244 sermm
549 2183 631 2263 spud
647 2202 699 2242 eos
713 2181 857 2255 habetur,
880 2180 963 2262 quod
974 2181 1021 2259 ju·
1076 2182 1166 2255 illius,
1180 2201 1260 2260 quse
1275 2183 1312 2241 nd
1330 2182 1482 2242 librshum
1501 2184 1674 2262 interposito
1686 2182 1770 2260 jurs·

348 2273 452 2333 nenti
466 2271 615 2349 religione
638 2271 785 2331 dumetum
799 2268 898 2330 fuerit
935 2265 1024 2328 Unde
1076 2279 1176 2330 mento
1192 2267 1275 2327 facts
1289 2278 1344 2328 est

348 2357 571 2419 iurisconsultus
585 2373 617 2416 tt.
633 2355 672 2416 de
682 2354 893 2434 jurejursndo:
916 2355 1024 2417 Mutri-
1120 2356 1377 2416 immobilitatem
1407 2357 1531 2416 consilii
1559 2359 1617 2416 sui.
1658 2353 1695 2414 ld
1724 2362 1772 2414 est

347 2462 411 2507 us
425 2445 608 2505 remedium
630 2443 903 2520 expediendorum
918 2443 1022 2502 litium
1078 2441 1349 2504 immutabilitatem
1361 2463 1396 2501 sc
1408 2443 1574 2503 firmitatem
1591 2445 1635 2503 sni
1652 2441 1771 2502 decreti.

347 2534 469 2593 besum
485 2533 575 2592 venit
585 2530 807 2605 iurisiurandi
821 2531 942 2605 reliqio.
966 2529 1024 2587 Lo·
1078 2529 1167 2610 Quod
1183 2537 1307 2589 vocetur
1317 2532 1495 2605 consilium,
1512 2531 1586 2610 quis
1597 2531 1682 2589 Deus
1697 2527 1772 2588 nihil

347 2632 381 2681 Ι
392 2619 443 2680 bic
457 2619 647 2699 apertissime
661 2617 772 2678 refellit
788 2635 848 2691 eos,
864 2618 932 2697 qui,
947 2614 1025 2675 mulo
1077 2619 1135 2678 nisi
1158 2616 1291 2677 consults
1306 2618 1420 2677 ratione
1440 2618 1606 2698 sapientise
1633 2634 1706 2677 ense
1732 2617 1774 2676 ls-

347 2705 532 2785 shlligeutes
547 2705 726 2784 evangelicu
748 2714 923 2783 praecepte,
943 2704 1024 2782 Jure·
1078 2703 1216 2764 ciendum
1239 2702 1378 2764 decernit..
1419 2705 1509 2765 Dicet
1536 2704 1659 2785 uliquis,
1686 2721 1774 2763 omne

347 2801 460 2854 mum
476 2790 622 2852 dsmnsnt
643 2791 729 2852 velut
750 2809 814 2851 rem
832 2809 954 2868 prorsus
970 2787 1025 2848 illi·
1078 2792 1137 2850 Dci
1152 2791 1303 2850 docrctum
1326 2792 1510 2852 immutabile
1531 2811 1613 2862 esse,
1640 2793 1774 2871 ipseper

347 2879 423 2941 itm
458 2878 538 2940 Nem
560 2877 597 2939 de
621 2897 657 2939 eo
681 2878 815 2958 loquitur
829 2878 879 2939 hic
896 2878 1024 2956 Aposto·
1078 2879 1214 2940 Jessinm
1243 2886 1373 2939 testante
1403 2898 1466 2959 cup.
1498 2881 1565 2941 lit:
1596 2878 1773 2941 Consilium

347 2984 393 3040 n,
420 2985 481 3026 non
505 2966 603 3026 solum
626 2975 662 3025 ut
681 2965 721 3025 de
742 2984 775 3025 re
797 2965 893 3035 licite,
923 2983 1027 3024 verum
1079 2985 1183 3027 meum
1206 2966 1318 3040 stabit,
1346 2974 1375 3026 et
1398 2971 1501 3028 omnis
1530 2967 1682 3028 voluntas
1704 2982 1775 3026 men

347 3055 417 3114 t’um
432 3051 524 3114 utsd
543 3053 689 3114 finiendas
705 3055 939 3124 controversias,
962 3052 1026 3130 qui·
1079 3053 1153 3130 tiet3
1187 3070 1279 3131 quare
1300 3054 1325 3112 si
1341 3053 1532 3113 immobilitas
1556 3053 1673 3113 consilii
1698 3054 1774 3114 tutio

347 3140 533 3202 murnum
548 3142 676 3200 societas
690 3138 900 3219 perturbetur,
925 3157 1027 3198 neces·
1080 3149 1125 3199 est
1146 3139 1317 3218 opponendi
1336 3140 1513 3217 juramenti,
1540 3151 1607 3200 eret
1629 3139 1705 3200 illud
1722 3138 1774 3199 sd·

347 3228 425 3303 sris,
456 3225 532 3286 sdeo
555 3226 693 3307 quidem,
723 3233 758 3285 ut
781 3232 811 3285 ot
833 3227 918 3286 Deus
942 3243 1028 3286 susm
1079 3225 1240 3286 hibendum
1257 3227 1465 3287 omnibrrsl)ei
1481 3227 1616 3302 decretis,
1633 3225 1775 3287 cumnul-

346 3315 557 3376 minmnem
579 3315 751 3391 jurumento
780 3313 955 3373 confirmsre
976 3332 1028 3371 vo·
1080 3314 1141 3373 lum
1157 3313 1221 3389 ejus
1236 3311 1408 3383 consilinm,
1439 3315 1552 3373 nullum
1569 3314 1722 3374 decretum
1737 3316 1777 3373 sit

346 3402 436 3471 serit,
457 3419 496 3462 ne
511 3400 583 3481 qnid
599 3401 626 3460 ei
643 3398 751 3460 deesse
766 3398 927 3471 videretur,
949 3397 1027 3479 qnod
1081 3399 1230 3461 mutabile.
1252 3398 1441 3479 Respondeo,
1461 3400 1618 3461 consilium
1634 3400 1777 3462 mutsbile

346 3488 536 3548 missiset
556 3489 655 3567 pectis
677 3485 848 3546 firmitatem
872 3486 953 3565 spud
976 3486 1026 3545 ho·
1082 3486 1202 3547 duobus
1224 3484 1320 3545 modis
1345 3487 1473 3569 intelligi
1500 3508 1602 3566 posse,
1628 3490 1678 3551 vel
1704 3492 1779 3569 quis

346 3575 426 3636 siue·
440 3574 601 3634 conciliare
620 3572 706 3633 solet
729 3572 817 3633 Unde
833 3574 986 3652 sequitur:
1082 3573 1451 3653 voluntssipssmutetur,
1467 3576 1776 3657 dnmsliqnidoccnr·

376 3661 425 3722 li.
448 3662 492 3721 In
504 3680 568 3739 quo
584 3660 805 3721 abundantius
819 3661 929 3720 volens
944 3662 1030 3720 Deus
1081 3663 1121 3719 rit
1136 3659 1393 3731 considerandum,
1410 3662 1490 3741 qnod
1507 3666 1589 3742 prius
1601 3684 1660 3724 non
1675 3682 1776 3725 occur-

346 3748 504 3809 meere.
543 3745 634 3827 Quod
650 3748 710 3806 sit:
737 3750 773 3807 in
789 3765 861 3823 quo,
887 3746 1029 3818 nonnulli,
1082 3746 1184 3820 rebst3
1211 3757 1244 3804 ut
1260 3766 1350 3829 snepe
1366 3751 1512 3829 contingit
1527 3751 1710 3823 hominibus,
1727 3751 1778 3832 qui

346 3835 443 3915 lsibus
457 3834 587 3915 Syrisce
609 3833 696 3893 luvet
719 3834 938 3912 interpretstio,
967 3852 1029 3891 ver·
1083 3852 1185 3914 prore
1202 3842 1273 3892 nuta
1297 3854 1391 3915 snepe
1414 3845 1560 3915 coguntur
1578 3846 1696 3898 mutere
1710 3857 1778 3897 con·

346 3928 413 3982 nt:
426 3920 681 3998 propterquod,
705 3920 790 3999 qussi
806 3920 885 3980 diost
900 3921 1028 3999 Aposto·
1082 3920 1165 3996 silio,
1203 3920 1256 3979 sod
1279 3922 1390 3981 hocin
1410 3924 1491 3997 Deo,
1522 3926 1573 4003 qni
1595 3926 1634 3984 sb
1657 3935 1777 3988 aeterno

346 4015 396 4068 b:
411 4007 566 4087 Quoniam
580 4009 622 4067 its
633 4025 681 4067 res
691 4007 781 4067 hebet
793 4007 872 4087 spud
886 4007 1030 4079 homiues,
1083 4010 1184 4067 omnin
1198 4008 1284 4066 norit
1300 4017 1331 4067 et
1347 4008 1532 4081 consideret,
1553 4011 1664 4074 hebere
1679 4014 1777 4074 locum

346 4101 372 4154 ιι
379 4095 583 4174 jursmentum
607 4095 817 4154 controversiis
833 4095 919 4154 finem
934 4095 1028 4172 impo-
1083 4115 1143 4155 nou
1158 4102 1264 4173 potest.
1288 4095 1344 4154 Vel
1361 4098 1433 4175 quis
1448 4118 1495 4158 res
1511 4100 1592 4178 ipse,
1618 4120 1696 4179 quse
1711 4122 1778 4163 cou-

346 4189 387 4242 nt
405 4190 435 4241 et
457 4188 548 4261 pects
574 4180 741 4252 confirmet,
771 4180 870 4241 voluit
891 4188 922 4241 et
946 4181 1029 4240 Dens
1082 4182 1778 4267 siliostatuitur,mutetionempetitur3qusndo

345 4283 407 4330 nse
433 4269 625 4347 promissioni
652 4267 856 4345 juramentum
890 4265 1028 4343 sujicere.
1082 4267 1199 4327 scilicet
1214 4270 1331 4327 nonita
1347 4272 1505 4345 statuitur,
1531 4283 1565 4334 ut
1583 4294 1777 4355 sempermo-

345 4351 387 4414 ῆι
403 4357 494 4415 etism
517 4354 767 4434 'l'beopbylsotue
790 4355 939 4433 exposuit.
968 4354 1030 4413 Alii
1083 4362 1169 4429 nest3
1204 4354 1261 4413 hoc
1287 4375 1376 4415 sensu
1401 4359 1459 4418 Dei
1480 4362 1635 4422 consilium
1662 4364 1779 4435 nutari,

345 4441 502 4522 siurplicius
515 4440 573 4501 boc
586 4440 691 4501 modo:
707 4440 744 4501 In
760 4461 837 4521 qno,
852 4440 882 4501 id
899 4449 951 4511 est,
970 4461 1030 4519 que
1083 4462 1143 4502 non
1167 4451 1213 4501 net
1236 4441 1413 4516 absurdum,
1437 4447 1531 4508 veluti
1552 4449 1663 4509 luctum
1686 4459 1733 4511 cst
1746 4450 1780 4510 iu

345 4528 428 4602 bre,
442 4548 503 4608 quo
520 4530 552 4588 iu
567 4546 678 4607 genere
692 4528 903 4607 promissionis,
924 4526 1030 4588 volens
1084 4529 1281 4606 promissione
1308 4537 1406 4591 terres
1432 4530 1593 4607 Ohenssn,
1620 4535 1779 4595 sacerdotii

345 4611 417 4676 Deus
431 4615 594 4676 ostendere
609 4622 663 4674 etc.
701 4612 888 4675 Aduerbium
912 4633 1030 4693 compe·
1084 4616 1228 4689 saronis,
1245 4618 1329 4695 regni
1346 4616 1428 4677 Saul.
1467 4619 1553 4681 Haec
1568 4622 1645 4682 enim
1660 4642 1721 4682 non
1735 4622 1780 4682 its

345 4701 460 4762 ιιιὶπιιι
482 4701 721 4776 Montium,
748 4699 866 4762 Graece
886 4692 1031 4777 περισσό·
1085 4702 1231 4779 promisse
1247 4711 1331 4775 sunt,
1353 4713 1387 4763 ut
1409 4723 1526 4785 semper
1539 4717 1701 4768 manerent.
1737 4708 1780 4769 At

345 4801 438 4866 tepor,
461 4786 567 4859 multi,
587 4788 667 4867 Syro
681 4788 881 4867 suffragante,
901 4788 1032 4867 positive
1083 4787 1255 4849 benedictio
1279 4792 1461 4867 posteritatis
1481 4792 1637 4868 Abrabae,
1663 4793 1702 4856 de
1717 4815 1779 4875 qus

345 4877 505 4958 acipiunt:
521 4874 741 4949 abundanter,
756 4877 941 4950 insinniter,
965 4876 1033 4935 eni·
1084 4874 1134 4934 bic
1148 4894 1244 4935 sermo
1268 4884 1328 4950 est,
1351 4879 1422 4936 item
1444 4898 1568 4957 regnum
1591 4888 1621 4940 et
1642 4881 1779 4943 sucerdo-

345 4963 404 5024 ste.
433 4962 530 5044 Atqui
544 4960 624 5022 nihil
648 4961 786 5042 prohibet
803 4962 900 5040 sccipl
914 4980 1030 5041 comps·
1084 4963 1155 5021 tinm
1172 4959 1301 5035 Christi,
1327 4965 1369 5023 its
1392 4966 1536 5041 promisse
1558 4976 1643 5043 sunt,
1669 4976 1703 5028 ut
1717 4989 1778 5028 ms·

345 5051 431 5113 sure
444 5049 688 5125 abuudantius,
709 5047 890 5109 eunutstim
911 5048 1032 5121 scilieet,
1083 5056 1178 5109 neem
1204 5048 1236 5108 in
1257 5057 1426 5123 setemum,
1456 5061 1485 5111 ct
1504 5053 1632 5134 proinde
1657 5053 1780 5117 decretu

1520 5151 1573 5218 9*
