4442 5825
776 586 1179 644 noromrrommrros.
1213 585 1385 646 meaa
1754 595 1808 665 ut.

352 764 476 827 rebatur
507 765 651 838 interior,
688 763 816 828 dextero
845 767 990 841 exterior,
1020 774 1056 828 ut
1106 764 1177 825 Nou
1193 772 1351 826 contentue
1366 764 1532 846 Apostolus
1546 762 1697 827 Christum
1719 785 1806 848 prae·

353 853 425 913 bene
448 851 542 912 decet
563 870 604 913 ex
628 852 745 913 Latinio
769 851 939 913 auctoribue
961 854 1053 913 Anto·
1106 852 1213 912 tulieee
1227 851 1396 932 Prophetis,
1412 853 1489 914 inter
1507 870 1585 933 quoe
1600 853 1711 926 lloeee,
1726 872 1807 915 nuno

353 941 417 999 uiua
430 937 665 1012 Nebriaeeueia,
693 948 723 1000 et
736 939 874 1001 Joaunee
891 938 1054 1020 Geropiue:
1109 958 1178 999 eum
1194 939 1267 1019 ipris
1283 939 1372 999 etiem
1388 940 1504 1018 angelis
1516 941 1681 1019 anteponit.
1703 939 1805 1020 Siqui-

355 1047 409 1085 non
422 1036 530 1086 tamon
553 1024 635 1085 idem
658 1025 838 1087 censendum
862 1025 900 1086 de
919 1026 986 1086 aliie
1002 1046 1053 1106 po·
1107 1024 1177 1085 dem
1192 1033 1222 1084 et
1236 1045 1292 1104 per
1305 1026 1430 1104 angelos
1445 1026 1516 1086 olim
1531 1024 1647 1086 locutua
1659 1035 1705 1089 eet
1719 1026 1806 1088 nem

355 1113 444 1193 polio,
470 1114 655 1192 praeeertim
676 1113 836 1193 Aegyptiis
852 1122 883 1174 et
897 1112 1055 1187 Hebraeis,
1107 1112 1262 1192 patribue,
1289 1120 1319 1171 et
1334 1113 1508 1191 angelorum
1524 1113 1690 1174 ministerio
1705 1112 1805 1193 legem

355 1201 401 1281 qui
415 1199 574 1260 Romanoa
592 1200 774 1279 antiquitate
796 1199 886 1279 longe
901 1207 1054 1280 ruperant
1107 1199 1153 1259 eie
1168 1197 1262 1258 dedit
1298 1197 1357 1259 Eut
1370 1207 1472 1261 autem
1495 1201 1588 1259 tecita
1611 1200 1749 1262 collectio
1764 1219 1805 1262 ex

356 1284 439 1365 Apud
455 1285 515 1345 hoa
530 1287 610 1348 enim
626 1285 761 1346 dextrem
776 1285 871 1347 iniere
886 1284 1055 1347 honoratio·
1107 1293 1195 1365 perte
1217 1285 1422 1365 praecedenti.
1459 1288 1493 1349 Si
1516 1289 1595 1346 enim
1618 1286 1703 1348 redet
1717 1285 1805 1348 Chri·

357 1393 413 1433 reur
439 1371 497 1431 vel
522 1392 564 1434 ex
588 1374 680 1433 eacrie
707 1371 802 1434 literie
832 1372 947 1434 diecere
973 1373 1053 1433 licet
1107 1381 1172 1432 etue
1196 1371 1235 1431 ed
1256 1369 1409 1432 dexterum
1426 1373 1501 1445 Dei,
1526 1373 1617 1452 igitur
1638 1381 1669 1434 et
1690 1373 1807 1453 angelis

356 1460 428 1520 liam
441 1458 524 1520 Gen.
542 1459 594 1521 48.
611 1459 729 1538 Joeeplr
750 1458 843 1520 filium
861 1478 945 1520 enum
960 1460 1054 1538 mejo-
1107 1458 1259 1538 praelatus
1274 1465 1328 1519 eet
1365 1458 1465 1539 Quem
1480 1461 1557 1520 euim
1577 1480 1629 1521 rex
1645 1459 1684 1521 od
1699 1459 1804 1521 dexte·

356 1566 413 1605 rem
429 1555 506 1606 natu
530 1545 660 1606 collocat
679 1545 718 1606 ad
738 1546 890 1607 dexteram
909 1555 1054 1626 tanquam
1107 1565 1170 1604 rem
1185 1563 1271 1605 enam
1287 1544 1428 1621 collocat,
1443 1546 1513 1606 aliie
1526 1548 1663 1609 omnibue
1678 1555 1804 1627 autepo-

356 1632 479 1713 digniori
497 1632 583 1708 loco;
599 1634 744 1693 minorem
756 1652 828 1693 vero
840 1631 879 1692 ad
891 1633 1054 1693 einietrem.
1107 1633 1159 1706 nit,
1174 1639 1208 1691 ut
1221 1633 1280 1710 jam
1293 1640 1447 1694 cotoneum
1459 1641 1513 1695 eet.
1536 1633 1637 1712 Hujue
1648 1633 1801 1701 collectio-

356 1719 452 1799 Quem
467 1718 608 1780 ordinem
631 1718 730 1780 etudio
746 1729 933 1781 commnione
948 1719 1054 1794 Jacob,
1107 1718 1154 1780 nie
1179 1720 1241 1779 vim
1269 1719 1347 1779 inire
1376 1721 1523 1800 explicat,
1552 1721 1605 1781 ubi
1630 1721 1705 1781 dicit
1729 1719 1806 1782 nulli
1861 1787 1864 1790 Α

357 1803 431 1886 qnod
457 1807 608 1867 minorem
640 1807 749 1885 mitiori
774 1805 928 1888 praeferre
953 1807 1054 1880 vellet,
1107 1806 1284 1884 angelorum
1299 1805 1462 1884 aliquando
1475 1807 1588 1868 dictum
1604 1827 1670 1870 eeao
1686 1828 1705 1867 a
1720 1809 1805 1868 Deo:

357 1893 511 1953 dexteram
525 1912 611 1955 auem
631 1893 750 1968 minori,
775 1895 926 1955 aiuietrem
948 1893 1055 1973 majori
1107 1892 1185 1954 seer
1201 1912 1221 1953 o
1237 1892 1355 1953 decreta
1371 1896 1454 1955 meir.
1477 1893 1602 1974 Alioqui
1621 1897 1652 1956 in
1667 1896 1732 1976 ipae
1746 1894 1804 1957 hoe

358 1978 566 2040 benedicmua
597 1981 749 2060 imposuit.
790 1979 837 2041 lta
866 1980 973 2043 Mettio
1003 1980 1053 2040 25.
1108 1981 1259 2040 sententia
1272 1983 1421 2060 proprium
1445 1992 1655 2061 argumentum
1670 1982 1802 2043 contine·

357 2086 423 2127 orca
443 2074 623 2127 muniuntur
645 2064 808 2140 adextrie,
831 2066 920 2127 haedi
942 2089 961 2128 e
983 2067 1061 2126 eini·‘
1107 2073 1170 2139 tur,
1197 2067 1319 2127 ductum
1346 2088 1365 2127 a
1391 2070 1511 2129 nomine
1532 2069 1593 2145 filit
1619 2070 1693 2142 Dei,
1719 2068 1805 2151 quati

357 2156 427 2213 rute.
461 2154 508 2214 lm
522 2152 619 2213 Mara
637 2152 687 2212 10.
701 2152 756 2212 filii
778 2153 929 2235 Zebedaei
951 2160 1054 2234 pcetu·
1107 2151 1203 2213 dicet:
1228 2153 1326 2215 Filiue
1341 2154 1402 2215 Dei
1418 2163 1480 2227 eet,
1506 2174 1578 2235 ergo
1600 2155 1695 2217 multo
1710 2156 1807 2236 major

358 2239 447 2301 lantea
470 2261 491 2301 a
506 2237 631 2300 Clrriato
647 2237 706 2302 albi
721 2238 801 2313 dari,
830 2249 864 2301 ut
882 2240 960 2300 oltcr
974 2242 1053 2320 ipeo·
1108 2239 1234 2319 engelie.

358 2346 415 2386 rum
427 2329 470 2388 ad
487 2325 627 2388 datram
643 2325 709 2405 ejue
718 2336 737 2398 ,¹
749 2327 826 2388 elter
844 2326 884 2388 ad
906 2327 1054 2388 eirrietrem
1150 2326 1270 2386 Dicitur
1280 2333 1382 2387 eutem
1397 2329 1582 2389 coenoman
1596 2328 1806 2391 tenedum

360 2412 474 2475 eederet
501 2415 535 2474 in
557 2413 655 2493 gloria
677 2413 759 2490 ejue3
789 2415 896 2493 utique
919 2412 1054 2475 doxtrum
1108 2413 1212 2492 phraei
1227 2411 1419 2492 Scriptum,
1446 2416 1518 2494 quie
1540 2414 1615 2477 illud
1639 2414 1723 2476 velut
1736 2435 1805 2497 pro·

364 2501 439 2578 priori
454 2501 528 2566 loco
543 2501 716 2573 nominant,
731 2498 814 2560 velut
829 2500 1003 2580 digniorem.
1108 2501 1204 2579 prium
1219 2518 1256 2558 ac
1267 2499 1338 2577 jure
1354 2499 1486 2562 debitum
1501 2502 1616 2563 obtinet
1630 2509 1722 2581 etque
1736 2521 1805 2581 poe·

395 2585 505 2649 Dicae:
530 2605 602 2667 ergo
624 2586 774 2658 cudetur,
797 2607 865 2647 cum
888 2587 995 2648 redeat
1015 2584 1055 2646 ad
1107 2586 1195 2646 eidet.
1224 2585 1333 2667 Neque
1349 2589 1429 2649 enim
1442 2587 1545 2668 placet
1560 2589 1680 2650 Eraemi
1696 2590 1805 2666 verrio,

361 2670 506 2735 dexterum
526 2673 603 2746 Dei,
624 2674 723 2733 Deum
745 2673 858 2734 honore
879 2671 1054 2734 antecedit?
1106 2676 1236 2733 eortitue
1252 2681 1303 2734 cet
1325 2675 1404 2734 Nem
1420 2677 1476 2735 etei
1491 2675 1662 2738 haereditet
1678 2674 1805 2739 Graecia
1854 2727 1870 2739 .

360 2757 476 2821 lliuime
498 2779 584 2820 veroa
621 2760 691 2820 Nou
713 2761 793 2820 enim
813 2760 911 2821 Deum
934 2761 1055 2839 respicit
1107 2780 1126 2818 a
1140 2768 1220 2820 rorte
1235 2757 1362 2834 dicetur,
1377 2760 1560 2841 significatio
1575 2770 1677 2823 temen
1691 2771 1723 2822 et
1737 2783 1804 2844 pro·

359 2855 497 2928 tunquam
512 2845 676 2920 aiuiatrum,
692 2845 774 2926 quod
785 2848 848 2926 jem
865 2846 1054 2922 exclusimus,
1107 2846 1218 2927 prietae
1247 2865 1354 2908 vocum
1385 2856 1431 2907 eet
1460 2847 1597 2926 diversa,
1629 2852 1806 2930 praesertin

358 2930 404 2992 rad
424 2942 576 3014 tauquam
598 2933 743 3006 medium,
770 2934 887 2995 exceleo
909 2954 946 2996 ec
971 2934 1054 3013 regio
1107 2953 1175 3005 cum
1190 2932 1308 3012 phraeie
1322 2937 1388 3014 ipre
1403 2957 1464 2996 nou
1478 2957 1497 2996 a
1513 2934 1637 2998 Graecis
1652 2936 1744 2998 ducta
1757 2939 1804 3012 eit,

358 3020 457 3081 throno
481 3019 683 3093 colloretum,
706 3022 894 3101 caeterieque
918 3020 1055 3081 omnibus
1107 3019 1163 3082 eed
1178 3018 1384 3083 ebHebraeie.
1409 3020 1569 3083 Caeterum
1582 3023 1805 3104 offenditquoe·

357 3103 536 3185 digniorem:
548 3108 604 3180 cui,
617 3105 1055 3188 quirit.honoreproximue,ad
1107 3105 1175 3166 dam
1191 3107 1274 3185 prior
1288 3110 1458 3170 eenteutiue
1473 3130 1560 3189 parat
1587 3117 1678 3171 tento
1692 3112 1806 3173 melior

357 3190 491 3254 dextram
506 3191 652 3254 arrideat
676 3193 728 3254 Sic
742 3195 819 3255 enirn
832 3213 904 3254 ovea
919 3201 1053 3253 etetnnn·
1107 3193 1229 3268 annalia
1243 3195 1370 3273 effectur
1377 3238 1388 3269 ,
1412 3205 1553 3277 tunquam
1576 3196 1624 3272 hic
1638 3215 1735 3259 emmo
1751 3207 1806 3259 aut

355 3276 452 3341 turad
476 3278 637 3340 dexteram
655 3277 783 3359 judicie:
814 3288 845 3340 et
865 3279 936 3340 tiliie
959 3279 1053 3341 Zebe-
1106 3280 1228 3341 Anienis
1253 3280 1372 3356 leveet,
1402 3283 1454 3362 qui
1481 3282 1572 3343 lilium
1599 3283 1661 3343 Dei
1690 3282 1805 3349 tectum

355 3361 639 3447 deeimapondetun
653 3365 730 3427 alioe
742 3364 781 3427 ad
793 3365 930 3427 dextram
943 3362 1055 3426 Ohrieti
1107 3365 1212 3427 dicunt
1234 3374 1264 3426 et
1282 3370 1360 3428 iuter
1382 3376 1535 3429 creaturae
1557 3377 1723 3449 reponunt-r
1751 3378 1805 3433 aut

357 3467 503 3524 mamea,
529 3452 606 3512 elica
621 3450 660 3511 'ad
676 3451 842 3527 eiuirtram,
865 3452 977 3514 scilicet
993 3471 1053 3525 eon,
1107 3452 1310 3525 nestorianis,
1339 3456 1392 3534 qui
1422 3452 1574 3516 Chrietum
1603 3458 1716 3516 meritis
1741 3458 1805 3519 auia

361 3537 467 3615 quibua
482 3536 516 3599 id
530 3545 740 3619 praeparatum
756 3548 804 3600 ert
817 3557 836 3598 o
851 3539 954 3600 Patre.
987 3539 1055 3599 Nec
1107 3549 1304 3599 consecutum
1320 3550 1468 3612 recerunt,
1489 3550 1524 3602 ιιι
1538 3542 1624 3603 fieret
1641 3542 1722 3603 filiun
1736 3544 1804 3604 Dei.

355 3641 438 3685 actua
452 3623 675 3705 accipiendum,
690 3623 772 3704 quod
787 3624 899 3685 Pealm.
914 3628 965 3686 441
981 3625 1053 3687 ecri-
1149 3625 1209 3685 Hic
1231 3626 1323 3707 igitur
1345 3628 1424 3688 inter
1444 3627 1521 3690 alica
1542 3648 1620 3692 unue
1642 3639 1689 3690 eet
1711 3628 1804 3706 locut,

355 3717 434 3789 ptum
448 3720 515 3771 eat:
544 3714 653 3772 Antan
673 3715 787 3788 rapina
803 3730 824 3772 o
846 3713 966 3773 dectrt'e
980 3714 1053 3773 tuit.
1106 3730 1146 3772 ex
1168 3729 1229 3791 quo
1253 3723 1416 3794 coeperunt
1435 3733 1538 3776 eneam
1564 3714 1730 3777 adversarii
1751 3718 1804 3778 mi·

354 3795 393 3855 Et
413 3796 499 3879 qnod
524 3798 630 3878 arieg.
646 3799 675 3858 θ.
698 3796 808 3877 legitur
829 3797 973 3858 Salomon
991 3818 1053 3859 ma·
1105 3798 1246 3859 uueudae
1261 3800 1725 3883 anctoritatiehujueEpietolae
1741 3801 1802 3865 Sed
1845 3864 1850 3873 ,

354 3889 425 3945 trem
448 3902 538 3946 auam
559 3884 618 3945 eibi
642 3883 681 3945 ad
707 3885 843 3945 dextram
869 3884 1053 3962 collocaeee3
1105 3904 1226 3964 proreue
1241 3886 1350 3966 inique
1374 3887 1531 3967 Nampari
1544 3890 1660 3949 ratione
1674 3889 1803 3951 Joeunia

353 3971 487 4044 acilicet,
508 3979 543 4030 nt
565 3972 713 4052 primoet
734 3971 965 4033 honoretieelmo
986 3981 1054 4052 poet
1105 3971 1275 4049 Evangelio
1302 3972 1509 4034 detraheretur
1533 3976 1711 4048 auctoritee,
1736 3996 1803 4038 enm

352 4075 451 4137 regem
465 4056 543 4117 loco.
566 4058 605 4118 Iu
615 4056 766 4119 hauciere
777 4060 954 4120 eentcutiam
966 4058 1053 4120 docte
1105 4058 1136 4118 iu
1152 4077 1189 4117 eo
1204 4056 1339 4137 legamus
1356 4060 1526 4141 eBaptiata
1536 4065 1626 4124 tertio
1641 4065 1802 4142 repetitum

356 4142 589 4206 etdieertcrem
604 4144 690 4204 irtam
707 4145 841 4228 explicet
855 4147 888 4205 in
902 4164 959 4207 ouo
974 4166 1051 4206 com·
1105 4142 1144 4204 de
1160 4143 1282 4205 Chrieto
1301 4166 1366 4227 cap.
1384 4152 1411 4207 1.
1448 4152 1532 4209 Ante
1554 4150 1729 4227 mafortea
1750 4157 1800 4213 eat.

352 4231 500 4292 neuntio
515 4230 694 4291 Franciacue
707 4229 831 4293 Bibere
852 4232 916 4293 Noa
932 4250 1053 4314 quoqne
1104 4232 1199 4291 Porro
1225 4251 1291 4292 cum
1318 4232 1467 4295 Graecum
1493 4235 1620 4298 verbum
1649 4239 1803 4319 utriunque

354 4316 478 4378 candem
494 4315 632 4378 dedimue
645 4317 876 4397 explicationem
890 4319 930 4381 ed
944 4318 1053 4379 eimilia
1104 4316 1164 4379 loci
1178 4337 1237 4378 non
1253 4320 1347 4381 colum
1363 4321 1518 4400 significet
1531 4323 1616 4400 ficri,
1640 4324 1693 4385 eod
1708 4325 1802 4386 etiam

354 4399 604 4484 locaSeripturae
618 4404 705 4464 Rom.
722 4403 751 4465 8.
767 4414 798 4466 et
812 4405 889 4484 Eph.
908 4409 935 4467 1.
1105 4424 1186 4483 ceac,·
1212 4406 1364 4467 exietimat
1385 4407 1577 4488 Stepnlenaie
1602 4410 1685 4490 apud
1706 4410 1801 4472 Joeu·
1864 4482 1866 4487 ,

397 4495 429 4552 4.
465 4493 572 4553 Tanto
608 4490 723 4551 melior
757 4494 881 4568 onpclie
916 4492 1051 4571 effectur,
1104 4512 1171 4552 nem
1187 4494 1230 4553 ita
1244 4493 1438 4557 vertendum:
1454 4500 1538 4557 Ante
1553 4517 1601 4558 me
1610 4500 1686 4574 fuit,
1703 4505 1733 4557 et
1744 4498 1802 4559 lroc
1865 4527 1868 4533 ·

352 4584 472 4653 quanto
503 4577 704 4656 differentior
729 4596 813 4655 proc
841 4580 907 4639 illie
935 4598 1052 4641 nomen
1103 4578 1188 4639 leco:
1226 4586 1318 4642 tento
1347 4582 1461 4643 melior
1489 4586 1610 4660 annalia
1642 4602 1713 4644 mem
1749 4587 1801 4661 eit,

353 4662 571 4727 meditavit.
594 4661 721 4725 Planius
736 4685 774 4726 ex
790 4664 918 4727 Graeco:
946 4667 1052 4727 Tanto
1103 4673 1226 4742 quanto
1241 4676 1296 4728 etc.
1321 4667 1410 4747 Quae
1424 4669 1450 4729 ei
1461 4668 1541 4730 bona
1555 4679 1601 4731 eet
1615 4670 1724 4744 vereio,
1734 4672 1801 4751 jam

352 4754 457 4825 potior
469 4771 528 4813 eeu
549 4754 770 4827 prceetontior
790 4752 897 4829 foetur
918 4754 1050 4829 annalia,
1102 4773 1158 4833 per
1171 4771 1206 4812 ee
1220 4756 1374 4815 evanescit
1383 4756 1513 4834 objectio
1526 4766 1644 4836 aumpta
1655 4775 1694 4818 ex
1704 4758 1801 4820 verbo

353 4846 469 4913 quomo
485 4838 692 4901 eccellentiae
710 4846 765 4898 etc
788 4836 880 4919 Quod
894 4837 944 4899 hic
959 4840 1051 4919 diffc·
1101 4841 1208 4919 factm
1222 4847 1274 4901 cat.
1311 4839 1421 4902 Verum
1437 4842 1485 4914 id,
1514 4841 1596 4922 qnod
1611 4843 1691 4925 epud
1706 4845 1800 4908 Joau·

353 4929 479 5002 matter,
501 4945 571 5007 cap.
588 4928 617 4986 8.
633 4926 724 4986 vertit
737 4927 858 4986 metiret.
881 4927 975 4987 Nunc
989 4945 1051 4988 oo·
1102 4944 1172 4987 uem
1188 4934 1252 5001 eet,
1268 4946 1305 4988 eo
1319 4927 1408 4988 modo
1423 4930 1499 4990 verti
1514 4948 1576 4990 uon
1590 4950 1695 5011 pomo,
1721 4933 1799 4995 bene

354 5016 419 5090 tm,
434 5016 488 5087 eit,
503 5012 1049 5076 mcltuaeortttuaeetminittcrium.
1101 5013 1210 5094 probat
1247 5014 1412 5077 Jaueeniua
1447 5033 1514 5094 cap.
1554 5020 1604 5080 16.
1643 5027 1798 5082 comment
