4442 5825
667 633 669 636 >
780 603 943 659 eristum
960 603 979 657 l.
1000 602 1087 658 lillbll
1102 601 1236 658 tomba.
1270 603 1354 658 tuus.
1371 602 1396 659 t.
1727 613 1747 680 7
1752 610 1799 680 65

353 791 468 866 quatur
482 781 694 862 interpretibus
710 780 842 855 Latinis,
860 800 922 840 non
936 778 974 840 de
990 779 1052 840 ulla
1104 780 1227 841 Audiat
1242 788 1271 841 et
1285 785 1399 843 Arius:
1420 800 1522 843 unum
1531 825 1541 857 ,
1567 789 1598 841 et
1620 798 1688 842 non
1704 781 1800 856 dieat,

353 872 503 933 uarietate
518 868 698 931 Graecorum
720 867 870 942 codicum,
897 877 960 928 tum
984 869 1051 947 ipsa
1105 868 1227 928 Filium
1257 866 1433 947 differentis
1462 887 1524 930 esse
1559 876 1708 930 naturae.
1752 868 1801 928 Ita

353 957 448 1020 rerba
473 975 553 1017 uunc
579 957 706 1016 recitata
732 955 814 1015 clere
840 952 961 1027 docent,
988 964 1049 1014 tum
1103 953 1291 1033 Fulgentius.

353 1064 424 1105 sero
452 1043 519 1114 illa,
546 1062 625 1122 quae
652 1041 810 1122 ineadem
837 1040 891 1100 illa
915 1042 1051 1121 Epistola
1147 1042 1248 1121 Atque
1264 1042 1338 1103 baec
1353 1042 1392 1103 ad
1415 1041 1632 1104 ostendendum
1648 1040 1800 1103 imbecilli·

353 1129 538 1213 praecedunt
563 1130 654 1190 baec:
681 1129 899 1206 Epistularum
922 1136 1049 1204 septem,
1105 1138 1196 1188 tatem
1219 1128 1331 1189 allatae
1346 1129 1524 1209 objectionis
1547 1130 1709 1203 sufficiant,
1736 1130 1801 1209 qui·

353 1237 436 1297 puae
459 1218 630 1277 catholicae
659 1223 911 1292 nuncupantur,
941 1218 1050 1291 prima
1103 1213 1161 1274 bus
1176 1223 1207 1274 et
1222 1215 1297 1276 illud
1320 1227 1420 1295 potest
1443 1216 1514 1277 addi
1535 1216 1573 1276 ad
1595 1214 1799 1276 demonstran·

353 1313 397 1366 est
420 1323 490 1365 una
505 1305 639 1379 Jacobs,
666 1311 734 1364 tum
756 1303 839 1362 duae
857 1303 961 1376 Petri,
989 1309 1051 1362 tres
1103 1299 1188 1374 dum,
1216 1304 1339 1362 vitiosos
1362 1323 1428 1363 esee
1455 1303 1562 1377 libros,
1586 1305 1639 1382 qui
1661 1303 1801 1362 omittunt

353 1394 514 1464 Ioannis,
532 1399 561 1449 et
574 1391 686 1454 Judac
700 1408 778 1451 una.
802 1392 889 1468 (tuae
904 1390 930 1449 si
944 1391 998 1464 sic,
1013 1396 1050 1448 ut
1103 1406 1180 1448 vers.
1199 1391 1243 1465 7.;
1266 1388 1357 1465 illud,
1379 1391 1517 1470 inquam,
1539 1389 1620 1471 quod
1642 1391 1731 1468 pauci
1745 1389 1799 1463 illi,
1918 1431 1923 1446 .

353 1479 393 1540 ab
411 1480 457 1538 eis
478 1478 615 1553 dipestae
630 1484 721 1552 sunt,
749 1482 795 1537 ita
811 1475 850 1536 ab
866 1477 1049 1552 interpreti·
1102 1477 1169 1535 sive
1182 1475 1259 1549 libri,
1275 1478 1340 1536 sive
1354 1478 1550 1537 ecclesiastici
1564 1477 1734 1555 scriptores,
1747 1476 1801 1557 qni

353 1565 412 1626 bus
441 1564 578 1642 fideliter
606 1568 643 1625 in
672 1565 825 1624 Latinum
853 1569 1050 1623 verterentur
1103 1564 1332 1636 eumomittunt,
1349 1583 1407 1622 non
1423 1565 1613 1624 consentiunt
1629 1565 1753 1623 interae
1769 1563 1801 1623 in

353 1652 532 1729 eloquium,
549 1669 606 1713 neu
621 1652 861 1727 ambipuitatern
876 1649 1050 1725 tepentibus
1102 1649 1234 1710 lectione
1248 1670 1352 1710 versus
1377 1653 1493 1725 octavi,
1520 1649 1590 1710 dum
1614 1651 1665 1711 alii
1688 1648 1801 1710 hebent

353 1740 516 1812 'acerent,
542 1756 599 1799 nec
622 1756 805 1800 sermonum
827 1755 888 1797 sese
910 1740 1050 1796 uarietas
1102 1736 1192 1796 illud:
1218 1740 1254 1798 in
1277 1745 1381 1811 terra,
1410 1738 1460 1798 alii
1483 1739 1639 1812 ominum,
1666 1736 1800 1795 fortassis

353 1833 576 1903 enpupnaret,
602 1826 660 1885 illo
685 1828 859 1902 praecipue
882 1824 967 1899 loeo,
995 1824 1050 1883 ubi
1103 1832 1258 1904 tamquam
1288 1826 1432 1897 otiosum,
1473 1833 1633 1905 postquam
1663 1843 1723 1884 uon
1753 1830 1800 1882 est

353 1914 386 1974 le
404 1916 530 1974 unitate
549 1913 719 1973 Trinitatis
734 1918 770 1974 in
784 1913 892 1988 prima
907 1913 1050 1973 Joannis
1103 1911 1286 1992 quidquam,
1310 1910 1347 1971 ad
1365 1912 1452 1990 cujus
1468 1912 1689 1972 distinctionem
1706 1928 1798 1990 appo-

353 2000 500 2078 Epistola
520 2001 659 2076 positum
686 2001 824 2075 lepirrrus.
861 1997 903 2056 In
925 2017 990 2074 qua
1009 1998 1049 2057 ab
1103 1996 1799 2078 natrrr,sublutapraecedenteseutentia,versu

353 2086 535 2166 anastatus
550 2087 795 2148 translatoribus
812 2091 884 2160 eto,
910 2092 1050 2165 utsupra
1103 2085 1220 2144 scilicet
1236 2084 1264 2143 7.
1288 2082 1454 2145 Omittebat
1473 2085 1575 2158 codex,
1591 2105 1651 2166 quo
1668 2102 1739 2143 usus
1755 2090 1801 2143 est

353 2174 553 2236 eeituvinrus.
586 2173 634 2234 lta
648 2175 690 2234 ibi
705 2174 736 2234 S.
751 2171 965 2250 Hieronymus.
1000 2173 1049 2231 Ex
1102 2170 1136 2228 B.
1161 2172 1349 2251 Augustinus
1376 2170 1441 2231 looo
1468 2192 1560 2253 supra
1586 2173 1685 2233 citato.
1720 2170 1799 2231 Item

353 2262 462 2343 [uibus
477 2260 615 2320 omuibus
638 2262 704 2340 ejus
729 2259 831 2319 verbis
851 2256 961 2336 liquet,
988 2278 1050 2318 uon
1102 2257 1213 2331 codex,
1236 2278 1297 2338 quo
1321 2260 1463 2319 utebatur
1483 2259 1514 2320 S.
1531 2259 1610 2333 Leo,
1636 2268 1670 2319 ut
1694 2257 1799 2318 itidem

353 2363 464 2410 otnero
478 2348 600 2407 Ananis
615 2347 693 2408 hano
708 2345 924 2407 mutilationem
941 2344 1049 2422 objici3
1102 2346 1200 2425 liquet
1215 2365 1252 2405 ex
1268 2345 1332 2405 loco
1357 2348 1440 2425 prius
1460 2349 1560 2406 citato.
1600 2345 1749 2406 Omittunt
1763 2343 1798 2403 B.

353 2434 473 2497 amoni
488 2455 548 2494 non
563 2433 678 2507 desint,
705 2435 759 2514 qui
782 2433 813 2492 iu
830 2431 910 2491 solos
926 2431 1048 2503 scribae,
1102 2432 1236 2513 Gyrillus
1262 2441 1295 2492 et
1321 2430 1520 2494 Oeonmenius
1546 2433 1620 2493 locis
1646 2431 1798 2511 allegatis.

353 2521 485 2584 haecos
501 2529 532 2580 et
553 2521 693 2593 Latinos,
717 2520 795 2580 bauo
816 2518 935 2599 culpam
955 2519 1047 2596 conji·
1101 2521 1137 2579 In
1154 2528 1239 2578 textu
1254 2517 1629 2580 VenerabilisBedaenon
1644 2519 1797 2578 omittitur.

353 2611 450 2680 aaut,
476 2607 717 2668 homoeoteleuto
750 2605 894 2685 deceptos
919 2604 1047 2665 mediam
1146 2605 1258 2666 Ultimo
1288 2605 1355 2664 looo
1392 2605 1594 2686 expendenda
1623 2615 1668 2666 est
1697 2603 1799 2667 finalis

354 2694 532 2759 enuntiem
548 2696 737 2766 omittentes,
761 2690 835 2753 illud
850 2692 978 2753 scilicet:
1001 2699 1048 2752 te·
1102 2692 1239 2753 clausula
1254 2711 1359 2752 remus
1375 2694 1490 2753 octavi:
1514 2694 1558 2753 Et
1572 2695 1605 2753 bi
1620 2700 1682 2753 tres
1695 2710 1798 2753 unum

353 2783 533 2844 timonium
560 2781 656 2854 dant,
688 2782 786 2860 priore
815 2779 882 2838 loco
908 2782 1047 2858 positum,
1101 2786 1183 2842 sunt.
1221 2778 1269 2839 De
1295 2798 1357 2859 qua
1382 2777 1457 2838 illud
1487 2776 1645 2840 dicendum
1670 2788 1732 2852 est,
1767 2776 1800 2838 in

353 2888 404 2933 rer
419 2869 567 2929 incuriam
583 2867 771 2947 negligentes
788 2885 854 2927 oum
870 2866 1004 2939 annexis,
1020 2875 1049 2925 et
1101 2866 1202 2927 multis
1218 2865 1337 2926 Latinis
1352 2864 1436 2926 libris
1452 2885 1518 2927 eam
1531 2886 1590 2927 non
1605 2865 1717 2927 baberi.
1740 2866 1798 2925 Lo-

353 2956 446 3018 olum
470 2956 634 3034 posteriore
661 2956 790 3034 positum
814 2953 880 3013 loco
903 2954 1046 3033 legentes.
1103 2955 1261 3015 vanienses
1275 2962 1457 3013 correctores
1470 2952 1640 3032 quindecim
1652 2953 1728 3014 tales
1742 2953 1799 3013 sibi

353 3042 453 3125 Quale
464 3039 601 3101 iecerunt
613 3061 704 3119 saepe
718 3041 791 3100 alibi
803 3042 832 3100 in
845 3040 924 3100 omni
936 3058 1048 3119 genere
1101 3046 1274 3120 conspectos
1289 3046 1447 3099 testantur.
1481 3040 1677 3101 Innocentius
1692 3038 1750 3099 111.
1766 3042 1798 3100 in

353 3131 540 3210 criptarum.
1101 3126 1256 3188 Decrstsli
1271 3126 1407 3205 superins
1430 3126 1536 3200 citata,
1560 3135 1650 3203 prout
1671 3145 1709 3186 ea
1723 3124 1799 3205 legi·

386 3214 606 3293 Superioribus
619 3212 747 3273 testibus
764 3210 877 3272 addere
889 3230 1047 3291 possumus
1100 3221 1150 3272 tur
1164 3212 1310 3292 suppleta
1325 3214 1356 3273 iu
1376 3209 1506 3273 editione
1521 3212 1723 3293 Gregoriana,
1746 3214 1798 3286 ait,

353 3304 377 3365 l.
405 3299 616 3380 Fulgentium,
642 3300 720 3360 libro
744 3299 984 3377 Responsionum
1008 3295 1048 3356 ad
1099 3302 1131 3360 in
1156 3300 1310 3380 plerisque
1336 3297 1490 3358 codicibus
1516 3294 1648 3374 (Latinis
1674 3297 1797 3372 scilicet,

353 3408 451 3452 recem
464 3387 646 3465 objectiones
655 3388 845 3457 Arianorum,
854 3386 1047 3464 responsione
1098 3406 1170 3446 uam
1196 3384 1234 3445 ds
1255 3384 1303 3445 bis
1330 3382 1474 3464 loquitur)
1500 3405 1559 3446 non
1587 3385 1697 3446 baberi.
1737 3383 1798 3462 Qui

353 3475 476 3546 ‚teima,
490 3471 531 3532 ad
546 3473 614 3534 lin:
637 3475 679 3534 In
694 3474 791 3532 Patre
798 3514 809 3546 ,
833 3472 889 3541 ait,
917 3479 946 3531 et
961 3469 1057 3532 Filio
1100 3475 1266 3531 omiserunt
1281 3471 1399 3531 scribae
1414 3471 1523 3546 Latini,
1539 3472 1679 3532 videntur
1694 3470 1797 3532 existi·

353 3571 366 3626 t
384 3563 517 3638 Spiritu
540 3567 650 3622 sancto
674 3562 829 3620 unitatem
853 3558 1047 3618 substantiae
1100 3578 1199 3619 masse
1216 3556 1365 3637 adjectam
1380 3558 1418 3617 ab
1430 3558 1551 3619 Arianis
1566 3558 1604 3618 ad
1618 3554 1797 3618 elevandam

353 3649 535 3725 eripimus,
567 3664 722 3723 personas
751 3645 949 3721 confundere
978 3663 1046 3705 nan
1099 3643 1305 3726 praecedentis
1321 3646 1489 3704 sententiae
1503 3646 1728 3718 auctoritatem,
1745 3644 1797 3704 nbi

353 3735 513 3800 nudemus.
552 3736 671 3794 Beatus
693 3735 777 3792 enirn
793 3736 941 3794 Joannes
956 3736 1046 3806 Apo·
1098 3734 1208 3802 Pater,
1232 3730 1328 3791 Filius
1352 3739 1382 3791 et
1408 3730 1535 3811 Spiritus
1557 3741 1680 3792 sanctus
1705 3750 1797 3792 unum

353 3822 446 3886 eolus
461 3826 612 3895 testatur,
636 3820 758 3879 dicens:
784 3819 860 3878 Tres
874 3825 967 3891 sunt,
990 3819 1047 3894 qui
1100 3838 1168 3878 esse
1190 3809 1338 3878 (licuntur.
1371 3816 1433 3878 Sed
1459 3821 1556 3898 magis
1580 3817 1723 3879 credibile
1742 3823 1797 3891 est,

353 3908 562 3975 tetimonium
575 3906 743 3983 perbibent
758 3906 793 3963 irs
808 3905 911 3965 coelo:
937 3906 1044 3978 Pater,
1099 3925 1167 3966 eam
1183 3902 1350 3964 clausulam
1373 3925 1433 3964 non
1448 3923 1517 3965 esse
1532 3904 1727 3983 adjectitium,
1742 3922 1794 3965 ve·

353 3994 491 4058 ternum
506 4001 536 4053 et
550 3995 710 4070 Spiritus,
725 3999 754 4052 et
769 3999 830 4051 tres
844 4009 946 4052 unum
961 3997 1044 4051 ssent.
1099 4011 1164 4052 rum
1191 3990 1325 4051 nonnilril
1358 3999 1543 4070 corruptam,
1576 3991 1713 4052 fortassis
1743 4008 1798 4069 per

353 4083 433 4146 dem
457 4082 487 4139 in
514 4079 590 4140 libro
618 4079 654 4139 sle
676 4080 827 4139 'I'rinitate
849 4073 950 4157 (quem
978 4096 1046 4137 cum
1098 4078 1235 4138 Arianos.
1274 4076 1382 4137 Graeci
1409 4078 1487 4137 enim
1513 4076 1634 4138 codices
1654 4076 1796 4156 (exceptu

353 4165 499 4233 onuullis
522 4166 590 4226 aliis
605 4164 762 4245 Fulgentii
783 4164 935 4244 opusculis
952 4184 1046 4242 nuper
1098 4163 1305 4243 complutensi
1331 4162 1475 4235 editione,
1507 4172 1536 4224 et
1562 4166 1669 4243 siquae
1695 4183 1733 4223 ex
1760 4182 1797 4224 sa

353 4258 475 4319 niumm
497 4253 637 4333 vulgavit
653 4253 779 4312 Parisiis
801 4254 848 4310 vir
860 4250 927 4331 pius
947 4260 980 4310 et
994 4249 1044 4309 do·
1098 4258 1264 4330 prognatae
1286 4246 1368 4326 suut)
1391 4258 1562 4312 constanter
1587 4250 1715 4322 habeut,
1742 4248 1797 4309 sed

353 4354 412 4405 tus
429 4338 565 4400 Jacobus
588 4334 774 4414 sirmundus)
797 4337 845 4396 bie
867 4336 964 4397 verbis
988 4338 1045 4396 uti·
1099 4340 1157 4397 ita:
1181 4338 1224 4397 Et
1238 4338 1271 4396 bi
1287 4344 1349 4395 tres
1363 4338 1399 4396 in
1422 4334 1501 4413 (sive
1522 4334 1574 4414 ad)
1587 4356 1690 4398 unum
1710 4343 1795 4411 sunt,

353 4450 410 4491 rr:
427 4426 499 4501 Eae
515 4434 544 4486 et
559 4427 657 4486 Pater
670 4443 773 4487 unum
789 4442 913 4498 sumus,
941 4426 1046 4501 inquit
1098 4415 1145 4491 εἰς
1159 4415 1195 4480 τὸ
1215 4416 1259 4481 ἕν.
1293 4422 1474 4501 Quomodo
1498 4426 1794 4485 etnostrumiuter

353 4514 526 4589 lominum
548 4530 667 4587 unum,
692 4513 735 4571 ad
756 4518 908 4571 naturam
924 4511 1045 4587 referre
1097 4520 1213 4591 protem
1228 4512 1259 4570 iu
1274 4510 1386 4570 Latina
1408 4509 1466 4569 hac
1486 4510 1616 4573 editione
1629 4512 1796 4591 scripsisse,

353 4619 401 4665 ,os
418 4599 532 4676 docet3
547 4617 674 4674 sumus,
698 4599 741 4658 od
754 4614 916 4673 personas.
948 4599 1045 4659 Simi-
1098 4607 1151 4656 ent
1181 4605 1261 4656 certe
1299 4596 1333 4654 B.
1364 4596 1584 4676 Hieronymum
1620 4600 1794 4684 consuisse,

353 4696 421 4751 iter
445 4693 474 4745 et
496 4686 597 4747 illud:
626 4688 701 4747 Tres
722 4692 814 4757 sunt,
842 4687 965 4762 inquit,
991 4686 1045 4760 qui
1097 4682 1187 4743 valde
1212 4680 1366 4763 probabile
1393 4691 1457 4760 est,
1484 4683 1538 4744 sed
1564 4685 1719 4757 voculam,
1746 4686 1793 4757 in,

353 4775 559 4840 ”timonium
590 4773 703 4834 dicunt
737 4774 774 4832 in
803 4772 906 4831 coelo:
936 4772 1043 4845 Pater,
1097 4767 1207 4829 deindo
1222 4771 1287 4829 sire
1303 4769 1481 4829 Arianorum
1498 4769 1618 4842 frende,
1641 4772 1707 4832 sire
1722 4773 1793 4831 scri·

353 4860 488 4923 Verbum
512 4867 542 4920 et
563 4861 701 4936 Spiritus
708 4881 721 4935 ,·
749 4865 778 4917 et
803 4859 835 4917 lei
858 4864 920 4917 tres
942 4875 1044 4918 unum
1097 4856 1201 4915 berum
1218 4858 1376 4915 oscitantia
1390 4857 1440 4917 rel
1455 4848 1582 4917 audacia
1595 4857 1690 4917 fuisse
1705 4858 1792 4917 omis-

353 4956 427 5012 unt.
462 4948 586 5009 Audiat
600 4947 773 5008 sabellius:
795 4952 888 5021 nent,
912 4943 1045 5004 audiat:
1097 4963 1168 5004 sam.
1206 4942 1244 5004 ln
1265 4940 1551 5003 nostris'codicibus
1578 4945 1605 5004 ei
1627 4963 1663 5004 ca
1685 4943 1795 5004 vocula

353 5054 426 5115 ree,·
448 5042 478 5095 et
501 5035 628 5112 credat,
650 5051 712 5095 esse
733 5041 797 5094 tres
819 5048 971 5107 personas
989 5037 1043 5091 etc.
1096 5050 1155 5090 non
1172 5028 1296 5110 legitur,
1315 5028 1408 5092 debet
1422 5039 1525 5091 nmen
1540 5031 1607 5111 ipsa
1621 5030 1696 5091 baso
1711 5030 1792 5092 chn-
