4442 5825
649 565 1053 623 marottam-arros.
1089 567 1174 621 ruas.
1197 568 1236 620 rs.
1257 568 1295 620 rs.
1649 574 1696 641 97

371 760 414 815 aa
426 740 483 804 sed
494 743 577 824 quia,
592 745 642 826 qui
654 750 823 806 ereaturam
834 763 950 805 omnem
1000 745 1079 805 riora
1094 744 1255 824 conspicua
1270 750 1348 804 sunt
1371 742 1493 822 Exque
1509 741 1637 824 denique
1652 743 1695 802 in·

371 830 516 904 snovit,
543 832 633 893 etism
659 830 796 893 deiectus
823 833 888 911 ejus
915 852 951 892 ee
1004 831 1155 912 telligitur,
1179 840 1292 910 quanto
1314 831 1412 907 magis
1435 830 1564 892 illustret
1579 839 1697 910 aposto-

371 934 403 976 ιι
419 918 541 977 novisse
555 937 616 978 non
630 926 736 999 potest.
1002 919 1090 981 lioam
1112 919 1302 990 sententiam,
1326 916 1407 998 qnod
1430 920 1578 997 interpres
1596 925 1700 977 noster

371 1005 415 1063 rio
440 1011 548 1064 autem
573 1004 663 1065 audo
686 1013 715 1065 et
737 1012 851 1081 operto
877 1010 951 1065 sunt
1003 1004 1170 1067 transtulit:
1191 1012 1316 1082 aperto,
1340 1024 1431 1084 quam
1445 1004 1526 1086 qnod
1541 1004 1699 1065 Erasmus:

379 1093 459 1164 ejus
496 1090 584 1152 Verti
610 1099 711 1170 potest
741 1091 950 1153 adversative:
1005 1095 1201 1169 resupinato.

371 1178 447 1238 nnio
469 1178 561 1238 asido
583 1186 639 1239 eto.
670 1178 761 1257 Quod
782 1197 837 1238 nos
859 1179 950 1239 habe
1047 1178 1099 1242 Ad
1113 1196 1206 1256 quem
1221 1178 1311 1240 nobis
1325 1195 1437 1239 sermo.
1461 1175 1569 1238 Graeci
1592 1179 1635 1236 sio
1650 1196 1699 1237 ex·

371 1271 460 1339 orso,
483 1263 598 1327 Grsoee
614 1272 660 1326 est
675 1254 950 1343 τετραχηλισμένα,
1005 1273 1136 1346 ponunt:
1167 1263 1226 1327 Oui
1247 1264 1375 1326 sermoni
1399 1265 1470 1336 Dei,
1497 1263 1596 1324 idest
1621 1263 1700 1325 Filio

371 1372 378 1410 ι
406 1349 571 1412 deductum
589 1372 612 1413 a
633 1356 756 1413 nomine
781 1346 951 1429 τράχηλος,
1005 1354 1083 1426 Dei,
1110 1351 1254 1413 reddituri
1275 1371 1379 1413 sumus
1402 1351 1547 1410 rationem
1570 1351 1702 1411 omnium

371 1436 485 1499 sollum
514 1438 583 1498 sive
612 1440 758 1500 eervicem
793 1438 952 1517 signifieat.
1006 1440 1611 1519 notionumetoogitationnmnostrarum.
1624 1435 1702 1496 Nam

371 1523 447 1585 rerbi
473 1525 647 1604 metaphora
669 1528 754 1586 varie
775 1525 952 1604 explicatur.
1007 1517 1102 1603 λόγος
1119 1528 1195 1587 inter
1209 1527 1269 1586 alia
1283 1525 1433 1604 signifieat
1447 1526 1602 1596 rationem,
1627 1541 1701 1602 qus·

371 1618 489 1672 stemus
519 1633 586 1672 eam
622 1621 769 1693 sumptam
797 1620 886 1692 putat
914 1611 953 1672 sb
1006 1614 1044 1673 lis
1059 1622 1105 1674 est
1117 1613 1351 1693 supputantium,
1365 1622 1399 1672 ut
1409 1611 1495 1672 Rom.
1510 1612 1575 1670 14.;
1598 1611 1702 1671 Ursas·

370 1696 440 1761 ibus
455 1700 572 1772 oeoisia,
588 1700 699 1779 quibus
715 1698 785 1759 dum
801 1720 820 1759 a
835 1701 954 1759 servios
1008 1703 1139 1778 quisque
1154 1707 1297 1762 ssossram
1321 1718 1381 1777 pro
1403 1717 1434 1760 se
1453 1700 1610 1759 rationem
1628 1695 1702 1756 recl·

373 1783 417 1845 sd
440 1784 567 1845 eaudsm
591 1786 679 1864 pellis
700 1785 888 1860 abstrahitur,
910 1786 952 1845 in·
1008 1788 1060 1847 dst
1081 1788 1160 1848 Deo.
1190 1787 1254 1848 Nee
1276 1786 1415 1859 dubium,
1442 1788 1514 1868 quin
1539 1804 1610 1864 psrs
1637 1784 1704 1856 iste,

371 1873 562 1952 ‚quseprius
574 1871 717 1945 latebant,
733 1871 827 1932 oouhs
839 1872 953 1932 intuen-
1009 1876 1052 1934 sio
1067 1872 1228 1952 explicata,
1250 1873 1344 1954 probe
1358 1870 1539 1954 respondeat
1554 1872 1600 1945 iis,
1623 1887 1702 1950 quse

371 1965 555 2041 xponuntur.
592 1958 710 2020 Eadem
737 1967 782 2020 est
807 1960 955 2019 sententia
1008 1959 1192 2041 praeoedunt
1213 1959 1252 2021 de
1267 1960 1361 2020 verbo
1378 1961 1437 2021 Dei
1451 1961 1659 2038 omnipotente
1673 1962 1703 2015 et

371 2045 481 2127 hylseti
505 2054 537 2108 et
552 2043 734 2108 Oeoumanii.
763 2046 955 2126 Quamquam
1008 2049 1109 2108 omnia
1130 2046 1260 2108 vidente.
1279 2047 1373 2107 Porro
1389 2045 1523 2109 Galenus
1541 2046 1622 2106 hune
1636 2063 1703 2105 sen·

374 2133 467 2195 stiam
489 2133 576 2194 aliter·
598 2134 742 2215 explicari
758 2152 848 2213 posse
863 2140 955 2193 meta·
1009 2154 1073 2197 sum
1082 2134 1211 2195 mavult:
1224 2134 1322 2209 Ouios
1333 2134 1427 2211 fldem
1438 2152 1497 2195 asos
1504 2133 1704 2211 profitemur.

371 2217 529 2294 sdoeent,
555 2230 708 2301 tamquam
732 2219 893 2301 desumpta
916 2220 955 2279 sit
1008 2222 1071 2282 atii
1085 2241 1166 2295 vero,
1188 2220 1268 2302 quod
1290 2229 1320 2282 et
1343 2221 1429 2282 nobis
1446 2219 1555 2301 planet,
1578 2239 1615 2280 ex
1631 2218 1704 2279 alio·

377 2311 435 2388 qui
459 2310 576 2369 cervice
597 2307 742 2369 inclinata
765 2316 874 2367 terram
888 2327 954 2387 spe·
1009 2328 1075 2367 rum
1100 2308 1231 2369 locorum
1254 2306 1413 2368 collatione
1435 2306 1561 2381 docent,
1585 2304 1628 2365 od
1650 2323 1705 2384 pro

371 2412 433 2455 uon
456 2392 603 2456 audentes
625 2397 764 2474 aspicere
778 2393 895 2454 vultum
906 2395 953 2471 ju·
1010 2394 1202 2475 depositum,
1229 2404 1263 2454 ut
1285 2415 1390 2455 sensns
1406 2396 1460 2454 sit:
1487 2396 1535 2456 De
1558 2411 1621 2470 quo
1644 2391 1706 2452 Det

371 2482 414 2543 sie
429 2481 511 2543 enim
521 2482 671 2543 hominum
683 2481 765 2542 taeta
780 2488 810 2542 et
824 2481 956 2559 cogitata
1008 2499 1152 2544 semoris
1162 2499 1265 2543 sermo
1277 2482 1367 2542 nobis
1378 2484 1541 2543 institutas
1552 2486 1604 2542 est.
1627 2476 1706 2539 Nam

373 2577 575 2648 conspectum
591 2570 648 2630 Dei
667 2567 788 2649 judicis,
812 2568 861 2629 oui
885 2587 954 2627 sun·
1010 2568 1147 2630 similiter
1162 2588 1225 2649 esp.
1246 2572 1272 2629 1.
1289 2567 1382 2630 dixit:
1398 2568 1441 2629 od
1456 2569 1595 2645 usipetes,
1613 2562 1707 2625 idest

371 2663 459 2728 rtem,
497 2654 718 2735 quodammodo
752 2653 955 2717 reformidare.
1010 2655 1048 2717 de
1065 2655 1191 2736 angelis.
1214 2655 1275 2717 Ubi
1298 2664 1328 2715 et
1350 2656 1412 2719 elia
1432 2655 1501 2717 loos
1522 2654 1634 2717 similis
1654 2671 1705 2713 an·

371 2760 496 2804 :verum
508 2741 613 2816 fatear,
628 2742 748 2823 longius
760 2738 957 2824 petitaemihi
1009 2744 1195 2817 notavimus,
1226 2750 1258 2803 ut
1282 2742 1408 2823 proinde
1441 2763 1501 2803 non
1526 2740 1608 2802 aliud
1633 2735 1708 2800 velit

371 2829 466 2891 rrhae
479 2830 691 2908 expositiones.
715 2829 760 2889 Ao
775 2829 870 2907 magia
885 2845 957 2889 sane
1010 2829 1192 2909 Apostolus,
1219 2848 1286 2889 oum
1308 2828 1396 2892 dieit:
1421 2829 1473 2892 Ad
1499 2847 1591 2907 quem
1616 2824 1708 2888 nobis

371 2918 418 2991 im,
441 2915 524 2996 quod
547 2917 599 2979 slii
623 2918 735 2989 dieunt,
761 2907 957 2995 τραχηλίζειν
1010 2935 1123 2992 sermo,
1147 2937 1238 2997 quem
1253 2937 1319 2997 cap.
1335 2937 1421 2998 sequ.
1437 2915 1558 2979 disens:
1579 2917 1707 2991 Deque

371 3023 432 3077 sse,
456 3002 540 3083 quod
562 3005 592 3064 in
608 3006 754 3065 servicem
777 3023 814 3063 ae
835 3001 956 3062 dorsum
1010 3005 1103 3066 nobis
1123 3022 1235 3079 sermo,
1260 3013 1291 3065 et
1309 3026 1377 3084 esp.
1393 3007 1440 3064 a:
1462 3003 1501 3064 de
1522 3021 1585 3081 piso
1601 3002 1707 3078 loqui·

371 3109 424 3164 sse,
446 3090 504 3151 hoe
519 3099 572 3164 est,
588 3093 772 3170 resupinare,
794 3108 847 3170 per
862 3096 956 3148 trans-
1011 3109 1094 3152 mar.
1117 3091 1178 3151 Hie
1201 3097 1300 3152 sutem
1323 3092 1448 3172 respicit
1466 3091 1557 3170 juxta
1571 3085 1707 3149 diuersas

371 3196 486 3239 mrero
499 3179 625 3237 serutari
636 3198 673 3238 ae
685 3174 866 3257 patefacere.
878 3174 958 3234 Nam
1011 3176 1155 3239 sermonis
1183 3177 1243 3237 Dei
1281 3179 1541 3257 interpretationes
1571 3174 1708 3255 superius

371 3283 438 3324 raro
464 3265 657 3325 scrutantium
684 3272 746 3340 est,
779 3259 859 3322 uude
885 3258 958 3320 illud
1011 3263 1120 3324 allatas
1143 3263 1192 3325 vel
1217 3261 1256 3322 sd
1277 3264 1388 3325 Filium
1411 3265 1478 3337 Dei,
1501 3263 1540 3323 do
1561 3281 1623 3343 quo
1643 3266 1709 3322 tots

371 3349 957 3427 nvenalem2Asslomressspinotamiei.
1011 3351 1074 3412 iere
1095 3347 1259 3430 disputatio
1282 3350 1372 3430 hujus
1387 3348 1546 3431 Epistulae
1566 3354 1710 3427 suscepta

373 3436 455 3498 hano
470 3437 718 3516 signitioationem
733 3444 853 3498 secutus
867 3435 957 3495 Eras-
1012 3444 1075 3513 est3
1106 3436 1157 3497 vol
1179 3435 1218 3495 ad
1241 3456 1424 3510 sermonem,
1450 3457 1540 3518 quem
1562 3436 1647 3495 Deus
1668 3430 1709 3493 ad

371 3523 449 3584 istit:
465 3526 663 3600 resupinato.
1011 3523 1149 3586 homines
1160 3521 1302 3603 loquitur,
1314 3526 1498 3602 promittens,
1515 3522 1707 3590 comminans,

371 3629 416 3670 nm
433 3617 484 3670 est
497 3621 528 3672 st
543 3609 605 3672 alis
619 3611 757 3673 Graecae
771 3609 854 3669 vocis
869 3610 957 3670 inter·
1013 3610 1183 3674 exhortans.
1206 3610 1284 3672 Nem
1307 3611 1344 3672 ds
1367 3631 1404 3673 so
1425 3628 1563 3672 sermone
1579 3608 1639 3668 Dei
1652 3606 1706 3666 hu·

371 3716 398 3770 o,
421 3697 455 3757 ni
469 3696 565 3771 fallor,
589 3699 716 3759 caeteris
739 3693 959 3773 anteponenda,
1013 3715 1126 3777 susque
1141 3699 1335 3759 ooneionatus
1350 3708 1398 3760 est
1412 3698 1450 3760 sb
1466 3718 1502 3759 eo
1518 3696 1584 3756 loeo
1600 3692 1708 3774 eapitis

371 3780 470 3844 adfert
483 3782 667 3863 Gaignsoua·
690 3774 857 3860 Τρᾶχηλθς
872 3782 960 3852 enim,
1014 3782 1245 3865 praecedentis:
1290 3787 1495 3866 Quapropter
1523 3786 1603 3846 sieut
1632 3780 1709 3841 dieo

371 3888 382 3930 s
403 3870 563 3943 Favorino,
585 3880 706 3950 praeter
727 3870 790 3929 sliu
809 3867 961 3946 signifieat
1013 3872 1153 3948 Spiritus
1167 3879 1293 3933 sanetus
1309 3882 1365 3933 ete.

371 3955 487 4031 idonei,
503 3975 584 4036 quae
598 3956 736 4038 procedit
750 3978 768 4015 a
783 3956 896 4016 vartioa
913 3973 959 4014 na·
1059 3960 1108 4018 14.
1132 3957 1293 4019 Habentes
1315 3978 1389 4036 erpo
1411 3960 1597 4038 Pontificem
1618 3974 1709 4035 moa·

371 4042 504 4104 lhnem.
526 4042 602 4105 Inde
623 4037 830 4121 τραχηλίζιιν,
853 4039 885 4101 id
906 4050 960 4112 est,
1016 4061 1104 4105 num.
1127 4044 1189 4104 Hie
1208 4045 1271 4123 jam
1287 4044 1462 4125 Apostolus,
1484 4049 1585 4126 speeie
1604 4046 1709 4107 exhor-

371 4129 524 4191 irnedium
545 4148 598 4209 per·
621 4132 737 4211 spinam
756 4131 799 4189 ita
815 4128 961 4199 dividere,
1015 4132 1145 4203 tationis,
1162 4133 1270 4192 transit
1285 4132 1323 4192 ad
1338 4132 1544 4194 disserendum
1560 4133 1598 4194 de
1613 4151 1711 4192 sacer

371 4216 460 4276 atina
482 4218 583 4277 omnia
604 4227 743 4297 pateant3
767 4213 960 4295 quomadmo·
1016 4215 1097 4277 dotio
1114 4215 1234 4292 Christi,
1250 4225 1284 4278 ut
1300 4223 1403 4281 mento
1414 4220 1452 4280 ab
1466 4221 1511 4280 his
1522 4219 1624 4282 verbis
1635 4217 1717 4280 sumi

371 4302 424 4366 teri
453 4300 588 4363 videmus
610 4302 648 4364 ab
671 4305 725 4375 iis,
751 4304 802 4383 qni
829 4300 962 4381 pecudes
1015 4304 1112 4383 possit
1137 4306 1208 4364 novi
1230 4307 1338 4385 eapitis
1361 4306 1531 4385 exordium;
1562 4305 1712 4388 siquidem

371 4399 405 4452 rt.
433 4389 505 4449 Hae
526 4409 597 4469 ergo
622 4389 798 4469 metaphora
819 4407 963 4468 perquem
1017 4397 1047 4448 et
1061 4388 1143 4469 apud
1159 4390 1384 4453 Theodoretum
1399 4395 1507 4474 insipit
1521 4393 1560 4455 ab
1574 4394 1630 4455 hoo
1645 4391 1712 4451 loeo

371 4485 402 4540 ts
424 4474 543 4536 Paulus
565 4475 706 4549 ostendit,
730 4477 821 4538 etiam
844 4476 964 4535 intimas
1018 4478 1108 4537 totins
1124 4477 1279 4556 Epistolae
1300 4488 1398 4541 tomus
1421 4480 1582 4555 secundus,
1604 4473 1715 4539 dividit

371 4581 433 4624 rum
449 4562 646 4642 cogitationes
662 4565 729 4624 Deo
745 4571 858 4642 patere.
883 4562 965 4621 Hinc
1018 4564 1097 4624 enim
1114 4582 1182 4623 eam
1197 4565 1228 4624 in
1243 4572 1304 4626 tros
1323 4573 1429 4628 tomos.
1455 4566 1538 4628 Illud
1554 4566 1713 4626 observan-

383 4657 533 4729 spparet,
563 4669 616 4709 our
645 4658 714 4730 post
739 4648 829 4711 nuda
855 4646 966 4707 dixerit
1019 4648 1099 4723 dum,
1120 4650 1210 4729 qnod,
1233 4652 1482 4730 quemadmodum
1503 4654 1534 4714 in
1555 4649 1712 4731 superiori·

371 4735 753 4815 thmplusestoperta,
767 4754 856 4815 quam
865 4734 965 4798 auda.
1018 4736 1075 4798 bus
1099 4736 1255 4809 Christum,
1278 4745 1313 4797 nt
1332 4738 1518 4820 Apostolum,
1541 4758 1609 4798 oum
1630 4737 1715 4799 Mose

371 4841 398 4884 m
413 4823 494 4884 enim
510 4821 625 4895 dieitur,
642 4821 723 4903 quod
738 4843 797 4882 non
814 4831 858 4881 est
874 4822 964 4881 vesti·
1020 4822 1137 4884 Paulus
1163 4822 1304 4897 contulit,
1335 4844 1434 4905 eoque
1458 4825 1547 4905 longe
1573 4825 1716 4903 majorem

371 4916 412 4972 ist
432 4907 577 4971 velatum.
607 4913 763 4988 Apertum
787 4926 857 4967 voro
877 4908 967 4985 juxta
1021 4928 1089 4970 asse
1111 4908 1220 4984 dosuit,
1243 4911 1286 4970 ita
1307 4909 1357 4972 hio
1379 4929 1456 4985 oum,
1478 4919 1513 4971 ut
1528 4911 1715 4985 Pontifieem,

389 4994 640 5076 explicationem,
666 4996 751 5076 eujus
778 4995 869 5057 etiam
890 4995 964 5056 inte
1020 4997 1112 5059 tacite
1126 4994 1244 5059 mulsit
1258 5015 1324 5058 oum
1339 4997 1479 5075 Aarone;
1494 4997 1633 5062 nimirum
1647 4995 1715 5058 tali·

371 5093 557 5139 assertam
570 5095 676 5139 ιιιιιι
1491 5097 1512 5163 2
