4442 5825
447 598 520 664 *164
662 534 664 537 ι
960 591 1372 648 murmurmurmur.

443 773 478 826 ut
492 765 614 827 inerunt
629 767 753 828 aliarum
768 765 1016 848 corruptelarum)
1030 770 1138 830 florue-
1190 777 1222 837 et
1242 768 1360 829 illorum
1380 763 1565 848 temporibus
1585 761 1664 823 haec
1686 761 1747 823 tuit
1768 759 1878 822 Graeco

443 860 527 924 runt,
552 873 643 933 qnam
669 855 722 934 qni
745 874 782 915 ea
804 856 942 935 vigente,
969 876 1059 938 quam
1086 857 1138 937 qui
1190 875 1257 916 rum
1285 854 1427 914 librorum
1462 852 1562 912 lectio.
1613 849 1717 910 Paulo
1752 849 1881 930 posterior

443 947 521 1019 post.
1193 942 1370 1014 Athanasio,
1386 938 1491 1001 eodem
1509 947 1609 998 umen
1624 935 1763 1009 saeculo,
1782 933 1883 995 videtu

489 1025 577 1104 Quae
591 1034 625 1085 ut
640 1025 745 1086 ordine
759 1026 961 1101 declaremus,
977 1029 1054 1088 inter
1068 1047 1140 1108 pau-
1192 1030 1317 1089 Idaoius
1340 1027 1464 1099 Clarus,
1488 1027 1519 1085 in
1538 1023 1700 1102 Hispania
1722 1024 1883 1102 Episcopus,
1925 1066 1926 1075 .

444 1131 497 1172 cos
523 1111 606 1184 illos,
637 1132 762 1190 quorum
790 1115 945 1177 codicibus
968 1114 1014 1173 hio
1036 1134 1140 1173 versus
1193 1116 1245 1195 qui
1262 1117 1350 1175 etiam
1375 1116 1439 1194 ipse
1453 1113 1543 1191 hujus
1560 1129 1671 1170 versus
1695 1110 1817 1189 septimi
1832 1128 1883 1169 sen
1925 1143 1926 1175 l

444 1196 588 1271 deluerit,
605 1199 696 1259 estS.
712 1199 899 1279 Augustinus
922 1200 974 1261 lib.
991 1202 1020 1259 3.
1036 1208 1140 1261 contra
1193 1204 1287 1262 tentis
1313 1198 1461 1280 intrepide
1495 1199 1592 1258 utitur
1618 1206 1732 1257 contra
1763 1198 1884 1267 Arianos,

442 1285 566 1345 Maxim.
583 1305 647 1364 cap.
667 1285 720 1345 illo
736 1289 803 1360 22,
825 1287 904 1368 quud
927 1297 959 1349 et
978 1287 1069 1365 paulo
1092 1305 1139 1347 su·
1192 1305 1347 1348 resumens
1361 1286 1511 1366 ipsissima
1534 1283 1631 1344 verba
1648 1283 1783 1364 Hyginii
1798 1284 1884 1362 Papae
1925 1354 1926 1373 Χ

444 1373 545 1450 perine
561 1370 764 1432 indicavimus.
788 1373 918 1434 Videtur
929 1383 959 1434 et
969 1373 998 1434 S.
1015 1372 1139 1432 Ambro-
1193 1394 1234 1435 ex
1249 1376 1334 1453 epist
1352 1378 1380 1433 1.
1396 1373 1534 1451 superins
1545 1373 1689 1444 recitata,
1705 1371 1787 1430 libro
1799 1376 1885 1430 contm

441 1458 504 1517 sius
535 1478 594 1518 uon
623 1457 781 1533 babuisse,
814 1481 905 1540 quum
935 1462 966 1521 in
996 1458 1072 1519 libro
1103 1458 1141 1519 de
1193 1459 1404 1532 varimadum,
1429 1459 1560 1517 Arianae
1576 1464 1683 1517 sectae
1698 1456 1862 1517 diaconum.

443 1543 556 1624 Spiritu
572 1544 602 1605 S.
625 1564 772 1624 nusquam
795 1548 884 1617 citat,
912 1545 1050 1608 omnibus
1073 1545 1140 1605 aliis
1236 1546 1380 1626 Ejusdem
1405 1546 1548 1622 temporis
1568 1552 1616 1603 est
1632 1544 1666 1604 S
1683 1544 1885 1623 Hieronymus
1925 1546 1926 1568 ¹

443 1629 481 1690 de
510 1629 622 1710 Spiritu
652 1640 754 1691 sancto
790 1633 951 1714 Scripturis
983 1632 1141 1712 diligenter
1194 1635 1280 1713 cujus
1309 1632 1383 1693 haec
1411 1641 1479 1690 sunt
1509 1630 1603 1692 verba
1638 1632 1672 1689 in
1705 1630 1837 1708 Prologo
1863 1630 1885 1687 in
1925 1662 1926 1667 κ

444 1715 578 1795 undique
593 1716 742 1796 allegatis.
772 1719 802 1779 S.
818 1721 880 1780 Leo
903 1722 991 1800 epist.
1010 1721 1058 1780 10.
1076 1738 1140 1798 cap.
1193 1729 1307 1799 septem
1335 1720 1433 1798 Epist
1467 1717 1577 1777 cathol.
1615 1714 1658 1776 sd
1691 1715 1886 1786 Eustochium,

444 1802 473 1862 5.
490 1804 519 1862 in
536 1803 596 1864 line
610 1824 670 1863 non
684 1803 767 1884 legit,
784 1814 818 1864 nt
834 1826 931 1887 neque
947 1803 1139 1868 Venerabilis
1193 1808 1338 1887 virginem
1368 1805 1495 1866 Christi:
1534 1805 1576 1864 Ira
1609 1805 1726 1879 primo
1757 1805 1885 1866 Jouasit

443 1888 748 1950 BodainComrneut.
773 1894 877 1972 Atque
888 1894 918 1953 hi
928 1895 1016 1974 pauci
1029 1892 1138 1952 Latini.
1193 1893 1339 1970 Epistola
1364 1891 1404 1951 ab
1433 1890 1615 1969 infidelibus
1648 1889 1885 1949 translatoribus

442 1975 526 2035 Inter
548 1975 682 2038 Graccus
705 1997 803 2058 aeque
826 1982 930 2058 pauci,
957 1980 986 2041 S.
1004 1977 1139 2059 Cyrillus
1193 1975 1271 2057 (vult
1301 1978 1418 2038 dicere:
1451 1978 1500 2038 Ab
1530 1977 1754 2054 interpretibus
1783 1977 1885 2036 Latinis

442 2061 663 2123 Alexandrinus
687 2064 836 2125 Thesauri
863 2066 914 2126 lib.
941 2071 987 2128 14.
1005 2086 1071 2145 cap.
1089 2086 1138 2143 pe·
1193 2067 1305 2127 Ariana
1335 2065 1384 2125 lue
1415 2061 1547 2141 infectis)
1578 2064 1723 2122 multum
1758 2070 1884 2121 erratura

443 2147 515 2208 nult.
532 2158 562 2209 et
577 2147 773 2211 Oecumenius
789 2154 820 2211 in
842 2153 931 2231 hujus
947 2154 1006 2214 loci
1021 2172 1138 2213 enarra·
1192 2172 1255 2214 csse
1269 2172 1290 2212 a
1304 2152 1379 2229 sees
1390 2155 1533 2226 veritate,
1547 2152 1769 2226 comperimus
1775 2173 1787 2227 ‚-
1803 2155 1885 2208 trisse

443 2235 534 2295 tione.
570 2235 630 2314 Qui
653 2244 750 2297 autem
774 2247 892 2301 veteres
916 2241 996 2301 hunc
1017 2258 1139 2301 versum
1192 2239 1415 2300 tantummodo
1430 2238 1604 2310 voeabula,
1629 2237 1691 2296 hoc
1706 2243 1770 2310 cst,
1787 2255 1884 2313 eques,

441 2320 625 2396 habuerunt,
656 2335 726 2382 sunt
748 2324 778 2384 hi
805 2346 842 2386 ex
870 2329 957 2388 nobis
981 2327 1075 2386 notis:
1108 2324 1138 2384 S.
1191 2324 1885 2403 ranpuraisrtsptrtsusinspersusedium

441 2408 597 2487 Hyginius
634 2411 770 2492 pontifer
806 2414 895 2492 epist.
928 2418 955 2473 1.
995 2434 1060 2492 cap.
1093 2414 1138 2472 1.:
1190 2412 1400 2491 ponentibus,
1428 2420 1456 2471 rt
1472 2414 1580 2471 Putris
1599 2409 1764 2485 Verbiqrsc
1779 2411 1885 2486 aesp-

442 2500 591 2558 Joorsncs
606 2498 813 2572 Evangelistu
825 2501 868 2559 od
884 2501 1037 2560 Parthos:
1064 2500 1140 2559 Tres
1192 2503 1272 2560 ritus
1287 2501 1499 2559 testimonium
1520 2496 1763 2571 ourittcrstilrrss,
1789 2499 1823 2556 irs
1836 2512 1886 2573 pac

442 2584 478 2641 in
493 2583 584 2644 nobis
605 2591 696 2658 sunt,
721 2588 776 2659 qui
801 2590 1014 2648 testimonium
1030 2587 1139 2662 perlei-
1192 2589 1329 2648 mosim
1355 2584 1431 2661 tides
1457 2585 1616 2645 catholico
1645 2584 1887 2658 roboratur,et

443 2668 515 2729 brat
529 2672 565 2730 ira
581 2671 685 2748 coelo,·
702 2672 817 2747 Pater,
841 2674 996 2748 Verbum,
1020 2681 1049 2732 ct
1064 2674 1139 2748 8ρί-
1193 2675 1319 2748 Putris,
1347 2672 1442 2745 Filii,
1470 2690 1507 2730 oo
1529 2672 1674 2747 Spiritus
1695 2673 1805 2731 suncti
1834 2688 1887 2731 aas

441 2759 541 2834 ritas3
565 2764 594 2814 ct
609 2758 642 2816 lsi
656 2765 718 2817 tres
732 2777 833 2819 unum
850 2769 932 2819 aaut.
970 2759 1078 2838 Coepit
1093 2778 1138 2819 se·
1192 2761 1374 2820 diuinitatis
1428 2759 1607 2819 substantia
1659 2758 1886 2834 comprobetur.

443 2842 513 2903 dere
535 2864 613 2904 auno
637 2843 746 2905 Christi
770 2847 840 2906 154.
865 2846 916 2906 diu
940 2856 1010 2907 ante
1033 2847 1138 2906 Arium
1193 2846 1311 2928 Quibus
1324 2847 1355 2904 in
1367 2845 1467 2906 verbis
1480 2853 1526 2905 est
1537 2844 1810 2920 considerandum,
1820 2841 1886 2927 quod

441 2939 553 2991 natum.
575 2930 624 2991 Ita
639 2933 726 2990 etiam
743 2933 776 2992 B.
794 2932 976 3013 Cyprianus,
992 2935 1140 2993 vetustior
1192 2934 1223 2995 S.
1239 2934 1447 3011 Hieronymus
1465 2931 1676 2993 tantummodo
1692 2933 1802 3013 culpet
1815 2933 1885 3013 pari-

442 3019 508 3096 ipss
530 3037 652 3097 quoque
674 3019 762 3092 Ario,
794 3020 824 3079 in
853 3020 927 3080 libro
954 3021 991 3081 de
1018 3020 1140 3080 Unitate
1192 3020 1245 3080 dos
1272 3023 1450 3099 interpretes
1477 3018 1619 3095 Latinos,
1656 3028 1817 3100 tamquam
1841 3020 1887 3100 ipsi

442 3104 616 3175 Ecclesiae,
645 3125 708 3184 cap.
732 3110 761 3167 4.
778 3105 816 3166 ad
840 3108 929 3167 finem
951 3108 999 3167 his
1022 3106 1139 3167 verbis:
1193 3104 1303 3169 Graeci
1319 3105 1437 3166 codices
1461 3104 1545 3166 nulla
1567 3112 1640 3164 tunc
1658 3105 1765 3166 adhuc
1781 3103 1886 3182 (Hiero

442 3194 492 3253 Dc
508 3193 606 3252 Patre
618 3199 647 3251 st
659 3194 743 3254 Filio
756 3201 786 3255 ct
801 3195 925 3270 Spiritu
940 3197 970 3257 S.
986 3196 1140 3270 scriptum
1193 3215 1283 3275 nymo
1307 3196 1371 3273 jam
1399 3212 1486 3265 sene,
1516 3200 1548 3251 ut
1576 3192 1645 3272 ipse
1673 3194 1708 3253 in
1731 3193 1794 3254 finc
1819 3193 1887 3254 illias

443 3288 503 3339 cst:
523 3281 566 3340 Et
580 3280 613 3337 lsi
628 3287 690 3339 tres
704 3298 805 3341 unum
821 3286 904 3342 sunt.
929 3280 1046 3342 Citsvit
1061 3280 1139 3340 hunc
1193 3282 1348 3360 Epistulae
1362 3281 1420 3350 ait,
1444 3279 1475 3340 id
1491 3286 1537 3341 est
1559 3287 1630 3359 post
1646 3299 1764 3340 annum
1781 3279 1887 3340 Domini

443 3366 477 3424 B.
495 3363 638 3445 Cypriani
663 3366 761 3426 locum
785 3367 823 3428 ad
839 3368 970 3428 Unitatia
991 3369 1022 3428 in
1038 3366 1138 3426 Trini·
1194 3361 1533 3446 quadringentesimum)
1558 3366 1758 3427 mutilatione
1786 3368 1887 3428 hocin

441 3460 513 3523 tate,
531 3463 561 3511 et
573 3453 730 3513 Trinitatis
746 3455 777 3514 in
793 3455 915 3514 Unitate
931 3453 1138 3533 probationem
1193 3455 1260 3515 loco
1275 3454 1405 3515 luissent
1424 3452 1571 3513 diminuti.
1603 3451 1730 3514 Citavit
1752 3454 1828 3514 banc
1841 3451 1886 3512 sub

442 3540 472 3601 S.
487 3539 666 3615 Fulgentius
681 3540 733 3600 lib.
758 3548 861 3601 contra
875 3541 979 3604 decem
997 3540 1137 3620 objectio·
1193 3543 1310 3602 nomine
1348 3539 1409 3601 divi
1450 3539 1635 3618 Hieronymi
1678 3540 1887 3619 praefationem

442 3645 497 3686 nes
512 3628 708 3700 Asianorum,
736 3629 767 3688 in
789 3629 984 3707 responsione
1006 3626 1045 3687 ad
1068 3626 1137 3686 ulti·
1194 3630 1336 3689 Erasmus
1359 3627 1389 3686 in
1412 3629 1553 3687 Annotat.
1575 3626 1617 3686 ad
1641 3626 1728 3687 bunc
1751 3626 1886 3689 locunli

441 3732 530 3772 mam.
552 3713 631 3773 Item
648 3713 843 3774 habuitbunc
856 3734 974 3775 versum
990 3715 1026 3774 B.
1044 3714 1137 3774 Atha·
1193 3715 1216 3776 J
1218 3716 1339 3788 ounuie3
1364 3723 1397 3774 ut
1410 3715 1515 3772 mirum
1531 3713 1586 3784 sit,
1604 3713 1645 3772 ab
1662 3713 1794 3788 eodem,
1808 3731 1886 3795 opem

441 3800 545 3859 nasius
568 3801 596 3859 in
621 3801 696 3879 disp.
721 3811 823 3860 contra
841 3802 960 3873 Arium,
984 3801 1029 3861 illi
1054 3802 1136 3860 attri·
1192 3803 1225 3862 Β.
1242 3802 1421 3880 Hieronymi
1437 3808 1681 3877 recognoscente,
1699 3799 1884 3863 foimons

441 3885 523 3945 buta.
546 3885 631 3947 Idem
653 3886 728 3948 libro
751 3887 903 3965 priorede
919 3889 1139 3947 unitaDeitato
1192 3908 1272 3960 sam,
1287 3897 1439 3966 tamquam
1456 3885 1539 3946 dubii
1555 3887 1705 3947 auctoris.
1744 3888 1884 3949 Mirumst

443 3973 619 4032 Trinitatis:
652 3976 738 4036 Dicit
759 3979 908 4038 Jourssscs
930 3975 1138 4050 susspectum
1191 3974 1283 4048 illud,
1313 3972 1394 4053 quod
1421 3974 1577 4034 Marianus
1602 3970 1782 4048 Victorius,
1806 3988 1883 4036 noris

441 4061 477 4119 iss
492 4061 640 4136 Epistola
661 4081 736 4122 sao:
763 4065 840 4123 Trcr
861 4070 951 4136 suat,
980 4065 1035 4140 qui
1050 4062 1138 4121 testi·
1191 4062 1370 4140 Hieronymi
1387 4080 1510 4140 opernm
1531 4061 1712 4138 recognitor
1728 4071 1760 4123 et
1776 4060 1880 4123 scholis

442 4150 586 4206 monium
601 4149 712 4209 dieunt
734 4153 769 4209 iss
792 4149 894 4210 coelo:
916 4150 1029 4224 Pater,
1060 4150 1138 4207 Ver·
1192 4156 1270 4221 stes,
1297 4168 1361 4207 earn
1392 4169 1452 4207 non
1481 4146 1671 4223 restituerit3
1701 4168 1798 4227 quum
1825 4146 1881 4207 asti·

442 4231 534 4306 bum,
560 4242 612 4294 cte.
648 4236 693 4295 Ex
710 4236 819 4314 quibus
839 4237 1016 4295 testimoniis
1033 4242 1136 4294 notum
1191 4236 1410 4314 Hieronymum
1447 4232 1565 4309 sapiat,
1603 4235 1665 4293 etsi
1696 4256 1762 4296 non
1791 4234 1880 4294 habeti

441 4328 487 4379 est
502 4316 549 4394 (ut
564 4319 620 4381 hoo
644 4319 815 4396 addamus),
838 4320 920 4402 quod
935 4331 1007 4383 tnnc
1022 4332 1135 4398 tompo-
1192 4320 1273 4381 illam
1311 4339 1425 4380 summe
1464 4318 1601 4379 floridam
1644 4318 1878 4386 erassitudinem

440 4406 481 4465 ris
498 4405 606 4467 Graeci
630 4408 749 4467 codices
770 4428 840 4467 eum
858 4416 976 4470 versum
997 4415 1136 4470 constan·
1191 4409 1302 4488 scripta
1328 4407 1443 4467 scilicet
1469 4426 1487 4463 a
1513 4425 1587 4466 senc
1614 4414 1648 4465 et
1674 4407 1717 4467 ad
1746 4409 1877 4487 virginem

440 4501 487 4552 ter
501 4492 669 4554 habuerint.
700 4495 778 4555 Nam
802 4495 984 4557 Athanasius
1009 4497 1138 4575 scriptor
1191 4495 1301 4554 Exstat
1323 4492 1398 4554 haec
1421 4491 1452 4553 S.
1474 4491 1660 4572 Hieronymi
1691 4491 1877 4574 praeistioin

441 4576 576 4639 Graecus
597 4582 701 4661 utique
718 4579 837 4642 Graeco
859 4581 962 4643 codice
986 4602 1059 4642 usus
1075 4590 1136 4656 est;
1191 4579 1404 4639 vetustioribus
1413 4577 1530 4653 Bibliis,
1543 4579 1640 4639 etiam
1652 4579 1817 4661 impressis,
1827 4596 1876 4659 prs

440 4684 497 4725 neo
528 4665 606 4726 hunc
636 4667 733 4727 locum
766 4668 887 4728 Arianis
913 4669 1086 4748 objecisset,
1111 4670 1138 4727 ai
1190 4668 1271 4726 xime
1286 4675 1357 4726 ante
1372 4667 1405 4726 B.
1423 4665 1530 4727 Jacobi
1547 4666 1747 4745 Epistulam,
1764 4664 1876 4749 idqcsin

441 4757 513 4811 tunc
531 4754 672 4831 temporis
695 4773 732 4812 ea
754 4774 822 4831 pars
837 4754 961 4816 Graecis
981 4754 1137 4816 codicibus
1191 4752 1342 4814 nonnullis
1366 4753 1421 4814 arrh
1445 4754 1541 4832 ipsius
1556 4752 1747 4835 Hieronymi
1771 4755 1874 4817 nomint

442 4834 594 4898 defuisset
639 4837 757 4899 Graeco
783 4841 855 4900 item
887 4841 991 4902 codice
1021 4850 1052 4902 et
1081 4861 1137 4902 sna
1190 4842 1301 4901 Exstat
1324 4850 1355 4900 et
1372 4839 1450 4919 apud
1472 4840 1642 4918 Liranum3
1670 4842 1798 4925 indigna
1813 4855 1874 4904 are

441 4925 563 5003 propria
578 4926 715 4986 versione
731 4922 802 5001 (uon
815 4928 871 4988 hac
886 4937 988 4989 nostra
999 4924 1136 5008 vulgata)
1191 4947 1269 5008 quas
1285 4935 1400 5006 pereat.

441 5010 489 5071 nsi
511 5019 579 5071 sunt
601 5011 772 5093 Cyprianus
795 5025 828 5075 ot
846 5014 1020 5096 Hyginius;
1042 5033 1137 5095 quare
1233 5012 1325 5092 Quod
1348 5022 1449 5076 autem
1464 5011 1681 5097 Hieronymus
1704 5017 1743 5080 de
1765 5016 1829 5079 solis
1842 5010 1872 5072 ls
