4442 5825
395 579 467 646 5³16
909 571 1141 628 comitabilis
1159 573 1191 629 iti
1209 574 1275 631 cil.
1294 576 1321 629 v.

394 745 543 829 quemodo
558 743 597 807 de
609 766 645 807 eo
656 747 790 811 Jcaunes
808 753 823 809 1
838 749 936 829 Epist.
949 748 994 809 3.:
1011 750 1090 811 Gom
1139 753 1272 831 jeteuus,
1287 753 1444 816 Hesseliue
1461 763 1493 816 et
1508 754 1562 816 alii
1579 756 1730 820 nonnulli
1750 759 1833 820 erre

393 835 602 913 apparuerit,
625 835 742 896 similes
758 839 787 896 ei
801 839 926 897 ericius.
963 837 1091 898 Gloriae
1144 841 1173 898 ei
1188 841 1332 919 imprimis
1348 841 1440 902 illud:
1466 843 1637 919 similiter,
1662 864 1724 927 qno
1737 845 1832 927 riguit-

393 940 562 997 coroaam,
584 920 615 982 id
630 931 678 983 eat
692 942 831 983 aaronem
846 922 1015 1002 gloriosam,
1032 923 1089 996 vel,
1144 927 1205 986 cari
1220 927 1341 987 videtur
1357 927 1485 990 officium
1500 932 1697 1010 reciprocum
1712 931 1832 993 baare»

393 1017 427 1072 nt
441 1009 509 1070 vult
521 1008 698 1083 Hesselius,
718 1029 857 1070 coronam
873 1010 965 1070 valde
979 1010 1088 1090 glorio·
1142 1011 1235 1090 gandi
1252 1022 1424 1095 etprcmpta
1436 1015 1610 1078 obediendi.
1635 1018 1759 1082 Deinde
1766 1017 1834 1101 gaci

392 1115 466 1157 sam.
489 1097 562 1157 Nou
577 1099 662 1157 euim
677 1098 880 1174 simpliciter,
904 1099 1018 1176 iuquit,
1038 1100 1089 1158 oi·
1143 1109 1174 1159 et
1188 1099 1259 1160 alibi
1275 1104 1443 1175 jorsioram
1466 1105 1590 1166 uomina
1613 1105 1736 1166 subditi
1756 1106 1834 1167 int*

393 1191 458 1243 tam
481 1190 644 1244 aeternam
667 1185 844 1261 npaiflean
871 1183 926 1247 sed
950 1185 1088 1244 altiorem
1142 1183 1212 1245 dum
1228 1188 1448 1265 significantur,
1464 1197 1498 1248 ut
1513 1191 1588 1251 Luc.
1606 1191 1678 1252 22:
1701 1194 1765 1272 Qui
1777 1212 1835 1253 rac·

392 1289 466 1351 prae
481 1271 607 1332 caeteris
618 1270 755 1350 gradum.
779 1270 867 1331 Unde
880 1271 1015 1332 Danielis
1029 1272 1088 1346 li,
1137 1276 1245 1347 ‚laceat
1256 1277 1291 1334 irs
1303 1275 1399 1349 eroon,
1416 1274 1476 1351 fiat
1486 1276 1836 1355 mencionem:

392 1377 460 1418 cum
476 1356 586 1417 dimum
601 1366 697 1432 esset,
718 1356 813 1417 bonos
831 1358 925 1418 ituros
949 1360 979 1418 in
994 1360 1088 1418 vitam
1142 1351 1302 1438 νεώτερος.
1336 1361 1395 1422 Sed
1412 1370 1440 1423 et
1455 1372 1561 1425 cautu
1575 1366 1714 1444 priorem
1729 1384 1835 1427 mm

390 1452 559 1517 aeternam,
586 1443 623 1503 de
634 1445 821 1505 eminentiori
835 1456 987 1525 pastorum
1003 1463 1087 1524 prae·
1142 1446 1233 1524 objici
1249 1455 1359 1527 potest,
1378 1450 1515 1530 quamvis
1531 1460 1637 1513 aetate
1649 1454 1787 1529 junioree
1798 1471 1834 1514 sa

391 1533 451 1592 mie
466 1533 615 1612 sequitur:
639 1532 701 1610 Qui
724 1538 830 1591 autem
852 1533 937 1592 docti
950 1532 1086 1610 fuerint,
1141 1533 1231 1594 uibus
1246 1533 1376 1595 debeant
1386 1538 1595 1611 reverentiam,
1612 1538 1751 1599 Domino
1762 1552 1834 1619 prae

382 1618 559 1699 'sulpebaai
573 1621 652 1678 eicat
666 1618 819 1695 splendor
828 1617 1042 1696 firmamenti3
1058 1624 1087 1678 et
1141 1621 1285 1699 cipianta,
1308 1621 1467 1684 Lav.19.:
1492 1624 1612 1686 aorem
1633 1644 1721 1687 cano
1745 1627 1835 1704 capite

391 1709 447 1784 qui
462 1706 674 1780 adjustitiam
687 1705 840 1767 eradiant
852 1708 977 1781 multos,
994 1707 1088 1782 quari
1141 1725 1310 1784 concerpe,
1338 1716 1368 1769 et
1393 1710 1518 1771 honora
1540 1730 1723 1789 perronam
1752 1716 1833 1789 reseis,

390 1792 499 1853 atellae
518 1795 553 1854 iu
567 1799 737 1869 perpetuae
752 1796 962 1855 aeternitates.
1000 1793 1088 1853 Hauc
1141 1796 1261 1873 proprie
1276 1806 1379 1856 tamen
1402 1795 1463 1856 illis
1486 1817 1545 1859 non
1570 1799 1690 1861 debere
1705 1797 1833 1862 obediar

391 1899 530 1941 coronam
545 1887 629 1954 sunt,
653 1880 707 1959 qui
723 1879 874 1940 aureolam
891 1881 1085 1960 interpretau-
1140 1882 1227 1954 tiam,
1250 1883 1310 1941 nisi
1332 1881 1395 1942 elie
1417 1885 1536 1945 ratione
1561 1887 1625 1947 sint
1640 1888 1688 1948 eis
1708 1886 1834 1967 abierit

390 1976 454 2041 tur,
470 1984 549 2047 qnae
564 1964 733 2028 doctoribus
745 1967 929 2040 attribuitur,
945 1977 980 2027 ut
994 1966 1086 2044 Hugo
1139 1966 1251 2047 Itaque
1262 1967 1383 2028 videtur
1393 1969 1450 2031 hoc
1462 1970 1754 2053 Petripraeceptum
1765 1971 1834 2036 iden

392 2052 482 2115 Oard.
498 2061 529 2115 et
544 2052 679 2114 Thomas
696 2051 852 2134 Anglicue.
1141 2073 1207 2115 esse
1237 2073 1304 2114 cum
1334 2067 1495 2138 praecepto
1525 2059 1617 2121 Pauli
1650 2059 1748 2121 Habe.
1778 2064 1833 2124 lt:

434 2138 494 2201 Sed
515 2138 701 2221 probabilius
722 2150 784 2214 est,
811 2138 978 2222 principale
1001 2158 1085 2218 prae·
1141 2141 1268 2202 Oberlite
1283 2147 1476 2220 praeponite
1498 2150 1610 2207 vestris
1634 2155 1666 2206 et
1687 2148 1834 2223 rubiam

390 2228 482 2288 mium
509 2228 656 2308 intelligi,
686 2226 766 2305 qnod
792 2238 823 2288 at
848 2227 922 2287 alibi
948 2244 1087 2287 coronae
1140 2231 1191 2288 eia.

390 2315 510 2376 uomina
539 2315 702 2395 significari
731 2315 824 2391 solet;
853 2325 887 2375 ui
912 2313 1012 2375 Jacob
1041 2316 1084 2372 1.:
1184 2316 1299 2376 anina
1324 2323 1429 2376 autem
1458 2320 1595 2379 invicem
1626 2321 1832 2382 humilitatem

390 2404 531 2478 Accipiet
555 2420 707 2463 coronam
727 2405 822 2480 vitae,
849 2418 945 2479 quam
972 2417 1085 2475 repro·
1139 2400 1308 2462 insinuate.
1339 2402 1411 2462 Plus
1423 2413 1467 2464 ast
1481 2406 1512 2465 iu
1528 2403 1661 2467 Graeco.
1696 2408 1750 2470 ste
1763 2408 1832 2471 enin

390 2491 478 2550 misit
488 2491 575 2551 Deae
591 2490 793 2566 diligentibus
807 2509 847 2550 se.
870 2489 1085 2549 linicarceeci·
1139 2487 1245 2549 habet:
1278 2489 1392 2550 Omnes
1420 2493 1554 2552 invicem
1584 2493 1739 2570 subjecti,
1778 2496 1833 2555 sire

391 2575 483 2636 bilem
492 2586 583 2637 vocat
594 2575 634 2637 ad
646 2576 803 2637 discrimen
812 2595 998 2646 coronarum,
1006 2591 1086 2654 quae
1138 2575 1336 2650 subjicientes
1362 2594 1425 2638 voe.
1463 2573 1530 2655 (list
1559 2580 1641 2640 euim
1673 2581 1832 2661 praeessu

390 2660 472 2744 apud
497 2683 552 2724 nos
582 2661 690 2723 dautur
715 2663 887 2724 victoribus.
922 2662 1087 2722 Nectuutur
1138 2657 1760 2744 ιιιιιιροιὶνριιιιὶοἰρίιιιιιὑποτασσόμενοι).
1780 2666 1831 2729 De

390 2751 471 2811 cuim
487 2770 526 2810 ex
539 2749 803 2822 floribuseticliis,
818 2769 897 2829 quae
913 2747 1001 2829 paulo
1017 2755 1087 2827 post
1139 2746 1211 2809 iude
1250 2749 1398 2828 sequitur:
1439 2752 1666 2813 Humilitatem
1704 2755 1831 2827 inane

389 2845 585 2898 marcescunt.
617 2839 658 2896 At
674 2836 727 2897 illa
749 2857 858 2916 corona
876 2835 1086 2896 coelestianae
1140 2833 1274 2896 Graece:
1305 2825 1562 2915 ἐγκομβώσασθε,
1599 2838 1687 2921 qnod
1722 2844 1832 2924 propr‘e

389 2932 560 2998 marceecet,
583 2944 640 2985 nec
654 2932 822 2986 veterascat
836 2943 997 3003 umquam
1031 2920 1085 2982 sed
1139 2922 1304 3002 significat:
1320 2926 1484 2987 innodate.
1519 2925 1619 3007 Quasi
1634 2928 1736 2990 dicat:
1752 2933 1832 2991 Arc·

389 3012 497 3072 viroris
512 3031 548 3071 aa
563 3010 644 3071 floris
658 3012 787 3091 gratiam
802 3030 918 3092 semper
936 3007 1084 3070 retinebit.
1139 3008 1226 3069 robis
1250 3007 1436 3093 adstringite.
1475 3013 1621 3075 Erasmus
1645 3017 1758 3076 vertit:
1786 3019 1831 3078 ia·

390 3097 466 3157 (ium
481 3104 581 3159 autem
597 3118 707 3159 corona
726 3100 765 3158 sit
779 3098 945 3179 praemium
959 3116 996 3157 ac
1010 3114 1084 3155 mer·
1138 3095 1235 3171 lixam
1250 3097 1367 3158 liabete.
1391 3096 1590 3161 Oecumeuius
1602 3102 1831 3183 iuterpretatur:

389 3202 439 3247 ces
461 3186 622 3258 victoriae,
650 3188 846 3264 consequitur
871 3190 1085 3263 argumentor
1145 3183 1236 3243 Vobis
1247 3185 1450 3259 circumdate,
1462 3188 1708 3264 amplectimini.
1732 3189 1831 3251 licata

388 3271 510 3348 relatis,
533 3272 679 3333 homiuem
701 3283 884 3353 pugnantem
907 3291 943 3331 ac
964 3271 1084 3329 viucen·
1138 3270 1299 3349 interpres,
1325 3290 1405 3352 quaa
1421 3273 1453 3332 in
1469 3271 1584 3336 Graeco
1600 3276 1690 3337 velut
1705 3277 1831 3357 sajum

388 3368 450 3419 tem
475 3359 581 3419 mereri
607 3360 733 3440 gloriam
759 3361 845 3439 regui
871 3357 1023 3428 coelestis,
1049 3375 1085 3416 aa
1137 3354 1290 3436 leguntur,
1321 3361 1351 3419 in
1380 3376 1473 3419 uuum
1503 3379 1627 3423 sensum
1662 3364 1831 3443 conjunxiii

388 3444 516 3527 proinde
530 3444 594 3507 falli
611 3446 804 3507 vehementer
818 3465 886 3518 eos,
910 3445 963 3525 qni
977 3443 1084 3503 merita
1138 3442 1219 3522 quod
1234 3453 1265 3503 et
1287 3443 1358 3505 iecit
1373 3445 1470 3525 Syrus
1485 3446 1725 3526 Parapbraatee,
1748 3469 1829 3532 qun

389 3531 534 3594 bonorum
561 3553 685 3614 operum
711 3542 832 3612 negant.
870 3532 982 3591 Merita
1007 3529 1083 3601 dico,
1137 3531 1316 3591 sententiam
1332 3539 1425 3592 totam
1442 3535 1603 3594 irrrartir:
1619 3536 1830 3599 Eram

389 3639 471 3703 quae
485 3630 585 3681 tamen
601 3621 667 3699 ipea
683 3621 774 3679 etiam
789 3619 849 3679 Dei
868 3617 947 3679 done
962 3626 1039 3676 sont.
1136 3618 1224 3676 mieti
1242 3624 1336 3678 estote
1357 3619 1602 3681 mansuetudine
1624 3625 1736 3684 animi
1755 3639 1830 3686 estut

432 3708 461 3767 ὅ.
483 3707 653 3780 Similiter,
694 3705 921 3777 adolescentes,
967 3702 1084 3763 subditi
1137 3721 1213 3779 erpa
1237 3704 1347 3765 alium.
1382 3704 1440 3765 Vel
1464 3714 1497 3765 ut
1519 3706 1706 3769 Tremellius
1728 3711 1830 3772 Latiae

388 3801 484 3856 estote
498 3793 680 3855 senioribus.
704 3793 933 3866 Adoleseeutes,
952 3788 1083 3851 Graece:
1137 3788 1250 3849 reddit:
1275 3792 1319 3851 Et
1341 3794 1468 3853 amicita
1487 3810 1542 3853 voe
1564 3796 1761 3859 intr-inrecta
1782 3797 1830 3857 ele·

389 3872 716 3960 redcepor,janiores.
744 3880 847 3959 Hujus
862 3877 1013 3960 praecepti
1029 3875 1082 3935 du·
1137 3879 1284 3938 mirsioue
1298 3882 1413 3939 creatis
1426 3897 1511 3941 anor
1529 3898 1605 3957 erpa
1622 3882 1739 3944 aliua
1774 3883 1829 3946 lis

387 3968 462 4047 plex
491 3967 627 4029 adfertur
654 3986 769 4028 sensus.
813 3966 958 4046 Plerique
986 3970 1084 4023 aetate
1138 3962 1401 4045 taphorasumpta
1425 3965 1587 4026 videtote
1608 3988 1727 4048 genera
1747 3971 1830 4032 vesti

384 4055 522 4134 juniores
537 4053 905 4133 eissnioresiutelligunt,
921 4051 1083 4130 campeius
1136 4049 1230 4110 menti
1259 4051 1289 4110 in
1317 4050 1429 4113 nodum
1460 4055 1635 4128 constricti,
1666 4076 1730 4138 quo
1759 4057 1829 4119 servi

388 4140 427 4202 dc
442 4140 612 4201 senioribus
627 4139 748 4200 locutus
763 4141 816 4212 ait,
832 4141 885 4220 qui
896 4138 993 4200 officio
1008 4136 1083 4195 tales
1137 4138 1314 4212 utebantor3
1337 4129 1523 4216 ἐγκόμβωμα
1538 4137 1654 4202 Graeci
1678 4145 1829 4206 vocabant

387 4235 474 4301 sunt,
499 4226 531 4287 id
547 4236 593 4287 eet
607 4226 646 4287 de
669 4226 857 4306 presbyteris
880 4227 945 4287 eive
959 4224 1082 4303 Episco·
1180 4223 1336 4305 Praecipit
1359 4244 1429 4306 ergo
1443 4225 1567 4299 Petrus,
1595 4230 1690 4306 priori
1714 4229 1829 4311 quidm

387 4316 444 4396 pis.
467 4312 664 4387 altivolans,
679 4312 1081 4393 bocpraecaptumraspou·
1136 4318 1238 4390 parte,
1260 4309 1291 4370 id
1307 4313 1419 4392 ipsum,
1446 4311 1528 4391 qued
1551 4313 1672 4378 Paulus
1694 4316 1775 4397 lipia
1788 4317 1829 4376 b:

388 4401 460 4463 dere
489 4396 653 4481 superiori,
685 4409 734 4470 ut,
764 4400 840 4459 sieut
870 4399 912 4460 ibi
938 4396 1083 4477 jubentur
1136 4396 1275 4471 subiecti
1289 4399 1423 4459 invicem
1438 4401 1599 4461 intimare
1614 4402 1747 4465 Christi,
1767 4403 1830 4464 liar

387 4489 543 4563 teniores,
573 4485 603 4547 id
627 4495 689 4559 eat,
718 4485 875 4565 Episcopi,
902 4503 1025 4564 pascere
1048 4504 1084 4544 ac
1136 4484 1213 4543 enim
1230 4502 1334 4544 sensus
1350 4494 1411 4558 est,
1427 4486 1686 4551 omnesomnibns
1701 4489 1830 4552 neura

387 4594 492 4657 regare
514 4592 634 4655 mem
650 4572 726 4646 Dei,
749 4572 842 4632 idest
862 4572 1007 4653 populum
1026 4569 1083 4630 sibi
1136 4588 1202 4629 esse
1229 4569 1352 4643 debere,
1382 4570 1437 4632 sed
1459 4572 1536 4633 aiios
1561 4573 1647 4648 aliis,
1679 4576 1830 4640 maiora

386 4662 571 4743 subjectum,
595 4662 635 4720 ita
658 4678 739 4721 nunc
760 4659 891 4718 vicissim
917 4656 1082 4735 junioribus
1136 4655 1355 4735 superioribus,
1370 4675 1481 4718 uxores
1496 4660 1587 4733 viris,
1610 4661 1693 4725 lilios
1708 4664 1829 4746 parui·

388 4749 454 4810 sive
480 4747 658 4821 minoribus,
683 4745 714 4806 id
740 4753 788 4806 est
813 4743 892 4824 plebi
919 4744 1082 4821 subjectae,
1134 4741 1200 4816 bue,
1216 4762 1319 4803 servos
1335 4741 1470 4816 dominis,
1486 4746 1744 4825 quemadmodum
1759 4749 1829 4812 Pu-

387 4835 594 4916 praecipiatur
614 4852 689 4914 erga
710 4850 780 4892 suos
799 4840 935 4910 pastores
951 4840 983 4889 et
998 4847 1080 4906 pree·
1135 4828 1183 4889 lus
1198 4828 1310 4891 ibidem
1325 4840 1547 4910 consequenter
1562 4831 1713 4899 declarat
1735 4839 1829 4902 Porio

387 4920 482 4983 iactos
497 4917 678 4982 obedientia.
716 4918 845 4979 Sensum
867 4918 947 4978 hunc
968 4914 1084 4977 indicat
1135 4917 1221 4976 rioris
1249 4917 1342 4997 partie
1378 4935 1485 4978 sensus
1521 4928 1586 4981 oste
1625 4923 1827 4988 numilitat-

386 5007 481 5083 eade
496 5025 585 5090 quem
601 5012 767 5087 sequuntur
781 5002 1008 5075 carthusianus,
1024 5000 1080 5063 Ga·
1136 5002 1228 5064 sirini
1249 4998 1378 5078 (Graece
1399 5002 1698 5091 ταπεινοφροσύνην)
1716 5012 1828 5084 indulta
