4442 5825
665 584 828 641 timum
845 583 1078 640 tremum
1113 584 1241 641 vnisse.
1728 593 1801 664 519

371 761 477 823 ierem.
514 759 610 838 ures,
635 774 716 840 quae
739 763 771 822 iu
794 761 874 822 illins
897 761 956 823 loci
972 778 1048 821 com·
1073 765 1078 903 p
1103 760 1455 834 mritas,'miserioordia,
1471 759 1603 842 deniqne
1618 758 1795 840 φιλανθρω-

371 845 654 915 uantauiodiuimus
678 845 912 909 Caeterumvox
924 847 1050 921 Graeca,
1101 841 1175 923 nia,
1193 849 1256 908 'Pit
1272 849 1301 907 3.
1336 846 1467 927 Quidam
1482 847 1598 909 addunt
1613 850 1800 929 patientiam,

371 951 448 1014 quam
467 932 580 995 Petrus
601 944 727 1014 usurpat
749 934 806 995 hoc
830 935 913 1008 loeo,
941 934 1066 1013 legitur,
1103 933 1319 1005 obedientiam,
1346 933 1561 1011 humilitatem
1595 934 1737 997 videlicet
1763 935 1801 997 de

371 1018 551 1099 diemapud
564 1020 693 1083 Paulum
708 1020 784 1102 aph.
803 1025 848 1081 1.:
870 1024 912 1083 In
927 1020 1067 1081 recem-³
1096 1022 1261 1082 'virtutibus
1299 1018 1411 1081 Christi
1446 1021 1573 1081 huminis
1615 1023 1799 1101 accipientes

371 1108 496 1183 plisnam
510 1110 740 1184 acquisitionis.
763 1107 825 1169 Ubi
838 1108 998 1169 Erasmus:
1014 1084 1066 1167 inl
1102 1108 1309 1180 lrunclocnm,
1325 1107 1478 1186 quoduou
1492 1115 1539 1167 est
1553 1127 1689 1168 necesso.
1722 1109 1801 1170 Sunt

372 1192 604 1268 mannassen
630 1197 803 1272 acquisitae
827 1195 1029 1271 possessionis
1035 1200 1066 1270 ,·!
1102 1196 1227 1255 enimin
1244 1195 1312 1254 Deo
1334 1195 1462 1254 virtutes
1485 1213 1588 1254 omues
1612 1193 1798 1256 excelleutis-

371 1278 556 1355 uliuteaue,
572 1301 665 1360 qnam
675 1280 738 1341 hic:
757 1283 916 1358 papulus,
944 1283 999 1359 qui
1013 1282 1066 1340 in*
1101 1282 1178 1342 simo
1193 1281 1290 1352 modo,
1307 1281 1385 1340 aliae
1397 1280 1518 1361 quidem
1530 1280 1702 1354 formaliter,
1719 1281 1799 1343 aliae

373 1365 478 1429 lteram
501 1370 634 1428 amant
668 1366 785 1428 Sensus
807 1370 885 1429 euim
907 1366 1065 1447 Apostoli·
1102 1384 1174 1428 veru
1196 1368 1374 1439 eminenter,
1400 1377 1433 1427 ut
1454 1367 1617 1446 loquuntur
1640 1375 1669 1427 et
1690 1368 1800 1430 docent

371 1460 419 1514 at:
433 1451 598 1532 ⁴(Quomodo
616 1452 671 1515 lilii
694 1455 791 1515 Israiil
814 1455 997 1516 vocabantur
1019 1458 1065 1513 et'
1101 1453 1257 1532 Theologi.

373 1547 442 1600 aaut
455 1540 521 1600 Deo
536 1541 664 1621 populns
681 1541 898 1620 acquisitionis,
913 1560 1046 1601 sennen·
1143 1541 1289 1601 Declarat
1317 1539 1426 1600 Petrus
1454 1540 1504 1601 his
1540 1542 1642 1603 verbis
1675 1561 1796 1603 oausam

372 1623 530 1700 dicationis,
553 1626 632 1707 qnod
647 1626 732 1688 Deus
754 1628 838 1689 illum
856 1625 1047 1708 styrannide
1101 1625 1224 1688 finalem
1245 1627 1453 1707 acquisitionis
1480 1625 1664 1706 praedictae,
1689 1648 1796 1710 nempe

371 1710 519 1773 Pharaonis
536 1722 669 1794 ereptum
693 1725 721 1774 et
743 1717 774 1775 in
782 1728 879 1776 'mauu
892 1713 993 1774 valida
1008 1733 1046 1773 ex
1099 1713 1225 1793 gloriam
1248 1714 1317 1774 Dei.
1351 1712 1399 1774 Ad
1421 1713 1477 1774 hoc
1497 1715 1575 1774 euim
1600 1713 1795 1791 Christianos,

371 1796 497 1879 Aegypto
519 1800 661 1860 eductum
687 1802 717 1861 in
746 1821 828 1863 suam
858 1799 1046 1862 vendicasset
1100 1798 1130 1859 id
1147 1811 1193 1861 est
1207 1800 1352 1881 populum
1368 1820 1460 1873 snum,
1475 1819 1529 1859 nos
1548 1799 1622 1861 fucit
1636 1802 1736 1877 Dens,
1762 1810 1796 1863 nt

371 1888 590 1964 peuesaiouem,
616 1907 651 1946 ac
667 1907 752 1948 suum
768 1890 886 1950 iecimet
900 1908 918 1947 e
933 1887 1045 1947 cunctis
1099 1885 1137 1947 de
1153 1887 1209 1947 hoc
1225 1897 1307 1947 tants
1322 1887 1466 1948 beneficio
1482 1907 1550 1946 eum
1564 1887 1739 1962 laudemus,
1766 1897 1796 1949 et

371 1973 489 2051 gatibus
503 1974 668 2053 peculium:
684 1976 735 2045 ita,
749 1996 786 2036 ac
800 1974 908 2055 potiori
919 1976 1044 2045 ratione,
1096 1976 1222 2034 virtutes
1237 1976 1316 2053 ejus,
1344 1994 1422 2054 qnae
1445 1975 1474 2034 in
1497 1994 1587 2054 opere
1608 1984 1728 2035 nostrae
1748 1995 1791 2036 re·

371 2054 540 2121 Uiriatianos
560 2080 625 2123 esse
648 2059 767 2122 Christo
782 2062 851 2122 Deo
873 2079 926 2121 sno
949 2080 1042 2139 popu·
1098 2061 1279 2138 demptionis
1302 2071 1333 2120 et
1355 2060 1599 2121 sanctificationis
1615 2060 1792 2122 mirabiliter

371 2141 417 2206 lam
435 2147 630 2227 acquisitum,
649 2146 839 2208 vendicatum
862 2156 893 2206 et
914 2146 1042 2227 peculia·
1097 2146 1443 2227 eluxerunt,quibusque
1453 2147 1637 2209 laudabilem
1649 2169 1682 2209 se
1694 2157 1789 2209 oston-

371 2248 424 2305 ιω,
438 2233 516 2314 quia,
530 2235 607 2294 sicut
621 2233 734 2294 dictum
750 2242 796 2296 est
813 2255 878 2312 cap.
894 2232 1043 2314 praeced,
1097 2232 1156 2306 dit,
1171 2233 1283 2313 ubique
1296 2234 1521 2313 praedicemus,
1541 2234 1790 2314 quemadmodum

371 2320 479 2397 patinea
505 2321 653 2400 sauguine
679 2340 734 2381 sua
761 2342 827 2382 enm
854 2341 870 2380 e
895 2328 1044 2399 potestate
1096 2321 1160 2400 ipse
1181 2320 1385 2381 testatnrJes.
1403 2325 1471 2395 43,
1499 2320 1617 2381 dicens:
1646 2324 1789 2396 Omnem,

371 2402 463 2467 meat
478 2405 618 2482 redemit,
634 2418 725 2487 atque
740 2429 778 2469 ex
793 2410 933 2468 universo
949 2407 1041 2467 homi·
1097 2408 1152 2484 qui
1166 2410 1294 2468 inuocat
1312 2426 1429 2469 nomen
1450 2427 1554 2468 meum
1561 2452 1571 2483 ,
1596 2409 1631 2468 in
1652 2409 1789 2484 plurium

371 2510 544 2572 mentre
555 2494 692 2569 electum,
705 2515 791 2556 sunm
803 2494 1042 2575 peculiumiecit.
1097 2512 1197 2553 ineam
1213 2497 1319 2554 creati
1335 2515 1414 2555 eum.
1452 2495 1494 2554 Et
1508 2492 1601 2554 inira:
1628 2496 1790 2571 Populum

371 2578 535 2659 &secede
549 2583 680 2642 maxima
694 2581 824 2662 dignitas
839 2579 1042 2642 estChristia·
1094 2582 1187 2641 istum
1216 2582 1361 2660 formavi
1396 2582 1492 2657 milri,
1528 2581 1656 2642 laudem
1686 2599 1789 2642 meam

371 2684 461 2727 m
492 2667 570 2748 'Quo
592 2668 681 2730 modo
704 2668 863 2730 etPaulus
886 2689 938 2729 eos
954 2675 1044 2729 vocet
1095 2668 1259 2743 narrabit,
1291 2669 1321 2729 id
1351 2677 1410 2729 est:
1439 2668 1581 2744 formavi,
1607 2676 1640 2729 ut
1669 2666 1789 2728 laudem

371 2751 523 2817 ἲωίαὲαηι
549 2758 628 2831 Dei,
653 2775 750 2832 quam
776 2757 944 2834 acquisivit
965 2773 1042 2817 san·
1095 2774 1190 2815 meam
1214 2764 1322 2816 narret
1361 2754 1409 2816 Ad
1435 2756 1489 2816 has
1516 2756 1593 2815 enim
1616 2755 1788 2835 Scripturas

1094 2840 1228 2902 alludere
1243 2842 1364 2904 videtur
1379 2841 1556 2925 Apostolum
1573 2845 1692 2904 tametsi
1705 2841 1789 2903 Beda

397 2926 564 2991 Notandum
592 2939 653 3003 eat,
686 2932 767 3010 apud
793 2929 983 2990 Ambrosium
1011 2930 1043 2990 iu
1095 2929 1188 2991 refert
1212 2929 1251 2990 ad
1277 2930 1433 2992 historiam
1457 2929 1556 2989 Exod.
1582 2930 1647 3002 15„
1674 2933 1705 2991 in
1727 2949 1788 3009 qua

371 3017 475 3095 susm
513 3017 623 3077 Psalm.
642 3020 711 3079 118.
731 3026 828 3077 octon.
845 3018 889 3090 6.,
917 3025 947 3077 et
962 3015 1043 3096 apud
1096 3015 1229 3097 legimus,
1244 3017 1406 3091 Hebraeos,
1423 3026 1634 3097 postquameu
1647 3018 1787 3097 Aegypto

371 3098 548 3182 lagmtiuum
563 3102 613 3164 lib.
632 3109 660 3165 1.
682 3104 721 3167 de
743 3115 855 3185 peccat.
878 3125 949 3164 mer.
975 3124 1041 3181 cap.
1094 3104 1211 3164 liberati
1226 3124 1307 3166 mure
1331 3105 1449 3165 rubrum
1472 3106 1668 3175 transierant,
1695 3103 1787 3163 canti·

371 3189 419 3263 li,
442 3191 521 3251 hanc
542 3200 656 3271 partem
677 3194 720 3252 ita
740 3191 817 3269 legi:
841 3192 982 3268 populus
1006 3191 1041 3250 in
1095 3210 1163 3251 cnm
1178 3192 1338 3270 gratiarum
1354 3193 1479 3252 actionis
1496 3199 1527 3251 et
1542 3189 1641 3252 laudis
1657 3190 1786 3250 Domino

371 3275 530 3353 tdaptiane.
552 3277 612 3338 Sed
628 3285 658 3337 et
672 3279 748 3360 Eph.
768 3282 793 3337 1.
808 3281 922 3338 veteris
937 3276 1039 3337 editio·
1094 3278 1244 3339 cecinisse.
1267 3279 1360 3339 Porro
1377 3281 1573 3339 vocationem
1585 3278 1632 3337 hic
1648 3275 1787 3355 intellige

371 3362 401 3422 tit
418 3363 490 3424 hacc
512 3373 576 3424 erat
598 3364 702 3426 lectio:
729 3367 771 3426 In
792 3367 1040 3441 redemptionem
1095 3363 1257 3438 efficacem,
1273 3386 1354 3444 quae
1369 3364 1492 3425 divinae
1503 3363 1787 3445 praedestinationis

371 3447 547 3527 tdeptionia,
574 3451 822 3529 quemadmodum
838 3453 1041 3531 Hieronymus
1094 3451 1218 3511 effectus
1232 3461 1292 3524 est,
1313 3460 1344 3513 et
1358 3453 1478 3512 vocatio
1500 3451 1663 3513 secundnm
1678 3469 1786 3532 propo·

371 3544 470 3598 aratur
484 3539 517 3598 iu
531 3538 600 3616 ejus
615 3537 672 3598 loci
687 3559 792 3600 comm.
816 3538 876 3600 Sed
893 3558 959 3599 eam
974 3556 1040 3597 ver·
1093 3539 1184 3598 situm
1200 3538 1402 3619 appellatura
1418 3539 1512 3599 Paulo
1526 3541 1610 3601 Rom.
1628 3541 1657 3599 8.

371 3621 460 3685 inem
494 3625 616 3703 corrigit
642 3625 750 3687 uiridem
777 3625 981 3705 Hieronymus
1006 3643 1042 3682 ac
1137 3626 1271 3701 Lumen,
1287 3626 1327 3687 ad
1343 3627 1422 3708 quod
1433 3634 1557 3687 vocatos
1569 3625 1651 3697 dicit,
1666 3622 1786 3706 quidam

371 3705 467 3772 latete
483 3710 618 3785 Graeco,
633 3713 807 3792 legendnm:
824 3713 1042 3789 acquisitionis
1095 3713 1245 3776 Christum
1275 3721 1445 3792 exponunt,
1472 3711 1510 3772 de
1539 3733 1598 3793 quo
1626 3711 1715 3772 Joan.
1745 3714 1787 3769 1.:

371 3810 404 3858 tt
419 3801 632 3875 potamionis.
655 3799 745 3879 Quod
768 3806 797 3858 et
826 3819 880 3860 nos
906 3820 943 3860 eo
975 3800 1041 3858 loco
1095 3802 1179 3863 Erat
1194 3800 1250 3860 iun
1264 3820 1358 3876 vera,
1385 3819 1467 3877 quae
1483 3799 1646 3861 illuminat
1662 3817 1787 3859 omnem

371 3886 565 3946 aasummus.
603 3885 795 3965 Quamquam
817 3887 918 3967 potius
939 3885 1040 3947 existi·
1095 3889 1262 3948 nominem.
1300 3889 1360 3969 Qui
1382 3895 1411 3947 et
1432 3886 1470 3947 de
1493 3905 1526 3947 se
1550 3889 1616 3966 ipso
1632 3886 1691 3945 ait:
1718 3886 1787 3961 Epo

371 3988 440 4045 tem,
467 3992 528 4032 uon
553 3973 751 4050 adeptionis,
782 3973 838 4033 sed
863 3973 1043 4051 adeptionis
1095 3993 1164 4035 sum
1186 3976 1242 4034 lua
1265 3975 1395 4049 mundi,
1420 3973 1550 4034 Joane.
1584 3972 1699 4053 Estque
1714 3989 1790 4031 sane

371 4055 455 4119 tilio
478 4062 641 4138 interprete
663 4062 806 4140 scriptum
826 4060 934 4134 inisse,
961 4057 1042 4139 qnod
1096 4060 1284 4121 admirabile
1296 4064 1353 4122 hoc
1364 4063 1483 4135 lumen,
1491 4062 1631 4140 quietam
1640 4077 1789 4139 magnum,

371 4145 513 4206 triburam
529 4146 689 4208 oscitantia
700 4154 848 4207 nudatum
861 4156 965 4225 postea
979 4145 1041 4205 iue-
1097 4157 1130 4208 ut
1152 4167 1172 4207 a
1192 4149 1308 4208 nemine
1330 4146 1539 4227 comprehendi
1560 4147 1661 4227 possit
1694 4146 1790 4207 Juxta

371 4230 634 4310 dmadoptiania
656 4233 735 4295 Nam
747 4235 877 4311 adeptio
890 4234 952 4295 iere
962 4232 1043 4294 idem
1097 4254 1185 4316 quem
1206 4234 1392 4295 intellectum
1416 4235 1524 4296 lumen
1549 4253 1660 4308 auum,
1687 4232 1718 4294 id
1745 4238 1790 4291 est

371 4326 408 4393 n,
424 4318 507 4399 quod
522 4321 690 4399 acquisitio.
1097 4322 1170 4393 Dei,
1194 4321 1270 4381 dixit
1284 4321 1464 4401 Apostolus,
1492 4323 1563 4400 qnia
1579 4319 1733 4395 Christus,
1757 4326 1790 4377 ut

398 4407 437 4468 Ut
451 4410 584 4468 amatas
599 4408 798 4469 annuntiatia
813 4409 910 4482 Eius,
935 4407 1043 4484 quide
1097 4418 1144 4469 est
1165 4408 1248 4468 Deus
1271 4408 1307 4468 de
1329 4409 1412 4481 Deo,
1437 4409 1479 4467 ita
1501 4408 1601 4470 iumen
1623 4416 1668 4467 est
1687 4407 1725 4467 de
1747 4404 1790 4463 ln·

371 4493 484 4556 mebris
506 4511 561 4554 aaa
580 4497 708 4555 voravit
727 4498 764 4555 in
786 4494 976 4554 &mirabile
992 4494 1043 4553 lu·
1098 4496 1184 4555 mine.
1220 4496 1410 4569 tlittamen,
1432 4496 1601 4576 intorques
1617 4494 1792 4572 cajetanus,

371 4598 421 4644 ten
431 4599 535 4643 tuum.
564 4582 781 4657 Virtutea,nou
792 4571 937 4659 δυνάμεις
949 4578 1042 4641 Grae·
1098 4581 1262 4643 delumine
1278 4582 1347 4642 fidei
1369 4590 1537 4661 exponunt,
1560 4602 1618 4663 qna
1633 4582 1715 4641 Deus
1729 4599 1791 4639 res-

371 4687 397 4743 s,
423 4667 505 4749 quod
529 4666 602 4728 alibi
617 4669 744 4748 passim,
768 4667 798 4728 id
814 4677 860 4727 cst
873 4668 1042 4745 potentins,
1098 4689 1158 4750 que
1171 4669 1290 4730 divinae
1302 4677 1529 4749 cognoscuntur.
1553 4670 1641 4750 Quae
1653 4668 1792 4746 cognitio,

371 4757 429 4818 nde
442 4754 555 4816 dicitur
569 4755 843 4831 Demonassae,
860 4754 914 4815 sed
927 4745 1044 4832 ἀρετὰς
1098 4757 1170 4817 licet
1194 4755 1322 4817 obscura
1346 4759 1385 4818 ait
1417 4764 1539 4838 propter
1568 4754 1792 4826 inevidentiam,

371 4859 460 4904 arum
476 4841 592 4922 alioqui
614 4843 645 4902 iu
659 4841 821 4922 Scriptnris
843 4837 1044 4915 vocabulum),
1098 4845 1206 4904 lumen
1233 4854 1345 4919 tamen,
1373 4853 1463 4926 atque
1488 4844 1565 4904 adeo
1587 4844 1695 4903 lumen
1721 4842 1792 4914 Dei,

371 4925 437 4990 lest
453 4930 600 5003 uirtutes,
616 4948 698 5006 quae
712 4931 798 4989 vitiis
814 4937 1043 5006 opponuntur,·
1098 4939 1177 4991 recte
1192 4930 1365 4991 vocaturob
1378 4930 1585 4993 certitudinem
1597 4927 1792 4991 revelationis

371 5023 466 5082 law
479 5015 593 5080 iaDeo
604 5017 760 5099 sapientia,
770 5016 901 5097 justitia,
914 5018 1045 5090 bonitas,
1097 5015 1227 5079 divinae
1239 5019 1430 5101 Quamquam
1437 5018 1551 5101 alioqui
1557 5017 1652 5079 omnis
1660 5014 1793 5098 cognitio
