4442 5825
392 580 468 659 344
913 571 1353 629 animumanimum

386 748 522 829 ,iaoulie5
563 753 627 811 sive
654 752 836 825 ‚iumentum
865 752 984 829 faerit,
1024 752 1089 811 eive
1143 769 1222 811 mere
1237 748 1470 830 phantasticum,
1485 748 1568 831 quod
1580 758 1750 831 apparente

391 838 502 912 bomo,
527 856 593 898 aaa
609 838 703 899 vivet.
734 837 776 897 Et
791 836 910 919 qnidam
933 838 991 899 boe
1005 835 1087 897 eddi·
1143 837 1198 913 sit;
1214 835 1267 899 sod
1283 835 1341 896 hoe
1356 837 1476 896 nomine
1490 836 1667 915 significato
1682 834 1747 895 vult

392 932 453 985 tutu
469 921 596 986 habetur
612 925 643 983 in
666 922 842 1007 quibusdem
859 922 984 986 Graecis
1008 922 1087 984 eodi-
1142 923 1236 985 stolus
1263 943 1315 995 ee,
1341 943 1418 1004 quus
1447 922 1587 985 sensibus
1614 922 1750 1004 objiciebt

392 1008 490 1083 albus,
521 1030 598 1092 quoe
624 1012 767 1071 Erasmus
795 1010 937 1072 vertendo
967 1020 1088 1073 secutus
1143 1010 1254 1084 idest,
1271 1010 1749 1091 igniseeliginsrn,prouellem‚‘

392 1107 447 1159 eet.
469 1097 530 1159 Sed
546 1097 633 1159 male.
658 1098 736 1158 Nem
752 1098 889 1159 meliores
906 1098 1035 1171 codices,
1057 1106 1087 1158 et
1143 1099 1288 1169 sonitum,
1304 1106 1454 1157 atrocem
1466 1096 1636 1159 verborum.
1663 1097 1750 1158 'Potiu

392 1185 422 1244 in
436 1182 484 1245 his
499 1185 593 1264 Regii,
610 1205 669 1246 uon
683 1184 805 1259 habeut,
824 1194 857 1246 ut
871 1207 929 1247 uuo
942 1187 1087 1265 interpre·
1143 1193 1201 1245 turn
1220 1183 1277 1244 hoc
1300 1194 1389 1245 vocnt
1411 1176 1660 1263 φανταζόμενον,
1689 1184 1750 1265 quit

391 1272 466 1332 tatio
488 1270 626 1351 Syrisce.
663 1270 725 1332 Sed
752 1280 782 1331 et
803 1271 985 1333 Greeoomm
1012 1293 1086 1333 eom-
1143 1271 1302 1333 videbatur
1327 1272 1394 1351 ipse
1421 1271 1521 1344 Dens,
1547 1272 1603 1333 sed
1629 1270 1671 1332 sd
1702 1282 1750 1333 teu

390 1360 529 1420 menturii
546 1379 667 1439 prorsus
682 1379 741 1419 uon
757 1360 964 1421 meminerunt.
995 1360 1088 1420 Porro
1142 1359 1310 1439 mejestatis
1327 1360 1393 1438 ejus
1409 1359 1467 1417 ista
1489 1357 1719 1420 exhibebuntur.

391 1444 522 1507 edietum
535 1446 593 1508 hoo
604 1446 816 1522 intolerabile,
834 1446 863 1507 id
876 1459 922 1507 est
933 1455 1088 1508 extremes
1143 1455 1256 1526 partem
1279 1465 1382 1506 rursus
1403 1443 1510 1505 Graeci
1536 1465 1683 1527 seperare
1703 1443 1750 1505 uid

390 1533 564 1595 severitatis
580 1536 625 1595 eis
643 1530 810 1594 videbatur.
846 1534 897 1594 sie
913 1534 990 1594 enlm
1006 1532 1086 1594 oolll·
1143 1533 1180 1593 eb
1197 1552 1249 1604 ee,
1276 1552 1353 1612 quse
1369 1533 1507 1592 continuo
1524 1535 1674 1613 sequitur.
1710 1532 1747 1595 Se

390 1619 519 1701 gabant:
550 1620 584 1682 Si
613 1622 704 1681 etiem
734 1620 853 1681 brutum
875 1629 905 1680 ot
932 1622 1088 1682 innoxium
1143 1622 1221 1680 enirn
1243 1619 1391 1680 oollouunt
1414 1639 1468 1699 per
1490 1618 1610 1680 madum
1631 1618 1750 1700 epipbor

390 1706 510 1780 enimet,
521 1705 558 1767 ub
572 1707 669 1768 solum
680 1708 1089 1779 montisoonteutnm,1uarts
1142 1709 1196 1767 tis:
1213 1708 1301 1768 Adeo
1317 1707 1458 1766 terribile
1474 1714 1561 1782 erat,
1591 1706 1679 1785 quud
1694 1706 1750 1767 eid

390 1792 546 1873 plectitur,
563 1795 633 1874 quid
650 1793 736 1856 nobis
751 1793 895 1868 sutrrrum,
914 1793 1024 1876 quibus
1039 1794 1090 1855 lex
1144 1801 1173 1855 et
1188 1794 1370 1855 audiebant.
1394 1792 1494 1873 Quem
1514 1793 1737 1855 distinctionem

393 1879 497 1953 datur,
524 1882 549 1943 si
566 1882 643 1963 legis
660 1881 780 1963 aliquod
797 1881 969 1942 mundatum
993 1890 1088 1942 truns-
1143 1882 1316 1942 Latinorum
1347 1879 1484 1941 nonnulli
1512 1890 1689 1961 sequuntur.
1724 1880 1750 1943 b

392 1968 487 2047 gressi
502 1967 670 2029 fuerimus?
693 1967 800 2029 Obiter
815 1968 975 2041 admoneo,
998 1988 1089 2029 unum
1143 1970 1270 2048 primum
1295 1966 1414 2028 videtur
1435 1966 1554 2028 obetsre
1577 1966 1746 2047 conjunctio

393 2073 459 2114 esse
470 2053 630 2117 dictionem
642 2058 777 2123 eleimon
790 2055 880 2133 duma
896 2078 963 2117 nem
975 2055 1090 2118 Graece
1144 2057 1244 2136 eapite
1260 2056 1365 2135 posite,
1382 2073 1461 2134 quse
1475 2052 1676 2132 redundaret3
1692 2075 1748 2115 non

393 2133 524 2217 ostede,
541 2146 670 2205 etiamsi.
693 2143 923 2205 Neodiversnm
940 2141 1089 2224 estquod
1143 2146 1237 2203 servit
1271 2141 1502 2222 epiplrnnemsti.
1546 2140 1671 2203 Deinde
1708 2162 1750 2222 prr

392 2226 444 2289 elii
460 2238 598 2291 vertunt:
617 2233 653 2295 Si
667 2231 717 2293 vel
732 2232 828 2291 bestia
843 2238 897 2292 eta.
1143 2228 1217 2289 nihil
1240 2229 1418 2309 praecessit,
1440 2229 1487 2289 cui
1510 2229 1678 2309 quadraret
1699 2228 1750 2289 hur

437 2312 498 2378 Sed
536 2337 678 2398 quaeres,
715 2317 866 2399 quomodo
902 2316 959 2377 lure
989 2324 1089 2395 perte:
1142 2316 1300 2398 phanemu.
1337 2316 1416 2376 Nem
1432 2315 1565 2377 edictum
1581 2315 1750 2377 oooidendn

392 2404 466 2465 Noa
496 2407 579 2465 eaim
612 2406 807 2483 portabant,
846 2402 987 2466 reddatur
1013 2405 1088 2464 retia
1143 2404 1221 2466 stiae
1236 2425 1296 2464 non
1311 2403 1748 2466 numereturintertsrrifioev

393 2490 620 2570 praecedentis,
645 2512 706 2571 que
729 2492 843 2553 dictum
866 2500 927 2564 est,
948 2510 1015 2563 eus,
1038 2492 1088 2572 qui
1144 2488 1263 2565 endite3
1279 2489 1330 2551 sad
1347 2509 1383 2549 eo
1399 2498 1517 2550 tautum
1532 2488 1693 2551 adducitur
1709 2490 1746 2551 eb

392 2597 497 2639 votem
524 2579 683 2642 verborum
709 2578 884 2650 audierunt,
911 2578 1089 2658 deprecatos
1142 2576 1227 2649 stolo,
1242 2584 1277 2637 ut
1289 2596 1329 2637 ex
1343 2576 1424 2636 illius
1435 2578 1597 2638 severitate
1610 2575 1726 2649 dooeet.
1741 2576 1750 2639 l

391 2662 502 2737 luisse,
531 2685 570 2727 ne
599 2666 728 2746 emplius
758 2668 801 2727 eie
834 2666 921 2726 fieret
948 2664 1088 2742 verbum3
1141 2665 1213 2724 lites
1224 2664 1369 2725 habuisse
1381 2684 1502 2725 oensem
1513 2665 1750 2725 vehementertir

392 2749 638 2832 quandoquidem
659 2754 701 2813 ibi
723 2754 845 2814 terroris
868 2772 959 2814 ceusu
978 2750 1088 2811 adscri-
1140 2750 1351 2832 legislatorem.
1376 2751 1480 2831 erere
1494 2753 1593 2832 magis
1606 2750 1750 2832 plaeeteb

391 2836 473 2897 bitur
484 2840 551 2898 voni
563 2839 721 2900 verborum
734 2839 803 2914 Dei,
814 2859 902 2922 quem
914 2838 1088 2915 audierant3
1141 2841 1307 2911 sententia,
1336 2840 1388 2918 qui
1411 2847 1528 2919 purtem
1554 2839 1633 2899 beno
1660 2858 1750 2901 count

392 2923 443 2985 hie
458 2935 559 2986 autem
576 2925 683 2999 edicto,
702 2927 780 3006 qnod
794 2925 892 2988 triduo
904 2935 975 2988 unte
986 2926 1088 2986 datum
1141 2946 1208 2987 cnm
1223 2928 1371 3005 sequenti.

393 3018 466 3072 mut
502 3011 612 3074 Graeci
639 3023 753 3094 partem
781 3015 878 3076 illam:
905 3017 979 3076 Non
1003 3014 1086 3075 enim
1185 3014 1284 3076 diates
1320 3014 1419 3075 auu:
1461 3015 1645 3076 Exterritus
1680 3032 1747 3076 mm

389 3099 583 3177 portabant,
611 3103 696 3178 quad
712 3102 892 3177 dicebatur,
916 3100 1087 3162 distrahunt
1141 3101 1373 3162 tremebundae.
1403 3100 1474 3162 Non
1489 3102 1563 3161 satis
1583 3100 1706 3181 quidem
1721 3101 1750 3160 ri

393 3184 431 3245 eb
448 3207 502 3260 ee,
525 3207 603 3265 quus
626 3191 775 3267 sequitur,
803 3198 834 3251 et
856 3197 1009 3270 exponunt
1031 3188 1088 3247 hoo
1141 3189 1216 3249 beau
1244 3208 1314 3268 pere
1345 3186 1503 3250 cohaerere
1532 3209 1599 3249 auru
1630 3186 1750 3268 praebet¹

392 3270 497 3332 modo:
531 3274 601 3336 Non
632 3277 711 3337 enim
741 3275 879 3337 serebant
907 3274 1003 3337 verbu
1031 3274 1089 3334 Dei
1143 3275 1226 3335 deest
1255 3276 1332 3336 enim
1363 3277 1542 3353 conjunctio.
1581 3276 1695 3336 Verum
1721 3293 1750 3334 er

392 3362 620 3441 praecipientis3
651 3362 728 3424 adeo
758 3364 885 3424 terrifice
915 3382 977 3424 vox
1007 3369 1089 3436 erut;
1143 3372 1242 3422 mento
1259 3371 1409 3442 opuseet,
1427 3362 1615 3442 quodetiam
1630 3359 1750 3424 huioed

363 3519 367 3534 1
393 3443 461 3506 ideo
476 3447 639 3528 rogabant,
663 3470 701 3510 ue
723 3450 782 3511 eibi
804 3450 933 3529 amplius
956 3447 1087 3529 loquare
1142 3451 1289 3528 interpres
1305 3450 1416 3528 Syrus,
1441 3448 1522 3526 opud
1545 3469 1637 3528 quem
1660 3451 1703 3510 ite
1718 3449 1750 3526 leq

392 3541 450 3594 tnr.
502 3536 620 3596 Partem
655 3547 755 3597 antem
786 3553 981 3617 sequentem:
1018 3537 1090 3598 Etsi
1142 3540 1186 3599 Et
1211 3537 1291 3598 adeo
1317 3537 1524 3614 formidabile
1554 3544 1624 3597 erat
1655 3539 1750 3599 unare

392 3620 488 3681 bestia
504 3626 641 3700 tetiaerit
663 3631 736 3698 eta,
761 3626 912 3702 recipiunt
935 3633 1088 3701 tamquam
1144 3625 1243 3686 Moses
1254 3625 1389 3685 diceret:
1407 3626 1516 3686 Timeo
1528 3629 1557 3684 et
1566 3632 1678 3684 treruu.
1701 3625 1750 3687 su

392 3706 543 3770 diversum
574 3720 781 3790 argumentum
813 3712 934 3772 timoris.
975 3709 1088 3770 Verum
1143 3710 1489 3792 supplotHentoniusin
1512 3711 1732 3775 mereseium.

392 3797 522 3858 coactior
538 3807 584 3858 est.
599 3798 673 3858 hneo
689 3797 852 3872 distinctio,
868 3806 898 3859 et
913 3819 973 3859 non
991 3816 1089 3858 neem·
1143 3817 1194 3858 sus
1220 3807 1320 3859 eutem
1346 3806 1408 3860 eet:
1439 3799 1478 3858 Et
1504 3797 1582 3859 edeo
1610 3799 1744 3862 terribile

391 3882 480 3944 terit.
524 3885 602 3945 Nam
632 3883 671 3945 ed
702 3885 873 3965 scrupulum
908 3883 1090 3964 respondere
1144 3885 1277 3963 quadiu
1299 3894 1398 3946 moute
1420 3885 1582 3946 ridebatur
1605 3895 1634 3946 st
1654 3883 1750 3947 eudiel

391 3987 565 4048 possumne,
592 3971 773 4051 Apostolum
800 3972 848 4033 his
870 3972 989 4033 verbis:
1015 3973 1088 4032 Nure
1144 3983 1250 4032 utnon
1266 3980 1382 4033 tuntum
1399 3971 1528 4052 populus
1550 3971 1750 4052 perterritnsl

391 4057 477 4116 euim
490 4057 667 4134 portabant
682 4068 754 4135 eta,
777 4082 837 4122 uon
860 4060 993 4140 praecise
1016 4056 1088 4119 ders
1142 4060 1194 4120 sed
1212 4061 1275 4138 ipse
1291 4061 1381 4120 etiem
1397 4058 1502 4141 populi
1518 4057 1597 4133 dux,
1621 4059 1689 4133 ille,
1713 4062 1750 4122 int

390 4143 534 4204 rationem
551 4146 634 4225 ejus,
661 4147 742 4228 quod
766 4150 900 4227 proxime
922 4144 1088 4226 praeeediu
1143 4148 1195 4226 qui
1212 4145 1390 4207 familiarius
1404 4166 1472 4206 oum
1489 4148 1556 4206 Deo
1572 4145 1749 4226 colloquiis

391 4228 445 4290 sed
460 4250 567 4292 uorem
583 4231 716 4312 edjioere
732 4255 853 4294 causum
870 4235 992 4294 timoris.
1029 4232 1087 4292 Po·
1142 4232 1291 4306 lateran,
1308 4252 1551 4314 seoxpevesoers
1561 4242 1593 4294 et
1604 4234 1750 4296 eoquens

390 4323 450 4378 test
464 4317 555 4378 etiem
571 4317 646 4394 dici,
672 4321 877 4402 probationem
899 4339 966 4382 esee
986 4341 1004 4380 e
1027 4339 1087 4379 me·
1186 4320 1363 4400 Quaeritur,
1400 4319 1453 4380 ubi
1482 4318 1618 4398 legetur,
1655 4320 1750 4384 boel

387 4404 469 4483 jore3
493 4406 517 4465 si
534 4406 613 4466 enim
630 4428 690 4470 non
705 4407 865 4490 portabant
888 4408 1019 4467 edietum
1035 4424 1089 4486 per
1143 4406 1264 4469 dixisse
1288 4405 1367 4466 Num
1383 4407 1415 4468 in
1429 4405 1540 4469 Exodo
1559 4415 1592 4468 et
1607 4407 1750 4470 Deuterot

388 4489 1088 4575 Moueneununtietumdelapidsticuebestiee‚
1142 4494 1216 4555 nihil
1231 4493 1292 4553 telo
1306 4493 1450 4570 hebetum
1476 4513 1512 4554 ee
1537 4495 1641 4575 potius
1664 4503 1750 4557 eoum

390 4588 501 4660 quanto
530 4581 629 4642 miuus
659 4583 752 4662 ipsius
780 4580 841 4641 Dei
872 4599 993 4652 vocem,
1028 4587 1088 4639 tum
1141 4579 1239 4642 videri
1256 4588 1356 4659 potest
1370 4599 1409 4640 ex
1425 4581 1527 4642 verbis
1542 4582 1637 4654 Most,
1663 4581 1750 4644 diae!

389 4664 563 4728 terribiliter
577 4666 743 4747 loquentis,
762 4668 910 4728 sustinere
924 4664 1088 4746 poteraut?
1142 4666 1300 4747 populum,
1314 4665 1411 4727 uxor.
1429 4668 1497 4728 tu:
1519 4669 1626 4730 Nolite
1642 4671 1750 4731 timete

434 4753 484 4811 21.
507 4754 552 4816 Et
567 4756 613 4814 ita
628 4754 769 4815 terribile
785 4761 872 4828 erat,
897 4753 982 4830 quod
1000 4751 1087 4812 uide·
1142 4757 1225 4816 enim
1246 4754 1401 4830 probaret
1422 4773 1493 4829 vae,
1518 4759 1607 4818 venit
1624 4757 1731 4836 Dente

391 4837 493 4898 batur.
517 4838 648 4902 Greeee:
673 4833 708 4900 τὸ
725 4832 970 4918 φανταζόμενον,
994 4838 1088 4902 idest
1141 4848 1245 4903 terror
1260 4841 1346 4901 illiue
1362 4848 1437 4902 esset
1456 4843 1492 4902 ia
1508 4843 1615 4919 uabie,
1639 4851 1672 4906 et
1685 4861 1750 4910 reae

391 4927 511 4999 smum,
535 4928 622 5004 quod
636 4927 833 5006 apparebat,
858 4935 892 4988 ut
905 4926 984 4988 bene
1000 4927 1087 4986 vertit
1140 4933 1261 4989 earetie
1295 4927 1356 5007 Qui
1382 4928 1462 4989 enim
1477 4928 1543 5011 ipse
1571 4931 1661 4992 timet
1684 4937 1750 4994 ett

389 5008 543 5080 Ermmns.
576 5011 646 5078 Non
668 5013 845 5096 intelligitur
864 5023 964 5076 eutem
987 5012 1086 5075 raum
1139 5035 1246 5097 perum
1269 5023 1358 5097 uptus
1382 5023 1428 5077 est
1451 5013 1491 5079 ed
1513 5015 1748 5086 statumen.
