4442 5825
633 563 1034 621 ιιιιιιιιιιιιιιιιιιιιιιι.
1067 560 1293 619 uros.11.-1r.
1599 569 1669 643 151

374 750 452 803 sest
465 740 505 803 de
518 742 590 803 illo:
605 741 681 805 Noli
690 739 795 801 odisse
806 757 925 818 aquom
976 737 1145 801 sacerdotio
1159 739 1280 802 innotus
1297 747 1342 800 est
1355 739 1387 799 in
1402 759 1506 816 erueer
1522 760 1584 821 qao
1598 749 1670 804 tem·

377 829 489 890 lT‘nn.
504 831 534 890 5.
573 829 649 890 Item
669 846 723 907 pro
745 827 836 887 verbo
857 826 924 904 suit
976 844 1048 906 pore
1065 826 1153 886 simul
1166 827 1247 886 iacta
1261 835 1310 886 est
1323 825 1482 887 translatio
1501 827 1587 907 legis.

374 916 468 976 turin
480 913 616 991 Graec03
631 913 811 993 relinquitur
822 919 922 973 autem
1018 910 1078 972 Sed
1088 931 1181 990 quare
1189 913 1289 990 potius
1298 914 1392 973 utitur
1404 913 1551 974 voeabulo
1562 921 1672 977 trous-

374 1000 470 1062 sdnm:
495 1002 562 1078 soit
576 1009 631 1066 aut
652 1008 703 1062 est
741 1001 853 1061 'Potius
870 1017 920 1078 pe·
976 999 1124 1071 muenia,-
1139 1018 1229 1079 quem
1244 1000 1455 1060 mutationis?
1472 999 1621 1062 Nimirum
1635 1008 1670 1062 ιιι

374 1107 424 1148 sas
439 1097 502 1148 est:
518 1088 664 1168 Quodsi,
680 1095 713 1147 nt
726 1086 803 1146 falso
820 1086 922 1146 existi·
975 1083 1136 1165 significet,
1149 1103 1222 1145 non
1246 1083 1527 1166 quomodocumque
1555 1096 1672 1148 mutan·

374 1174 501 1234 effectio
524 1174 676 1235 hominum
700 1174 798 1235 Deum
822 1169 920 1232 colen·
975 1170 1046 1234 dum
1074 1170 1170 1234 inisse
1199 1171 1397 1232 sacerdotium
1427 1173 1459 1233 in
1487 1170 1590 1246 aliud,
1617 1172 1671 1234 sed

385 1271 432 1322 est
444 1260 634 1338 justificatio,
661 1258 855 1338 contingebat
868 1276 922 1336 per
973 1255 1217 1318 uenderendnm
1229 1276 1267 1318 ex
1281 1277 1341 1318 ana
1355 1256 1434 1317 triba
1446 1254 1485 1318 ad
1500 1257 1598 1320 aliam
1620 1259 1672 1321 lix

374 1366 425 1407 um
444 1347 630 1419 Leviticum‚
654 1347 708 1407 sub
731 1366 792 1428 quo
806 1353 837 1404 et
852 1363 921 1404 eum
973 1363 1032 1424 quo
1050 1343 1116 1421 jam
1137 1343 1325 1405 manifestius
1346 1345 1498 1425 sequitur,
1520 1365 1581 1407 una
1602 1364 1672 1406 cum

373 1433 437 1494 slus
460 1435 557 1511 legem
579 1434 714 1512 accepit:
739 1430 813 1512 qnid
836 1448 919 1510 pree·
973 1428 1144 1491 sacerdotio
1166 1430 1265 1509 legem
1288 1431 1381 1490 etiam
1403 1428 1558 1493 transferri
1583 1452 1668 1511 opor·

373 1539 475 1600 ·.opus,
490 1519 583 1579 aliurn
595 1517 795 1580 acdiversum
808 1516 921 1579 exoriri
973 1528 1055 1588 tere,
1070 1518 1168 1594 ιιι,
1197 1516 1268 1595 lege
1289 1525 1443 1592 manente,
1469 1536 1530 1580 non
1552 1525 1671 1598 poterat

373 1625 423 1678 un,
449 1606 584 1685 quinon
606 1604 770 1666 seeundum
788 1603 920 1665 ordinem
972 1600 1170 1662 sacerdotium
1196 1601 1353 1664 transferri
1375 1603 1413 1662 sd
1437 1603 1527 1664 eliam
1548 1604 1668 1664 tribum.

373 1709 506 1762 emetur,
529 1690 582 1751 sed
598 1690 764 1752 seeundum
786 1688 919 1750 ordinem
973 1690 1066 1747 Porro
1089 1689 1316 1749 translationem
1337 1688 1508 1766 hujusmodi
1530 1689 1669 1770 intelligi,

373 1777 467 1840 decb?
491 1779 721 1857 Argumentatio
747 1785 847 1855 potest
873 1776 919 1836 sic
972 1775 1128 1836 declarant
1141 1775 1235 1836 verba
1249 1777 1418 1856 sequemia

375 1865 440 1926 :si
454 1865 622 1926 Leviticum
636 1861 837 1925 sacerdotium
853 1881 918 1942 per·
1017 1865 1065 1923 13.
1089 1863 1132 1923 Iss
1146 1880 1209 1940 quo
1230 1863 1313 1922 assim
1336 1863 1412 1922 lsoec
1433 1861 1607 1963 dimotus
1631 1862 1669 1922 de

386 1970 460 2030 ergo
485 1949 599 2012 insatra
628 1951 793 2030 promissus
819 1947 920 2010 inita
971 1948 1041 2010 olio
1055 1949 1142 2009 tribes
1164 1955 1215 2009 est.
1254 1949 1295 2009 ln
1318 1965 1400 2024 quo,
1423 1946 1542 2010 Graece
1557 1907 1607 2027 ιφ
1620 1939 1666 2025 dr,

380 2035 529 2098 Davidem
550 2037 628 2097 elius
650 2035 789 2097 sacerdos
812 2054 918 2095 secun·
972 2037 1000 2097 id
1026 2043 1087 2095 eat.
1114 2039 1150 2097 iss
1172 2054 1265 2113 quem
1287 2034 1337 2095 vel
1363 2036 1407 2095 od
1433 2054 1534 2113 quem.
1571 2035 1669 2096 Priori

371 2125 450 2185 inem
473 2122 710 2200 Melchisedech,
735 2123 792 2183 boc
817 2131 917 2182 autem
971 2120 1059 2182 modo
1074 2121 1141 2182 fere
1157 2123 1309 2202 accipiunt
1331 2123 1527 2201 interpretes,
1553 2129 1588 2182 ut
1602 2141 1667 2182 sen·

372 2217 486 2289 potost;
505 2229 576 2288 ergo
591 2211 652 2270 vim
670 2207 841 2291 perficiendi
857 2228 917 2269 uon
971 2228 1019 2270 sus
1035 2210 1089 2268 sit:
1115 2211 1153 2268 ist
1167 2226 1276 2284 quem,
1304 2208 1335 2268 id
1357 2216 1404 2268 est
1425 2209 1464 2267 de
1486 2226 1567 2285 peso,
1594 2206 1670 2270 haec

372 2295 575 2359 sacerdotium
590 2297 776 2369 Levitioum,
804 2306 835 2356 et
850 2315 916 2372 pro·
971 2295 1118 2357 dicuntur.
1142 2294 1204 2355 Sed
1220 2313 1289 2356 cum
1304 2294 1358 2354 ille
1372 2294 1483 2355 verbs:
1506 2296 1556 2356 Ta
1571 2313 1601 2355 es
1615 2312 1668 2355 so-

372 2401 425 2443 sre
443 2380 552 2443 debuit·
571 2402 608 2444 ac
629 2382 735 2444 cedere
750 2380 917 2443 sacerdotio
971 2382 1078 2442 cordos
1092 2384 1129 2442 iss
1144 2388 1311 2442 oeternum
1327 2389 1384 2441 etc
1407 2377 1460 2456 (ad
1483 2400 1519 2440 ea
1533 2398 1666 2460 namque

371 2470 411 2545 ri3
442 2488 502 2530 non
522 2471 619 2548 ipsum
641 2469 753 2541 solum,
782 2467 835 2528 sed
856 2488 918 2530 uns
970 2465 1157 2547 respicitur),
1184 2489 1245 2529 non
1270 2466 1307 2527 de
1329 2468 1449 2547 aliquo,
1475 2463 1529 2527 sed
1548 2466 1588 2527 sd
1609 2466 1665 2526 ali·

371 2554 460 2615 esibi
484 2575 627 2617 connexa.
665 2556 732 2616 Hoc
757 2556 837 2616 enim
860 2566 918 2630 ast,
970 2575 1061 2635 quem
1087 2555 1239 2631 dicantur,
1268 2554 1344 2616 nihil
1374 2572 1447 2617 sane
1475 2561 1575 2627 vetat,
1604 2572 1666 2634 quo

372 2643 471 2702 uitur:
969 2644 1067 2702 minua
1083 2645 1126 2702 its
1141 2651 1292 2703 vortitur:
1315 2643 1368 2704 Ad
1383 2660 1476 2719 quem
1491 2641 1575 2701 eslim
1590 2640 1667 2701 boec

970 2731 1131 2790 dicamur.
1169 2729 1310 2810 Explicat
1324 2728 1487 2808 Apostolus
1506 2726 1563 2790 hac
1581 2735 1668 2808 parte

371 2816 513 2876 maeloto
530 2816 616 2876 onim
638 2813 831 2888 woerdotio,
859 2833 916 2875 stc·
970 2817 1137 2896 emphasim
1161 2815 1301 2876 vocabuli
1328 2817 1429 2876 olium
1452 2815 1484 2876 in
1507 2833 1557 2889 ao,
1585 2812 1667 2895 quod

371 2909 427 2964 est
441 2911 471 2963 st
486 2903 561 2980 lepis
575 2902 749 2964 translatio
764 2901 830 2978 fiat.
860 2902 915 2962 Ar·
969 2901 1099 2978 dixerat,
1123 2905 1323 2965 necessarium
1338 2903 1447 2977 fuisso,
1474 2902 1577 2964 olium
1593 2921 1667 2964 sess·-

371 2988 554 3069 lsignaaus,
576 2993 660 3050 assim
675 3009 729 3068 pro
746 2996 851 3048 autem
868 2989 917 3048 vel
967 3009 1040 3066 perc
1054 2991 1255 3068 scordotim.
1280 2990 1341 3052 Ubi
1356 2991 1471 3052 Graece
1485 2999 1531 3052 est
1546 2984 1664 3068 ἕτερον,

371 3077 452 3137 itum
467 3096 549 3149 esse,
575 3085 726 3156 tamquam
741 3076 785 3133 sic
798 3076 916 3134 ratioci·
968 3076 999 3137 id
1015 3086 1062 3138 cst
1077 3059 1216 3151 alterum,
1240 3077 1398 3138 diversum.
1435 3077 1545 3157 Itaque
1568 3077 1666 3150 docet,

371 3164 501 3223 ostolus:
519 3163 552 3224 Si
566 3181 693 3224 necesse
711 3159 777 3236 fuit,
793 3161 915 3224 alterius
967 3183 1001 3225 se
1024 3164 1116 3224 alium
1139 3123 1306 3243 intelligere
1328 3164 1419 3244 plane
1440 3163 1607 3238 diversum,
1633 3172 1667 3225 ut

370 3269 470 3329 sigere
481 3250 684 3322 sacerdotem,
700 3267 772 3326 ergo
787 3246 913 3308 transfe-
968 3270 1021 3329 qur
1012 3250 1076 3312 de
1091 3250 1151 3312 alia
1165 3252 1245 3311 tribu
1260 3252 1306 3311 sit
1344 3251 1419 3311 Cum
1434 3253 1513 3311 enim
1528 3251 1666 3314 Psalmus

370 3336 617 3398 meacmdotium
633 3336 825 3397 Aaronicum.
861 3336 912 3393 At·
966 3336 1036 3410 ille,
1063 3339 1117 3417 qui
1144 3338 1266 3416 incipit:
1298 3339 1390 3398 Dicit
1415 3339 1575 3399 Dominus
1595 3341 1665 3399 Do·

368 3421 432 3484 lsto
446 3422 630 3496 sacerdotio,
660 3440 785 3483 necesse
800 3429 859 3493 est,
886 3430 914 3482 et
966 3428 1054 3486 mino
1069 3442 1150 3499 mco,
1167 3425 1419 3486 consentientibus
1442 3424 1531 3484 etiam
1546 3424 1662 3486 Judae-

370 3508 501 3586 meieni,
527 3512 635 3588 igitur,
662 3510 687 3568 si
709 3526 835 3568 necesse
849 3506 913 3580 init,
967 3532 1051 3572 orum
1069 3513 1218 3591 magistris
1245 3506 1292 3588 (ιιι
1314 3529 1351 3571 ex
1367 3510 1534 3591 Evangelio
1557 3506 1663 3589 patet),

370 3615 449 3676 gere
461 3596 656 3668 sacerdotem,
675 3596 772 3674 legem
789 3613 914 3676 qnoque
965 3599 1094 3679 scriptus
1108 3600 1148 3659 sit
1163 3597 1201 3659 de
1217 3597 1356 3671 Christo,
1379 3617 1469 3679 quem
1484 3596 1578 3660 tilium
1594 3615 1663 3659 esse

370 3684 526 3761 ‚oportuit
559 3683 661 3744 Potuit
676 3691 776 3742 tamen
791 3684 912 3742 retineri
966 3683 1068 3746 David
1082 3684 1173 3747 iidem
1196 3687 1332 3765 magistri
1351 3683 1576 3764 profitebantur,
1592 3703 1660 3747 con·

370 3770 397 3829 lo
410 3768 557 3843 musclis,
581 3779 615 3829 ut
636 3770 713 3830 hsec
734 3788 804 3848 pars
819 3770 912 3849 respi·
965 3790 1096 3852 sequena
1111 3781 1190 3846 erat,
1216 3791 1301 3845 eum,
1324 3773 1371 3832 cui
1386 3771 1496 3833 dicitur
1510 3772 1543 3832 in
1557 3768 1662 3834 eodem

370 3854 430 3917 lem
445 3858 643 3936 superiorem:
669 3855 812 3932 Populus
827 3858 912 3917 coins
965 3858 1103 3919 Psalmo:
1122 3862 1172 3922 Tu
1187 3878 1218 3919 cs
1232 3860 1377 3920 sacerdos
1392 3865 1465 3931 etc,
1481 3854 1662 3922 adeundam

369 3942 466 4019 lepem
478 3946 606 4020 occepit.
630 3943 725 4023 Quasi
736 3940 817 4000 dicat
830 3943 910 4020 Apo·
964 3944 1075 4005 tribum
1091 3965 1157 4005 oum
1174 3945 1293 4006 Doride
1309 3947 1463 4025 pertinere

369 4028 425 4091 deo
448 4050 515 4091 eum
538 4028 704 4092 ιιιοιᾶοιῐο
731 4028 828 4107 legem
843 4049 910 4088 oon·
1008 4034 1057 4092 Dr
1072 4050 1137 4108 osso
1152 4033 1260 4093 nullos
1271 4032 1371 4092 otiosi
1383 4038 1512 4108 praesto
1524 4030 1599 4109 suit
1622 4030 1660 4093 Id

369 4115 595 4196 iintelligatis,
622 4114 869 4177 sacerdotium
846 4136 911 4177 erne
964 4127 1010 4180 est
1023 4117 1155 4191 adstitit,
1181 4121 1324 4193 accessit,
1347 4119 1540 4191 ministrasit,
1566 4119 1598 4179 id
1614 4127 1663 4181 eet

369 4202 454 4266 rierri
469 4223 528 4264 non
543 4222 649 4305 posse,
679 4201 735 4263 aad
751 4199 820 4264 dnm
836 4201 911 4262 illud
964 4204 1131 4270 sacerdotio
1157 4204 1276 4266 iunctus
1298 4214 1353 4266 est
1390 4204 1440 4267 Ad
1466 4224 1556 4267 unam
1582 4207 1662 4270 enim

369 4309 408 4363 rr,
434 4291 635 4351 neceesarium
660 4309 742 4362 csse,
765 4299 799 4350 ut
822 4288 911 4351 simul
963 4281 1072 4356 unm
1094 4293 1276 4366 Levitiosm‚
1302 4300 1333 4353 et
1358 4291 1396 4353 ad
1419 4311 1511 4356 onem
1536 4294 1661 4374 stirpem

369 4376 535 4438 metentur.
557 4378 707 4439 Estenim
719 4378 910 4457 participium
965 4380 1170 4446 Aaronicam
1156 4399 1208 4458 Jua
1230 4380 1392 4442 sacerdotii
1415 4380 1589 4460 spectabat,
1616 4380 1659 4442 id·

368 4464 558 4543 pimenio
572 4465 747 4567 temporie
739 4484 770 4523 ιιι
786 4463 910 4538 Graeco,
964 4485 1023 4547 que
1038 4476 1098 4527 tam
1121 4475 1227 4528 exacte
1249 4467 1308 4530 ruit
1334 4468 1540 4542 observatum,
1567 4475 1601 4527 ιιι
1622 4487 1661 4528 ne

368 4552 551 4630 minetur,
578 4553 662 4631 prins
684 4550 840 4613 transferri
862 4571 908 4613 sa
964 4573 999 4614 eo
1015 4553 1135 4633 quidem
1152 4563 1300 4634 tempore,
1316 4575 1377 4636 quo
1393 4554 1523 4634 populus
1538 4552 1590 4615 ille
1606 4572 1658 4615 ex·

368 4658 396 4710 s,
412 4635 524 4699 deinde
540 4635 646 4717 legem.
670 4637 813 4718 Quamvis
829 4641 908 4701 enim
962 4642 1054 4701 ternis
1083 4640 1208 4721 regibus
1236 4642 1378 4722 parebat,
1405 4640 1469 4701 ulla
1498 4638 1660 4704 ambitione

370 4742 422 4787 ax
437 4743 498 4803 quo
509 4723 608 4786 famus
622 4734 670 4785 est
685 4727 787 4798 homo,
814 4745 908 4788 sacer
962 4729 1121 4809 quisquam
1135 4726 1218 4808 apud
1237 4749 1287 4793 eos
1308 4729 1445 4790 obtinere
1467 4727 1599 4833 potuerit
1612 4750 1658 4791 ee·

368 4819 387 4874 t·
407 4810 573 4878 sewndum
594 4810 727 4875 ordinem
750 4811 906 4875 Melchise
962 4813 1661 4897 cordarium,quinonmsetdesemuesaron..

368 4899 606 4961 armeniacis
620 4908 667 4963 est
682 4899 793 4962 veteris
808 4919 904 4962 eacer
1007 4904 1055 4963 14.
1079 4902 1287 4981 Manifestum
1311 4904 1481 4979 aieirins,
1511 4904 1597 4981 qaod
1620 4923 1659 4969 cx

368 4983 491 5058 nslstio,
527 4987 586 5048 uisi
620 4986 741 5067 quando
772 4983 908 5050 Olsristua
960 4989 1055 5054 Jssdo
1081 4996 1168 5058 orites
1188 4994 1230 5053 sit
1250 4991 1409 5054 Dominus
1434 4996 1550 5055 reoster.
1588 4991 1657 5058 Hoc
