4442 5825
757 583 918 637 murenas
937 585 953 637 l.
971 585 1058 640 essu
1075 586 1208 640 iustum.
1236 584 1320 639 WB·
1342 586 1381 640 ts.
1402 585 1442 638 lh.
1749 591 1821 658 727

372 755 433 818 bus
445 756 614 836 suppletur.
626 759 760 819 Mortem
774 759 917 841 intellige,
929 768 1070 842 utsupra,
1123 759 1315 822 manifestum
1338 769 1393 822 est
1432 759 1510 820 Nam
1534 760 1657 838 respicit
1680 757 1720 819 ad
1745 756 1822 820 (lain

370 843 424 903 rel
451 844 587 922 peccati,
619 844 667 904 vel
694 845 894 907 damnationis
920 856 1070 921 aeternae,
1122 847 1343 908 interfectorem
1368 847 1482 918 fratris,
1509 854 1541 906 et
1568 864 1635 906 cum
1662 843 1714 905 illo
1742 865 1820 907 com·

371 946 521 1009 qnantum
547 929 584 988 ad
606 933 743 991 meritum
768 942 799 992 et
820 944 934 993 reatum
950 937 1068 995 attinet.
1122 944 1208 1015 parat
1224 954 1341 996 omnem
1355 954 1429 1005 eum,
1447 933 1499 1013 qui
1511 931 1632 993 fratrem
1645 950 1732 993 suum
1746 932 1819 993 odit.

371 1017 483 1095 Igitur,
505 1019 561 1093 pai
583 1035 650 1076 non
673 1019 777 1094 dilipit
790 1020 946 1097 fratrem,
970 1019 1070 1094 idest,
1122 1021 1223 1100 Igitur
1244 1020 1424 1081 homicidam
1445 1018 1591 1097 intelligit
1606 1037 1684 1094 eum,
1709 1019 1761 1097 qui
1778 1017 1819 1079 al·

370 1103 475 1164 officia
491 1102 668 1176 dilectionis,
690 1125 780 1184 quum
797 1126 871 1186 opus
887 1114 940 1179 est,
964 1108 992 1166 ei
1010 1128 1070 1167 non
1122 1109 1215 1167 terius
1238 1109 1279 1167 sit
1296 1108 1478 1168 interfector.
1509 1104 1597 1167 Unde
1612 1124 1668 1166 nec
1683 1105 1757 1165 satis
1773 1115 1821 1165 est

371 1188 539 1269 impendit,
566 1197 674 1250 munet
701 1195 735 1251 ira
760 1201 859 1253 morte
882 1192 945 1271 jam
977 1191 1069 1267 dicta,
1122 1193 1192 1253 huic
1208 1194 1390 1267 sententiae,
1414 1196 1440 1254 si
1455 1192 1522 1253 ideo
1538 1191 1655 1252 dicetur
1669 1188 1819 1252 homicida

371 1279 448 1353 qnia
474 1275 514 1336 ab
541 1295 579 1335 ea
605 1277 644 1336 ad
671 1280 763 1337 vitam
790 1299 849 1338 non
876 1278 1068 1355 transfertur;
1122 1279 1233 1353 fratris,
1257 1280 1345 1361 quia,
1367 1278 1437 1340 dam
1460 1278 1580 1339 fratrem
1603 1297 1641 1338 ex
1664 1275 1734 1337 odio
1752 1296 1817 1357 per·

371 1381 532 1422 remeuem
548 1361 689 1423 videlieet
705 1367 735 1425 in
747 1385 804 1437 eo,
827 1375 880 1425 aut
895 1374 978 1426 certe
993 1367 1066 1426 reci·
1123 1369 1265 1447 sequitur,
1282 1375 1425 1447 provocat
1440 1385 1507 1426 eum
1521 1362 1562 1424 ad
1577 1366 1653 1424 iram
1665 1372 1695 1424 et
1707 1363 1816 1424 ducor·

371 1447 447 1509 deus
464 1450 496 1508 in
511 1447 596 1519 illud,
616 1450 646 1508 in
664 1471 723 1530 quo
739 1460 827 1512 natus
843 1461 896 1522 ost,
919 1452 947 1511 in
965 1472 1067 1530 pecca·
1123 1451 1209 1528 diam,
1233 1464 1262 1515 et
1277 1455 1330 1525 sic,
1349 1461 1492 1535 quantum
1508 1452 1619 1530 inipso
1635 1457 1689 1522 eet,
1705 1449 1817 1511 occidit

371 1544 443 1608 tum,
461 1544 491 1595 et
505 1544 615 1596 statum
631 1536 838 1599 damnationis.
871 1539 987 1618 Estque
1007 1559 1067 1600 cer·
1123 1559 1188 1600 cum
1205 1545 1236 1602 in
1251 1541 1366 1611 anima,
1388 1547 1422 1598 ut
1437 1538 1569 1618 explicat
1583 1537 1684 1618 glossa
1699 1534 1815 1599 ordina·

371 1622 518 1684 tissimum
555 1622 645 1702 hujus
673 1625 812 1704 signum,
850 1647 910 1686 non
939 1625 1069 1705 diligere
1122 1627 1174 1686 ria.
1196 1629 1264 1689 Non
1280 1628 1358 1688 enim
1373 1623 1544 1706 hujusmodi
1558 1624 1658 1684 fratris
1674 1623 1818 1684 occisioni

371 1706 505 1768 fratrem.
1122 1714 1283 1793 respondet
1298 1713 1467 1793 exemplum
1481 1710 1558 1772 Cain
1570 1718 1599 1770 ot
1613 1709 1751 1781 aliorum,
1766 1710 1817 1790 qui

412 1794 547 1874 Quidem
577 1814 644 1857 ιιοιι
673 1797 805 1872 dilipere
839 1799 976 1876 fratrem
1015 1818 1066 1859 ex·
1121 1810 1243 1881 propter
1261 1801 1413 1879 justitiam
1435 1797 1543 1859 fratres
1569 1796 1714 1872 oderunt,
1741 1798 1816 1857 occi-

371 1889 504 1962 ponunt:
529 1882 629 1944 odisse
649 1884 805 1959 fratrem,
829 1893 889 1945 tam
911 1885 969 1945 hoc
991 1885 1066 1960 loco,
1121 1885 1238 1962 derant,
1254 1897 1284 1948 et
1299 1895 1444 1967 martyres
1459 1883 1600 1946 fecerunt.

371 1987 463 2048 puam
482 1987 576 2047 snpra
590 1989 667 2030 vers.
685 1971 733 2031 10.
759 1970 820 2033 Sed
835 1970 921 2032 nulla
935 1974 1065 2034 necessi·
1163 1975 1284 2035 Rectius
1307 1975 1396 2053 igitur
1420 1971 1537 2033 duobus
1563 1968 1659 2030 modis
1685 1967 1816 2048 intelligi

371 2075 413 2117 aa
427 2064 475 2115 est
486 2055 576 2135 hujus
588 2058 795 2135 expositionis,
809 2060 867 2117 imo
876 2078 930 2118 nec
942 2060 1065 2121 utilitas.
1120 2070 1228 2139 potest,
1249 2080 1373 2122 omnem
1395 2079 1476 2132 eum,
1500 2062 1555 2137 qui
1576 2058 1713 2135 fratrem
1737 2055 1815 2131 odit,

371 2141 501 2204 donarat
515 2144 601 2215 enim,
624 2143 795 2205 nouaclum
810 2144 940 2206 odiendo
956 2155 986 2206 et
1001 2165 1066 2227 per
1119 2147 1310 2208 homicidam
1326 2166 1405 2208 essa:
1442 2146 1501 2207 Vel
1521 2147 1593 2226 quia
1608 2162 1694 2204 omne
1709 2141 1815 2203 lratsr·

371 2227 536 2308 sequendo,
552 2228 605 2289 sed
620 2239 649 2290 et
664 2250 723 2290 nun
739 2230 901 2310 diligendo,
918 2243 946 2292 et
961 2234 1063 2292 carile-
1119 2252 1189 2292 num
1202 2234 1302 2294 odium
1314 2235 1420 2294 saltem
1433 2231 1589 2313 dispositio
1603 2228 1753 2311 qusedam
1768 2235 1816 2290 est

371 2317 404 2377 is
422 2314 523 2375 officia
538 2336 598 2376 non
613 2315 793 2389 exhibendo,
816 2318 925 2378 multos
941 2339 1065 2399 peccare
1118 2317 1158 2379 ad
1174 2321 1374 2395 homicidium,
1390 2320 1449 2380 alia
1460 2319 1605 2390 remotior,
1621 2317 1681 2377 alie
1691 2315 1811 2396 propin·

370 2400 546 2473 nortsliter,
570 2403 679 2481 quibus
693 2404 769 2465 utile
785 2413 839 2478 est,
861 2413 894 2465 nt
909 2408 1014 2476 sciant,
1033 2425 1066 2465 se
1119 2407 1213 2485 quior,
1240 2408 1318 2467 sicut
1344 2406 1552 2486 imperfectum
1579 2403 1738 2484 dispositio
1767 2411 1814 2461 est

371 2508 492 2551 unere
504 2489 535 2548 in
546 2497 648 2561 morte,
665 2492 722 2550 nisi
734 2492 919 2571 resipiscent
936 2492 1065 2553 Abunde
1117 2491 1156 2552 ad
1172 2492 1351 2572 perlectum,
1373 2513 1433 2574 qna
1448 2493 1563 2553 ratione
1579 2491 1675 2551 omnis
1692 2489 1813 2568 iniquus

370 2575 391 2637 d
419 2576 531 2636 docent
548 2575 770 2638 rerba-Obristi
785 2578 897 2655 judicis
912 2578 950 2639 ed
965 2599 1063 2659 repro·
1117 2588 1214 2640 motus
1240 2579 1279 2639 ad
1305 2579 1470 2641 nocendum
1493 2577 1579 2639 fratri
1601 2579 1631 2636 in
1655 2574 1813 2636 homicidii

371 2684 439 2723 sos:
458 2662 614 2723 Discedito
630 2681 651 2721 c
666 2683 724 2740 me,
741 2665 910 2726 maledicti.
933 2668 1065 2728 Esus-ivi
1117 2686 1227 2746 genere
1242 2664 1420 2747 deputatur,
1437 2662 1691 2747 quomadmodum
1707 2669 1737 2722 et
1752 2680 1812 2720 om-

371 2751 465 2822 mim,
490 2756 520 2808 et
542 2768 609 2811 noa
631 2750 758 2812 dedistis
774 2753 850 2811 inibi
865 2754 1064 2814 munducare
1118 2754 1163 2813 nis
1184 2762 1281 2814 motus
1304 2752 1480 2814 libidinosus
1497 2752 1535 2813 ed
1551 2769 1645 2830 genus
1660 2747 1814 2809 moechias

371 2845 440 2911 tc,
466 2835 573 2897 March.
592 2837 640 2898 26.
673 2836 734 2899 Sed
751 2846 781 2898 et
796 2847 915 2900 sauctus
929 2840 1064 2901 Joannes
1117 2841 1254 2921 pertinet
1277 2840 1335 2900 Vel
1351 2841 1423 2922 quia
1439 2839 1619 2921 completum
1636 2835 1736 2896 odium
1752 2832 1811 2895 fra·

371 2924 448 2986 nfra
464 2932 563 3003 negat,
586 2926 740 2985 caritatem
756 2926 786 2985 in
803 2944 839 2986 eo
854 2946 988 3000 munere,
1012 2929 1064 3008 qui
1117 2929 1178 3002 tris,
1201 2929 1318 2989 etiamsi
1333 2928 1427 2989 ussat
1442 2930 1473 2988 in
1488 2928 1595 2998 animo,
1619 2945 1673 2987 nac
1693 2926 1723 2984 in
1740 2940 1815 3003 opus

371 3037 377 3072 ι
393 3010 496 3080 tratre
512 3014 722 3072 necessitatem
735 3015 869 3091 patiente
880 3014 996 3075 viscera
1009 3034 1065 3074 sna
1117 3022 1261 3093 erumpat,
1287 3014 1479 3075 homicidium
1496 3016 1595 3075 animo
1612 3022 1641 3072 ot
1656 3011 1815 3071 voluntate

371 3098 518 3168 :laeserit
534 3116 612 3158 vera
632 3101 680 3158 17.
1118 3102 1283 3174 constitnit,
1311 3110 1340 3162 et
1365 3102 1518 3163 homicidii
1546 3108 1660 3161 reatum
1686 3096 1811 3159 inducit

409 3185 462 3245 15.
495 3185 621 3260 Omnis,
646 3189 702 3262 qui
724 3187 791 3247 odit
804 3187 942 3264 fratrem
960 3206 1063 3263 suum,
1118 3188 1209 3268 Quod
1224 3190 1304 3249 enim
1320 3189 1453 3269 perfecte
1468 3190 1537 3268 qnia
1553 3186 1624 3258 odit,
1644 3192 1737 3265 optat,
1754 3202 1815 3244 non

371 3272 527 3335 ιοηιίοἰάα
544 3280 594 3331 est.
621 3269 726 3332 Obiter
750 3275 855 3334 attexit
871 3273 1064 3352 praecedenti
1118 3295 1191 3336 osse.
1222 3276 1342 3336 Etenim
1366 3277 1491 3357 antiqua
1515 3275 1664 3335 sententie
1679 3279 1744 3343 est,
1772 3270 1815 3329 ait

371 3360 537 3422 autenticae
548 3357 671 3438 aliquid,
689 3359 782 3420 veluti
794 3362 976 3422 incremento
990 3381 1063 3440 quo·
1117 3363 1324 3442 Hieronymus
1355 3361 1493 3443 Epistola
1521 3363 1587 3421 62:
1618 3364 1716 3439 Οιιοιιι
1748 3356 1814 3417 odit

371 3448 437 3508 lam
446 3446 599 3519 orationis,
615 3445 697 3525 quod
706 3444 953 3507 iacietadversus
963 3447 1064 3508 odium
1117 3452 1197 3527 pasis,
1220 3451 1351 3528 periisse
1373 3452 1469 3526 cupit.
1500 3450 1540 3508 Et
1563 3450 1603 3507 ita
1626 3450 1813 3527 praesentem

371 3536 509 3609 iatrum3
527 3535 615 3611 quasi
630 3531 724 3593 dicat:
751 3533 943 3595 simonetta
960 3545 1064 3608 morte,
1117 3537 1215 3597 locum
1238 3535 1423 3597 intellexisse
1445 3534 1564 3596 vidntur
1578 3533 1612 3592 B.
1630 3533 1766 3594 Thomas
1782 3531 1811 3588 2.

371 3622 419 3702 [ni
447 3640 508 3678 non
534 3618 650 3699 diligit3
677 3638 737 3699 quo
763 3619 828 3681 loco
856 3620 975 3682 creditis
1000 3642 1064 3682 esse
1118 3643 1176 3683 sec.
1193 3628 1304 3704 quaest.
1322 3624 1373 3684 34.
1389 3631 1446 3683 art.
1461 3624 1501 3695 4,
1524 3619 1688 3699 disputans,
1712 3623 1813 3677 utrum

371 3727 447 3777 turn,
466 3707 519 3784 qui
534 3704 657 3767 fratrem
673 3725 732 3766 non
748 3715 864 3768 tantum
880 3727 939 3768 non
955 3708 1064 3787 diligit,
1119 3709 1218 3769 odium
1242 3711 1368 3791 proximi
1392 3711 1433 3767 sit
1454 3709 1662 3788 gravissimum
1678 3711 1813 3785 peccato·

371 3793 421 3855 red
449 3794 540 3853 etiam
566 3792 654 3853 odit?
695 3791 791 3854 Vobis
815 3794 946 3868 affirmo,
978 3795 1064 3855 illum
1119 3817 1193 3870 rum,
1209 3817 1288 3877 qnae
1303 3797 1334 3855 in
1350 3797 1519 3875 proximum
1535 3795 1762 3854 committuntur.

371 3899 471 3942 :oram
499 3880 563 3940 Deo
591 3900 655 3941 esse
680 3879 871 3941 homicidam.
910 3880 970 3941 Sed
991 3902 1063 3961 quo·
1163 3881 1238 3943 Cum
1261 3902 1348 3962 ergo,
1371 3884 1425 3962 qui
1448 3881 1566 3941 irstrem
1582 3881 1656 3953 odit,
1681 3876 1814 3938 becodii

371 3965 459 4032 nodo
487 3986 558 4027 vera
584 3968 623 4026 sit
649 3966 722 4026 haec
747 3966 888 4045 Apostoli
917 3968 1064 4028 sententia
1120 3969 1303 4050 perfectione
1319 3962 1815 4049 cupiateumsublatnmemedio,

371 4074 429 4117 am
468 4053 649 4131 generaliter
683 4055 857 4125 enuntiata,
896 4053 1064 4130 dubitatum
1120 4054 1252 4135 proiecto
1278 4055 1387 4115 occidit
1402 4075 1468 4116 eum
1484 4055 1515 4115 in
1530 4052 1619 4113 corde
1634 4072 1704 4127 suo;
1728 4058 1761 4111 ut
1776 4050 1814 4110 si·

371 4141 545 4205 >raesertim
568 4161 634 4201 cum
657 4141 802 4218 superiori
830 4143 927 4221 capite
954 4141 993 4202 de
1020 4161 1064 4211 eo,
1119 4141 1189 4202 milo
1216 4143 1254 4202 sit
1280 4142 1338 4203 hoc
1366 4140 1477 4202 dictum
1505 4137 1643 4220 Apostoli
1670 4158 1739 4198 cum
1770 4155 1815 4210 eo,

371 4230 420 4313 1¹²³
435 4225 501 4286 odit
515 4228 645 4299 fratrem,
667 4247 728 4287 non
743 4227 812 4307 plus
827 4226 949 4300 dixerit,
972 4226 1066 4289 semel
1120 4227 1200 4309 quod
1224 4228 1297 4290 dicit
1320 4230 1468 4290 Dominus
1489 4227 1595 4287 Matth.
1617 4226 1662 4286 5.:
1695 4227 1815 4299 Omnis,

371 4328 395 4378 st
413 4317 541 4385 iterum,
565 4333 656 4393 quam
672 4314 754 4393 qnod
770 4316 800 4373 in
817 4315 946 4375 tenebris
962 4317 1014 4387 sit,
1036 4322 1067 4373 et
1121 4317 1176 4394 qni
1198 4317 1316 4378 viderit
1337 4317 1502 4377 mulierem
1527 4315 1572 4374 cd
1594 4314 1816 4388 concupiscan-

371 4425 397 4466 ιι
424 4400 560 4461 tenebris
583 4400 730 4477 ambulem
753 4401 833 4482 quod
850 4422 1004 4462 commune
1020 4409 1067 4462 est
1120 4404 1197 4463 dnm
1219 4424 1304 4478 scm,
1322 4407 1392 4480 jam
1415 4403 1594 4463 insectatus
1617 4408 1661 4462 est
1687 4416 1758 4459 eam
1782 4403 1817 4459 im

371 4489 452 4552 amni
469 4489 605 4567 peccanti
621 4486 792 4548 mortaliter.
817 4489 881 4549 Neo
896 4508 968 4548 vero
986 4488 1063 4549 suffi-
1120 4490 1213 4549 corde
1228 4510 1292 4551 suo.
1325 4491 1402 4551 Nam
1418 4499 1447 4551 et
1463 4487 1546 4563 illud,
1567 4486 1649 4568 quod
1665 4487 1696 4546 in
1712 4484 1817 4546 eodem

371 4580 409 4639 rit
432 4574 515 4634 hunc
536 4573 634 4635 locum
656 4577 698 4636 nic
724 4595 889 4654 exponere:
920 4574 1067 4655 Quisquis
1121 4595 1256 4637 sermone
1287 4575 1361 4637 dicit
1391 4578 1554 4637 Dominus:
1595 4575 1725 4647 Omnis,
1763 4573 1818 4650 pusi

371 4665 494 4725 r'ratrem
507 4680 592 4722 suum
606 4661 679 4735 odit,
692 4659 840 4721 homicida
852 4669 897 4721 est
909 4663 1068 4742 suiipsius,
1121 4666 1273 4725 irascitur
1294 4664 1396 4741 fratri
1417 4683 1490 4737 ruo,
1513 4681 1584 4723 rcus
1606 4664 1666 4722 crit
1682 4659 1817 4736 iudicio,

371 4751 445 4832 puin
466 4746 586 4807 fratrem
610 4747 752 4820 odiendo,
781 4767 865 4807 susm
889 4748 983 4828 ipsius
1007 4749 1067 4808 ani·
1121 4769 1180 4809 non
1196 4749 1437 4831 improbabiliter
1459 4747 1675 4831 aquibnsdam
1691 4748 1816 4827 exponi·

371 4857 451 4900 mam
476 4835 598 4908 occidit,
622 4833 786 4895 secundum
809 4832 883 4895 illud
906 4834 976 4913 Sap.
1002 4836 1067 4895 1s.:
1121 4845 1168 4895 tur
1195 4836 1232 4898 dc
1253 4836 1369 4914 judicio
1396 4836 1667 4908 condemnationis,
1695 4834 1744 4893 cui
1767 4833 1816 4893 oh-

371 4926 481 4987 Hemo
511 4924 623 4982 occidit
647 4941 708 4998 per
736 4921 894 4982 malitiam
925 4923 1068 4982 animem
1121 4924 1231 4985 noxius
1257 4931 1317 4995 est,
1347 4925 1399 5005 qui
1425 4925 1498 4984 iram
1526 4922 1703 5002 completum
1732 4929 1762 4981 et
1788 4924 1818 4983 in

371 5029 474 5075 mana.
505 5008 578 5069 Plus
601 5010 678 5070 enim
699 5008 849 5071 Juannem
865 5007 966 5069 dicore
980 5007 1069 5083 velle,
1122 5008 1233 5087 odium,
1256 5010 1345 5092 quale
1360 5011 1409 5072 hic
1425 5009 1620 5092 intelligitur,
1642 5027 1818 5071 conversam
