4442 5825
781 582 945 643 nmium
962 584 1051 645 sisti
1066 586 1179 644 iamsi
1214 582 1298 643 tm.
1320 589 1359 641 it.
1715 590 1789 661 473

374 762 440 837 ain,
462 763 600 827 nisiolsu
612 760 864 845 perliplscopum
876 762 1042 837 benedicto,
1095 764 1189 827 cibos
1207 764 1325 824 morbis
1347 748 1451 824 locc'm
1469 762 1578 837 babet,
1601 762 1790 838 mamm

374 846 470 924 beat,
495 850 576 914 banc
594 866 710 912 sueram
732 850 898 912 unctionem
919 854 1041 930 peragi3
1095 855 1131 911 in
1147 851 1361 913 Orientalibus
1376 850 1558 925 ropionibus
1563 895 1574 926 ,
1591 854 1621 909 st
1635 848 1679 908 cd
1694 849 1791 907 meri·

374 938 467 997 ment
487 937 647 1019 disputant
661 938 829 1015 Theoiugi,
855 956 925 996 num
941 955 978 997 ea
993 938 1041 1000 be·
1096 939 1196 1013 diem,
1222 939 1278 998 obi
1298 938 1359 998 olei
1380 945 1425 997 cat
1440 954 1561 1013 mcpno
1577 938 1678 1011 cupio.
1715 934 1792 997 otoo

373 1019 478 1083 sedicio
503 1025 570 1087 suia
595 1026 747 1105 proecepti
773 1026 823 1083 vel
850 1024 959 1095 divini,
993 1025 1042 1084 vel
1096 1025 1294 1102 tpotorjobet
1308 1040 1444 1100 strpere,
1470 1027 1562 1101 cccci
1576 1022 1723 1098 expedito
1738 1040 1789 1081 rc-

373 1106 554 1173 hcissiastici
580 1113 759 1173 necessitate
790 1111 976 1190 requiratur,
1003 1132 1042 1172 an
1095 1112 1215 1186 medio,
1232 1120 1261 1172 et
1275 1116 1462 1188 comparatu
1475 1111 1577 1188 facili.
1602 1109 1654 1170 Sic
1670 1108 1730 1169 ilie

373 1196 440 1257 Μ
453 1196 649 1260 memoro.
1139 1198 1198 1260 Sed
1213 1198 1244 1258 hi
1259 1200 1386 1279 primum
1406 1218 1465 1258 non
1486 1196 1679 1258 attenderunt
1700 1195 1740 1256 ad
1757 1196 1790 1255 ti-

398 1282 495 1345 ilisa
509 1285 688 1347 constructio
704 1293 764 1356 cst,
784 1303 846 1363 qua
860 1283 987 1345 reiortur
1002 1282 1041 1344 ad
1096 1286 1191 1346 tnium
1205 1287 1272 1346 sive
1287 1287 1514 1365 inscriptionem
1525 1283 1613 1363 hujus
1626 1281 1791 1361 Epistulas.

373 1378 444 1431 otuu
462 1372 545 1433 istud
567 1370 768 1453 complexum:
802 1370 956 1447 [inpostea
971 1388 1042 1431 com
1095 1372 1173 1433 Nam
1202 1373 1372 1433 inscribitur
1400 1392 1460 1433 uon
1489 1370 1711 1450 ierosolymitis
1740 1376 1793 1428 aut

373 1456 436 1531 titt,
454 1456 486 1519 id
499 1467 549 1520 cst
562 1458 602 1519 ad
616 1460 762 1519 actionem
776 1459 945 1537 presbyteri
961 1458 1041 1519 lufir-
1096 1459 1225 1521 Judaeis
1252 1461 1282 1519 in
1309 1459 1502 1530 Palaestina,
1531 1468 1584 1517 ant
1610 1454 1641 1516 in
1668 1454 1793 1516 Oriente

373 1546 590 1625 nongentis.
613 1544 681 1606 Hoc
696 1544 887 1605 enimiacere
904 1542 992 1605 debet
1007 1549 1043 1606 in
1097 1545 1147 1606 rel
1170 1546 1298 1606 Meridie
1319 1543 1538 1616 babitantibus,
1558 1542 1613 1605 sod
1636 1541 1793 1603 duodecim

373 1632 478 1693 minc
506 1632 649 1693 Domini.
687 1633 787 1711 Hujus
819 1640 850 1692 et
878 1632 1043 1710 superioris
1096 1633 1233 1693 tribubus
1261 1634 1293 1692 in
1322 1631 1508 1712 dispersione
1537 1631 1652 1710 pusilis.
1694 1629 1792 1709 Quom

372 1719 575 1780 matonis
585 1720 719 1780 meminit
729 1717 822 1779 Beda.
845 1719 956 1779 Verum
968 1718 1043 1779 haee
1097 1718 1314 1798 dispersionem
1349 1719 1508 1799 explicans
1544 1719 1656 1778 Beatus
1685 1716 1793 1799 Petrus

372 1806 495 1881 morior
524 1806 617 1866 multo
643 1805 827 1886 probabilior
859 1814 921 1879 est,
948 1814 980 1865 ut
1005 1808 1044 1866 eit
1098 1808 1181 1866 initio
1196 1808 1304 1886 prioris
1326 1820 1399 1866 snae
1415 1803 1586 1884 Epistulae,
1613 1804 1709 1883 primo
1723 1803 1790 1863 ioco

372 1904 469 1951 mr
504 1894 635 1970 Unpom
660 1908 731 1953 etim
757 1893 825 1953 olco
852 1894 888 1953 in
914 1895 1044 1953 acumina
1097 1892 1226 1953 Pontum
1242 1895 1388 1965 nominat,
1414 1890 1553 1972 frigidam
1570 1890 1792 1971 Septentrione-

372 1978 484 2040 omme
497 1980 574 2042 deso
589 1978 711 2053 Gbristi,
726 1979 758 2039 id
774 1988 829 2050 est,
844 1978 1044 2052 viceOhristi,
1097 1979 1135 2041 lis
1158 1982 1252 2041 Asiae
1277 1981 1445 2059 regionem,
1470 1996 1527 2039 nec
1549 1979 1628 2049 vini,
1655 1996 1710 2039 nec
1733 1977 1792 2037 clei

372 2076 503 2145 anquam
516 2068 584 2147 ejus
598 2066 740 2138 ministri,
755 2078 801 2138 ct,
822 2074 856 2125 ut
870 2065 985 2126 Paulus
1000 2065 1043 2125 io·
1096 2066 1235 2127 ferocum.

372 2152 451 2229 rums
465 2154 486 2213 2
498 2152 568 2215 Our.
585 2158 623 2228 2,
641 2156 678 2214 in
691 2168 831 2229 persono
847 2153 969 2214 Christi.
993 2153 1045 2213 Sic
1140 2152 1260 2215 Deinde
1276 2155 1301 2214 si
1321 2148 1360 2213 tle
1383 2151 1512 2212 nuturaii
1527 2152 1638 2213 virtuts
1653 2152 1711 2214 olei
1726 2170 1792 2213 sen-

372 2236 431 2299 h
442 2238 559 2302 Paulus
576 2240 672 2301 lGor.
688 2240 734 2299 b:
757 2238 922 2313 Judiccni,
940 2241 1044 2318 inquit,
1097 2242 1135 2299 tit
1151 2240 1331 2320 Apostolus,
1351 2258 1403 2299 cur
1418 2238 1576 2299 iicclssice
1591 2240 1793 2319 presbyteros,

372 2326 394 2385 b
409 2328 539 2388 ilmina
553 2328 687 2389 Domini
708 2328 810 2387 nostri
832 2329 913 2388 Jcac
928 2327 1046 2389 obs-ists·
1097 2347 1134 2386 ac
1149 2348 1209 2388 non
1224 2328 1323 2406 potius
1338 2344 1494 2405 corporum
1506 2323 1637 2385 medicos
1652 2324 1794 2386 advocari

372 2412 477 2473 mrem
500 2414 683 2491 bojcmrodi
707 2414 868 2473 bominem
895 2414 1045 2474 Satanas.
1094 2414 1207 2492 jubet?
1233 2415 1311 2474 Nam
1335 2410 1416 2492 quud
1438 2412 1620 2473 medicorum
1642 2420 1701 2485 est,
1724 2430 1790 2491 pro·

371 2498 483 2581 licipse
498 2499 687 2562 ainbobus
708 2520 768 2560 non
787 2499 884 2560 multo
906 2501 1046 2580 superius
1098 2503 1218 2561 mittunt
1240 2501 1356 2561 medici.
1391 2500 1543 2580 Quocirca
1564 2500 1718 2578 sapienter
1736 2498 1793 2560 Ec·

371 2582 444 2658 hit,
459 2588 636 2664 Prophetes
647 2588 817 2649 locutorio
828 2589 960 2649 nominc
975 2589 1045 2648 Do·
1099 2587 1298 2660 ciesisstiens,
1313 2604 1378 2667 usp.
1395 2588 1461 2658 te,
1484 2582 1523 2646 sd
1539 2585 1671 2648 cumnis
1687 2603 1792 2665 aegro

371 2676 441 2735 Uti
1098 2677 1225 2735 brutium
1253 2694 1382 2752 corpore
1411 2693 1470 2733 non
1496 2672 1705 2753 presbyteros,
1737 2671 1795 2733 sed

384 2758 499 2821 -tsrtto
520 2768 623 2840 puteat
637 2759 762 2822 extendi
783 2758 822 2820 ad
845 2768 940 2820 totum
962 2758 1045 2833 illud,
1099 2761 1232 2822 medicos
1248 2770 1279 2821 ct
1293 2760 1510 2842 unguentarios
1529 2761 1725 2821 recemundus
1741 2758 1792 2821 sd·

371 2845 432 2924 pud
445 2846 621 2927 praecedit:
643 2848 744 2910 Orcnt
758 2864 853 2925 rupes·
869 2866 939 2908 com
947 2890 958 2922 ,
981 2866 1045 2908 cn·
1100 2857 1210 2909 monet.
1233 2848 1305 2909 Jam
1320 2847 1392 2929 quid
1408 2844 1583 2921 absurdius,
1598 2864 1688 2927 qnam
1703 2866 1794 2908 unum

371 2941 456 3006 ms
473 2947 548 2998 eum
563 2937 649 3010 olco,
676 2935 707 2994 id
731 2944 777 2996 est
791 2934 830 2995 ad
845 2943 938 2995 totam
952 2937 1044 2995 actio
1100 2935 1241 3017 idemque
1256 2935 1465 2997 medicamenti
1487 2951 1582 3016 genus
1604 2936 1716 2997 morbis
1733 2953 1793 2995 orn·

371 3022 609 3103 inpresbytori,
621 3042 700 3103 quac
710 3023 872 3082 orationem
890 3030 920 3082 et
932 3023 1045 3083 unctio
1100 3024 1188 3084 nibus
1213 3022 1417 3084 adhibendum
1448 3024 1642 3102 praecipere3
1672 3021 1795 3103 quando

371 3121 421 3170 iu
443 3110 669 3190 complacitum
698 3119 735 3169 nt
760 3109 960 3188 significetur,
987 3127 1046 3169 son
1099 3111 1157 3170 olei
1172 3127 1244 3171 usus
1258 3111 1289 3170 in
1305 3109 1482 3190 quibusdam
1505 3108 1616 3169 morbis
1636 3111 1726 3170 stiam
1743 3128 1793 3171 no·

370 3193 445 3258 tha
458 3198 646 3270 intimem,
673 3213 752 3274 qnno
774 3203 820 3256 est
833 3198 980 3257 materiae
994 3214 1045 3275 ap·
1099 3199 1167 3260 rins
1181 3197 1220 3256 sit
1235 3215 1270 3256 sc
1285 3195 1494 3276 perniciosus?
1511 3196 1664 3276 Denique,
1679 3198 1703 3257 si
1715 3215 1794 3257 ccm-

370 3269 493 3358 Μὴ,
522 3299 628 3344 verum
651 3284 741 3343 etiam
764 3284 944 3357 orationem,
970 3301 1047 3363 quae
1100 3284 1279 3345 mortarium
1295 3283 1334 3344 da
1356 3283 1486 3344 naturali
1509 3301 1563 3361 per
1585 3282 1684 3343 oleum
1705 3299 1793 3344 sana·

370 3375 404 3430 ι’
420 3369 537 3431 formae
561 3371 709 3442 recitatio,
735 3368 802 3430 fieri
824 3389 843 3429 a
868 3370 1046 3450 presbytero
1100 3373 1182 3431 tione
1195 3371 1354 3449 recipimus
1369 3370 1425 3430 boc
1439 3368 1514 3443 ioco,
1529 3368 1633 3430 licebit
1648 3377 1678 3430 et
1693 3372 1791 3432 liran-

370 3463 505 3538 fflqnanr
521 3453 632 3518 Christi
645 3457 799 3529 ministro,
814 3464 848 3515 ut
859 3455 970 3517 dictum
987 3464 1047 3530 θοις
1100 3459 1229 3538 gelisam
1253 3456 1335 3537 apud
1357 3457 1391 3517 B.
1412 3458 1545 3517 Marsum
1572 3455 1725 3518 historiam
1752 3458 1795 3517 sic

370 3543 604 3624 (isodomon
615 3544 725 3605 similla
734 3542 875 3604 iaciendo
888 3540 1047 3604 viceGbri·
1101 3546 1305 3624 interpretari,
1326 3562 1390 3625 cup.
1407 3546 1452 3617 6.,
1475 3543 1528 3605 nbi
1542 3553 1661 3616 narrat,
1685 3542 1795 3605 christi

370 3623 545 3712 cinglum
565 3632 656 3711 cique
674 3632 825 3692 ministrat
846 3632 878 3690 in
899 3631 1048 3709 baptismo
1101 3629 1280 3710 discipules,
1316 3632 1354 3692 ab
1384 3633 1450 3710 ipso
1486 3631 1527 3692 sd
1558 3629 1793 3710 praedicandum

370 3717 469 3779 tiabit
484 3717 695 3779 sacrementis.
1101 3717 1302 3798 Evangelinm
1324 3720 1443 3790 missos,
1470 3718 1536 3778 oleo
1556 3717 1665 3778 multus
1688 3735 1795 3797 segrcs

398 3803 489 3866 Purrc
503 3819 587 3885 quse
601 3804 641 3866 ad
652 3806 745 3884 hujus
755 3805 815 3865 loci
826 3804 1046 3885 interpretatio·
1101 3806 1225 3866 unxisse
1239 3815 1270 3865 et
1285 3821 1418 3866 sanasse.
1443 3803 1532 3886 Quod
1551 3806 1576 3865 ei
1592 3805 1679 3864 nimis
1694 3803 1796 3867 absur-

370 3903 422 3952 ΙΙι
432 3891 474 3953 sb
487 3891 649 3952 baeticis
664 3893 854 3962 adferuntur,
876 3901 911 3950 ut
931 3890 989 3950 noc
1005 3892 1048 3950 in·
1101 3892 1170 3952 dum
1195 3901 1240 3952 est
1264 3891 1336 3968 (non
1357 3893 1435 3953 enim
1459 3911 1514 3971 per
1536 3892 1705 3951 curationes
1720 3907 1796 3951 rnor-

369 3975 502 4040 linornm
523 3977 747 4040 &crementum
770 3976 930 4037 Gstbolicis
949 3986 1047 4037 ortor-
1100 3980 1203 4040 borum
1216 3978 1386 4050 naturales,
1413 3976 1469 4039 scd
1485 3997 1538 4058 per
1552 3979 1717 4058 operarirn
1734 3997 1794 4038 onr-

369 4073 481 4142 ttsrnt,
495 4064 670 4127 facillimum
685 4073 732 4127 cst
746 4063 891 4125 retollere.
930 4062 1047 4123 Primus
1101 4081 1167 4126 nam
1181 4077 1310 4125 natrrras
1329 4066 1507 4128 ercsdcutis
1529 4063 1693 4126 doctrinam
1709 4081 1796 4126 mans

369 4147 486 4213 luam
503 4151 663 4212 Wicletlns
682 4153 715 4214 B.
738 4150 850 4213 Jucubi
871 4152 1045 4211 sententium
1100 4151 1260 4213 coelestem
1290 4151 1400 4213 mundo
1431 4152 1667 4213 commendatam
1694 4151 1796 4213 lucere

369 4231 640 4318 hiuttnudi'resbis
656 4247 782 4299 conatur
804 4236 934 4298 eludere.
964 4236 1045 4315 Quo·
1100 4238 1196 4299 voluit
1227 4237 1362 4300 cbristus
1391 4236 1568 4314 Dominus),
1606 4240 1710 4320 utiquc
1739 4259 1796 4300 nec

369 4317 446 4402 ihu,
459 4327 567 4405 inquii,
583 4326 614 4386 in
628 4325 803 4387 Palaestina
812 4334 970 4405 praestans
985 4331 1049 4383 erat
1101 4326 1228 4386 Beatum
1244 4325 1410 4400 Jacobum,
1426 4327 1479 4406 qui
1495 4324 1525 4385 id
1541 4328 1639 4404 ipsum
1654 4323 1795 4386 fidelibus

369 4407 468 4486 libum,
490 4423 604 4474 etcum
626 4413 728 4495 primis
743 4412 815 4472 ntslu
830 4410 971 4470 sanandis
987 4429 1048 4470 cor·
1101 4412 1291 4473 commendat
1320 4423 1412 4493 atque
1447 4413 1632 4493 promulget,
1667 4411 1748 4492 qued
1778 4431 1797 4472 a

369 4499 489 4576 tutibus,
504 4495 615 4582 quibos
630 4498 797 4559 adhibitum
813 4508 907 4557 esset:
929 4497 1048 4572 idcirco,
1101 4497 1220 4561 Obrieto
1235 4500 1316 4579 npud
1332 4500 1467 4560 llarcum
1483 4501 1666 4560 insinuatum
1682 4506 1743 4570 cst,
1759 4498 1797 4558 de

369 4581 570 4649 lcrccreando
591 4594 716 4666 aegroto
731 4585 824 4647 verba
839 4585 952 4645 iaciens
968 4586 1047 4664 Apo·
1100 4586 1231 4647 natrrrali
1246 4589 1401 4648 curatione
1419 4586 1518 4667 loqui,
1542 4586 1607 4647 nlla
1628 4587 1705 4647 ratio
1725 4603 1794 4664 per·

368 4671 462 4748 bins,
486 4674 659 4735 unctionem
681 4674 738 4734 olei
756 4672 944 4752 praescribit.
980 4672 1048 4733 Non
1100 4674 1198 4734 mittit
1237 4673 1305 4752 Quo
1333 4681 1507 4753 argumento
1534 4675 1623 4734 etiarn
1651 4671 1796 4736 Calvinus

368 4755 537 4822 isstniiosr
572 4760 695 4840 qnidam
732 4761 925 4820 senterius-uin
954 4761 1048 4820 nostri
1100 4762 1190 4820 istum
1206 4763 1450 4820 commentarium
1472 4761 1586 4838 rejicit,
1609 4760 1742 4819 scribens
1765 4761 1796 4820 in

368 4848 480 4922 fluuii,
500 4863 630 4931 quornm
645 4866 742 4927 paone
757 4848 936 4907 novissimus
952 4847 1046 4906 Bone·
1099 4848 1242 4907 Marcum.

368 4929 450 4997 licius
462 4935 586 4998 Aretias
601 4935 632 4994 in
650 4951 705 4994 sno
720 4933 930 4994 commentario
946 4934 1048 4994 scribit
1141 4936 1199 4994 list
1214 4933 1303 5012 igitur
1322 4933 1449 4994 aliorum
1469 4931 1656 5015 quorundum
1672 4951 1795 5016 respon·

368 5020 639 5087 lmmcdun:
660 5022 730 5085 olet
749 5038 825 5083 usas
841 5022 912 5102 {erc
926 5022 1047 5108 inpom-
1098 5022 1160 5096 sio,
1186 5019 1347 5104 iporcium
1371 5039 1442 5082 esso
1464 5038 1630 5084 sermonem
1649 5017 1796 5104 Apostoli,
