<?xml version="1.0" encoding="UTF-8"?>
<!DOCTYPE html PUBLIC "-//W3C//DTD XHTML 1.0 Transitional//EN"
    "http://www.w3.org/TR/xhtml1/DTD/xhtml1-transitional.dtd">
<html xmlns="http://www.w3.org/1999/xhtml" xml:lang="en" lang="en">
 <head>
  <title>
</title>
<meta http-equiv="Content-Type" content="text/html;charset=utf-8" />
  <meta name='ocr-system' content='tesseract 3.04.00' />
  <meta name='ocr-capabilities' content='ocr_page ocr_carea ocr_par ocr_line ocrx_word'/>
</head>
<body>
  <div class='ocr_page' id='page_1' title='image "./guilielmiestiii01estigoog_0636.png"; bbox 0 0 4442 5825; ppageno 0'>
   <div class='ocr_carea' id='block_1_1' title="bbox 398 602 1335 683">
    <p class='ocr_par' dir='ltr' id='par_1_1' title="bbox 398 602 1335 683">
     <span class='ocr_line' id='line_1_1' title="bbox 398 602 1335 683; baseline -0.004 -21"><span class='ocrx_word' id='word_1_1' title='bbox 398 612 472 683; x_wconf 64' lang='lat'>020</span> <span class='ocrx_word' id='word_1_2' title='bbox 910 602 1335 660; x_wconf 78' lang='lat' dir='ltr'>mmmnmmsnumnu</span> 
     </span>
    </p>
   </div>
   <div class='ocr_carea' id='block_1_2' title="bbox 396 779 1843 1297">
    <p class='ocr_par' dir='ltr' id='par_1_2' title="bbox 396 779 1843 1297">
     <span class='ocr_line' id='line_1_2' title="bbox 397 779 1840 862; baseline -0.003 -18"><span class='ocrx_word' id='word_1_3' title='bbox 397 802 462 844; x_wconf 86' lang='lat' dir='ltr'>eam</span> <span class='ocrx_word' id='word_1_4' title='bbox 477 779 598 842; x_wconf 71' lang='lat' dir='ltr'>chordis</span> <span class='ocrx_word' id='word_1_5' title='bbox 618 779 673 841; x_wconf 87' lang='lat' dir='ltr'>sub</span> <span class='ocrx_word' id='word_1_6' title='bbox 694 781 792 856; x_wconf 83' lang='lat' dir='ltr'>tinem,</span> <span class='ocrx_word' id='word_1_7' title='bbox 814 789 1005 862; x_wconf 81' lang='lat' dir='ltr'>peecatorum</span> <span class='ocrx_word' id='word_1_8' title='bbox 1022 802 1090 841; x_wconf 91' lang='lat' dir='ltr'>oon·</span> <span class='ocrx_word' id='word_1_9' title='bbox 1146 780 1294 842; x_wconf 87' lang='lat' dir='ltr'>vomendo</span> <span class='ocrx_word' id='word_1_10' title='bbox 1321 780 1463 860; x_wconf 87' lang='lat' dir='ltr'>projecit,</span> <span class='ocrx_word' id='word_1_11' title='bbox 1489 779 1605 842; x_wconf 85' lang='lat' dir='ltr'>redeat.</span> <span class='ocrx_word' id='word_1_12' title='bbox 1639 780 1727 843; x_wconf 82' lang='lat' dir='ltr'>Sicut</span> <span class='ocrx_word' id='word_1_13' title='bbox 1751 789 1840 840; x_wconf 83' lang='lat' dir='ltr'>auten</span> 
     </span>
     <span class='ocr_line' id='line_1_3' title="bbox 398 864 1841 948; baseline -0.004 -18"><span class='ocrx_word' id='word_1_14' title='bbox 398 869 557 930; x_wconf 74' lang='lat' dir='ltr'>sessionem</span> <span class='ocrx_word' id='word_1_15' title='bbox 581 876 733 948; x_wconf 80' lang='lat' dir='ltr'>comparat</span> <span class='ocrx_word' id='word_1_16' title='bbox 754 888 821 928; x_wconf 88' lang='lat' dir='ltr'>cum</span> <span class='ocrx_word' id='word_1_17' title='bbox 845 869 970 940; x_wconf 88' lang='lat' dir='ltr'>vomitu,</span> <span class='ocrx_word' id='word_1_18' title='bbox 999 869 1091 948; x_wconf 88' lang='lat' dir='ltr'>raspi·</span> <span class='ocrx_word' id='word_1_19' title='bbox 1145 867 1203 929; x_wconf 89' lang='lat' dir='ltr'>hoe</span> <span class='ocrx_word' id='word_1_20' title='bbox 1218 867 1257 929; x_wconf 88' lang='lat' dir='ltr'>do</span> <span class='ocrx_word' id='word_1_21' title='bbox 1272 888 1347 928; x_wconf 90' lang='lat' dir='ltr'>cane</span> <span class='ocrx_word' id='word_1_22' title='bbox 1362 866 1553 946; x_wconf 85' lang='lat' dir='ltr'>proverbium</span> <span class='ocrx_word' id='word_1_23' title='bbox 1577 876 1655 948; x_wconf 80' lang='lat' dir='ltr'>apte</span> <span class='ocrx_word' id='word_1_24' title='bbox 1669 866 1795 928; x_wconf 84' lang='lat' dir='ltr'>refertur</span> <span class='ocrx_word' id='word_1_25' title='bbox 1808 864 1841 925; x_wconf 82' lang='lat' dir='ltr'>ud</span> 
     </span>
     <span class='ocr_line' id='line_1_4' title="bbox 398 953 1842 1031; baseline -0.003 -14"><span class='ocrx_word' id='word_1_26' title='bbox 398 957 478 1017; x_wconf 87' lang='lat' dir='ltr'>ciana</span> <span class='ocrx_word' id='word_1_27' title='bbox 516 953 556 1014; x_wconf 85' lang='lat' dir='ltr'>ad</span> <span class='ocrx_word' id='word_1_28' title='bbox 592 955 673 1016; x_wconf 85' lang='lat' dir='ltr'>hune</span> <span class='ocrx_word' id='word_1_29' title='bbox 702 953 784 1016; x_wconf 88' lang='lat' dir='ltr'>Petri</span> <span class='ocrx_word' id='word_1_30' title='bbox 828 953 942 1031; x_wconf 87' lang='lat' dir='ltr'>loaum;</span> <span class='ocrx_word' id='word_1_31' title='bbox 979 962 1091 1015; x_wconf 88' lang='lat' dir='ltr'>monet·</span> <span class='ocrx_word' id='word_1_32' title='bbox 1146 953 1653 1026; x_wconf 83' lang='lat' dir='ltr'>Sacramentumreconciliationis,</span> <span class='ocrx_word' id='word_1_33' title='bbox 1668 955 1716 1014; x_wconf 87' lang='lat' dir='ltr'>ita</span> <span class='ocrx_word' id='word_1_34' title='bbox 1730 954 1842 1014; x_wconf 83' lang='lat' dir='ltr'>alterum</span> 
     </span>
     <span class='ocr_line' id='line_1_5' title="bbox 398 1039 1843 1122; baseline -0.004 -19"><span class='ocrx_word' id='word_1_35' title='bbox 398 1061 465 1122; x_wconf 85' lang='lat' dir='ltr'>qne,</span> <span class='ocrx_word' id='word_1_36' title='bbox 481 1062 519 1101; x_wconf 89' lang='lat' dir='ltr'>ne</span> <span class='ocrx_word' id='word_1_37' title='bbox 533 1050 673 1120; x_wconf 82' lang='lat' dir='ltr'>peccator</span> <span class='ocrx_word' id='word_1_38' title='bbox 688 1049 757 1120; x_wconf 92' lang='lat' dir='ltr'>post</span> <span class='ocrx_word' id='word_1_39' title='bbox 771 1040 1001 1112; x_wconf 80' lang='lat' dir='ltr'>confessionam,</span> <span class='ocrx_word' id='word_1_40' title='bbox 1020 1049 1101 1115; x_wconf 44' lang='lat' dir='ltr'>tam:</span> <span class='ocrx_word' id='word_1_41' title='bbox 1147 1039 1184 1101; x_wconf 90' lang='lat' dir='ltr'>de</span> <span class='ocrx_word' id='word_1_42' title='bbox 1214 1061 1268 1101; x_wconf 86' lang='lat' dir='ltr'>sne</span> <span class='ocrx_word' id='word_1_43' title='bbox 1294 1039 1400 1102; x_wconf 86' lang='lat' dir='ltr'>referri</span> <span class='ocrx_word' id='word_1_44' title='bbox 1430 1049 1528 1120; x_wconf 86' lang='lat' dir='ltr'>potest</span> <span class='ocrx_word' id='word_1_45' title='bbox 1556 1039 1599 1100; x_wconf 87' lang='lat' dir='ltr'>ad</span> <span class='ocrx_word' id='word_1_46' title='bbox 1625 1041 1843 1102; x_wconf 65' lang='lat' dir='ltr'><strong>Sacramentum</strong></span> 
     </span>
     <span class='ocr_line' id='line_1_6' title="bbox 397 1127 1843 1211; baseline -0.004 -21"><span class='ocrx_word' id='word_1_47' title='bbox 397 1148 487 1211; x_wconf 82' lang='lat' dir='ltr'>quam</span> <span class='ocrx_word' id='word_1_48' title='bbox 502 1130 615 1189; x_wconf 87' lang='lat' dir='ltr'>vomitu</span> <span class='ocrx_word' id='word_1_49' title='bbox 629 1128 784 1188; x_wconf 86' lang='lat' dir='ltr'>relevatus</span> <span class='ocrx_word' id='word_1_50' title='bbox 798 1148 816 1187; x_wconf 85' lang='lat' dir='ltr'>a</span> <span class='ocrx_word' id='word_1_51' title='bbox 828 1131 968 1208; x_wconf 87' lang='lat' dir='ltr'>peccatis,</span> <span class='ocrx_word' id='word_1_52' title='bbox 984 1129 1092 1188; x_wconf 84' lang='lat' dir='ltr'>canino</span> <span class='ocrx_word' id='word_1_53' title='bbox 1146 1127 1295 1208; x_wconf 87' lang='lat' dir='ltr'>baptismi,</span> <span class='ocrx_word' id='word_1_54' title='bbox 1319 1130 1351 1187; x_wconf 91' lang='lat' dir='ltr'>in</span> <span class='ocrx_word' id='word_1_55' title='bbox 1366 1146 1426 1208; x_wconf 90' lang='lat' dir='ltr'>quo</span> <span class='ocrx_word' id='word_1_56' title='bbox 1442 1128 1581 1190; x_wconf 83' lang='lat' dir='ltr'>lavamur</span> <span class='ocrx_word' id='word_1_57' title='bbox 1605 1135 1639 1189; x_wconf 88' lang='lat' dir='ltr'>st</span> <span class='ocrx_word' id='word_1_58' title='bbox 1654 1145 1843 1208; x_wconf 71' lang='lat' dir='ltr'>purgamur·</span> 
     </span>
     <span class='ocr_line' id='line_1_7' title="bbox 396 1213 1669 1297; baseline -0.002 -20"><span class='ocrx_word' id='word_1_59' title='bbox 396 1235 479 1277; x_wconf 87' lang='lat' dir='ltr'>more</span> <span class='ocrx_word' id='word_1_60' title='bbox 493 1214 533 1276; x_wconf 87' lang='lat' dir='ltr'>ad</span> <span class='ocrx_word' id='word_1_61' title='bbox 544 1215 698 1289; x_wconf 85' lang='lat' dir='ltr'>vomitum,</span> <span class='ocrx_word' id='word_1_62' title='bbox 714 1213 745 1275; x_wconf 90' lang='lat' dir='ltr'>id</span> <span class='ocrx_word' id='word_1_63' title='bbox 757 1221 804 1275; x_wconf 89' lang='lat' dir='ltr'>eat</span> <span class='ocrx_word' id='word_1_64' title='bbox 815 1214 855 1276; x_wconf 89' lang='lat' dir='ltr'>ad</span> <span class='ocrx_word' id='word_1_65' title='bbox 865 1223 1001 1297; x_wconf 85' lang='lat' dir='ltr'>paccata,</span> <span class='ocrx_word' id='word_1_66' title='bbox 1016 1234 1094 1296; x_wconf 85' lang='lat' dir='ltr'>quas</span> <span class='ocrx_word' id='word_1_67' title='bbox 1145 1213 1284 1275; x_wconf 85' lang='lat' dir='ltr'>sordibus</span> <span class='ocrx_word' id='word_1_68' title='bbox 1300 1234 1337 1276; x_wconf 88' lang='lat' dir='ltr'>ae</span> <span class='ocrx_word' id='word_1_69' title='bbox 1352 1234 1445 1276; x_wconf 87' lang='lat' dir='ltr'>coeno</span> <span class='ocrx_word' id='word_1_70' title='bbox 1461 1223 1669 1294; x_wconf 86' lang='lat' dir='ltr'>peecatorum.</span> 
     </span>
    </p>
   </div>
   <div class='ocr_carea' id='block_1_3' title="bbox 882 1611 1359 1698">
    <p class='ocr_par' dir='ltr' id='par_1_3' title="bbox 882 1611 1359 1698">
     <span class='ocr_line' id='line_1_8' title="bbox 882 1611 1359 1698; baseline 0.004 -2"><span class='ocrx_word' id='word_1_71' title='bbox 882 1612 1056 1697; x_wconf 75' lang='lat' dir='ltr'>etrus</span> <span class='ocrx_word' id='word_1_72' title='bbox 1099 1611 1359 1698; x_wconf 71' lang='lat' dir='ltr'>illilus</span> 
     </span>
    </p>
   </div>
   <div class='ocr_carea' id='block_1_4' title="bbox 389 1761 1875 4866">
    <p class='ocr_par' dir='ltr' id='par_1_4' title="bbox 389 1761 1875 4866">
     <span class='ocr_line' id='line_1_9' title="bbox 503 1761 1841 1852; baseline -0.002 -21"><span class='ocrx_word' id='word_1_73' title='bbox 503 1765 598 1831; x_wconf 88' lang='lat' dir='ltr'>Hanc</span> <span class='ocrx_word' id='word_1_74' title='bbox 626 1784 705 1832; x_wconf 91' lang='lat' dir='ltr'>ecce</span> <span class='ocrx_word' id='word_1_75' title='bbox 733 1764 849 1851; x_wconf 87' lang='lat' dir='ltr'>vobis,</span> <span class='ocrx_word' id='word_1_76' title='bbox 879 1765 1058 1851; x_wconf 78' lang='lat' dir='ltr'>carissimi,</span> <span class='ocrx_word' id='word_1_77' title='bbox 1087 1765 1264 1832; x_wconf 90' lang='lat' dir='ltr'>secundam</span> <span class='ocrx_word' id='word_1_78' title='bbox 1302 1764 1412 1832; x_wconf 91' lang='lat' dir='ltr'>seribo</span> <span class='ocrx_word' id='word_1_79' title='bbox 1441 1765 1638 1851; x_wconf 92' lang='lat' dir='ltr'>epistolam,</span> <span class='ocrx_word' id='word_1_80' title='bbox 1666 1766 1703 1830; x_wconf 91' lang='lat' dir='ltr'>in</span> <span class='ocrx_word' id='word_1_81' title='bbox 1732 1761 1841 1852; x_wconf 91' lang='lat' dir='ltr'>quibus</span> 
     </span>
     <span class='ocr_line' id='line_1_10' title="bbox 401 1867 1841 1956; baseline -0.003 -21"><span class='ocrx_word' id='word_1_82' title='bbox 401 1876 546 1936; x_wconf 88' lang='lat' dir='ltr'>vestram</span> <span class='ocrx_word' id='word_1_83' title='bbox 575 1870 685 1936; x_wconf 87' lang='lat' dir='ltr'>excito</span> <span class='ocrx_word' id='word_1_84' title='bbox 712 1870 746 1936; x_wconf 91' lang='lat' dir='ltr'>in</span> <span class='ocrx_word' id='word_1_85' title='bbox 774 1869 1028 1936; x_wconf 85' lang='lat' dir='ltr'>commonitione</span> <span class='ocrx_word' id='word_1_86' title='bbox 1065 1871 1226 1937; x_wconf 82' lang='lat' dir='ltr'>sinceram</span> <span class='ocrx_word' id='word_1_87' title='bbox 1255 1876 1414 1956; x_wconf 89' lang='lat' dir='ltr'>mentem,</span> <span class='ocrx_word' id='word_1_88' title='bbox 1452 1873 1486 1934; x_wconf 74' lang='lat'>2.</span> <span class='ocrx_word' id='word_1_89' title='bbox 1514 1874 1552 1935; x_wconf 92' lang='lat' dir='ltr'>ut</span> <span class='ocrx_word' id='word_1_90' title='bbox 1580 1888 1751 1935; x_wconf 84' lang='lat' dir='ltr'>memoras</span> <span class='ocrx_word' id='word_1_91' title='bbox 1778 1867 1841 1932; x_wconf 88' lang='lat' dir='ltr'>sitis</span> 
     </span>
     <span class='ocr_line' id='line_1_11' title="bbox 402 1971 1838 2061; baseline -0.001 -22"><span class='ocrx_word' id='word_1_92' title='bbox 402 1994 536 2059; x_wconf 82' lang='lat' dir='ltr'>eoruun,</span> <span class='ocrx_word' id='word_1_93' title='bbox 573 1995 657 2061; x_wconf 91' lang='lat' dir='ltr'>quae</span> <span class='ocrx_word' id='word_1_94' title='bbox 693 1973 863 2060; x_wconf 78' lang='lat' dir='ltr'>praedixi,</span> <span class='ocrx_word' id='word_1_95' title='bbox 900 1971 1076 2040; x_wconf 88' lang='lat' dir='ltr'>verborum</span> <span class='ocrx_word' id='word_1_96' title='bbox 1105 1995 1125 2040; x_wconf 85' lang='lat' dir='ltr'>a</span> <span class='ocrx_word' id='word_1_97' title='bbox 1153 1974 1277 2039; x_wconf 91' lang='lat' dir='ltr'>sanetis</span> <span class='ocrx_word' id='word_1_98' title='bbox 1303 1974 1500 2061; x_wconf 84' lang='lat' dir='ltr'>Prophetis,</span> <span class='ocrx_word' id='word_1_99' title='bbox 1543 1978 1579 2040; x_wconf 90' lang='lat' dir='ltr'>et</span> <span class='ocrx_word' id='word_1_100' title='bbox 1607 1972 1838 2059; x_wconf 84' lang='lat' dir='ltr'>Apostolorum</span> 
     </span>
     <span class='ocr_line' id='line_1_12' title="bbox 400 2076 1838 2164; baseline -0.001 -22"><span class='ocrx_word' id='word_1_101' title='bbox 400 2083 597 2163; x_wconf 88' lang='lat' dir='ltr'>vestrorum,</span> <span class='ocrx_word' id='word_1_102' title='bbox 623 2083 879 2164; x_wconf 87' lang='lat' dir='ltr'>praeceptorum</span> <span class='ocrx_word' id='word_1_103' title='bbox 906 2077 1040 2143; x_wconf 90' lang='lat' dir='ltr'>Domini</span> <span class='ocrx_word' id='word_1_104' title='bbox 1067 2084 1102 2144; x_wconf 92' lang='lat' dir='ltr'>et</span> <span class='ocrx_word' id='word_1_105' title='bbox 1128 2076 1323 2143; x_wconf 86' lang='lat' dir='ltr'>Salvatoris.</span> <span class='ocrx_word' id='word_1_106' title='bbox 1359 2079 1393 2143; x_wconf 85' lang='lat'>3.</span> <span class='ocrx_word' id='word_1_107' title='bbox 1421 2077 1493 2143; x_wconf 92' lang='lat' dir='ltr'>Hoc</span> <span class='ocrx_word' id='word_1_108' title='bbox 1520 2078 1667 2163; x_wconf 86' lang='lat' dir='ltr'>primunr</span> <span class='ocrx_word' id='word_1_109' title='bbox 1696 2078 1838 2159; x_wconf 81' lang='lat' dir='ltr'>seientes,</span> 
     </span>
     <span class='ocr_line' id='line_1_13' title="bbox 401 2179 1838 2268; baseline -0.002 -20"><span class='ocrx_word' id='word_1_110' title='bbox 401 2180 490 2268; x_wconf 89' lang='lat' dir='ltr'>quod</span> <span class='ocrx_word' id='word_1_111' title='bbox 517 2183 652 2248; x_wconf 88' lang='lat' dir='ltr'>venient</span> <span class='ocrx_word' id='word_1_112' title='bbox 679 2182 713 2247; x_wconf 90' lang='lat' dir='ltr'>in</span> <span class='ocrx_word' id='word_1_113' title='bbox 739 2182 925 2248; x_wconf 84' lang='lat' dir='ltr'>novissimis</span> <span class='ocrx_word' id='word_1_114' title='bbox 952 2179 1071 2248; x_wconf 89' lang='lat' dir='ltr'>diebus</span> <span class='ocrx_word' id='word_1_115' title='bbox 1097 2183 1129 2248; x_wconf 92' lang='lat' dir='ltr'>in</span> <span class='ocrx_word' id='word_1_116' title='bbox 1154 2181 1351 2266; x_wconf 89' lang='lat' dir='ltr'>deceptione</span> <span class='ocrx_word' id='word_1_117' title='bbox 1379 2182 1543 2266; x_wconf 87' lang='lat' dir='ltr'>illusores,</span> <span class='ocrx_word' id='word_1_118' title='bbox 1566 2183 1671 2266; x_wconf 82' lang='lat' dir='ltr'>juxta</span> <span class='ocrx_word' id='word_1_119' title='bbox 1698 2180 1838 2266; x_wconf 81' lang='lat' dir='ltr'>proprias</span> 
     </span>
     <span class='ocr_line' id='line_1_14' title="bbox 401 2283 1836 2373; baseline -0.001 -24"><span class='ocrx_word' id='word_1_120' title='bbox 401 2287 689 2373; x_wconf 88' lang='lat' dir='ltr'>eonauplsoentias</span> <span class='ocrx_word' id='word_1_121' title='bbox 717 2283 945 2371; x_wconf 87' lang='lat' dir='ltr'>ambulantes,</span> <span class='ocrx_word' id='word_1_122' title='bbox 974 2288 1008 2350; x_wconf 80' lang='lat'>4.</span> <span class='ocrx_word' id='word_1_123' title='bbox 1038 2285 1206 2353; x_wconf 89' lang='lat' dir='ltr'>dieentes:</span> <span class='ocrx_word' id='word_1_124' title='bbox 1244 2284 1311 2351; x_wconf 92' lang='lat' dir='ltr'>Ubi</span> <span class='ocrx_word' id='word_1_125' title='bbox 1339 2291 1390 2351; x_wconf 89' lang='lat' dir='ltr'>est</span> <span class='ocrx_word' id='word_1_126' title='bbox 1415 2285 1603 2372; x_wconf 88' lang='lat' dir='ltr'>promissio,</span> <span class='ocrx_word' id='word_1_127' title='bbox 1633 2290 1696 2350; x_wconf 82' lang='lat' dir='ltr'>aut</span> <span class='ocrx_word' id='word_1_128' title='bbox 1723 2283 1836 2349; x_wconf 83' lang='lat' dir='ltr'>adren-</span> 
     </span>
     <span class='ocr_line' id='line_1_15' title="bbox 401 2383 1835 2477; baseline -0.004 -23"><span class='ocrx_word' id='word_1_129' title='bbox 401 2395 455 2456; x_wconf 91' lang='lat' dir='ltr'>tus</span> <span class='ocrx_word' id='word_1_130' title='bbox 480 2389 586 2476; x_wconf 81' lang='lat' dir='ltr'>Ejus?</span> <span class='ocrx_word' id='word_1_131' title='bbox 626 2411 668 2457; x_wconf 86' lang='lat' dir='ltr'>ex</span> <span class='ocrx_word' id='word_1_132' title='bbox 704 2411 769 2477; x_wconf 93' lang='lat' dir='ltr'>quo</span> <span class='ocrx_word' id='word_1_133' title='bbox 803 2391 888 2456; x_wconf 92' lang='lat' dir='ltr'>enim</span> <span class='ocrx_word' id='word_1_134' title='bbox 923 2395 1037 2477; x_wconf 90' lang='lat' dir='ltr'>patres</span> <span class='ocrx_word' id='word_1_135' title='bbox 1073 2389 1295 2476; x_wconf 90' lang='lat' dir='ltr'>dormierunt,</span> <span class='ocrx_word' id='word_1_136' title='bbox 1333 2391 1442 2456; x_wconf 91' lang='lat' dir='ltr'>omnia</span> <span class='ocrx_word' id='word_1_137' title='bbox 1474 2389 1521 2454; x_wconf 91' lang='lat' dir='ltr'>sic</span> <span class='ocrx_word' id='word_1_138' title='bbox 1555 2393 1778 2474; x_wconf 86' lang='lat' dir='ltr'>perseverant</span> <span class='ocrx_word' id='word_1_139' title='bbox 1801 2383 1835 2450; x_wconf 86' lang='lat' dir='ltr'>ab</span> 
     </span>
     <span class='ocr_line' id='line_1_16' title="bbox 400 2492 1834 2580; baseline -0.004 -20"><span class='ocrx_word' id='word_1_140' title='bbox 400 2494 495 2560; x_wconf 91' lang='lat' dir='ltr'>initio</span> <span class='ocrx_word' id='word_1_141' title='bbox 523 2500 709 2562; x_wconf 82' lang='lat' dir='ltr'>creaturae.</span> <span class='ocrx_word' id='word_1_142' title='bbox 764 2495 797 2560; x_wconf 80' lang='lat'>5.</span> <span class='ocrx_word' id='word_1_143' title='bbox 837 2495 941 2561; x_wconf 91' lang='lat' dir='ltr'>Latet</span> <span class='ocrx_word' id='word_1_144' title='bbox 977 2494 1061 2560; x_wconf 86' lang='lat' dir='ltr'>enim</span> <span class='ocrx_word' id='word_1_145' title='bbox 1099 2514 1156 2560; x_wconf 92' lang='lat' dir='ltr'>eos</span> <span class='ocrx_word' id='word_1_146' title='bbox 1191 2495 1255 2560; x_wconf 88' lang='lat' dir='ltr'>hoe</span> <span class='ocrx_word' id='word_1_147' title='bbox 1292 2495 1461 2578; x_wconf 86' lang='lat' dir='ltr'>volentes,</span> <span class='ocrx_word' id='word_1_148' title='bbox 1499 2492 1589 2580; x_wconf 90' lang='lat' dir='ltr'>quod</span> <span class='ocrx_word' id='word_1_149' title='bbox 1627 2493 1719 2559; x_wconf 92' lang='lat' dir='ltr'>coeli</span> <span class='ocrx_word' id='word_1_150' title='bbox 1754 2496 1834 2557; x_wconf 86' lang='lat' dir='ltr'>erant</span> 
     </span>
     <span class='ocr_line' id='line_1_17' title="bbox 399 2594 1833 2685; baseline -0.004 -20"><span class='ocrx_word' id='word_1_151' title='bbox 399 2599 492 2685; x_wconf 89' lang='lat' dir='ltr'>prius</span> <span class='ocrx_word' id='word_1_152' title='bbox 519 2604 553 2665; x_wconf 92' lang='lat' dir='ltr'>et</span> <span class='ocrx_word' id='word_1_153' title='bbox 580 2606 688 2685; x_wconf 88' lang='lat' dir='ltr'>terra,</span> <span class='ocrx_word' id='word_1_154' title='bbox 725 2597 767 2665; x_wconf 91' lang='lat' dir='ltr'>de</span> <span class='ocrx_word' id='word_1_155' title='bbox 795 2617 900 2685; x_wconf 86' lang='lat' dir='ltr'>aqua,</span> <span class='ocrx_word' id='word_1_156' title='bbox 937 2603 973 2664; x_wconf 89' lang='lat' dir='ltr'>et</span> <span class='ocrx_word' id='word_1_157' title='bbox 997 2618 1058 2684; x_wconf 93' lang='lat' dir='ltr'>per</span> <span class='ocrx_word' id='word_1_158' title='bbox 1094 2617 1212 2685; x_wconf 92' lang='lat' dir='ltr'>aquam</span> <span class='ocrx_word' id='word_1_159' title='bbox 1247 2600 1431 2664; x_wconf 87' lang='lat' dir='ltr'>consistens</span> <span class='ocrx_word' id='word_1_160' title='bbox 1457 2597 1523 2663; x_wconf 91' lang='lat' dir='ltr'>Dei</span> <span class='ocrx_word' id='word_1_161' title='bbox 1558 2594 1688 2681; x_wconf 89' lang='lat' dir='ltr'>verbo,</span> <span class='ocrx_word' id='word_1_162' title='bbox 1727 2599 1760 2662; x_wconf 83' lang='lat'>6.</span> <span class='ocrx_word' id='word_1_163' title='bbox 1786 2615 1833 2682; x_wconf 81' lang='lat' dir='ltr'>per</span> 
     </span>
     <span class='ocr_line' id='line_1_18' title="bbox 400 2699 1831 2791; baseline -0.004 -22"><span class='ocrx_word' id='word_1_164' title='bbox 400 2722 506 2791; x_wconf 90' lang='lat' dir='ltr'>quae,</span> <span class='ocrx_word' id='word_1_165' title='bbox 542 2703 600 2769; x_wconf 91' lang='lat' dir='ltr'>ille</span> <span class='ocrx_word' id='word_1_166' title='bbox 637 2710 716 2770; x_wconf 90' lang='lat' dir='ltr'>tunc</span> <span class='ocrx_word' id='word_1_167' title='bbox 750 2702 889 2768; x_wconf 92' lang='lat' dir='ltr'>mundus</span> <span class='ocrx_word' id='word_1_168' title='bbox 924 2721 1010 2788; x_wconf 87' lang='lat' dir='ltr'>aqua</span> <span class='ocrx_word' id='word_1_169' title='bbox 1045 2702 1223 2769; x_wconf 91' lang='lat' dir='ltr'>inundatus</span> <span class='ocrx_word' id='word_1_170' title='bbox 1254 2704 1366 2787; x_wconf 91' lang='lat' dir='ltr'>periit.</span> <span class='ocrx_word' id='word_1_171' title='bbox 1423 2704 1456 2767; x_wconf 81' lang='lat' dir='ltr'>i.</span> <span class='ocrx_word' id='word_1_172' title='bbox 1497 2699 1594 2766; x_wconf 83' lang='lat' dir='ltr'>Coeli</span> <span class='ocrx_word' id='word_1_173' title='bbox 1624 2707 1755 2781; x_wconf 88' lang='lat' dir='ltr'>autem,</span> <span class='ocrx_word' id='word_1_174' title='bbox 1788 2699 1831 2785; x_wconf 81' lang='lat' dir='ltr'>qui</span> 
     </span>
     <span class='ocr_line' id='line_1_19' title="bbox 398 2802 1831 2892; baseline -0.005 -20"><span class='ocrx_word' id='word_1_175' title='bbox 398 2825 486 2874; x_wconf 89' lang='lat' dir='ltr'>nune</span> <span class='ocrx_word' id='word_1_176' title='bbox 513 2813 607 2892; x_wconf 86' lang='lat' dir='ltr'>sunt,</span> <span class='ocrx_word' id='word_1_177' title='bbox 644 2813 679 2872; x_wconf 94' lang='lat' dir='ltr'>et</span> <span class='ocrx_word' id='word_1_178' title='bbox 705 2812 795 2873; x_wconf 85' lang='lat' dir='ltr'>tarra</span> <span class='ocrx_word' id='word_1_179' title='bbox 821 2805 937 2871; x_wconf 91' lang='lat' dir='ltr'>eodem</span> <span class='ocrx_word' id='word_1_180' title='bbox 975 2804 1079 2871; x_wconf 93' lang='lat' dir='ltr'>verbo</span> <span class='ocrx_word' id='word_1_181' title='bbox 1106 2807 1244 2892; x_wconf 88' lang='lat' dir='ltr'>repositi</span> <span class='ocrx_word' id='word_1_182' title='bbox 1281 2811 1372 2890; x_wconf 87' lang='lat' dir='ltr'>sunt,</span> <span class='ocrx_word' id='word_1_183' title='bbox 1408 2805 1475 2890; x_wconf 85' lang='lat' dir='ltr'>igni</span> <span class='ocrx_word' id='word_1_184' title='bbox 1502 2805 1670 2870; x_wconf 88' lang='lat' dir='ltr'>reservati</span> <span class='ocrx_word' id='word_1_185' title='bbox 1698 2802 1831 2868; x_wconf 84' lang='lat' dir='ltr'>indiam</span> 
     </span>
     <span class='ocr_line' id='line_1_20' title="bbox 395 2908 1831 2999; baseline -0.006 -22"><span class='ocrx_word' id='word_1_186' title='bbox 395 2910 514 2999; x_wconf 82' lang='lat' dir='ltr'>Judicii</span> <span class='ocrx_word' id='word_1_187' title='bbox 543 2917 577 2977; x_wconf 90' lang='lat' dir='ltr'>et</span> <span class='ocrx_word' id='word_1_188' title='bbox 602 2910 800 2999; x_wconf 88' lang='lat' dir='ltr'>perditionis</span> <span class='ocrx_word' id='word_1_189' title='bbox 826 2909 1000 2996; x_wconf 91' lang='lat' dir='ltr'>impiorum</span> <span class='ocrx_word' id='word_1_190' title='bbox 1027 2910 1206 2977; x_wconf 90' lang='lat' dir='ltr'>hominum.</span> <span class='ocrx_word' id='word_1_191' title='bbox 1245 2911 1278 2977; x_wconf 84' lang='grc'><strong>8.</strong></span> <span class='ocrx_word' id='word_1_192' title='bbox 1307 2909 1415 2977; x_wconf 93' lang='lat' dir='ltr'>Unum</span> <span class='ocrx_word' id='word_1_193' title='bbox 1442 2929 1522 2976; x_wconf 81' lang='lat' dir='ltr'>vero</span> <span class='ocrx_word' id='word_1_194' title='bbox 1551 2908 1617 2974; x_wconf 92' lang='lat' dir='ltr'>boe</span> <span class='ocrx_word' id='word_1_195' title='bbox 1644 2929 1715 2975; x_wconf 92' lang='lat' dir='ltr'>non</span> <span class='ocrx_word' id='word_1_196' title='bbox 1741 2908 1831 2975; x_wconf 85' lang='lat' dir='ltr'>lateat</span> 
     </span>
     <span class='ocr_line' id='line_1_21' title="bbox 399 3009 1829 3103; baseline -0.004 -22"><span class='ocrx_word' id='word_1_197' title='bbox 399 3034 470 3100; x_wconf 88' lang='lat' dir='ltr'>vos,</span> <span class='ocrx_word' id='word_1_198' title='bbox 499 3016 671 3099; x_wconf 76' lang='lat' dir='ltr'>carissimi,</span> <span class='ocrx_word' id='word_1_199' title='bbox 700 3018 777 3103; x_wconf 92' lang='lat' dir='ltr'>qula</span> <span class='ocrx_word' id='word_1_200' title='bbox 804 3034 887 3081; x_wconf 92' lang='lat' dir='ltr'>unus</span> <span class='ocrx_word' id='word_1_201' title='bbox 914 3014 986 3080; x_wconf 93' lang='lat' dir='ltr'>dies</span> <span class='ocrx_word' id='word_1_202' title='bbox 1014 3014 1103 3101; x_wconf 88' lang='lat' dir='ltr'>apud</span> <span class='ocrx_word' id='word_1_203' title='bbox 1131 3014 1307 3080; x_wconf 89' lang='lat' dir='ltr'>Dominum</span> <span class='ocrx_word' id='word_1_204' title='bbox 1334 3014 1420 3081; x_wconf 91' lang='lat' dir='ltr'>sicut</span> <span class='ocrx_word' id='word_1_205' title='bbox 1446 3013 1537 3079; x_wconf 87' lang='lat' dir='ltr'>mille</span> <span class='ocrx_word' id='word_1_206' title='bbox 1565 3014 1665 3098; x_wconf 91' lang='lat' dir='ltr'>anni,</span> <span class='ocrx_word' id='word_1_207' title='bbox 1696 3017 1731 3079; x_wconf 90' lang='lat' dir='ltr'>et</span> <span class='ocrx_word' id='word_1_208' title='bbox 1756 3009 1829 3077; x_wconf 85' lang='lat' dir='ltr'>mille</span> 
     </span>
     <span class='ocr_line' id='line_1_22' title="bbox 399 3115 1831 3204; baseline -0.006 -18"><span class='ocrx_word' id='word_1_209' title='bbox 399 3119 477 3186; x_wconf 86' lang='lat' dir='ltr'>anni</span> <span class='ocrx_word' id='word_1_210' title='bbox 502 3119 590 3187; x_wconf 92' lang='lat' dir='ltr'>sicut</span> <span class='ocrx_word' id='word_1_211' title='bbox 618 3118 689 3185; x_wconf 92' lang='lat' dir='ltr'>dies</span> <span class='ocrx_word' id='word_1_212' title='bbox 716 3137 809 3185; x_wconf 93' lang='lat' dir='ltr'>unus.</span> <span class='ocrx_word' id='word_1_213' title='bbox 859 3120 892 3183; x_wconf 87' lang='grc'>9.</span> <span class='ocrx_word' id='word_1_214' title='bbox 920 3118 993 3183; x_wconf 91' lang='lat' dir='ltr'>Non</span> <span class='ocrx_word' id='word_1_215' title='bbox 1020 3118 1133 3184; x_wconf 91' lang='lat' dir='ltr'>tardat</span> <span class='ocrx_word' id='word_1_216' title='bbox 1159 3118 1321 3185; x_wconf 85' lang='lat' dir='ltr'>Dominus</span> <span class='ocrx_word' id='word_1_217' title='bbox 1346 3118 1598 3204; x_wconf 88' lang='lat' dir='ltr'>promissionem</span> <span class='ocrx_word' id='word_1_218' title='bbox 1626 3136 1735 3200; x_wconf 83' lang='lat' dir='ltr'>suam,</span> <span class='ocrx_word' id='word_1_219' title='bbox 1760 3115 1831 3182; x_wconf 75' lang='lat' dir='ltr'>sica</span> 
     </span>
     <span class='ocr_line' id='line_1_23' title="bbox 400 3219 1830 3310; baseline -0.002 -21"><span class='ocrx_word' id='word_1_220' title='bbox 400 3222 532 3310; x_wconf 89' lang='lat' dir='ltr'>quidam</span> <span class='ocrx_word' id='word_1_221' title='bbox 557 3224 766 3306; x_wconf 84' lang='lat' dir='ltr'>existimant3</span> <span class='ocrx_word' id='word_1_222' title='bbox 795 3221 855 3287; x_wconf 90' lang='lat' dir='ltr'>sed</span> <span class='ocrx_word' id='word_1_223' title='bbox 876 3222 1044 3307; x_wconf 78' lang='lat' dir='ltr'>patienter</span> <span class='ocrx_word' id='word_1_224' title='bbox 1066 3224 1136 3308; x_wconf 84' lang='lat' dir='ltr'>agit</span> <span class='ocrx_word' id='word_1_225' title='bbox 1158 3227 1295 3308; x_wconf 90' lang='lat' dir='ltr'>propter</span> <span class='ocrx_word' id='word_1_226' title='bbox 1316 3241 1386 3306; x_wconf 85' lang='lat' dir='ltr'>vos,</span> <span class='ocrx_word' id='word_1_227' title='bbox 1413 3222 1540 3304; x_wconf 90' lang='lat' dir='ltr'>nolens,</span> <span class='ocrx_word' id='word_1_228' title='bbox 1568 3220 1703 3308; x_wconf 92' lang='lat' dir='ltr'>aliquos</span> <span class='ocrx_word' id='word_1_229' title='bbox 1726 3219 1830 3305; x_wconf 76' lang='lat' dir='ltr'>perire,</span> 
     </span>
     <span class='ocr_line' id='line_1_24' title="bbox 399 3320 1830 3412; baseline -0.004 -21"><span class='ocrx_word' id='word_1_230' title='bbox 399 3325 459 3392; x_wconf 91' lang='lat' dir='ltr'>sed</span> <span class='ocrx_word' id='word_1_231' title='bbox 487 3345 599 3393; x_wconf 88' lang='lat' dir='ltr'>omnes</span> <span class='ocrx_word' id='word_1_232' title='bbox 628 3325 670 3392; x_wconf 94' lang='lat' dir='ltr'>ad</span> <span class='ocrx_word' id='word_1_233' title='bbox 696 3326 936 3412; x_wconf 90' lang='lat' dir='ltr'>poenitentiam</span> <span class='ocrx_word' id='word_1_234' title='bbox 964 3326 1098 3392; x_wconf 88' lang='lat' dir='ltr'>reverti.</span> <span class='ocrx_word' id='word_1_235' title='bbox 1158 3328 1214 3391; x_wconf 91' lang='grc'><strong>10.</strong></span> <span class='ocrx_word' id='word_1_236' title='bbox 1251 3325 1421 3392; x_wconf 89' lang='lat' dir='ltr'>Adveniet</span> <span class='ocrx_word' id='word_1_237' title='bbox 1457 3330 1567 3390; x_wconf 89' lang='lat' dir='ltr'>autem</span> <span class='ocrx_word' id='word_1_238' title='bbox 1609 3323 1684 3390; x_wconf 92' lang='lat' dir='ltr'>dies</span> <span class='ocrx_word' id='word_1_239' title='bbox 1713 3320 1830 3389; x_wconf 87' lang='lat' dir='ltr'>Domini</span> 
     </span>
     <span class='ocr_line' id='line_1_25' title="bbox 398 3422 1829 3517; baseline -0.006 -20"><span class='ocrx_word' id='word_1_240' title='bbox 398 3435 437 3497; x_wconf 91' lang='lat' dir='ltr'>ut</span> <span class='ocrx_word' id='word_1_241' title='bbox 463 3422 569 3515; x_wconf 84' lang='lat' dir='ltr'>lur¹),</span> <span class='ocrx_word' id='word_1_242' title='bbox 603 3432 637 3497; x_wconf 92' lang='lat' dir='ltr'>in</span> <span class='ocrx_word' id='word_1_243' title='bbox 665 3450 729 3517; x_wconf 92' lang='lat' dir='ltr'>quo</span> <span class='ocrx_word' id='word_1_244' title='bbox 766 3430 852 3495; x_wconf 91' lang='lat' dir='ltr'>coeli</span> <span class='ocrx_word' id='word_1_245' title='bbox 888 3448 1006 3515; x_wconf 82' lang='lat' dir='ltr'>magno</span> <span class='ocrx_word' id='word_1_246' title='bbox 1042 3431 1169 3517; x_wconf 91' lang='lat' dir='ltr'>impetu</span> <span class='ocrx_word' id='word_1_247' title='bbox 1205 3429 1384 3515; x_wconf 89' lang='lat' dir='ltr'>transient,</span> <span class='ocrx_word' id='word_1_248' title='bbox 1421 3429 1587 3495; x_wconf 87' lang='lat' dir='ltr'>elementa</span> <span class='ocrx_word' id='word_1_249' title='bbox 1621 3447 1707 3494; x_wconf 86' lang='lat' dir='ltr'>vero</span> <span class='ocrx_word' id='word_1_250' title='bbox 1734 3425 1829 3493; x_wconf 77' lang='lat' dir='ltr'>calore</span> 
     </span>
     <span class='ocr_line' id='line_1_26' title="bbox 399 3531 1829 3621; baseline -0.006 -22"><span class='ocrx_word' id='word_1_251' title='bbox 399 3534 586 3616; x_wconf 84' lang='lat' dir='ltr'>solventur,</span> <span class='ocrx_word' id='word_1_252' title='bbox 627 3540 717 3601; x_wconf 87' lang='lat' dir='ltr'>terra</span> <span class='ocrx_word' id='word_1_253' title='bbox 744 3539 876 3618; x_wconf 87' lang='lat' dir='ltr'>autem,</span> <span class='ocrx_word' id='word_1_254' title='bbox 914 3538 947 3599; x_wconf 89' lang='lat' dir='ltr'>et</span> <span class='ocrx_word' id='word_1_255' title='bbox 975 3553 1059 3621; x_wconf 92' lang='lat' dir='ltr'>quae</span> <span class='ocrx_word' id='word_1_256' title='bbox 1087 3535 1122 3599; x_wconf 92' lang='lat' dir='ltr'>in</span> <span class='ocrx_word' id='word_1_257' title='bbox 1155 3534 1228 3620; x_wconf 91' lang='lat' dir='ltr'>ipsa</span> <span class='ocrx_word' id='word_1_258' title='bbox 1263 3539 1338 3600; x_wconf 88' lang='lat' dir='ltr'>sunt</span> <span class='ocrx_word' id='word_1_259' title='bbox 1376 3551 1497 3620; x_wconf 88' lang='lat' dir='ltr'>opera,</span> <span class='ocrx_word' id='word_1_260' title='bbox 1532 3538 1730 3599; x_wconf 91' lang='lat' dir='ltr'>exurentur.</span> <span class='ocrx_word' id='word_1_261' title='bbox 1784 3531 1829 3594; x_wconf 93' lang='lat' dir='ltr'>ll.</span> 
     </span>
     <span class='ocr_line' id='line_1_27' title="bbox 399 3633 1830 3724; baseline -0.006 -19"><span class='ocrx_word' id='word_1_262' title='bbox 399 3634 482 3705; x_wconf 85' lang='lat' dir='ltr'>Cum</span> <span class='ocrx_word' id='word_1_263' title='bbox 509 3638 611 3723; x_wconf 81' lang='lat' dir='ltr'>igitur</span> <span class='ocrx_word' id='word_1_264' title='bbox 646 3639 731 3704; x_wconf 89' lang='lat' dir='ltr'>haec</span> <span class='ocrx_word' id='word_1_265' title='bbox 765 3638 874 3702; x_wconf 90' lang='lat' dir='ltr'>omnia</span> <span class='ocrx_word' id='word_1_266' title='bbox 909 3636 1122 3703; x_wconf 89' lang='lat' dir='ltr'>dissolvenda</span> <span class='ocrx_word' id='word_1_267' title='bbox 1157 3638 1242 3722; x_wconf 89' lang='lat' dir='ltr'>sint,</span> <span class='ocrx_word' id='word_1_268' title='bbox 1283 3636 1398 3724; x_wconf 92' lang='lat' dir='ltr'>quales</span> <span class='ocrx_word' id='word_1_269' title='bbox 1432 3640 1566 3722; x_wconf 84' lang='lat' dir='ltr'>oportet</span> <span class='ocrx_word' id='word_1_270' title='bbox 1604 3655 1666 3701; x_wconf 86' lang='lat' dir='ltr'>vos</span> <span class='ocrx_word' id='word_1_271' title='bbox 1702 3654 1774 3702; x_wconf 90' lang='lat' dir='ltr'>essa</span> <span class='ocrx_word' id='word_1_272' title='bbox 1803 3633 1830 3697; x_wconf 88' lang='lat' dir='ltr'>ir</span> 
     </span>
     <span class='ocr_line' id='line_1_28' title="bbox 398 3738 1830 3826; baseline -0.007 -19"><span class='ocrx_word' id='word_1_273' title='bbox 398 3741 522 3808; x_wconf 79' lang='lat' dir='ltr'>sanctis</span> <span class='ocrx_word' id='word_1_274' title='bbox 554 3738 863 3808; x_wconf 83' lang='lat' dir='ltr'>conversationibus</span> <span class='ocrx_word' id='word_1_275' title='bbox 897 3746 932 3806; x_wconf 94' lang='lat' dir='ltr'>et</span> <span class='ocrx_word' id='word_1_276' title='bbox 967 3739 1170 3826; x_wconf 90' lang='lat' dir='ltr'>pietatibus,</span> <span class='ocrx_word' id='word_1_277' title='bbox 1211 3742 1267 3806; x_wconf 77' lang='grc'><strong>12.</strong></span> <span class='ocrx_word' id='word_1_278' title='bbox 1297 3744 1532 3826; x_wconf 81' lang='lat' dir='ltr'>exspectantes</span> <span class='ocrx_word' id='word_1_279' title='bbox 1559 3745 1596 3804; x_wconf 87' lang='lat' dir='ltr'>et</span> <span class='ocrx_word' id='word_1_280' title='bbox 1621 3743 1830 3826; x_wconf 81' lang='lat' dir='ltr'>properantes</span> 
     </span>
     <span class='ocr_line' id='line_1_29' title="bbox 395 3840 1829 3931; baseline -0.005 -20"><span class='ocrx_word' id='word_1_281' title='bbox 395 3845 430 3911; x_wconf 90' lang='lat' dir='ltr'>in</span> <span class='ocrx_word' id='word_1_282' title='bbox 457 3843 635 3911; x_wconf 83' lang='lat' dir='ltr'>adventurn</span> <span class='ocrx_word' id='word_1_283' title='bbox 669 3844 737 3910; x_wconf 92' lang='lat' dir='ltr'>diei</span> <span class='ocrx_word' id='word_1_284' title='bbox 763 3844 916 3929; x_wconf 88' lang='lat' dir='ltr'>Domini,</span> <span class='ocrx_word' id='word_1_285' title='bbox 951 3863 1012 3930; x_wconf 92' lang='lat' dir='ltr'>per</span> <span class='ocrx_word' id='word_1_286' title='bbox 1049 3864 1146 3931; x_wconf 90' lang='lat' dir='ltr'>quem</span> <span class='ocrx_word' id='word_1_287' title='bbox 1182 3844 1268 3910; x_wconf 89' lang='lat' dir='ltr'>eooli</span> <span class='ocrx_word' id='word_1_288' title='bbox 1295 3843 1451 3910; x_wconf 88' lang='lat' dir='ltr'>ardentes</span> <span class='ocrx_word' id='word_1_289' title='bbox 1478 3843 1671 3926; x_wconf 87' lang='lat' dir='ltr'>solvantur,</span> <span class='ocrx_word' id='word_1_290' title='bbox 1710 3852 1745 3908; x_wconf 91' lang='lat' dir='ltr'>et</span> <span class='ocrx_word' id='word_1_291' title='bbox 1769 3840 1829 3906; x_wconf 81' lang='lat' dir='ltr'>elr-</span> 
     </span>
     <span class='ocr_line' id='line_1_30' title="bbox 395 3945 1827 4034; baseline -0.003 -21"><span class='ocrx_word' id='word_1_292' title='bbox 395 3953 508 4014; x_wconf 94' lang='lat' dir='ltr'>menta</span> <span class='ocrx_word' id='word_1_293' title='bbox 534 3949 620 4034; x_wconf 83' lang='lat' dir='ltr'>ignis</span> <span class='ocrx_word' id='word_1_294' title='bbox 648 3948 767 4014; x_wconf 90' lang='lat' dir='ltr'>ardore</span> <span class='ocrx_word' id='word_1_295' title='bbox 795 3946 998 4015; x_wconf 83' lang='lat' dir='ltr'>tabescent?</span> <span class='ocrx_word' id='word_1_296' title='bbox 1042 3948 1097 4012; x_wconf 85' lang='lat'>13.</span> <span class='ocrx_word' id='word_1_297' title='bbox 1126 3948 1238 4014; x_wconf 88' lang='lat' dir='ltr'>Novos</span> <span class='ocrx_word' id='word_1_298' title='bbox 1274 3968 1353 4013; x_wconf 90' lang='lat' dir='ltr'>vero</span> <span class='ocrx_word' id='word_1_299' title='bbox 1391 3945 1520 4031; x_wconf 88' lang='lat' dir='ltr'>coelos,</span> <span class='ocrx_word' id='word_1_300' title='bbox 1557 3951 1594 4011; x_wconf 84' lang='lat' dir='ltr'>et</span> <span class='ocrx_word' id='word_1_301' title='bbox 1621 3966 1744 4012; x_wconf 88' lang='lat' dir='ltr'>novam</span> <span class='ocrx_word' id='word_1_302' title='bbox 1769 3951 1827 4010; x_wconf 84' lang='lat' dir='ltr'>ter·</span> 
     </span>
     <span class='ocr_line' id='line_1_31' title="bbox 394 4043 1828 4139; baseline -0.004 -22"><span class='ocrx_word' id='word_1_303' title='bbox 394 4071 463 4118; x_wconf 88' lang='lat' dir='ltr'>ram</span> <span class='ocrx_word' id='word_1_304' title='bbox 472 4043 499 4135; x_wconf 83' lang='lat'>²)</span> <span class='ocrx_word' id='word_1_305' title='bbox 527 4050 707 4119; x_wconf 89' lang='lat' dir='ltr'>secundum</span> <span class='ocrx_word' id='word_1_306' title='bbox 733 4053 896 4139; x_wconf 91' lang='lat' dir='ltr'>promissa</span> <span class='ocrx_word' id='word_1_307' title='bbox 920 4052 1024 4139; x_wconf 91' lang='lat' dir='ltr'>ipsius</span> <span class='ocrx_word' id='word_1_308' title='bbox 1052 4058 1303 4137; x_wconf 79' lang='lat' dir='ltr'>exspectamus,</span> <span class='ocrx_word' id='word_1_309' title='bbox 1331 4052 1363 4117; x_wconf 94' lang='lat' dir='ltr'>in</span> <span class='ocrx_word' id='word_1_310' title='bbox 1391 4048 1511 4139; x_wconf 93' lang='lat' dir='ltr'>quibus</span> <span class='ocrx_word' id='word_1_311' title='bbox 1534 4051 1670 4135; x_wconf 87' lang='lat' dir='ltr'>justitia</span> <span class='ocrx_word' id='word_1_312' title='bbox 1699 4047 1828 4117; x_wconf 81' lang='lat' dir='ltr'>habitat</span> 
     </span>
     <span class='ocr_line' id='line_1_32' title="bbox 397 4154 1828 4244; baseline -0.006 -22"><span class='ocrx_word' id='word_1_313' title='bbox 397 4157 455 4222; x_wconf 79' lang='grc'><strong>11.</strong></span> <span class='ocrx_word' id='word_1_314' title='bbox 483 4156 627 4242; x_wconf 91' lang='lat' dir='ltr'>Propter</span> <span class='ocrx_word' id='word_1_315' title='bbox 655 4155 762 4244; x_wconf 92' lang='lat' dir='ltr'>quod,</span> <span class='ocrx_word' id='word_1_316' title='bbox 796 4156 975 4241; x_wconf 89' lang='lat' dir='ltr'>carissimi,</span> <span class='ocrx_word' id='word_1_317' title='bbox 1003 4156 1088 4221; x_wconf 90' lang='lat' dir='ltr'>haec</span> <span class='ocrx_word' id='word_1_318' title='bbox 1117 4161 1373 4242; x_wconf 87' lang='lat' dir='ltr'>exspectantes,</span> <span class='ocrx_word' id='word_1_319' title='bbox 1400 4154 1545 4239; x_wconf 84' lang='lat' dir='ltr'>satagite</span> <span class='ocrx_word' id='word_1_320' title='bbox 1571 4154 1778 4222; x_wconf 88' lang='lat' dir='ltr'>immaculati</span> <span class='ocrx_word' id='word_1_321' title='bbox 1801 4159 1828 4216; x_wconf 86' lang='lat' dir='ltr'>et</span> 
     </span>
     <span class='ocr_line' id='line_1_33' title="bbox 391 4247 1827 4347; baseline -0.006 -20"><span class='ocrx_word' id='word_1_322' title='bbox 391 4259 544 4327; x_wconf 83' lang='lat' dir='ltr'>inviolati</span> <span class='ocrx_word' id='word_1_323' title='bbox 571 4260 602 4327; x_wconf 90' lang='lat' dir='ltr'>ei</span> <span class='ocrx_word' id='word_1_324' title='bbox 629 4261 768 4326; x_wconf 89' lang='lat' dir='ltr'>inveniri</span> <span class='ocrx_word' id='word_1_325' title='bbox 796 4259 829 4325; x_wconf 92' lang='lat' dir='ltr'>in</span> <span class='ocrx_word' id='word_1_326' title='bbox 855 4280 956 4347; x_wconf 83' lang='lat' dir='ltr'>paee3</span> <span class='ocrx_word' id='word_1_327' title='bbox 989 4262 1045 4326; x_wconf 78' lang='grc'><strong>15.</strong></span> <span class='ocrx_word' id='word_1_328' title='bbox 1076 4264 1111 4324; x_wconf 92' lang='lat' dir='ltr'>et</span> <span class='ocrx_word' id='word_1_329' title='bbox 1139 4259 1272 4325; x_wconf 91' lang='lat' dir='ltr'>Domini</span> <span class='ocrx_word' id='word_1_330' title='bbox 1298 4259 1402 4326; x_wconf 91' lang='lat' dir='ltr'>nostri</span> <span class='ocrx_word' id='word_1_331' title='bbox 1429 4258 1720 4341; x_wconf 85' lang='lat' dir='ltr'>longanimitatem</span> <span class='ocrx_word' id='word_1_332' title='bbox 1730 4247 1756 4339; x_wconf 75' lang='grc'>3)</span> <span class='ocrx_word' id='word_1_333' title='bbox 1780 4273 1827 4319; x_wconf 85' lang='lat' dir='ltr'>sa·</span> 
     </span>
     <span class='ocr_line' id='line_1_34' title="bbox 389 4360 1825 4448; baseline -0.004 -18"><span class='ocrx_word' id='word_1_334' title='bbox 389 4363 494 4431; x_wconf 86' lang='lat' dir='ltr'>lutam</span> <span class='ocrx_word' id='word_1_335' title='bbox 523 4362 746 4448; x_wconf 88' lang='lat' dir='ltr'>arbitremini,</span> <span class='ocrx_word' id='word_1_336' title='bbox 788 4364 875 4429; x_wconf 93' lang='lat' dir='ltr'>sicut</span> <span class='ocrx_word' id='word_1_337' title='bbox 912 4369 945 4429; x_wconf 88' lang='lat' dir='ltr'>et</span> <span class='ocrx_word' id='word_1_338' title='bbox 982 4364 1172 4429; x_wconf 86' lang='lat' dir='ltr'>carissimus</span> <span class='ocrx_word' id='word_1_339' title='bbox 1209 4362 1311 4429; x_wconf 83' lang='lat' dir='ltr'>frater</span> <span class='ocrx_word' id='word_1_340' title='bbox 1346 4367 1458 4428; x_wconf 88' lang='lat' dir='ltr'>noster</span> <span class='ocrx_word' id='word_1_341' title='bbox 1494 4361 1620 4427; x_wconf 87' lang='lat' dir='ltr'>Paulus</span> <span class='ocrx_word' id='word_1_342' title='bbox 1658 4360 1825 4428; x_wconf 86' lang='lat' dir='ltr'>secundam</span> 
     </span>
     <span class='ocr_line' id='line_1_35' title="bbox 390 4462 1825 4554; baseline -0.004 -22"><span class='ocrx_word' id='word_1_343' title='bbox 390 4466 503 4534; x_wconf 82' lang='lat' dir='ltr'>datam</span> <span class='ocrx_word' id='word_1_344' title='bbox 532 4466 596 4533; x_wconf 93' lang='lat' dir='ltr'>sibi</span> <span class='ocrx_word' id='word_1_345' title='bbox 623 4467 818 4553; x_wconf 88' lang='lat' dir='ltr'>sapientiam</span> <span class='ocrx_word' id='word_1_346' title='bbox 848 4468 981 4554; x_wconf 86' lang='lat' dir='ltr'>scripsit</span> <span class='ocrx_word' id='word_1_347' title='bbox 1007 4465 1124 4552; x_wconf 89' lang='lat' dir='ltr'>vobis,</span> <span class='ocrx_word' id='word_1_348' title='bbox 1164 4469 1221 4533; x_wconf 88' lang='grc'><strong>16.</strong></span> <span class='ocrx_word' id='word_1_349' title='bbox 1258 4468 1345 4533; x_wconf 89' lang='lat' dir='ltr'>sicut</span> <span class='ocrx_word' id='word_1_350' title='bbox 1372 4471 1406 4530; x_wconf 89' lang='lat' dir='ltr'>et</span> <span class='ocrx_word' id='word_1_351' title='bbox 1432 4466 1465 4530; x_wconf 88' lang='lat' dir='ltr'>in</span> <span class='ocrx_word' id='word_1_352' title='bbox 1493 4462 1648 4530; x_wconf 90' lang='lat' dir='ltr'>omnibus</span> <span class='ocrx_word' id='word_1_353' title='bbox 1678 4463 1825 4552; x_wconf 84' lang='lat' dir='ltr'>epistolis,</span> 
     </span>
     <span class='ocr_line' id='line_1_36' title="bbox 390 4567 1824 4660; baseline -0.005 -22"><span class='ocrx_word' id='word_1_354' title='bbox 390 4570 529 4660; x_wconf 88' lang='lat' dir='ltr'>loquens</span> <span class='ocrx_word' id='word_1_355' title='bbox 556 4572 590 4637; x_wconf 90' lang='lat' dir='ltr'>in</span> <span class='ocrx_word' id='word_1_356' title='bbox 618 4572 666 4637; x_wconf 92' lang='lat' dir='ltr'>eis</span> <span class='ocrx_word' id='word_1_357' title='bbox 694 4571 736 4636; x_wconf 88' lang='lat' dir='ltr'>de</span> <span class='ocrx_word' id='word_1_358' title='bbox 764 4570 827 4653; x_wconf 93' lang='lat' dir='ltr'>his,</span> <span class='ocrx_word' id='word_1_359' title='bbox 855 4572 887 4635; x_wconf 90' lang='lat' dir='ltr'>in</span> <span class='ocrx_word' id='word_1_360' title='bbox 916 4570 1036 4657; x_wconf 89' lang='lat' dir='ltr'>quibus</span> <span class='ocrx_word' id='word_1_361' title='bbox 1063 4576 1139 4637; x_wconf 89' lang='lat' dir='ltr'>sunt</span> <span class='ocrx_word' id='word_1_362' title='bbox 1167 4570 1330 4659; x_wconf 86' lang='lat' dir='ltr'>quaedam</span> <span class='ocrx_word' id='word_1_363' title='bbox 1359 4567 1508 4635; x_wconf 83' lang='lat' dir='ltr'>diflicilia</span> <span class='ocrx_word' id='word_1_364' title='bbox 1535 4568 1724 4657; x_wconf 86' lang='lat' dir='ltr'>intellectu,</span> <span class='ocrx_word' id='word_1_365' title='bbox 1752 4584 1824 4656; x_wconf 83' lang='lat' dir='ltr'>quae</span> 
     </span>
     <span class='ocr_line' id='line_1_37' title="bbox 389 4663 1875 4760; baseline -0.001 -19"><span class='ocrx_word' id='word_1_366' title='bbox 389 4674 517 4743; x_wconf 87' lang='lat' dir='ltr'>indocti</span> <span class='ocrx_word' id='word_1_367' title='bbox 545 4681 580 4742; x_wconf 91' lang='lat' dir='ltr'>et</span> <span class='ocrx_word' id='word_1_368' title='bbox 605 4672 781 4742; x_wconf 87' lang='lat' dir='ltr'>instabiles</span> <span class='ocrx_word' id='word_1_369' title='bbox 817 4672 1021 4760; x_wconf 85' lang='lat' dir='ltr'>depravant,</span> <span class='ocrx_word' id='word_1_370' title='bbox 1060 4676 1146 4740; x_wconf 89' lang='lat' dir='ltr'>sicut</span> <span class='ocrx_word' id='word_1_371' title='bbox 1180 4682 1215 4741; x_wconf 89' lang='lat' dir='ltr'>et</span> <span class='ocrx_word' id='word_1_372' title='bbox 1250 4680 1402 4741; x_wconf 86' lang='lat' dir='ltr'>caeteras</span> <span class='ocrx_word' id='word_1_373' title='bbox 1429 4670 1636 4759; x_wconf 85' lang='lat' dir='ltr'>Scripturas,</span> <span class='ocrx_word' id='word_1_374' title='bbox 1674 4674 1718 4740; x_wconf 92' lang='lat' dir='ltr'>ad</span> <span class='ocrx_word' id='word_1_375' title='bbox 1743 4689 1824 4739; x_wconf 76' lang='lat' dir='ltr'>suaa</span> <span class='ocrx_word' id='word_1_376' title='bbox 1873 4663 1875 4670; x_wconf 74' lang='grc'><strong>’</strong></span> 
     </span>
     <span class='ocr_line' id='line_1_38' title="bbox 389 4777 1822 4866; baseline -0.003 -21"><span class='ocrx_word' id='word_1_377' title='bbox 389 4780 535 4865; x_wconf 89' lang='lat' dir='ltr'>ipsorum</span> <span class='ocrx_word' id='word_1_378' title='bbox 561 4779 794 4866; x_wconf 89' lang='lat' dir='ltr'>perditionem.</span> <span class='ocrx_word' id='word_1_379' title='bbox 844 4780 900 4843; x_wconf 80' lang='lat' dir='ltr'>ll.</span> <span class='ocrx_word' id='word_1_380' title='bbox 929 4778 1000 4844; x_wconf 90' lang='lat' dir='ltr'>Vos</span> <span class='ocrx_word' id='word_1_381' title='bbox 1027 4779 1140 4865; x_wconf 78' lang='lat' dir='ltr'>igitur,</span> <span class='ocrx_word' id='word_1_382' title='bbox 1167 4779 1300 4863; x_wconf 86' lang='lat' dir='ltr'>iratres,</span> <span class='ocrx_word' id='word_1_383' title='bbox 1327 4779 1556 4864; x_wconf 85' lang='lat' dir='ltr'>praescientes</span> <span class='ocrx_word' id='word_1_384' title='bbox 1584 4777 1765 4854; x_wconf 83' lang='lat' dir='ltr'>custodite,</span> <span class='ocrx_word' id='word_1_385' title='bbox 1789 4792 1822 4840; x_wconf 81' lang='lat' dir='ltr'>oe</span> 
     </span>
    </p>
   </div>
   <div class='ocr_carea' id='block_1_5' title="bbox 385 4963 1821 5108">
    <p class='ocr_par' dir='ltr' id='par_1_5' title="bbox 385 4963 1821 5108">
     <span class='ocr_line' id='line_1_39' title="bbox 492 4963 1821 5039; baseline -0.002 -14"><span class='ocrx_word' id='word_1_386' title='bbox 492 4970 629 5039; x_wconf 50' lang='lat' dir='ltr'>¹‚illattln</span> <span class='ocrx_word' id='word_1_387' title='bbox 655 4974 704 5035; x_wconf 78' lang='lat' dir='ltr'>st,</span> <span class='ocrx_word' id='word_1_388' title='bbox 728 4973 830 5025; x_wconf 70' lang='lat' dir='ltr'>lass.</span> <span class='ocrx_word' id='word_1_389' title='bbox 866 4968 980 5037; x_wconf 84' lang='lat' dir='ltr'>²]llom.</span> <span class='ocrx_word' id='word_1_390' title='bbox 999 4972 1030 5034; x_wconf 88' lang='lat'>8,</span> <span class='ocrx_word' id='word_1_391' title='bbox 1052 4973 1164 5035; x_wconf 65' lang='lat' dir='ltr'>tason.</span> <span class='ocrx_word' id='word_1_392' title='bbox 1199 4974 1275 5034; x_wconf 80' lang='lat' dir='ltr'>lpoc.</span> <span class='ocrx_word' id='word_1_393' title='bbox 1294 4974 1458 5032; x_wconf 77' lang='lat' dir='ltr'>²t‚2.seo.</span> <span class='ocrx_word' id='word_1_394' title='bbox 1493 4968 1571 5021; x_wconf 85' lang='lat' dir='ltr'>llebr.</span> <span class='ocrx_word' id='word_1_395' title='bbox 1593 4971 1640 5032; x_wconf 82' lang='grc'>12,</span> <span class='ocrx_word' id='word_1_396' title='bbox 1663 4972 1773 5033; x_wconf 63' lang='lat' dir='ltr'>atsto.</span> <span class='ocrx_word' id='word_1_397' title='bbox 1800 4963 1821 5022; x_wconf 75' lang='lat'>⁸&gt;</span> 
     </span>
     <span class='ocr_line' id='line_1_40' title="bbox 385 5042 711 5108; baseline 0 -12"><span class='ocrx_word' id='word_1_398' title='bbox 385 5042 458 5097; x_wconf 79' lang='lat' dir='ltr'>lara.</span> <span class='ocrx_word' id='word_1_399' title='bbox 477 5044 501 5097; x_wconf 74' lang='lat' dir='ltr'>a.</span> <span class='ocrx_word' id='word_1_400' title='bbox 535 5042 650 5108; x_wconf 71' lang='lat' dir='ltr'>tonat,</span> <span class='ocrx_word' id='word_1_401' title='bbox 671 5043 711 5096; x_wconf 85' lang='grc'><strong>14.</strong></span> 
     </span>
    </p>
   </div>
   <div class='ocr_carea' id='block_1_6' title="bbox 0 0 2226 5825">
    <p class='ocr_par' dir='ltr' id='par_1_6' title="bbox 0 0 2226 5825">
     <span class='ocr_line' id='line_1_41' title="bbox 0 0 2226 5825; baseline 0 6"><span class='ocrx_word' id='word_1_402' title='bbox 0 0 2226 5825; x_wconf 95' lang='lat' dir='ltr'> </span> 
     </span>
    </p>
   </div>
  </div>
 </body>
</html>
