4442 5825
791 636 1195 696 erumnsrmnmrsros.
1229 640 1358 696 umes.
1718 647 1794 716 οη

380 809 528 888 pneteritis,
542 818 577 870 ut
590 810 708 887 doceat,
731 813 823 874 etiem
839 811 949 887 lntnrs,
966 833 1047 894 quse
1102 835 1206 877 rerum
1217 835 1336 877 sensum
1348 824 1493 897 petsmm.
1515 816 1623 889 Moses,
1638 824 1799 897 postquem

378 896 579 974 promittuntur,
594 900 661 977 peri
677 899 858 961 certitudine
874 899 945 960 fidei
961 902 1048 962 nobis
1101 900 1194 975 dixit,
1221 905 1253 963 in
1274 904 1421 983 principio
1436 903 1534 963 Deum
1554 902 1666 964 iecisse
1682 902 1798 965 coelum

378 982 573 1045 ustenende.
596 986 660 1046 Per
674 985 780 1062 fldem,
798 987 912 1067 inquit,
927 989 1048 1048 intelli·
1102 999 1133 1048 et
1147 997 1273 1064 terrem,
1300 990 1443 1068 subjecit:
1472 991 1573 1050 Terra
1596 997 1702 1050 autam
1730 997 1799 1050 orat

373 1068 453 1144 ainus
466 1089 521 1130 nos
537 1069 670 1133 Hebraei
691 1067 788 1153 (qnod
807 1072 979 1153 philosophi
995 1095 1046 1136 ns·
1101 1078 1255 1136 inaniret
1270 1094 1390 1152 vacua,
1407 1077 1483 1148 sive,
1497 1075 1683 1136 secundnum
1698 1075 1797 1137 LXX.

376 1154 445 1215 tsrrli
458 1156 574 1218 ratione
589 1161 709 1239 emequi
724 1180 783 1221 non
798 1168 975 1240 potnerunt,
989 1162 1047 1221 nisi
1101 1156 1191 1241 (qnos
1218 1161 1339 1222 assidue
1364 1180 1437 1243 pree
1463 1161 1557 1221 oculis
1586 1162 1679 1222 hebet
1706 1162 1798 1241 hujus

371 1243 491 1322 perpsnd
521 1251 551 1303 et
579 1243 785 1325 imperfecte),
821 1246 948 1306 saecula
986 1266 1047 1308 ssss
1100 1248 1258 1328 Epistolse
1271 1244 1425 1326 scriptor),
1448 1249 1617 1309 invisibilis
1632 1255 1661 1309 st
1676 1251 1799 1309 incom-

371 1333 482 1405 otas,
499 1328 530 1389 id
546 1338 593 1391 eet
607 1330 751 1394 mnndum
770 1333 906 1414 pertibus
922 1334 998 1394 inter
1013 1353 1047 1394 se
1097 1337 1212 1411 posita.
1243 1335 1417 1396 Invisibilia
1431 1334 1558 1415 quidem,
1574 1337 1644 1414 quis
1657 1344 1800 1415 cooperte

371 1416 497 1495 sosptstis
512 1417 621 1478 lectum
637 1430 811 1502 esscetque
825 1428 1047 1497 constructnm3
1100 1422 1204 1501 equis,
1231 1439 1306 1500 ques
1328 1421 1464 1500 undique
1494 1422 1640 1482 tenebrae
1664 1421 1799 1482 involve·

371 1497 442 1581 iique
456 1504 552 1564 verbo
568 1505 641 1577 Dei,
658 1503 690 1564 id
705 1514 751 1568 est
765 1505 829 1567 solo
841 1507 901 1566 Dei
913 1507 1047 1587 imperio,
1100 1509 1190 1584 bsnt3
1213 1508 1345 1568 nondnm
1362 1507 1442 1568 eninr
1457 1516 1520 1569 eret
1534 1508 1589 1568 lnx
1604 1506 1737 1584 condits3
1753 1509 1797 1568 in·

371 1604 416 1669 pso
427 1588 538 1663 voluit,
555 1599 588 1650 ut
603 1592 646 1651 its
661 1591 755 1653 deret.
788 1593 856 1654 Iloc
872 1594 951 1654 enim
967 1594 1047 1654 Scri·
1101 1597 1271 1674 compositu
1285 1613 1365 1666 vero,
1387 1595 1462 1673 quie
1477 1596 1598 1656 carebat
1614 1603 1730 1666 ornatu,
1745 1595 1799 1673 qui

371 1681 440 1756 ptem
453 1673 557 1738 divine
578 1696 633 1738 nos
656 1677 744 1739 docet
759 1679 833 1741 Gen.
851 1685 879 1740 1.
913 1680 1048 1740 Primum
1100 1680 1294 1760 sequentibus
1320 1679 1428 1742 dicbus
1454 1682 1482 1740 ei
1506 1683 1641 1742 accessit
1679 1679 1742 1742 Sed
1767 1688 1799 1740 et

371 1778 414 1823 ton
440 1760 513 1822 dicit
542 1763 695 1825 obsolute:
725 1767 947 1844 intellipimsss,
979 1765 1047 1827 sed:
1101 1768 1218 1827 coelum
1244 1767 1326 1827 initio
1354 1765 1475 1846 quidem
1502 1767 1570 1828 lnce
1594 1787 1740 1839 vacuum,
1768 1773 1799 1826 et

371 1845 650 1927 utintelliyimsss,
668 1850 699 1913 id
713 1862 760 1913 est
774 1853 934 1914 credimus.
969 1852 1055 1941 Num
1101 1873 1158 1934 per
1171 1854 1228 1915 hoe
1244 1852 1410 1930 invisibile3
1434 1853 1543 1915 deinde
1561 1874 1632 1914 vero
1647 1872 1744 1936 usque
1758 1852 1799 1913 sd

371 1934 545 2013 flelliasm
561 1957 616 2017 per
630 1958 664 1999 se
678 1947 836 2021 sumptum,
852 1938 957 2000 referri
972 1939 1049 2000 solet
1101 1950 1239 2019 quartum
1255 1938 1333 2000 diem
1349 1938 1428 2013 sole,
1443 1940 1531 2012 luna,
1558 1950 1589 2001 et
1602 1941 1698 2002 stellis
1713 1939 1800 2000 velut

371 2018 521 2103 deliquid
536 2026 651 2085 ratione
662 2035 845 2108 perceptum.
868 2026 963 2086 Porro
977 2045 1047 2087 sae·
1101 2037 1207 2088 ornetn
1223 2046 1279 2086 suo
1295 2024 1490 2100 destitutum,
1505 2026 1633 2106 ideoque
1649 2029 1799 2107 incompo-

371 2107 426 2170 da
440 2110 586 2190 Apostolo
602 2111 836 2191 quaediosntnr,
852 2115 1047 2192 exposuimus
1101 2116 1189 2175 situm
1214 2112 1282 2172 luit
1320 2113 1387 2173 Hoc
1413 2115 1510 2193 ipsum
1536 2114 1634 2175 voluit
1659 2115 1799 2194 Sapiens,

371 2191 480 2256 sdillnd
496 2217 561 2279 cup.
580 2203 625 2258 1.:
654 2198 715 2258 Pes·
736 2201 918 2278 quemfecit
932 2206 962 2259 et
976 2218 1047 2259 sas·
1101 2220 1192 2282 qnnm
1208 2201 1301 2273 dixit,
1325 2198 1424 2261 Deum
1439 2218 1558 2261 measse
1572 2202 1679 2262 orbem
1693 2209 1799 2261 terra·

370 2280 443 2360 da,-
469 2282 661 2364 diximusque
683 2288 810 2348 saecvla
824 2284 1047 2367 synecdochice
1100 2305 1174 2349 rum
1190 2305 1228 2348 su
1238 2289 1375 2346 materia
1386 2289 1502 2360 invisa,
1519 2286 1578 2360 vel,
1594 2296 1627 2347 ut
1638 2289 1671 2348 in
1682 2285 1798 2349 Graeco

371 2371 452 2430 merri
470 2378 566 2432 totum
589 2371 647 2432 hoe
667 2374 856 2449 universnm3
879 2371 960 2452 qnod
980 2392 1046 2432 sse·
1101 2382 1164 2445 eet,
1178 2372 1335 2433 mundam
1353 2391 1390 2434 ee
1404 2375 1541 2433 materia
1555 2375 1701 2453 informi,
1725 2372 1798 2453 Sep.

371 2452 443 2529 tulis,
473 2456 504 2517 id
535 2468 582 2519 est
608 2466 772 2539 temporum
799 2458 1046 2532 revolutionibus,
1103 2466 1169 2532 11.,
1195 2463 1364 2519 materiam
1387 2463 1525 2520 invisam
1545 2465 1611 2521 sive
1626 2459 1799 2537 informem

371 2554 546 2604 mutetur.
584 2545 743 2606 Postremo
763 2547 892 2608 verbum
910 2548 973 2607 Dei
987 2567 1047 2606 non
1100 2565 1213 2607 vovens
1229 2545 1346 2606 coelum
1362 2554 1391 2605 et
1412 2555 1522 2608 terrem
1543 2546 1613 2609 luce
1631 2546 1730 2607 udlrnc
1752 2564 1798 2605 or·

371 2628 493 2709 'stelliffl’t
514 2631 641 2705 Filium,
667 2641 701 2692 ut
727 2634 851 2715 quidem
875 2639 1046 2712 exponunt3
1100 2643 1233 2712 natuque
1248 2643 1409 2693 verentem.

371 2712 541 2777 ulverbom
565 2717 728 2779 voluntatis
751 2730 780 2781 st
794 2721 931 2799 imperii,
956 2720 1046 2778 tritis·
1145 2721 1233 2779 Petet
1248 2721 1355 2799 igitur,
1379 2738 1439 2797 qno
1462 2738 1554 2779 sensu
1577 2719 1658 2780 dicet
1671 2720 1798 2800 Aposto-

371 2798 426 2864 ἰιο
451 2805 482 2864 in
508 2805 672 2884 Scripturis
701 2806 932 2887 significatione.
969 2806 1047 2866 Nem
1101 2807 1165 2880 lus,
1191 2825 1229 2866 ιο
1244 2806 1455 2867 invisibilibus
1478 2807 1617 2867 visibilia
1631 2807 1722 2885 saeta
1737 2824 1799 2866 esse

371 2882 465 2952 lusce
482 2911 542 2953 nvn
557 2900 604 2953 est
622 2884 707 2973 λόγῳ
730 2894 782 2956 sed
806 2881 921 2973 ῥήματι
928 2937 939 2968 ,
966 2890 1048 2973 quod
1102 2913 1149 2969 sa,
1167 2913 1248 2970 quas
1262 2894 1353 2972 saeta
1365 2901 1459 2972 κοπίς
1474 2914 1583 2973 nempe
1594 2895 1668 2975 quis
1683 2892 1799 2955 eoelum

371 2971 550 3038 isffilionci
563 2978 790 3042 dicinonsolet.
814 2980 1048 3040 Alluditeutem
1102 2989 1132 3040 st
1156 2989 1236 3041 terre
1257 2983 1384 3058 primum
1407 2981 1539 3043 tenebris
1565 2979 1687 3041 horride
1709 2989 1799 3059 etque

371 3058 564 3126 tdssrmonem
578 3067 760 3148 Scripturas.
780 3069 865 3129 Siout
877 3068 955 3127 enim
969 3067 1047 3126 dixit
1101 3065 1242 3128 informis
1257 3066 1338 3127 iectu
1356 3076 1443 3144 sunt3
1467 3061 1577 3128 deinde
1600 3067 1715 3129 lumine
1729 3066 1798 3128 illn-

371 3144 450 3211 Deus:
479 3153 556 3213 Fiat
571 3154 645 3230 lvx,
673 3154 730 3231 flat
743 3156 981 3233 firmamentum
990 3198 1000 3227 ,
1017 3160 1048 3211 et
1100 3162 1202 3225 suste,
1219 3173 1378 3234 rerumque
1389 3155 1496 3214 formis
1507 3152 1654 3216 adornate
1665 3152 1798 3215 fuerunt

371 3243 470 3298 nasis
483 3238 673 3319 hujusmodi,
689 3261 769 3322 quae
784 3239 878 3302 refert
892 3240 1047 3319 Scriptura
1100 3240 1228 3301 Videtnr
1247 3242 1326 3301 enim
1350 3241 1405 3301 sub
1429 3241 1583 3302 invisibili
1606 3241 1797 3321 comprehen-

371 3317 427 3385 den.
443 3329 486 3398 1.,
511 3327 554 3387 sio
571 3330 660 3388 etism
675 3327 766 3389 dixit:
793 3328 869 3390 Fiat
883 3327 1002 3388 eaelum
1019 3333 1048 3386 et
1101 3327 1173 3388 dere
1187 3325 1247 3387 duo
1263 3326 1331 3399 ille,
1357 3346 1437 3402 quac
1452 3328 1550 3389 LXX.
1568 3336 1798 3408 expresserunt:

371 3411 455 3487 lma,
482 3416 620 3494 quemvis
642 3414 673 3474 id
696 3415 799 3476 eedem
823 3415 978 3494 Scriptura
1003 3420 1047 3472 te·
1100 3413 1260 3475 invisibile
1284 3421 1313 3474 st
1341 3416 1601 3490 incompositum,
1626 3415 1798 3494 praesertim

371 3498 453 3557 uerit
1101 3521 1168 3561 cum
1184 3501 1214 3560 in
1230 3499 1345 3561 Graeco
1365 3502 1405 3561 sit
1428 3500 1583 3562 hocloco:
1610 3519 1677 3563 nen
1693 3519 1799 3578 appa·

405 3583 441 3645 vs
464 3603 502 3647 aa
522 3586 734 3648 invisibilibus
760 3587 899 3647 visibilia
925 3587 1047 3664 flerent.
1101 3587 1260 3662 rentibus,
1292 3587 1375 3667 qnod
1401 3587 1554 3649 commode
1579 3588 1620 3649 sd
1641 3597 1798 3669 utrumque

371 3665 423 3730 llvc
431 3674 514 3734 mis
526 3675 695 3754 exponitur.
720 3673 749 3734 S.
759 3674 894 3734 Thomas
902 3675 933 3734 in
942 3694 1047 3733 comm.
1101 3674 1237 3735 refertur.
1276 3675 1366 3747 Dixi,
1396 3675 1512 3737 coelum
1535 3684 1567 3736 et
1591 3684 1712 3746 terrem,
1738 3693 1798 3735 non

371 3761 430 3836 etp
446 3763 472 3818 1.
489 3779 519 3838 q.
537 3761 587 3823 65.
603 3780 645 3821 er.
662 3765 691 3822 4.
715 3780 770 3839 per
790 3760 965 3822 invisibilia
983 3759 1050 3821 vult
1101 3778 1202 3822 sutem
1218 3760 1356 3831 saecule,
1377 3764 1464 3841 quis,
1480 3761 1562 3841 quod
1577 3764 1634 3822 sit:
1658 3780 1696 3823 aa
1711 3764 1798 3825 invi·

371 3839 483 3927 intelligi
498 3846 582 3909 idess
597 3867 651 3908 ssu
672 3848 807 3908 rationes
827 3866 943 3920 rerum,
970 3867 1049 3927 qnae
1101 3847 1243 3909 sibilibus
1258 3847 1395 3908 visibilia
1403 3894 1413 3923 ,
1429 3847 1468 3908 ad
1482 3849 1604 3910 soeculo
1619 3846 1723 3909 referri
1736 3867 1798 3909 nvn

371 3939 424 3989 nrt
436 3934 465 3992 in
480 3942 578 3994 mente
593 3933 714 4006 divine,
742 3954 780 3994 ex
803 3934 931 4014 quibus,
954 3933 984 3994 id
1004 3941 1050 3994 est
1102 3942 1216 4016 potest,
1244 3936 1318 4014 quis
1333 3953 1430 4012 genus
1455 3943 1500 3996 est
1519 3935 1684 4008 diversum,
1710 3944 1745 3996 ut
1760 3954 1799 3995 ex

371 4019 515 4079 mundum
538 4040 615 4099 ques
638 4020 784 4102 products
806 4029 876 4082 eunt
899 4021 1047 4094 visibilia,
1102 4020 1218 4082 Grseco
1248 4019 1438 4081 menifestum
1468 4031 1521 4083 est.
1562 4022 1691 4084 Sensum
1721 4022 1799 4082 hunc

371 4095 446 4163 idest
459 4125 509 4167 res
525 4126 628 4167 omncs
648 4115 778 4168 mesico.
803 4108 866 4168 Alii
881 4125 919 4168 ex
933 4110 1048 4169 invisi·
1101 4107 1233 4168 breviter
1261 4107 1462 4169 indicavimus
1494 4110 1527 4170 in
1563 4108 1680 4170 dictetis
1710 4128 1799 4189 snper

371 4184 481 4267 bilibus,
509 4191 539 4254 id
555 4203 653 4254 estex
675 4193 785 4270 nihilo,
811 4194 950 4256 visibilia
965 4193 1049 4255 iectu
1102 4194 1279 4273 Magistrum
1306 4193 1356 4255 lib.
1380 4197 1409 4255 2.
1429 4194 1497 4257 dist.
1518 4198 1584 4269 12,
1609 4194 1800 4273 eundemque

372 4271 597 4359 interpretentur.
621 4280 703 4342 Nihil
718 4282 798 4341 enim
813 4289 874 4341 turn
887 4280 1047 4353 invisibile,
1102 4279 1196 4341 trudit
1210 4278 1376 4358 stetsmus
1399 4282 1430 4343 in
1450 4282 1541 4362 hujus
1561 4282 1622 4343 loci
1641 4288 1797 4344 comment.

371 4366 825 4446 qronqoodomninonihilcsc
848 4368 1049 4448 Jnxtnqnnm
1146 4366 1209 4428 Sed
1238 4376 1297 4439 est,
1334 4367 1417 4447 qnod
1446 4369 1564 4430 obstere
1593 4372 1622 4431 ei
1650 4367 1798 4429 videntur.

371 4453 570 4529 npcsiuonsn
601 4454 716 4515 dictum
746 4465 792 4515 est
816 4456 873 4515 hoc
902 4453 1048 4515 adversus
1102 4451 1238 4515 Graecus
1262 4455 1340 4516 enim
1364 4463 1465 4516 textus
1487 4459 1531 4517 sio
1551 4456 1659 4517 hebet:
1689 4447 1745 4523 Ele
1763 4447 1799 4513 τὸ

371 4532 565 4620 pilosophos,
588 4550 651 4602 tsm
667 4541 815 4616 Grsecos,
837 4561 925 4622 quem
941 4540 1047 4601 berbe-
1102 4534 1145 4619 μὴ
1161 4531 1384 4619 ἐκφαινομένων
1396 4535 1435 4601 τὰ
1448 4534 1620 4621 βλεπόμενα
1632 4533 1799 4620 γεγονέναι,

371 4637 418 4701 Μ,
446 4626 571 4705 quibus,
602 4648 640 4689 ex
668 4627 761 4689 nihilo
791 4629 857 4690 fieri
882 4629 1049 4708 quippiam,
1101 4636 1138 4688 vt
1153 4646 1221 4689 non
1237 4631 1466 4706 apparentium
1481 4650 1529 4706 sa,
1545 4630 1799 4707 quasvidsntur,

371 4704 538 4791 hpossibsse
553 4733 672 4796 semper
687 4715 821 4776 habitum
837 4714 903 4775 luit.
935 4714 1049 4777 Verum
1102 4715 1225 4792 flarent.
1249 4716 1340 4795 Quod
1355 4716 1474 4795 quidem
1489 4720 1532 4778 ite
1547 4718 1652 4778 vertit:
1678 4717 1718 4778 Ut
1731 4732 1799 4779 non

371 4795 426 4874 pris
444 4817 506 4861 nvn
529 4808 576 4862 est
598 4801 769 4881 Scriptores
789 4800 991 4875 consuetudo,
1017 4808 1051 4861 nt
1102 4805 1333 4879 apparentium
1348 4805 1528 4879 spectacula
1542 4803 1663 4881 fluent.
1695 4803 1798 4883 Expo-

371 4899 405 4958 ι,
432 4902 515 4963 quse
543 4896 617 4948 non'
632 4896 718 4960 sunt,
755 4887 922 4951 invisibilis
954 4897 1050 4961 vocet,
1102 4890 1148 4949 nit
1163 4896 1263 4950 entem
1278 4888 1335 4949 hoo
1350 4889 1454 4951 modo:
1479 4888 1522 4950 Ut
1536 4909 1587 4962 es,
1614 4908 1694 4971 quse
1716 4890 1798 4950 laets

371 4967 522 5051 lpustolus
543 4982 641 5035 sutem
665 4973 903 5058 adscripturum
923 4975 1052 5037 Genesis
1102 4983 1187 5049 sunt,
1214 4983 1315 5038 essent
1337 4976 1424 5037 nobis
1446 4976 1620 5055 spectsculs
1642 4976 1799 5056 quaedem,

371 5056 456 5121 medi
482 5058 550 5123 sine
570 5060 663 5125 dubio
677 5064 826 5147 respicit:
853 5060 926 5127 inde
949 5063 1052 5145 potius
1103 5064 1137 5125 in
1158 5062 1267 5146 quibus
1284 5063 1449 5128 invisibilis
1462 5063 1524 5129 Dei
1549 5063 1799 5149 conspiceremus.
