4442 5825
442 587 517 657 644
958 574 1378 631 οοιιιιιιιιιιιιιιειιισιι.ιιι.

439 763 559 827 nentur,
585 754 674 833 quasi
699 751 794 814 dicat:
822 755 864 815 In
892 753 1005 831 quibas
1032 753 1071 813 ab
1099 771 1135 813 eo
1186 753 1312 825 inferre,
1335 753 1387 834 qui
1412 770 1476 811 mos
1501 758 1549 810 est
1572 747 1713 810 omnium
1737 748 1875 809 haeretico

439 845 649 920 scriptissant
661 841 818 918 quaedam
831 842 979 921 difficilia
991 848 1042 900 ete.
1060 839 1135 900 Sub·
1187 862 1267 918 rum3
1292 839 1467 921 praesertim
1490 837 1587 898 sicubi
1610 835 1805 916 intelligendi
1822 834 1876 896 litt-

320 968 322 973 .
435 929 747 1010 juugitenimzdicut
760 930 1134 1005 etcaeterasSeriptaras.
1188 927 1330 988 cultatem
1356 924 1456 985 adfert
1483 924 1669 985 obscuritas.
1703 923 1797 1004 Quod
1820 923 1877 982 adeo

440 1015 571 1118 Qpidam
586 1015 706 1088 volunt,
731 1007 762 1072 ἓν
786 1006 840 1085 οἷς
863 1018 990 1097 positum
1007 1036 1079 1094 pro:
1103 1004 1135 1070 ἐν
1187 1035 1298 1089 verum,
1323 1021 1357 1073 ut
1378 1013 1464 1072 nulla
1488 1010 1580 1073 fuerit
1605 1013 1751 1072 haeresis
1774 1021 1830 1070 tarn
1842 1011 1878 1070 ab

440 1119 497 1172 αις
504 1126 516 1180 ,·
556 1110 608 1162 aut
645 1110 725 1162 certe
760 1104 925 1163 scribarum
956 1104 1069 1162 incuria
1097 1102 1134 1159 ir·
1188 1101 1286 1176 surda,
1310 1119 1388 1181 qnae
1404 1119 1463 1160 non
1479 1097 1712 1180 exscriptoris
1728 1096 1878 1179 sibipatrr

438 1191 571 1270 repsisse
586 1204 602 1246 o
617 1208 671 1268 pro
687 1204 716 1248 α.
751 1187 830 1249 Nam
846 1199 875 1251 et
891 1211 909 1249 a
924 1189 1057 1250 Roberto
1073 1195 1136 1246 tres
1188 1190 1300 1250 oinium
1315 1193 1488 1249 assumeret.

441 1277 559 1338 codices
583 1283 779 1350 annotantur,
805 1279 835 1336 in
859 1276 968 1357 quihus
991 1277 1136 1354 scriptum
1231 1274 1715 1350 sicaeeecaeeerassertpraras.
1732 1272 1879 1353 Hacparte

439 1364 545 1424 tuerit:
568 1354 599 1420 ἐν
622 1353 688 1431 αἷς.
720 1362 808 1442 Quae
832 1365 857 1424 si
880 1383 953 1426 vera
976 1374 1022 1424 est
1044 1362 1135 1422 lectio
1189 1363 1285 1442 (quod
1307 1363 1384 1423 bene
1407 1360 1571 1421 notandum
1593 1357 1657 1436 est)
1682 1361 1796 1420 Petrus
1810 1379 1878 1420 cauo

440 1448 533 1533 (quod
549 1455 650 1511 nmen
665 1471 725 1509 non
741 1449 832 1511 facile
848 1446 1041 1527 affirmarim),
1065 1450 1134 1509 faci·
1188 1452 1277 1524 niaat,
1297 1459 1331 1509 ut
1346 1452 1387 1509 ita
1402 1449 1525 1528 loquar,
1550 1445 1581 1506 id
1606 1456 1670 1522 est,
1697 1448 1731 1507 iu
1754 1466 1878 1508 cauoueu

438 1538 498 1599 lior
513 1544 558 1597 est
573 1540 811 1599 commentarius.
1187 1556 1339 1598 sacrarum
1368 1536 1590 1615 scripturarum
1619 1531 1777 1595 adscribit
1804 1544 1878 1614 atque

482 1625 575 1685 Porro
598 1624 683 1684 locus
705 1625 754 1684 hie
778 1624 902 1686 evidens
924 1633 972 1684 est
991 1622 1136 1683 adversus
1189 1625 1350 1686 canonicas
1373 1621 1447 1684 iacit
1470 1620 1628 1703 Epistolas
1651 1621 1758 1682 Pauli.
1785 1620 1879 1680 Dicens

439 1714 596 1783 sectarios,
622 1711 778 1786 docentes,
806 1712 993 1791 scripturam
1020 1729 1136 1769 sacram
1189 1713 1284 1772 enim:
1307 1713 1388 1772 sicat
1407 1718 1437 1770 et
1452 1716 1593 1770 caeteras
1609 1709 1816 1785 Scripturas,
1836 1708 1878 1767 uti

438 1800 549 1881 ubique
565 1797 685 1858 facilem
701 1817 768 1859 esse
784 1807 815 1859 et
829 1799 966 1859 omnibus
981 1796 1137 1857 intellectu
1189 1818 1247 1879 que
1263 1797 1424 1880 significat,
1441 1818 1472 1858 sc
1487 1797 1576 1856 etiam
1594 1794 1667 1855 illas
1682 1797 1718 1856 in
1729 1797 1877 1876 Scriptura

438 1889 582 1968 perviam.
598 1887 676 1945 Nam
692 1887 913 1966 apertissimum
930 1882 1137 1946 esthocPetri
1188 1907 1252 1945 rum
1278 1906 1404 1946 nurnero
1429 1883 1551 1944 habere.
1590 1883 1641 1942 De
1670 1886 1770 1944 sacris
1796 1891 1879 1942 autea

440 1973 652 2045 testimonium,
674 1973 705 2030 in
722 1974 766 2045 iis,
783 1992 862 2052 quae
878 1974 998 2052 scripsit
1014 1970 1137 2041 Paulus,
1187 1974 1348 2053 scripturis
1364 1993 1429 2032 eum
1444 1971 1538 2051 loqui,
1553 1971 1586 2029 in
1597 1968 1746 2030 confesso
1758 1978 1811 2030 est
1828 1967 1879 2028 tta

441 2079 508 2120 esse
531 2060 679 2139 quaedam
703 2059 857 2120 intellectu
881 2058 1022 2130 difficilia,
1049 2055 1137 2118 simul
1188 2060 1312 2141 aliquas,
1336 2059 1388 2120 sed
1410 2078 1512 2119 omnes
1535 2057 1605 2135 ejus
1630 2057 1794 2137 Epistolas
1816 2075 1878 2116 cora

440 2144 595 2220 indicans,
627 2155 656 2205 et
684 2149 810 2207 cacteris
833 2147 992 2226 Scripturis
1016 2143 1047 2204 id
1071 2161 1138 2203 esso
1189 2146 1354 2227 prehendit,
1370 2148 1458 2206 etism
1474 2144 1565 2217 illam,
1582 2164 1667 2224 quae
1683 2143 1727 2203 ad
1738 2144 1879 2205 Hebraeos

441 2251 603 2307 commuue,
620 2233 701 2313 quod
713 2242 744 2294 et
758 2235 908 2307 eas,sicut
916 2233 1005 2292 Pauli
1017 2232 1137 2311 scripte,
1191 2237 1302 2316 scripta
1325 2242 1380 2308 est,
1402 2240 1436 2292 ut
1458 2230 1588 2310 intelligi
1612 2238 1721 2312 potest
1737 2253 1777 2293 ex
1791 2249 1877 2312 supra·

441 2321 611 2400 depravent
631 2321 768 2382 homines
794 2321 916 2383 indocti.
949 2319 1138 2402 Quamquam
1190 2320 1287 2382 dietis.

441 2408 506 2479 hoc,
529 2418 590 2467 tam
606 2407 643 2467 de
658 2408 795 2470 Panlinis
811 2408 973 2489 Epistolis,
996 2427 1085 2486 quam
1102 2404 1139 2464 de
1234 2411 1384 2469 Aderam
1393 2410 1535 2486 ipsoram
1542 2406 1776 2482 perditionem.
1785 2406 1878 2480 Saum,

442 2496 566 2557 caeteris
578 2495 747 2576 seripturis,
760 2499 816 2557 etsi
825 2497 931 2557 Petrus
943 2516 1004 2555 non
1016 2494 1139 2564 diceret,
1190 2497 1322 2560 Graece:
1349 2497 1529 2573 propriam.
1566 2493 1637 2553 Non
1671 2513 1770 2554 causa
1799 2493 1879 2554 finalis

441 2602 491 2644 res
507 2591 608 2641 nmen
623 2583 690 2662 ipsa
706 2584 832 2657 clamat,
857 2604 909 2644 eas
926 2583 1079 2662 plerisque
1095 2579 1136 2639 lo·
1192 2585 1387 2665 significatur,
1405 2581 1457 2644 scd
1473 2589 1600 2643 eventus
1617 2590 1649 2641 et
1666 2581 1806 2661 sequela.
1830 2581 1877 2640 De

442 2672 486 2732 cis
518 2668 558 2729 sd
589 2668 816 2752 intelligendum
843 2670 1031 2731 difficillimas
1062 2686 1137 2727 esse.
1190 2671 1370 2753 torquebant
1390 2672 1469 2731 enim
1492 2668 1669 2746 Scripturas
1694 2667 1736 2728 ad
1759 2666 1879 2728 falsart

443 2754 533 2836 Quod
548 2775 607 2814 non
623 2757 717 2817 solum
733 2766 835 2818 nostra
851 2757 888 2817 ab
904 2756 1061 2817 haereticis
1077 2754 1136 2813 dis·
1192 2778 1333 2841 perversa
1355 2756 1511 2838 dogmata,
1536 2773 1619 2835 quae
1635 2764 1701 2813 tam
1718 2775 1780 2827 eos,
1803 2773 1877 2834 quau

442 2843 542 2903 sensio
551 2844 732 2923 comprobat,
744 2865 850 2906 verum
862 2845 992 2904 maxime
1005 2845 1137 2923 ipsorum
1191 2866 1294 2908 eorum
1310 2845 1475 2926 discipulos
1486 2840 1684 2902 adducebant
1696 2843 1729 2902 in
1740 2843 1877 2902 interitum

444 2928 482 2990 de
505 2930 725 3008 Scriptursrum
746 2931 884 2993 sensibus
912 2930 1031 2992 assidue
1060 2931 1139 2988 inter
1190 2955 1226 2994 ac
1241 2941 1367 2994 mortem
1383 2940 1546 2993 aeternam.

443 3036 475 3077 se
490 3015 720 3096 digladiantium
732 3039 834 3099 pugna
849 3026 961 3078 mutua.
1234 3020 1258 3081 J
1259 3040 1306 3079 am
1323 3027 1357 3079 ut
1371 3018 1584 3098 intelligamus,
1609 3034 1697 3095 quae
1712 3016 1823 3078 tuerint
1838 3014 1878 3076 ills

489 3106 576 3182 Quae
591 3104 713 3165 indocti
728 3114 757 3166 et
771 3105 933 3166 instabiles
949 3106 1139 3179 depravant.
1191 3105 1340 3187 dogmata,
1363 3105 1517 3166 sciendum
1533 3112 1591 3176 est,
1616 3109 1651 3161 ut
1668 3113 1817 3164 annotant
1830 3123 1876 3162 οι·

443 3190 581 3264 Inducti,
603 3191 737 3251 Graece:
761 3186 901 3270 ἀμαθεῖς
908 3236 918 3266 ,
942 3190 1023 3272 quod
1047 3191 1140 3249 etism
1191 3213 1245 3254 nes
1260 3212 1356 3273 paene
1371 3194 1557 3272 interpretes,
1573 3188 1704 3250 Petrum
1721 3189 1877 3252 verbisillis

444 3276 556 3337 Latine
580 3276 664 3338 reddi
689 3287 802 3357 potest:
826 3279 995 3352 indociles,
1021 3276 1139 3336 discere
1192 3280 1329 3359 proxime
1341 3280 1500 3358 expositis:
1516 3280 1557 3338 In
1568 3275 1687 3352 quibas
1702 3285 1780 3339 eant
1794 3295 1878 3355 qaae·

444 3364 588 3425 nolentes.
632 3365 729 3426 'Pales
755 3374 825 3426 sunt
852 3385 953 3425 omues
978 3363 1140 3437 haeretici,
1192 3366 1268 3426 dam
1290 3366 1437 3445 difficilia
1460 3364 1639 3438 intellecta,
1665 3383 1753 3441 qaae
1776 3361 1880 3425 indocti

445 3451 552 3511 nolunt
567 3453 645 3511 enim
660 3452 765 3512 audire
780 3452 951 3522 Ecclesiam,
977 3470 1055 3530 qnae
1074 3447 1141 3507 sola
1192 3461 1222 3514 et
1243 3454 1404 3514 instabiles
1426 3452 1609 3529 depravant
1631 3452 1680 3510 ad
1697 3471 1794 3512 suam
1808 3454 1878 3530 ipat·

447 3537 595 3598 columna
618 3545 661 3598 est
684 3547 713 3598 et
733 3539 972 3616 firmamentum
987 3537 1139 3608 veritatis,
1192 3559 1265 3601 ram
1276 3540 1498 3617 perditionem,
1509 3537 1663 3617 respicere
1676 3537 1720 3598 ad
1731 3537 1879 3601 doctrinm

448 3626 465 3683 1
479 3624 554 3683 ‘lim
569 3627 597 3685 3.
621 3624 711 3686 Unde
726 3636 757 3685 et
771 3626 933 3688 instabiles
947 3633 1027 3696 sunt,
1043 3620 1140 3692 idest,
1192 3626 1288 3700 Pauli,
1305 3647 1365 3707 qua
1381 3627 1492 3698 docuit,
1506 3645 1567 3686 non
1583 3643 1623 3683 ex
1637 3624 1720 3705 lege,
1742 3646 1839 3707 neque
1850 3641 1879 3683 ex

447 3711 512 3769 sine
533 3710 730 3772 firmamento.
769 3713 847 3773 Nam
870 3713 1030 3774 instabiles
1056 3711 1139 3781 dicit,
1192 3712 1332 3793 operibus
1353 3712 1502 3774 hominem
1521 3710 1697 3791 justificari,
1720 3714 1778 3773 sed
1800 3710 1878 3794 grafia

445 3815 505 3857 non
520 3817 615 3877 vagos
638 3809 669 3859 et
684 3801 896 3874 inconstantes,
919 3797 972 3860 sed
995 3797 1140 3874 infirmos
1192 3820 1245 3881 per
1268 3800 1359 3861 fidem
1382 3800 1459 3861 Jesu
1475 3798 1595 3859 Christi.
1635 3797 1723 3859 Hinc
1738 3801 1819 3861 enirn
1831 3794 1877 3858 eol·

444 3900 628 3960 scoparum
643 3886 761 3963 firmos,
778 3895 813 3947 ut
826 3888 914 3946 vertit
928 3886 1079 3946 Erasmus.
1100 3883 1137 3942 Id
1191 3886 1335 3966 ligebant,
1350 3907 1443 3967 opera
1458 3886 1537 3947 bona
1551 3903 1613 3945 non
1629 3904 1700 3945 esse
1714 3886 1878 3947 adsalutant

445 3971 525 4030 enirn
541 3980 629 4031 sonat
645 3971 763 4033 Graeca
777 3993 839 4034 vox
859 3964 1054 4051 ἀστήρικτοι,
1078 3990 1138 4051 qua
1191 3975 1369 4034 necessaria.
1415 3973 1503 4053 Quae
1529 3972 1620 4032 etiam
1646 3972 1878 4034 simonianam

444 4065 475 4115 et
505 4075 577 4118 usus
607 4061 770 4139 Apostolus
801 4081 865 4140 cap.
896 4080 996 4139 super.
1027 4080 1055 4117 v.
1090 4061 1137 4118 14.
1190 4060 1322 4121 haeresis
1345 4059 1416 4136 suit,
1440 4065 1620 4119 attestatur
1643 4058 1879 4140 Epiphaniusct

444 4141 658 4222 significantur
681 4158 789 4221 autem,
815 4149 865 4228 qui
880 4147 951 4207 fidei
966 4146 1136 4207 firmitatem
1189 4146 1407 4208 Theodoretus.
1444 4147 1592 4207 Dochina
1614 4165 1690 4206 vero
1716 4146 1773 4207 illa
1794 4143 1878 4213 Pauli.

443 4238 472 4291 et
486 4226 534 4305 (ut
548 4233 591 4291 ait
606 4234 753 4294 Dominus
772 4236 842 4295 Luc.
858 4231 901 4309 8.)
924 4234 1047 4295 radices
1069 4251 1136 4293 non
1189 4252 1277 4314 quarn
1293 4234 1366 4308 dixi,
1381 4234 1543 4314 praecipue
1559 4230 1695 4293 traditur
1707 4236 1740 4294 in
1751 4230 1879 4314 Epistols

440 4317 566 4379 babent.
593 4320 639 4380 Ex
656 4339 715 4399 quo
732 4320 841 4381 deinde
857 4322 994 4401 sequitur
1010 4320 1134 4380 instabi·
1189 4319 1227 4379 ad
1251 4322 1417 4396 Romanos3
1444 4321 1560 4380 tametsi
1577 4326 1606 4377 et
1623 4319 1655 4379 in
1672 4320 1744 4380 aliis
1760 4319 1878 4402 ejusden

440 4404 512 4465 litas
535 4414 567 4464 et
590 4407 788 4467 inconstantia
812 4407 972 4467 doctrinae.
1007 4409 1136 4483 Depra·
1187 4407 1274 4467 Pauli
1288 4406 1433 4488 Epistolis
1449 4408 1629 4480 continetur,
1652 4416 1690 4466 ut
1706 4409 1738 4467 in
1754 4426 1800 4483 ea,
1814 4422 1878 4489 quas

440 4500 538 4567 eant,
569 4490 700 4553 Graece:
733 4490 944 4571 στρεβλοῦσιν,
976 4500 1134 4570 torquent,
1189 4491 1227 4551 ad
1244 4492 1370 4555 Galatas
1386 4496 1497 4574 scripta
1513 4502 1568 4565 est,
1585 4501 1617 4552 et
1633 4497 1769 4574 sparsim
1784 4492 1878 4574 inlip‘r

440 4578 637 4656 detorquent.
676 4581 746 4640 Non
767 4583 846 4639 enim
869 4584 976 4654 sentit,
1000 4601 1049 4640 eos
1070 4602 1133 4640 cor·
1189 4579 1274 4640 stolis
1296 4582 1335 4641 ad
1358 4582 1518 4661 Ephesios,
1542 4580 1582 4640 ad
1608 4580 1879 4664 Philippenses&

439 4683 580 4745 rumpere
605 4687 657 4727 seu
673 4666 785 4727 falsare
802 4667 982 4747 Scripturas,
1005 4667 1086 4747 quod
1101 4668 1136 4728 fit
1188 4665 1225 4725 sd
1243 4664 1446 4729 Colossenses.
1473 4667 1552 4727 Illuc
1576 4675 1685 4730 autem
1702 4670 1826 4731 Petrum
1841 4685 1877 4727 re

439 4752 586 4827 addendo,
610 4762 661 4814 aut
684 4752 831 4815 demendo
848 4753 964 4831 aliquid
983 4752 1135 4833 (quamvis
1187 4755 1310 4832 spicere,
1335 4757 1464 4834 primum
1481 4774 1518 4814 ex
1535 4774 1572 4813 eo
1589 4756 1752 4832 probatur,
1778 4755 1879 4838 quia'u

439 4848 470 4898 et
492 4838 567 4899 illud
591 4841 629 4901 ab
652 4841 816 4901 haereticis
842 4859 902 4900 non
927 4859 994 4900 raro
1022 4839 1135 4900 iactum
1186 4840 1333 4919 Epistolis
1359 4842 1492 4902 Paulinis
1519 4842 1575 4901 vix
1603 4843 1692 4904 aliud
1721 4854 1783 4919 est,
1813 4837 1878 4923 quod

438 4924 531 4986 tuerit
545 4925 623 5001 olim,
642 4927 796 5007 hodieque
811 4922 886 5002 fiat),
909 4926 1008 4987 sedin
1025 4947 1134 5007 pravos
1187 4946 1283 5007 seque
1306 4930 1423 5008 possint
1440 4928 1579 4988 homines
1594 4928 1780 4994 libertatem
1794 4953 1829 4994 ac
1840 4927 1876 4988 de

438 5031 546 5074 sensus
561 5013 705 5077 vertendo
721 5022 752 5076 et
765 5012 1000 5096 contorquendo,
1016 5016 1076 5075 sim
1089 5015 1134 5074 eis
1186 5013 1297 5075 sideria
1332 5016 1429 5076 carnis
1455 5023 1595 5074 amantes
1628 5013 1756 5101 (quala
1784 5021 1878 5082 hacsi
