4442 5825
391 580 440 651 54
503 564 507 569 ’
906 570 1141 659 conumrssus
1158 570 1190 624 ιιι
1208 570 1274 624 cu.
1293 569 1321 625 ιι

389 751 536 811 inusitata
567 747 718 829 quaedam
745 755 775 806 ot
800 745 955 828 stupenda.
995 746 1087 806 Talia
1141 755 1294 822 operatur
1309 766 1394 808 uuus
1411 754 1507 822 atquc
1521 745 1604 804 idem
1620 747 1771 823 Spiritus,
1789 746 1839 805 ‹li-

388 1009 504 1090 majora
520 1017 591 1069 erint
606 1015 636 1068 et
651 1007 840 1069 mirabiliora.
863 1007 1004 1088 Denique
1019 1008 1087 1066 uir·
1142 1004 1180 1067 ed
1195 1009 1294 1070 Deum
1318 1006 1444 1080 referas,
1469 1006 1535 1065 sire
1558 1003 1595 1064 ad
1612 1005 1757 1084 Spiritum
1774 1024 1838 1065 san·

390 1103 470 1158 tutes
485 1102 640 1167 vocantur,
663 1092 744 1175 quod
764 1116 817 1174 per
832 1114 868 1154 ea
882 1093 967 1154 Deus
984 1094 1084 1172 singu·
1141 1099 1236 1168 ctum,
1264 1114 1369 1174 parum
1397 1095 1536 1165 interest,
1565 1091 1635 1170 quia
1658 1097 1689 1151 et
1711 1090 1839 1172 Spiritus

390 1185 454 1244 lere
476 1190 507 1243 et
530 1180 801 1243 extraordinarium
823 1180 960 1253 virtutis,
989 1178 1087 1239 idest
1141 1189 1260 1241 sanctus
1280 1182 1364 1241 Dens
1389 1191 1449 1252 est,
1475 1188 1504 1238 et
1524 1178 1686 1238 Trinitatis
1709 1175 1839 1239 indiviae

389 1271 545 1351 potentiae
560 1288 642 1343 suae,
657 1269 812 1348 specimen
828 1265 938 1327 ederet.
1140 1266 1297 1343 voluntas,
1314 1270 1433 1328 tametsi
1448 1267 1532 1326 locus
1547 1273 1728 1325 memoratus
1739 1267 1839 1345 Epist

433 1353 494 1418 Sed
508 1356 559 1417 bic
573 1374 676 1416 rursus
692 1375 759 1416 sese
782 1363 949 1416 commovet
964 1352 1084 1430 Cajeta·
1141 1353 1179 1414 ad
1195 1352 1264 1415 (lor.
1289 1353 1404 1426 suades,
1428 1361 1463 1412 ut
1484 1351 1524 1411 ad
1539 1353 1680 1432 Spiritum
1704 1360 1839 1412 sanctum

390 1463 455 1518 nus,
471 1451 501 1503 et
517 1462 555 1503 ex
572 1463 616 1516 eo,
637 1440 718 1524 qnod
733 1440 846 1502 Paulus
862 1440 980 1513 alicubi,
1003 1438 1087 1499 velut
1141 1439 1295 1502 referatur.

391 1528 429 1590 ad
451 1528 537 1590 Rom
564 1531 627 1601 15„
650 1530 689 1591 da
713 1549 745 1590 se
768 1535 909 1600 testatur,
934 1524 1015 1608 quod
1034 1545 1088 1606 per
1185 1527 1213 1587 5.
1237 1529 1312 1588 Nou
1338 1531 1422 1588 cuim
1451 1525 1574 1603 eupolis
1599 1524 1728 1598 subjecit
1756 1528 1839 1586 Deus

391 1618 489 1697 ipsum
505 1617 588 1676 Deus
606 1616 705 1677 effecit
720 1616 806 1696 signa
823 1625 851 1674 et
867 1613 1012 1693 prodigia,
1028 1611 1087 1672 col·
1142 1614 1247 1674 orbem
1270 1622 1375 1675 terrac
1396 1614 1563 1692 futurum,
1589 1612 1628 1671 dc
1650 1629 1712 1688 quo
1736 1612 1839 1689 loqui·

389 1704 464 1783 ligit,
476 1722 543 1764 eum
557 1722 621 1764 esse
633 1701 671 1765 de
682 1721 806 1765 numero
819 1721 930 1773 eornm,
946 1719 999 1780 por
1011 1717 1088 1779 quos
1142 1720 1223 1762 mar.
1247 1703 1333 1764 Deus
1349 1703 1379 1761 in
1395 1698 1511 1762 Graeco
1525 1708 1558 1759 et
1571 1698 1698 1778 Syriaco
1714 1721 1777 1759 non
1792 1719 1839 1760 or·

393 1791 483 1852 etiam
495 1791 526 1850 iu
536 1797 686 1851 auctorem
701 1789 792 1868 hujus
803 1787 960 1869 Epistulae
977 1787 1087 1849 veritae
1142 1789 1286 1869 primitur,
1310 1795 1344 1847 ut
1358 1807 1415 1849 nec
1428 1789 1460 1848 in
1484 1786 1619 1847 omnibus
1634 1783 1772 1862 Latinis,
1799 1785 1839 1847 ia·

392 1876 568 1955 evangelice
587 1877 627 1936 sit
650 1875 828 1947 confirmata,
852 1893 941 1956 quem
963 1870 1088 1954 proinde
1142 1874 1199 1935 cile
1225 1884 1328 1935 autem
1356 1873 1513 1954 suppletur
1539 1893 1577 1932 cx
1604 1879 1688 1950 parte
1714 1891 1839 1952 praece·

393 1962 524 2026 al’aulo
542 1963 694 2024 diversum
716 1980 799 2036 esse,
818 1962 908 2040 plane
931 1962 970 2019 sit
986 1978 1087 2019 couse—
1142 1960 1242 2022 dentc.
1264 1961 1360 2022 Porro
1374 1961 1520 2021 connexio
1533 1959 1625 2037 hujus
1641 1958 1759 2038 periodi
1775 1979 1839 2019 cum

393 2068 498 2129 quens.
533 2048 595 2110 Sed
618 2068 708 2130 quam
730 2049 847 2109 infirma
868 2050 905 2108 sit
928 2045 1004 2106 baec
1028 2044 1087 2106 col·
1142 2047 1402 2127 praecedentibus,
1425 2049 1456 2107 in
1471 2069 1531 2131 qna
1553 2045 1735 2128 explicanda
1751 2045 1839 2126 pleri·

303 2125 312 2146 ³
391 2135 490 2210 lectio,
513 2138 589 2197 satis
610 2134 739 2215 intelligi
759 2143 860 2216 potest
886 2156 923 2196 ex
940 2153 1029 2213 supra
1045 2130 1087 2192 di·
1143 2154 1203 2216 que
1217 2134 1364 2207 laborant,
1380 2134 1457 2194 Ιιιιιιο
1473 2135 1619 2196 rationem
1635 2130 1736 2193 habet.
1762 2133 1839 2194 Nam

393 2220 457 2283 ctis.
482 2222 579 2295 Adde,
606 2221 686 2304 qnod
709 2221 804 2282 forma
823 2221 1001 2301 argumenti,
1027 2238 1088 2299 quo
1142 2223 1277 2302 superior
1303 2223 1522 2301 argumentatio
1549 2220 1652 2280 Pauli:
1682 2221 1717 2280 Si
1745 2221 1839 2295 cuim,

393 2307 560 2390 cajetanus
576 2311 678 2383 utitur,
701 2307 858 2370 manifeste
873 2315 979 2389 peccat
994 2307 1025 2365 in
1042 2325 1088 2366 re·
1142 2311 1197 2386 qai
1209 2329 1270 2386 per
1285 2310 1415 2386 angelos
1429 2315 1494 2383 etc,
1517 2306 1668 2370 nitebatur
1692 2307 1839 2373 excellen-

392 2395 494 2476 gulam
508 2393 706 2457 dialecticam.
729 2395 840 2478 Neque
855 2395 933 2455 enim
949 2392 1014 2465 soii,
1037 2413 1089 2472 per
1142 2397 1184 2455 tia
1206 2394 1312 2456 Christi
1337 2415 1426 2475 supra
1450 2396 1591 2476 angelos,
1619 2413 1697 2470 quae
1719 2394 1839 2475 quidem

393 2500 470 2562 quos
485 2482 645 2563 Evangelii
669 2483 780 2545 veritas
796 2484 828 2543 in
842 2481 1003 2541 Hebraeos
1019 2499 1086 2540 con·
1142 2484 1217 2544 satie
1248 2481 1432 2563 abundeque
1459 2483 1586 2562 probata
1616 2479 1715 2540 iuerat
1746 2483 1839 2561 primo

392 2567 508 2630 firmata
531 2567 604 2642 tuit,
628 2571 716 2650 signa
738 2576 767 2628 et
788 2566 925 2651 prodigia
944 2566 1088 2642 fecerunt,
1142 2569 1250 2649 capite.
1281 2569 1502 2643 Veruntamen,
1530 2576 1564 2629 nt
1589 2566 1710 2647 plenius
1736 2567 1839 2629 lectori

393 2652 460 2717 cum
484 2656 574 2716 etiam
598 2653 637 2714 de
660 2656 706 2730 iis,
732 2656 784 2734 qni
808 2673 861 2735 per
876 2651 1088 2733 Apostolorum
1142 2654 1315 2729 satisfaciat,
1337 2654 1375 2715 ad
1392 2654 1526 2734 ejusdem
1549 2653 1749 2717 excellentiae
1765 2675 1839 2718 com·

393 2742 647 2821 praedicationem
671 2742 814 2802 credituri
830 2747 921 2812 erant,
944 2739 1089 2819 scriptum
1142 2741 1349 2822 probationem
1365 2741 1464 2804 adbuc
1480 2741 1561 2803 aliud
1577 2741 1681 2820 adjicit
1698 2761 1781 2802 nunc
1796 2762 1839 2821 ar·

394 2828 450 2888 sit:
466 2828 567 2906 Sioua
583 2847 644 2904 eos,
660 2832 717 2906 qui
731 2827 934 2902 credideriut,
950 2828 1026 2888 haec
1040 2844 1088 2888 aa·
1142 2840 1325 2910 gementum.
1339 2827 1429 2889 Unde
1444 2839 1474 2889 et
1488 2837 1567 2891 recte
1582 2847 1654 2888 usus
1669 2835 1715 2888 est
1727 2827 1839 2891 canali

393 2922 544 2993 quantur,
563 2915 657 2977 Marc.
674 2915 726 2975 ult
1142 2917 1307 2997 particula:
1332 2918 1425 2977 cuim.

437 3003 481 3063 Et
505 3004 645 3082 Spiritus
672 3002 776 3064 sancti
805 3000 1088 3064 distributionibus.
1185 3003 1244 3066 Est
1259 3012 1290 3065 et
1305 3003 1383 3063 alius
1406 3002 1512 3063 modus
1528 3003 1724 3064 connexionis
1740 3002 1839 3066 admo·

394 3087 610 3170 significantur
633 3087 813 3149 charismata
830 3086 960 3168 Spiritus
983 3090 1090 3162 sancti,
1143 3090 1212 3151 dam
1236 3089 1411 3172 probabilis,
1434 3092 1460 3151 si
1481 3090 1624 3162 (liumus,
1647 3090 1697 3150 bic
1714 3111 1839 3172 occupa·

394 3194 475 3256 quae
484 3177 599 3256 gratiae
607 3178 701 3257 gratis
711 3174 798 3235 datae
807 3174 1089 3237 vocanturaTheo·
1143 3179 1253 3240 donem
1270 3197 1347 3252 esse,
1371 3197 1432 3257 qua
1453 3185 1624 3239 occurratur
1648 3178 1740 3238 tacito
1756 3200 1839 3259 argu·

393 3261 479 3341 logis.
514 3264 666 3326 Dicuntur
695 3271 794 3323 autem
821 3262 961 3338 Spiritus
986 3265 1090 3324 suuni
1143 3274 1244 3326 mento
1259 3264 1476 3338 Hebraeomm,
1500 3284 1558 3345 qao
1575 3263 1720 3337 dicerent,
1745 3286 1839 3329 sacras

394 3348 645 3425 distributiones,
671 3348 788 3410 Graece
810 3340 961 3427 μερισμοὶ,
982 3353 1091 3427 porti-
1143 3352 1246 3412 literas
1262 3350 1378 3424 docere,
1402 3350 1482 3432 qnod
1497 3351 1598 3431 angeli
1617 3352 1677 3411 sint
1692 3353 1839 3435 principes

394 3437 504 3512 tiones,
530 3436 611 3519 quod
627 3457 662 3497 ea
679 3436 809 3516 Spiritus
824 3444 947 3498 sauctus
967 3437 1009 3498 ita
1022 3457 1089 3518 par·
1144 3459 1180 3499 ac
1195 3437 1400 3500 moderatores
1422 3437 1502 3499 orbis
1519 3447 1623 3513 terrae,
1647 3458 1775 3518 quorum
1791 3439 1839 3502 alii

394 3523 499 3585 tiretur
520 3525 600 3585 inter
621 3522 743 3595 fideles,
770 3533 803 3583 ut
825 3543 886 3584 nou
908 3526 959 3585 uni
982 3526 1090 3599 omnia,
1144 3526 1210 3588 aliis
1226 3526 1327 3606 regnis
1343 3524 1541 3605 praesideant,
1558 3527 1636 3586 Dan.
1655 3527 1722 3602 10,
1739 3535 1773 3586 ut
1788 3526 1839 3588 bar

394 3608 449 3672 scd
465 3609 532 3671 aliis
555 3612 617 3671 alia
638 3611 815 3690 largiretur,
839 3610 1091 3688 quemadmodum
1143 3610 1435 3675 rationaridcantur
1450 3610 1568 3675 Christo
1591 3613 1772 3694 superiores,
1797 3615 1839 3688 cui

395 3717 435 3758 ex
447 3692 582 3758 instituto
595 3695 728 3757 declarat
740 3698 904 3778 Apostolus
919 3701 934 3758 1
949 3697 1017 3759 Gor.
1031 3701 1091 3774 tu,
1143 3721 1238 3781 regna
1251 3708 1348 3761 terrae
1369 3698 1505 3780 subjecta
1525 3720 1585 3761 nou
1600 3699 1736 3779 legimus.
1761 3701 1839 3781 Apo·

393 3781 446 3844 ubi
470 3791 499 3845 et
521 3783 655 3863 ipsorum
679 3783 891 3845 charismatum
914 3786 1089 3847 varietatem
1143 3788 1214 3848 stoli
1227 3787 1383 3868 responsio
1397 3794 1451 3859 est,
1463 3787 1591 3867 Angelis
1603 3785 1727 3866 quidem
1740 3786 1839 3850 orbam

394 3880 558 3933 enumerat.
1142 3883 1240 3935 terrae
1266 3882 1453 3952 praesentem
1480 3873 1647 3952 subjectum
1673 3893 1758 3951 esse,
1784 3895 1839 3938 uou

437 3958 620 4020 Semurium
635 3975 727 4019 suom
742 3956 950 4020 uoluntatem.
976 3960 1088 4041 Quam·
1143 3972 1246 4023 umen
1265 3961 1427 4039 faturum,
1452 3961 1504 4042 qui
1527 3959 1618 4046 longe
1641 3962 1839 4039 praestantior

394 4044 441 4104 ris
455 4043 531 4104 haec
551 4062 620 4124 pars
643 4045 732 4104 otiam
755 4041 793 4102 ad
819 4046 973 4125 superiora
996 4046 1094 4125 possit
1143 4056 1197 4123 est,
1218 4056 1248 4108 et
1263 4045 1383 4108 Christo
1398 4048 1525 4129 principi
1543 4056 1689 4109 servatur.
1714 4047 1839 4128 Quaeri-

394 4128 524 4202 exteudi,
543 4128 576 4190 id
591 4138 638 4191 est
653 4128 691 4190 ad
709 4130 803 4209 signa,
827 4140 968 4212 portenta
986 4143 1017 4194 et
1030 4134 1087 4193 vir·
1143 4145 1193 4195 tur
1215 4153 1295 4213 ergo,
1321 4155 1409 4214 quem
1432 4133 1584 4217 intelligat
1607 4134 1713 4194 orbem
1737 4142 1839 4204 terro<

393 4221 494 4292 tutes3'
516 4214 590 4276 baec
612 4217 689 4277 enim
716 4216 815 4277 omnia
836 4219 922 4279 Deus
950 4227 1090 4299 operatur
1142 4223 1300 4300 futuram.
1328 4219 1563 4300 chrysostomus
1585 4220 1623 4281 de
1646 4221 1719 4281 orbe
1742 4232 1839 4284 terras

393 4300 556 4363 secuudum
580 4322 663 4364 suam
686 4303 886 4364 voluntatem:
909 4307 1030 4386 proprie
1046 4315 1088 4366 ta·
1143 4307 1294 4389 praesenti
1309 4327 1475 4369 sermonem
1493 4326 1560 4368 esse
1574 4305 1735 4380 contendit,
1753 4328 1839 4388 quem

392 4407 461 4450 meu
476 4398 600 4469 propter
615 4389 654 4462 id,
679 4388 759 4470 quod
775 4393 910 4470 proxime
927 4392 1089 4471 praecedit,
1141 4398 1290 4475 futurum
1315 4395 1375 4455 dici
1399 4396 1615 4475 interpretatur
1636 4402 1778 4473 respectu
1794 4416 1839 4457 aa·

393 4472 1089 4559 additaridetur,videlicetadsiguifieandum,
1144 4482 1289 4541 temitatia
1315 4477 1388 4541 Filii
1415 4480 1483 4541 Dei.
1530 4479 1598 4561 Quo
1632 4500 1723 4542 seusu
1755 4501 1839 4545 omns

393 4582 453 4622 nou
468 4581 534 4622 ease
547 4561 750 4641 quaerendam
764 4564 796 4622 ἰιι
811 4566 984 4644 particulari
999 4565 1088 4625 ratio·
1143 4575 1273 4627 creatum
1290 4565 1423 4627 iutumm
1439 4574 1491 4627 est.

392 4666 459 4707 uem
480 4646 699 4711 distributionis
715 4648 860 4711 donorum
876 4652 1005 4732 Spiritus
1021 4670 1087 4711 san·
1185 4654 1278 4716 Hunc
1329 4651 1538 4733 Chrysostomi
1595 4657 1839 4721 commentarium

393 4734 448 4810 cti;
470 4733 522 4795 sed
539 4735 673 4797 sufficere
696 4737 782 4798 nobis
797 4736 906 4799 debere
921 4737 1089 4815 beneplaci·
1142 4738 1390 4821 Thoopbylactus
1413 4741 1555 4822 seqnitur,
1580 4747 1664 4801 etex
1680 4742 1839 4803 neotericis

393 4828 456 4880 tum
473 4820 637 4883 voluntatis
653 4823 729 4902 ejus.
752 4822 802 4883 Ita
823 4822 892 4883 loeo
910 4824 974 4902 jam
997 4824 1088 4885 citato
1142 4825 1287 4888 nonnulli.
1312 4826 1410 4908 Quem
1427 4827 1701 4888 amanuenses
1716 4829 1838 4890 restrin-

393 4903 432 4965 ad
449 4905 523 4981 Cor,
539 4929 606 4969 cnm
623 4907 788 4970 divisiones
804 4912 970 4988 gratiarum
985 4930 1088 4972 recen·
1142 4914 1194 4992 git,
1210 4921 1240 4972 et
1251 4914 1390 4992 explicat,
1406 4921 1440 4973 ut
1454 4934 1514 4974 non
1527 4913 1666 4974 absolute
1679 4911 1716 4974 da
1728 4913 1839 4976 msrndo

392 4991 519 5073 suisset,
548 4994 691 5075 subjecit:
728 4997 815 5057 Haec
844 5003 950 5059 autem
980 5000 1090 5060 omnio
1142 5002 1294 5080 praesenti
1316 5000 1499 5081 accipiatur,
1522 4999 1577 5062 sed
1601 5002 1638 5063 ds
1661 5000 1839 5076 bominibus,
