4442 5825
785 609 1187 668 murorum-saeos.
1217 610 1420 665 erese-rr.
1766 617 1812 685 03

382 787 501 866 quietem
511 785 633 848 rabbuti
643 785 727 848 iacta
737 794 784 848 cst
795 796 902 849 octeva
915 785 970 862 die,
987 807 1066 868 quac
1118 788 1204 849 nubis
1218 807 1254 848 ac
1268 787 1402 868 praecipi
1413 784 1648 848 conformitatem
1661 806 1726 847 cum
1738 786 1814 861 Deo,

380 870 475 933 udern
489 872 657 934 secuudum
669 874 881 954 Evangelium,
894 883 960 937 erat
970 876 1067 954 prime
1118 884 1158 947 ut,
1185 876 1263 935 sicut
1278 875 1364 934 Dens
1380 874 1450 935 elim
1465 874 1618 955 requievit
1631 894 1651 934 ι
1665 875 1728 936 unis
1744 894 1813 955 ope·

378 957 499 1020 abbati.
522 961 573 1020 De
586 962 645 1022 hoc
659 961 861 1037 sabbatismo,
878 961 982 1034 idest,
996 961 1065 1022 bea·
1119 962 1209 1033 ribus,
1225 963 1268 1022 ite
1282 969 1314 1021 et
1328 981 1383 1021 nos
1398 982 1417 1023 a
1431 962 1542 1021 nostris
1558 961 1699 1041 operibus
1715 963 1815 1041 quies·

378 1054 466 1107 terum
495 1048 665 1108 animarum
694 1050 816 1128 requie,
849 1049 992 1130 scriptum
1021 1055 1067 1108 eet
1120 1066 1222 1108 cemm
1247 1066 1283 1107 ec
1309 1046 1468 1121 feriemur,
1494 1047 1655 1128 Deumque
1681 1050 1815 1110 sinamus

375 1135 461 1213 Apoe
477 1136 547 1195 ld:
563 1136 659 1196 Beati
669 1137 915 1213 mortui,quiirs
926 1136 1067 1197 Domino
1120 1153 1211 1214 egere
1238 1135 1269 1194 in
1294 1133 1382 1196 nobis
1407 1136 1513 1196 otiosis
1539 1155 1575 1195 ae
1593 1134 1669 1196 nihil
1695 1137 1815 1196 omnino

376 1222 567 1281 mutuentur.
589 1222 715 1283 Amodo
735 1225 805 1297 J'om
828 1222 904 1282 dicit
924 1224 1066 1298 spiritur,
1121 1220 1359 1300 cooperantibus.
1383 1220 1603 1303 Quaequidem
1619 1219 1657 1281 ab
1672 1220 1731 1282 illis
1745 1242 1814 1303 per·

375 1309 826 1384 ureqnseeeoueuiuborttm
839 1310 912 1370 ruis.
927 1309 1010 1369 Huic
1023 1308 1066 1368 in·
1121 1309 1175 1368 tim
1204 1316 1306 1369 contre
1335 1308 1504 1370 libertatem
1541 1308 1661 1369 humani
1693 1308 1816 1384 arbitrii,

375 1392 504 1455 tellectni
528 1404 700 1476 congruunt
724 1404 753 1456 et
775 1415 827 1470 ee,
853 1415 931 1476 quae
951 1395 1000 1455 hic
1020 1413 1067 1454 ee·
1121 1395 1225 1475 purtim
1256 1403 1360 1457 contra
1388 1395 1532 1457 bonerum
1558 1413 1682 1477 eperum
1710 1396 1815 1457 merita

378 1491 521 1562 qenntur:
1121 1480 1268 1555 dicuntur,
1290 1502 1351 1543 non
1372 1485 1472 1545 minus
1493 1483 1594 1562 impie,
1618 1500 1709 1562 qnam
1723 1484 1814 1563 impe·

412 1568 461 1628 10.
478 1569 544 1647 Qui
556 1570 642 1630 euim
653 1570 810 1645 impressus
824 1577 868 1630 eet
879 1571 916 1631 irs
926 1569 1067 1645 requiem
1120 1569 1193 1645 rite;
1212 1570 1302 1650 qnasi
1317 1589 1378 1630 non
1393 1568 1499 1632 eadem
1514 1571 1628 1651 possint
1641 1587 1708 1629 esee
1722 1589 1816 1651 opere

378 1659 444 1730 eius,
472 1659 573 1716 ιιιοιιι
595 1657 662 1732 ipre
682 1657 837 1734 requievit
859 1655 899 1716 ub
922 1653 1069 1732 operibus
1121 1655 1182 1716 Dei
1196 1663 1225 1715 et
1243 1663 1353 1730 nostra,
1375 1658 1441 1718 Deu
1463 1657 1600 1718 nimirum
1622 1654 1759 1731 iaciente,
1782 1663 1817 1716 nt

377 1743 449 1817 seir,
474 1745 561 1803 deut
582 1759 604 1801 u
624 1745 690 1804 ereis
714 1745 810 1806 Deus.
838 1742 995 1824 Expositio
1020 1747 1069 1802 eet
1121 1741 1284 1818 suciamus,
1301 1743 1392 1821 juxte
1414 1745 1643 1825 promissionem
1663 1744 1815 1825 propheti·

377 1827 555 1902 ιιιιιιίιιιιί,
572 1848 665 1908 quem
679 1829 756 1893 dixit
770 1829 919 1911 reliquum
935 1847 1001 1890 esse
1015 1847 1066 1908 po·
1121 1849 1202 1891 cumr
1235 1831 1388 1907 Faciem,
1414 1840 1451 1893 ut
1476 1835 1512 1892 ire
1534 1834 1713 1908 praeceptis
1738 1835 1817 1892 meir

378 1914 440 1997 pelo
454 1917 526 1977 Dei.
551 1915 719 1977 Sabbatum
734 1918 811 1979 enim
826 1918 995 1978 institutum
1010 1913 1069 1976 init
1121 1916 1298 1993 ambuletis,
1325 1925 1355 1979 et
1364 1918 1489 1993 judicic
1503 1936 1574 1979 meu
1589 1919 1773 1981 custodietis
1787 1925 1817 1979 et

378 2003 590 2064 inmemcriem
606 2005 728 2084 quietis,
743 2023 805 2085 qua
819 2005 904 2065 Dens
918 2004 1068 2084 requievit
1122 2006 1309 2081 operemini,
1326 2005 1438 2067 Erech.
1454 2006 1505 2067 36.
1759 2030 1763 2043 ¹

380 2088 564 2170 deeeptimc
580 2090 621 2150 ab
635 2092 715 2151 omui
730 2110 829 2172 opere,
850 2091 933 2171 qnod
947 2090 1067 2151 feceret.
1163 2091 1323 2152 Reiellitnr
1345 2100 1446 2154 entem
1471 2089 1642 2171 hujusmodi
1667 2112 1816 2154 commen·

380 2174 419 2236 dd
435 2176 571 2239 eundem
593 2175 724 2252 modum,
746 2179 852 2259 inquit,
875 2179 1011 2259 quisquis
1025 2177 1067 2238 in·
1121 2179 1216 2238 tarius
1233 2177 1344 2258 duplici
1366 2181 1501 2240 ratione:
1524 2187 1586 2239 tum
1602 2182 1673 2260 quia
1692 2202 1753 2242 nou
1769 2182 1817 2242 hic

381 2263 601 2343 penueiuerit
623 2267 656 2328 in
675 2266 811 2347 requiem
833 2266 902 2339 Dei,
925 2264 1027 2339 idest,
1049 2284 1068 2324 ι
1121 2265 1186 2345 agit
1201 2264 1368 2345 Apostolus
1380 2265 1419 2326 de
1433 2266 1538 2345 requie
1550 2268 1713 2345 praesentis
1725 2269 1816 2340 vitre,

382 2349 437 2413 Dec
450 2359 595 2432 penem
617 2352 730 2433 populo
744 2371 808 2426 ruo,
830 2354 922 2413 etiam
942 2354 1008 2432 ipse
1022 2371 1067 2412 re·
1122 2351 1175 2413 aed
1189 2351 1318 2424 futurae,
1340 2353 1463 2432 quaein
1479 2351 1600 2412 Psalmo
1623 2355 1817 2433 promittitur,

386 2440 503 2519 ῃὶιιιιι
516 2459 537 2501 ι
549 2441 613 2499 ruis
628 2437 779 2519 operibus,
795 2438 826 2501 id
841 2448 896 2512 eet,
910 2439 1068 2500 laboriosis
1122 2447 1152 2498 et
1164 2459 1220 2519 par
1234 2439 1367 2519 requiem
1383 2438 1517 2519 antiquis
1532 2443 1710 2520 promissam
1724 2442 1816 2522 signi·

387 2526 542 2588 ιιιὶιιίῑιιιι
567 2524 659 2605 hujus
685 2528 779 2601 vitae,
805 2525 971 2588 secundum
993 2524 1069 2586 illud
1121 2525 1236 2598 ficetur,
1262 2526 1301 2586 de
1316 2545 1378 2607 que
1393 2534 1424 2587 et
1439 2527 1579 2587 continuo
1595 2526 1751 2608 subjungit
1765 2546 1816 2588 ex·

384 2611 457 2674 node
471 2617 604 2676 citatum
619 2632 658 2676 ex
674 2614 787 2694 Apum:
814 2615 855 2692 Ut
869 2616 1068 2692 requiescunt
1121 2611 1334 2673 hortationem:
1359 2620 1396 2674 ut
1419 2615 1605 2691 ieiunemus
1629 2615 1756 2691 iuqredi
1780 2617 1817 2678 iu

383 2700 577 2762 ιιιὸοιιὸιιι
598 2704 671 2763 urie.
693 2700 753 2762 Hic
776 2700 911 2774 observa,
933 2701 1067 2781 requiem
1121 2699 1213 2759 ilium
1227 2694 1378 2777 requiem.
1401 2699 1530 2774 Deinde,
1554 2703 1629 2782 quie
1643 2703 1732 2763 nimis
1755 2703 1816 2762 ine·

381 2787 438 2860 uei,
454 2808 519 2868 que
534 2788 724 2869 requievisse
744 2785 854 2848 dicitur
869 2786 919 2848 die
933 2788 1068 2866 septimo,
1122 2795 1207 2866 ptum
1223 2795 1269 2847 est
1282 2787 1359 2848 hanc
1373 2788 1470 2848 eDee
1486 2806 1605 2850 sumere
1619 2790 1815 2870 comparatio·

381 2875 490 2938 unere
519 2895 581 2937 nen
611 2876 651 2936 sit
679 2882 772 2955 typus
801 2880 922 2936 nostrae
951 2872 1069 2934 futuree
1121 2893 1198 2949 nem,
1212 2881 1253 2946 ιιι,
1273 2876 1352 2935 sient
1367 2873 1420 2937 ille
1442 2875 1594 2957 requievit
1607 2896 1627 2937 e
1641 2878 1703 2938 suia
1719 2876 1816 2957 operi·

382 2964 491 3043 qnierie,
513 2964 561 3023 uti
576 2981 669 3043 cupre
684 2961 796 3022 dictum
813 2970 866 3033 est,
888 2979 955 3023 esse
969 2968 1069 3021 tumen
1122 2960 1193 3035 bus,
1216 2963 1259 3022 itu
1277 2980 1332 3022 nos
1355 2964 1543 3042 quiescemus
1566 2985 1585 3024 a
1600 2966 1718 3025 nostris.
1747 2963 1818 3024 Nun

382 3049 439 3129 eju
455 3069 582 3112 cauum
605 3047 756 3130 quandem
775 3046 984 3129 exemplerem.
1006 3045 1067 3107 No·
1122 3048 1200 3108 enim
1224 3049 1282 3109 nisi
1309 3048 1494 3129 perabsurde
1515 3048 1589 3131 fingi
1616 3057 1729 3131 potest,
1755 3050 1817 3112 Dei

382 3136 635 3217 hedumqueque,
646 3136 797 3217 praeteriti
809 3136 950 3216 temporie
961 3132 1068 3195 verbe:
1122 3136 1254 3215 quietem
1276 3134 1315 3196 ab
1338 3137 1479 3214 operibus
1495 3138 1576 3211 suia,
1603 3138 1717 3218 iisque,
1740 3145 1817 3199 teste

382 3224 533 3300 ιιοιιιιιιι
547 3229 592 3283 eet
605 3231 637 3283 et
649 3223 814 3299 requievit,
829 3221 948 3284 absolvi
962 3239 982 3281 ι
996 3229 1069 3281 tem·
1122 3220 1294 3301 Scriptura,
1317 3220 1406 3282 valde
1427 3222 1528 3297 bonis,
1553 3232 1661 3304 typum
1684 3224 1817 3305 aliquem

382 3327 453 3389 pure,
474 3317 640 3391 propterea
654 3307 737 3388 quod
751 3307 804 3369 illa
819 3309 965 3389 ingressio
981 3314 1011 3368 et
1025 3325 1069 3367 re·
1122 3316 1176 3368 ιιιι
1191 3307 1362 3389 exemplum
1388 3310 1566 3389 praetulisse
1590 3312 1702 3390 quietis
1723 3310 1818 3372 humi·

384 3396 459 3476 quies
479 3417 544 3458 nun
558 3397 599 3458 rit
613 3396 700 3457 unius
718 3394 903 3456 determinati
918 3394 1069 3474 temporis.
1122 3414 1194 3456 num
1209 3395 1247 3456 ab
1263 3395 1403 3474 operibus
1419 3398 1491 3467 suis,
1511 3395 1682 3476 iisdemque
1696 3398 1817 3478 propriu

384 3481 461 3543 truie
476 3485 565 3557 enim,
589 3502 650 3564 quo
668 3490 804 3563 tempore
818 3482 980 3564 Apostolus
994 3482 1069 3543 haec
1122 3482 1314 3543 sectariorum
1325 3482 1440 3560 judicio
1455 3481 1548 3544 uelde
1562 3482 1656 3543 melis.

385 3568 534 3644 ιιιιιοιιι,
552 3571 618 3650 J'am
634 3569 762 3649 ingressi
778 3577 865 3631 erent
879 3569 911 3629 in
926 3568 1009 3629 illem
1024 3588 1067 3627 re·
1168 3572 1217 3628 11.
1241 3570 1438 3630 Feetireemue
1449 3587 1523 3645 erqo
1534 3571 1661 3646 ireqredi
1675 3573 1711 3632 irs
1726 3570 1817 3631 illum

386 3659 490 3735 quicnr3
512 3657 569 3717 ead
592 3653 809 3737 multoplures
828 3655 926 3717 adhuc
949 3661 1017 3735 post
1038 3653 1069 3715 id
1121 3657 1271 3731 requiem.
1287 3657 1494 3733 Festinemus,
1508 3656 1818 3738 GreeceetSyriacc:

386 3744 515 3823 tenpus
505 3744 679 3847 ingressuri
1122 3742 1323 3818 Studeamus,
1348 3762 1477 3820 operum
1501 3745 1618 3819 demus,
1641 3744 1818 3807 conmuda-

419 3828 508 3904 sone,
535 3830 589 3911 qni
609 3828 707 3889 locum
734 3827 813 3889 hunc
838 3830 1071 3909 interpretentur
1123 3847 1200 3889 mus
1224 3829 1380 3903 Hortatur,
1396 3839 1430 3890 ut
1445 3851 1561 3891 omnem
1572 3831 1736 3893 adhibeant
1747 3851 1816 3912 epe

388 3875 572 3992 ucerlru,
598 3916 696 3993 capite
716 3922 832 3990 nostro,
854 3931 943 3995 quem
967 3913 1070 3975 dicunt
1123 3935 1187 3975 rem
1203 3923 1233 3975 et
1247 3924 1387 3977 conatum
1389 3935 1473 3997 quo
1485 3939 1518 3977 ιιι
1529 3917 1610 3978 illem
1621 3937 1766 3998 requiem
1781 3917 1818 3979 de
1920 3976 1923 3982 .

389 3999 543 4082 ἱιςιιιιιιιι
569 4005 601 4064 in
624 4003 760 4083 requiem
781 4003 842 4065 Dei
862 4021 918 4083 per
939 4020 1068 4062 resurre-
1124 4020 1185 4081 que
1205 4002 1351 4063 hactenus
1374 4006 1451 4083 agit,
1475 4004 1687 4085 ingredientur.
1715 4004 1764 4065 Ad
1786 4003 1818 4065 id

389 4089 504 4153 senem
527 4110 614 4151 suam
634 4097 666 4149 et
680 4091 884 4150 escensionem
897 4091 928 4149 in
944 4087 1070 4162 coelum,
1124 4098 1225 4149 eutem
1250 4090 1383 4170 inprimis
1397 4093 1599 4152 neceesarium
1613 4099 1667 4162 est,
1683 4100 1717 4151 nt
1731 4092 1819 4154 fidem

389 4182 465 4257 etque
479 4179 544 4258 ejus
560 4176 1069 4257 exemplonceetiemingressurcs.
1124 4176 1337 4256 promissorum
1363 4176 1423 4237 Dei
1449 4179 1600 4239 mordicus
1625 4185 1761 4253 teneant,
1787 4187 1820 4239 et

389 4259 470 4341 Atqui
489 4263 664 4345 scripturae
686 4248 869 4325 consuetudo
890 4284 950 4325 nun
972 4262 1069 4335 habet,
1124 4261 1163 4322 ad
1186 4282 1222 4322 ce
1244 4262 1429 4344 capessenda
1451 4284 1535 4346 spem
1558 4274 1651 4348 etque
1676 4264 1818 4325 fiduciam

387 4347 582 4424 edmerum,
597 4353 779 4431 postquem
770 4372 801 4412 ιιι
814 4350 913 4411 coelur
926 4346 1070 4421 escendit,
1125 4367 1208 4408 suem
1231 4348 1433 4411 indesinenter
1455 4350 1628 4414 extendant.
1653 4351 1727 4413 Ideo
1748 4352 1817 4413 sule

387 4431 456 4496 diuet
469 4458 537 4499 esse
550 4439 582 4499 in
597 4438 711 4518 requie,
727 4437 827 4498 sedin
841 4437 946 4516 gloria,
970 4455 1068 4517 quem·
1121 4436 1240 4514 jungit·

385 4520 532 4586 edmodum
548 4532 580 4585 et
591 4544 694 4585 omnen
710 4544 776 4603 eJus
787 4524 892 4588 Sancte
904 4532 991 4584 crunt
1002 4532 1071 4604 post
1173 4524 1213 4583 Ut
1234 4541 1275 4583 ree
1296 4523 1416 4583 inid
1403 4542 1508 4601 ipsum
1529 4528 1600 4602 quir
1622 4524 1744 4586 incidet
1764 4527 1818 4586 iu-

384 4612 622 4673 reeurreetionem
638 4611 817 4692 generalem.
832 4608 879 4671 Ita
895 4611 1024 4690 legimns
1039 4612 1070 4670 in
1124 4610 1320 4669 credulitatis
1341 4611 1528 4689 exemplum.
1558 4610 1688 4673 Graece:
1720 4612 1760 4671 Ut
1777 4630 1835 4674 us

382 4692 431 4759 iae
443 4697 541 4779 Epist
557 4718 623 4778 cap.
644 4699 682 4771 2„
701 4703 816 4762 Jeeum
826 4698 892 4778 jam
906 4716 987 4758 nunc
1001 4697 1070 4774 pte·
1122 4700 1159 4756 im
1174 4696 1282 4757 eodem
1306 4700 1376 4773 quie
1399 4698 1539 4775 euuuplo
1558 4699 1654 4758 cedet
1667 4698 1818 4760 ineredu-

380 4785 425 4845 rte
438 4786 603 4847 ethome
617 4792 807 4847 coronatum
823 4802 892 4845 eree.
1125 4782 1231 4843 litatis.
1255 4784 1370 4847 comm
1387 4788 1511 4866 opponit
1525 4792 1608 4846 recto
1619 4788 1740 4859 cureret,
1758 4805 1819 4866 quo

414 4871 509 4933 Porro
544 4873 684 4943 sectarii,
712 4873 885 4933 nominatim
915 4868 1070 4975 Calvinus,
1124 4870 1305 4950 significavit
1318 4869 1501 4932 tendendum
1517 4891 1583 4931 esse
1597 4869 1636 4931 ad
1663 4871 1744 4933 iilam
1772 4890 1817 4933 re·

376 4957 465 5020 alium
478 4958 827 5041 quendemhiuaeneum
843 4955 1070 5019 comminiscun·
1124 4957 1234 5037 quiem
1257 4956 1354 5019 Simul
1368 4968 1470 5019 autem
1485 4956 1524 5017 ed
1538 4957 1693 5019 historiam
1708 4959 1818 5021 alludit

376 5052 428 5107 ιιι.
453 5044 673 5148 Dicuutsmrm
694 5042 742 5109 hi·
755 5045 856 5108 verbis
871 5037 1074 5108 commendari
1123 5061 1241 5121 eorum,
1265 5045 1319 5126 qni
1339 5043 1541 5107 cecidemut'
1532 5064 1565 5107 ιιι
1585 5044 1736 5124 cuuto,
1740 5047 1819 5108 elcut
