4442 5825
729 614 936 669 aristoneto.
954 614 1154 670 attritam
1187 613 1272 668 lm.
1292 616 1332 668 ii.
1351 615 1392 668 15.
1705 618 1778 688 597

357 789 460 866 atam
480 790 602 850 tametsi
624 797 706 850 reete
727 809 761 849 se
781 790 891 852 habet:
914 799 951 852 at
974 792 1030 851 de·
1079 791 1146 851 stol.
1172 790 1258 851 Petri
1281 797 1311 850 et
1330 789 1430 862 Pauli,
1455 788 1565 869 quibas
1588 789 1633 849 its
1654 788 1780 850 Petrum

357 894 471 953 onam,·
493 897 553 936 non
573 877 653 955 quod
669 885 820 957 potestate
836 877 1028 957 depositurus
1079 879 1199 938 affatur:
1222 879 1286 938 Neo
1299 884 1336 937 at
1351 877 1466 938 dubias
1481 877 1520 935 de
1533 883 1687 952 proveeta
1703 895 1780 953 ope·

357 971 411 1025 aet
426 963 534 1023 Petrus
556 983 663 1043 eorpus
679 983 774 1036 sunm,
798 966 876 1024 sient
892 961 1030 1024 Christus
1078 969 1134 1039 ria,
1150 971 1206 1024 ant
1230 964 1269 1023 de
1284 967 1388 1040 spatio
1411 970 1486 1023 tuae
1501 965 1637 1038 lanarios
1651 966 1778 1038 aetatis,

357 1050 462 1111 nimam
478 1068 562 1109 suam
575 1058 728 1129 potestate
745 1053 862 1129 pasoit3
878 1053 921 1110 ait
936 1052 1030 1111 enim:
1078 1053 1267 1128 trophaeum
1292 1052 1392 1112 erneis
1415 1051 1530 1112 otrico
1552 1051 1707 1111 Romanis
1722 1068 1780 1109 ar·

357 1141 521 1197 biertatem
541 1138 640 1196 babeo
661 1137 807 1214 ponendi
822 1156 902 1212 eam,
927 1145 955 1198 et
968 1156 1030 1214 po·
1079 1139 1164 1199 eibos
1179 1137 1340 1215 inferebas
1350 1159 1362 1214 ,-
1386 1154 1448 1214 qno
1463 1143 1494 1196 te
1510 1136 1631 1197 divinis
1641 1154 1780 1213 praeor-

357 1230 474 1284 mntem
505 1224 603 1285 babeo
631 1224 745 1284 iterum
771 1224 917 1285 sumendi
947 1242 1029 1299 eam,
1079 1224 1301 1286 dinationibaa
1323 1224 1490 1285 araieibant
1513 1230 1542 1284 et
1564 1223 1668 1283 bonor
1686 1229 1779 1299 pote·

357 1329 422 1370 nara
446 1310 514 1386 10.;
541 1308 595 1371 aed
618 1312 690 1389 quia
713 1310 883 1371 voluntarie
905 1318 1030 1371 mortem
1078 1314 1178 1386 atatis,
1200 1319 1229 1371 et
1243 1311 1348 1387 alarin
1368 1312 1537 1387 passionis.
1560 1308 1779 1389 Quaestione

357 1397 467 1457 bitume
492 1407 560 1457 srat
582 1417 637 1477 pro
659 1397 795 1470 Christo,
821 1405 964 1477 qnantum
991 1397 1030 1458 ed
1079 1399 1172 1460 verbs
1186 1397 1369 1477 significant,
1392 1396 1485 1458 Petro
1500 1397 1667 1457 revelatum
1682 1394 1778 1456 inisse

357 1483 517 1543 olnntstem
532 1481 726 1543 deliberatam
751 1486 874 1558 attinet;
898 1485 955 1544 etsi
978 1503 1029 1544 vo·
1079 1486 1187 1547 aetatis
1202 1503 1276 1545 anae
1298 1486 1440 1564 spatium,
1462 1485 1638 1563 prinsquam
1652 1483 1779 1543 Romam

357 1577 440 1642 nutas,
463 1578 499 1629 ut
520 1579 636 1643 natura,
660 1570 843 1643 reclamaret,
866 1569 1030 1630 seeundum
1078 1573 1207 1654 primum
1221 1571 1345 1644 veniret,
1357 1570 1389 1632 id
1402 1578 1459 1644 est,
1471 1571 1558 1631 annis
1569 1569 1687 1630 eireiter
1699 1576 1780 1629 ootn·

357 1655 413 1717 nod
434 1657 463 1717 ei
486 1655 597 1718 dietum
620 1655 718 1717 inerat
739 1678 757 1718 a
780 1659 925 1717 Domino:
950 1659 1030 1720 Oam
1080 1658 1269 1719 decimenta
1294 1667 1427 1718 mortem.
1463 1656 1534 1736 Quo
1557 1656 1657 1736 spatio
1685 1674 1780 1736 prope

357 1745 481 1816 meris,
505 1746 589 1804 alins
611 1750 641 1804 te
663 1746 776 1819 oinaet,
798 1753 828 1804 et
842 1744 945 1819 daem,
967 1762 1028 1821 qno
1079 1746 1173 1818 finito,
1197 1745 1293 1824 potuit
1308 1745 1415 1818 dicere,
1438 1762 1472 1803 se
1486 1749 1609 1814 eertum,
1631 1741 1713 1822 qnod
1728 1761 1778 1802 vs·

357 1848 398 1892 nn
422 1833 481 1904 νὴ,
504 1831 596 1893 Joan.
613 1831 663 1890 il.
686 1831 781 1891 Porro
803 1839 921 1892 eertum
938 1851 972 1891 se
986 1829 1029 1890 di·
1078 1834 1131 1892 lox
1146 1841 1234 1904 esset,
1257 1830 1289 1892 id
1305 1840 1358 1903 est,
1381 1832 1550 1890 immineret
1564 1829 1715 1908 depositio
1732 1828 1778 1889 sni

357 1925 436 1992 tex
451 1916 555 1978 divine
569 1915 762 1978 revelatione
785 1917 1029 1996 Namsequitnr:
1078 1918 1271 1979 tabernaculi.
1294 1917 1391 1979 Nobis
1402 1926 1500 1977 tamen
1513 1917 1609 1994 magis
1625 1914 1779 1996 probatur,

369 2003 555 2066 &eandam
581 2004 668 2081 qnod
690 2011 720 2065 et
741 2006 901 2065 Dominus
924 2011 1030 2065 noster
1079 2003 1163 2086 qnod
1189 2005 1270 2084 prius
1294 2004 1367 2076 dixi,
1394 2014 1425 2064 et
1451 2021 1532 2081 qnae
1557 2001 1621 2064 iere
1646 2002 1779 2063 omnium

357 2108 426 2152 utar
437 2092 579 2154 cantos
593 2091 786 2168 sianitieaoit
799 2093 886 2151 mibi.
909 2092 1029 2152 Secun-
1079 2093 1230 2153 sententia
1241 2101 1297 2166 est,
1309 2091 1434 2151 Petrum
1446 2089 1531 2168 loqui
1543 2089 1581 2150 de
1592 2089 1779 2150 revelatione

357 2196 406 2239 mn
420 2179 520 2255 qnod,
536 2176 669 2238 Graeee:
685 2168 806 2252 καθὼς,
822 2178 1030 2255 quemadmo·
1079 2186 1216 2240 recenter
1239 2178 1296 2237 sibi
1317 2176 1408 2237 faeta.
1442 2178 1520 2236 Nam
1545 2175 1699 2255 Apostolis
1720 2175 1777 2237 ire-

357 2282 415 2325 arn.
431 2266 566 2325 Dixerat
577 2263 699 2345 quidem
711 2264 756 2324 illi
767 2265 932 2325 Dominus:
950 2266 1030 2327 Oam
1079 2273 1205 2348 quantes
1220 2263 1334 2325 fiebant
1347 2263 1556 2324 revelationes.

357 2355 472 2412 amris
486 2359 554 2426 eta,
575 2349 626 2411 nbi
650 2351 807 2431 subjnngit
822 2350 1030 2431 Evangeliste,

357 2438 496 2499 aninum
511 2438 705 2517 significasse,
728 2457 792 2514 qua
815 2446 916 2498 morte
931 2439 1030 2498 elari-
1125 2439 1174 2500 15.
1191 2438 1284 2498 Dabo
1296 2442 1403 2498 antem
1420 2452 1564 2513 opernm,
1580 2443 1610 2495 et
1622 2436 1777 2513 frequen·

357 2532 484 2586 maroe
508 2532 582 2585 esset
597 2526 723 2603 Deam,·
746 2544 851 2585 verum
874 2546 933 2586 non
958 2525 1030 2585 illue
1080 2534 1128 2587 ter
1149 2525 1263 2585 babere
1286 2542 1341 2585 voa
1362 2531 1433 2600 post
1456 2523 1576 2583 obitam
1598 2541 1713 2596 meam,
1741 2528 1779 2582 nt

357 2613 453 2693 spieit
482 2610 590 2672 Petrus
617 2611 674 2671 boo
702 2612 767 2671 loeo
798 2609 950 2690 (quamvis
977 2613 1031 2671 ills
1079 2617 1194 2675 bomem
1208 2614 1395 2671 memoriam
1409 2611 1547 2688 faciatis.
1564 2611 1774 2686 Frequenter,

357 2699 488 2779 aiptnn
502 2698 551 2759 hie
565 2697 605 2758 ad
620 2700 783 2777 marginem
798 2700 908 2760 citetur
922 2701 954 2759 in
969 2699 1029 2778 pls·
1080 2700 1216 2760 Graece:
1228 2689 1388 2772 ἑκάστοτε,
1398 2697 1428 2757 id
1441 2706 1488 2757 est
1500 2714 1691 2773 unoquoque
1698 2703 1778 2756 tem·

357 2781 564 2866 tqnebibliis),
576 2783 630 2845 sed
642 2783 1029 2845 adnovamrevelstiousm.
1077 2805 1169 2864 pore,
1186 2785 1369 2859 identidem,
1385 2801 1517 2861 semper,
1535 2791 1568 2843 ut
1583 2784 1634 2843 alii
1646 2790 1778 2844 vomunt.

357 2871 410 2933 leit
422 2873 516 2945 euim,
532 2870 590 2933 sibi
604 2872 812 2950 significatum,
834 2872 915 2953 quod
930 2872 1030 2944 velox,
1079 2875 1222 2935 ltlrasmns
1237 2869 1329 2933 refert
1339 2871 1396 2933 boe
1410 2870 1584 2932 adverbium
1599 2870 1776 2932 adverbum

369 2969 430 3034 eat,
445 2960 532 3019 brevi
547 2957 648 3019 iutnra
664 2962 704 3019 sit
716 2959 900 3020 tabernaculi
915 2962 963 3021 sni
979 2959 1028 3020 de
1079 2959 1279 3041 praecedens:
1310 2960 1403 3021 Dabo
1434 2975 1574 3036 operam.
1616 2959 1668 3019 ste
1698 2959 1778 3019 enim

357 3048 448 3109 nitio.
479 3045 530 3105 Ex
556 3065 617 3125 qno
643 3047 733 3106 etiarn
756 3054 885 3119 constat,
908 3047 1031 3108 Petrum
1078 3049 1188 3109 vertit:
1207 3048 1299 3108 Dabo
1313 3063 1436 3123 semper
1450 3063 1593 3122 operam,
1608 3044 1640 3104 id
1656 3053 1702 3105 est
1716 3065 1778 3105 non

357 3152 387 3194 m
402 3150 519 3206 senem,
540 3152 575 3191 ne
597 3134 686 3192 morti
708 3134 841 3193 vieiuum
864 3134 941 3194 hano
955 3135 1029 3211 Epi·
1078 3135 1223 3205 desinam,
1247 3132 1347 3212 quoad
1368 3134 1485 3204 vivam,
1509 3151 1617 3192 aurare
1639 3140 1693 3191 ete.
1717 3129 1778 3193 Sed

357 3220 438 3281 olam
452 3220 628 3299 scripsisa03
651 3218 815 3299 etquidem
831 3220 1032 3281 verisimiliter
1078 3220 1185 3281 melius
1200 3219 1329 3279 refertur
1344 3218 1383 3279 ad
1399 3218 1539 3278 verbnm:
1562 3218 1687 3292 baben,
1710 3218 1776 3279 vel:

357 3316 398 3370 nt
423 3304 504 3367 illud
525 3315 659 3385 tempus,
685 3326 761 3386 qno,
774 3322 775 3325 ’
784 3308 875 3384 juxte
898 3318 1029 3368 veterem
1078 3310 1265 3368 memoriam
1279 3307 1420 3384 {amatia
1436 3304 1486 3365 vel
1499 3304 1648 3385 potiusad
1663 3313 1775 3365 unum-

357 3395 495 3466 storiam,
517 3392 647 3453 testibus
668 3393 845 3473 Hegesippo
868 3392 917 3454 lib.
941 3399 969 3456 3.
993 3392 1031 3452 de
1079 3414 1141 3474 qne
1156 3393 1358 3471 conjunctum,
1373 3401 1405 3452 nt
1417 3412 1456 3453 ex
1469 3411 1558 3452 seusu
1573 3390 1695 3471 patebit
1712 3391 1777 3451 Nee

357 3481 450 3543 atrito
474 3478 659 3559 Jerosolym.
683 3499 750 3558 esp.
773 3481 802 3540 ὓ.
826 3488 856 3540 et
871 3480 1030 3541 Ambrosio
1079 3483 1159 3542 enim
1176 3488 1293 3560 poterat
1306 3480 1393 3541 brevi
1404 3479 1564 3541 moriturus
1579 3477 1694 3539 disere:
1712 3480 1776 3540 Ott-

357 3569 429 3647 pist.
448 3571 508 3638 33..
524 3565 840 3627 andieratsObristn:
862 3568 1030 3630 VndoRo·
1078 3568 1158 3628 rabo
1184 3568 1272 3628 omni
1297 3575 1446 3643 tempore.
1481 3567 1617 3639 Habere,
1644 3566 1773 3645 positum

357 3673 414 3716 arn
440 3657 557 3714 iterum
578 3653 729 3730 erneitlai.
754 3651 844 3732 Quod
861 3653 900 3715 de
915 3673 949 3714 se
963 3656 1030 3733 ipso
1079 3675 1150 3735 pro:
1163 3672 1263 3731 posse,
1280 3653 1401 3715 Graeca
1412 3650 1638 3713 consuetudine.
1660 3651 1728 3711 Nee
1744 3651 1774 3710 in

357 3749 442 3803 ms
462 3741 688 3819 interpretatus,
713 3759 767 3819 pro
790 3741 974 3801 revelatione
989 3741 1031 3800 vi·
1079 3740 1196 3803 Graeeo
1208 3751 1270 3801 est:
1284 3741 1414 3815 obitum,
1427 3739 1495 3800 sed:
1511 3733 1629 3812 ἔξοδον,
1643 3742 1773 3811 exitam,

357 3843 417 3889 nas
439 3826 545 3888 mortis
569 3846 623 3906 per
646 3845 765 3887 ornnem
785 3826 960 3888 inferendae
982 3847 1029 3887 eo
1079 3847 1247 3903 racemum,
1263 3828 1428 3888 decessum.
1452 3825 1524 3905 Qua
1537 3827 1569 3886 in
1582 3844 1659 3886 vooe
1673 3844 1775 3885 serva·

357 3916 421 3993 pit.
459 3913 537 3974 Nam
573 3912 656 3993 quod
692 3912 784 3974 refert
809 3913 1031 3994 Metaphrastes
1078 3916 1124 3975 vit
1138 3915 1363 3994 metaphoram
1386 3915 1560 3974 meminerat
1579 3914 1657 3974 enim
1676 3910 1773 3971 taber·

357 4000 413 4076 aad
438 4000 559 4062 sanum
585 4000 754 4072 tatano,
780 4000 888 4073 Petro,
911 4020 977 4060 eum
1002 4002 1031 4059 in
1079 4002 1196 4078 uaeuli3
1223 3999 1310 4061 simul
1325 4002 1462 4071 insinuat,
1477 4006 1601 4059 mortem
1616 4019 1676 4060 non
1692 3996 1776 4058 aliud

357 4088 492 4150 rimante
505 4095 683 4157 versaretur,
700 4088 739 4147 ab
755 4087 864 4167 angelo
880 4086 972 4148 inisse
987 4086 1030 4147 di·
1079 4108 1154 4161 esse,
1179 4108 1270 4168 quam
1285 4088 1400 4148 exitum
1415 4087 1534 4147 animae
1550 4105 1567 4146 e
1581 4084 1775 4146 tabemanulo

357 4187 430 4236 aar:
447 4176 551 4248 Petra,
567 4180 690 4249 tempato
704 4175 804 4234 instat
818 4181 894 4235 tane
908 4175 1031 4234 resolu-
1080 4177 1222 4255 eorporis.
1246 4173 1338 4253 Quod
1353 4172 1431 4234 idem
1449 4181 1576 4234 osteum
1592 4171 1776 4234 taberuaonli

357 4265 440 4335 ona,
463 4268 494 4320 et
517 4267 659 4336 oportet,
683 4268 713 4320 te
733 4263 781 4320 ire
799 4263 954 4337 Romam,-
977 4262 1032 4322 ubi
1080 4262 1279 4342 depositione.
1301 4262 1410 4321 Versio
1426 4260 1535 4322 elsrinr
1549 4267 1628 4320 esset
1642 4260 1699 4320 boe
1712 4277 1774 4318 mo-

357 4359 402 4410 tta
432 4354 568 4408 mortem
596 4365 656 4423 per
681 4365 803 4407 mem
832 4350 1030 4422 sustinueris,
1081 4349 1134 4409 do:
1148 4350 1313 4411 Onetemsm
1327 4348 1409 4408 dabo
1420 4365 1562 4425 operam,
1575 4350 1671 4408 etiam
1682 4346 1776 4406 iden·

357 4438 465 4513 ntptea
486 4434 660 4494 mercedem
685 4436 847 4509 justitiae,
874 4443 1032 4514 strepentes
1080 4436 1175 4496 tidem
1191 4454 1282 4513 posse
1295 4454 1351 4495 vos
1370 4442 1444 4509 post
1464 4453 1567 4496 meam
1584 4436 1702 4495 exitam
1717 4433 1776 4491 bo·

357 4512 400 4583 iai
422 4529 488 4594 est,
513 4529 549 4581 nt-
571 4529 602 4581 et
623 4519 685 4580 alia
712 4522 856 4581 nonnulla
877 4520 916 4581 de
939 4522 1031 4583 Petro
1080 4542 1152 4583 ruam
1168 4526 1362 4583 mentionem
1386 4522 1502 4599 facere.
1524 4521 1593 4581 Hoc
1608 4530 1671 4580 est:
1694 4518 1777 4599 Quin

357 4608 620 4670 mansuetam
644 4606 737 4669 Oanis
748 4606 842 4683 Beda,
859 4627 955 4668 rernm
967 4609 1030 4669 Bri·
1080 4617 1226 4670 stentem
1243 4616 1336 4688 atque
1350 4628 1470 4689 operam
1485 4606 1643 4682 adhibebo,
1661 4613 1695 4667 ut
1708 4613 1777 4686 poet

357 4697 519 4758 antarum
539 4712 667 4772 parua,
692 4694 719 4754 si
742 4694 927 4773 quisalius,
953 4695 1032 4756 nihil
1079 4715 1176 4757 meum
1203 4695 1358 4757 deneasnm
1385 4695 1465 4755 omni
1493 4702 1627 4774 tempore
1652 4693 1776 4773 possitis

357 4773 392 4845 le
407 4780 554 4852 meminit,
573 4799 629 4841 nso
643 4781 675 4841 in
690 4783 914 4855 commentario,
930 4803 985 4842 nee
1001 4784 1031 4841 in
1079 4785 1194 4856 borum,
1209 4782 1247 4844 do
1261 4782 1372 4862 quibus
1386 4802 1465 4843 nune
1479 4781 1587 4853 soribo,
1603 4781 1776 4842 memoriam

357 4869 457 4932 natis
471 4864 686 4928 eoelesisstios.
1079 4870 1167 4930 vobis
1177 4889 1335 4931 renovare.
1349 4867 1387 4929 Id
1398 4874 1499 4928 summ
1512 4867 1595 4941 feeit,
1607 4867 1776 4949 relinquen·

364 4952 567 5019 Probabilina
581 4952 666 5026 illud,
683 4953 766 5034 qnod
777 4954 909 5017 indicare
925 4955 1029 5016 viden·
1079 4956 1187 5017 doillis
1198 4963 1420 5017 monumentum
1432 4974 1553 5015 suarum
1561 4954 1775 5035 Epistolarum,

357 5040 615 5110 embaLsonls
628 5059 715 5104 amm.
732 5045 761 5104 1.
784 5043 816 5104 in
838 5041 933 5104 natali
946 5042 1028 5123 apa·
1079 5043 1188 5126 quibua
1210 5061 1301 5125 saepe
1320 5042 1451 5117 relictis,
1472 5041 1608 5104 latarum
1628 5048 1718 5118 esset,
1743 5048 1777 5103 ut
