4442 5825
773 601 994 657 mmrosssso
1013 602 1180 657 mosmos.
1215 600 1386 657 suns.·2.o.
1757 605 1804 675 25

353 782 445 837 totu
460 784 643 839 mum.
679 777 727 840 Its
742 785 773 840 et
789 796 846 841 nos
860 779 1058 858 exposuimus
1109 779 1205 838 virtus
1219 786 1251 838 et
1266 776 1513 858 operatioPstris
1527 784 1558 838 ot
1572 774 1652 852 Filii,
1666 775 1713 839 sio
1726 776 1808 838 enim

354 861 537 925 menum
553 867 666 927 omniu
672 911 684 942 ,
710 868 726 926 1
740 863 810 927 Gor.
827 865 876 925 15.
891 872 923 924 et
936 864 1012 944 Epis
1031 868 1057 927 1.
1110 867 1203 927 etism
1217 865 1316 925 Filius
1335 862 1486 926 diceretur
1499 864 1683 944 perPstresn
1697 861 1808 925 iuuisse

394 948 459 1011 usu
473 948 579 1012 sdhue
589 970 734 1033 quseres,
753 951 872 1035 quondo
888 950 1025 1012 Christus
1039 971 1059 1011 u
1109 950 1270 1024 mundum,
1294 949 1375 1032 qnod
1396 970 1469 1012 usus
1483 950 1660 1030 Seriptnrse
1680 971 1741 1012 non
1756 948 1808 1010 sd·

357 1038 446 1099 rsus
459 1039 650 1099 eonstitutns
662 1038 755 1100 tuerit
769 1038 825 1099 hoo
840 1046 928 1118 puoto
939 1039 1057 1098 univer·
1110 1040 1216 1113 mittit,
1233 1046 1285 1098 eut
1299 1045 1380 1098 certe
1396 1038 1470 1097 setis
1484 1035 1592 1097 inisset
1607 1036 1719 1099 dioere:
1735 1055 1808 1097 eum

358 1143 456 1185 sorum
469 1123 581 1187 here
596 1145 634 1186 eo
647 1124 794 1187 domiuus.
826 1125 918 1199 Sunt,
934 1126 986 1205 qui
1002 1142 1056 1204 pn·
1109 1145 1172 1203 quo
1186 1126 1263 1203 feeit
1278 1132 1308 1184 et
1321 1125 1447 1186 surculo
1453 1146 1466 1203 ,·
1481 1122 1535 1185 sed
1550 1130 1706 1205 prseteros
1714 1124 1806 1201 signi·

357 1220 419 1273 tent
444 1209 478 1269 id
505 1210 621 1273 instrum
646 1220 717 1292 post
742 1213 912 1292 passionem
939 1212 1007 1289 ejus
1027 1219 1059 1271 et
1109 1212 1214 1273 ficetur
1228 1210 1344 1291 sliqnid
1363 1211 1458 1271 simile
1474 1230 1540 1270 oum
1556 1212 1672 1273 eetiune
1686 1208 1808 1271 artifieis

356 1300 624 1371 mationem,
661 1298 781 1380 quando
811 1318 864 1379 per
894 1297 1057 1376 Apostolos
1110 1300 1264 1381 operantis
1279 1319 1335 1379 per
1352 1300 1591 1359 instrumentum.

357 1384 411 1445 siui
425 1404 615 1465 eongrsgere
637 1387 739 1465 eoepit
751 1385 919 1446 Ecclesium
941 1404 981 1446 ex
996 1404 1056 1445 om·
1153 1386 1237 1448 Sient
1262 1386 1340 1446 enim
1367 1385 1596 1446 instrumentum
1621 1382 1660 1444 sb
1691 1382 1808 1444 ertifloe

356 1470 442 1533 usius
456 1470 611 1550 gentibus
640 1470 705 1531 Alii
718 1472 828 1532 suetum
844 1471 963 1545 dieunt,
985 1480 1058 1531 tune
1108 1480 1250 1535 movetur
1276 1471 1314 1532 sd
1337 1474 1502 1544 sotionem,
1531 1490 1591 1532 non
1614 1477 1738 1530 oontrsz
1765 1471 1808 1529 itu

357 1556 478 1639 qnsndo
500 1558 639 1620 veroum
654 1577 730 1620 euro
750 1559 874 1635 suetum
889 1565 950 1633 est,
975 1555 1057 1637 quod
1109 1560 1188 1620 filius
1213 1559 1272 1619 vim
1300 1567 1331 1619 et
1351 1558 1553 1640 operstionem
1580 1575 1668 1618 suum
1690 1574 1809 1618 omnem

357 1646 452 1724 nugis
477 1644 651 1724 probemus.
690 1644 776 1706 Siout
797 1646 877 1706 enim
899 1644 950 1705 ille
969 1644 1057 1707 homo
1111 1647 1219 1726 eooipit
1234 1665 1252 1705 u
1266 1654 1369 1725 putre,
1392 1665 1452 1706 non
1467 1651 1553 1725 peter
1569 1664 1588 1705 s
1602 1643 1676 1718 tilio,
1697 1652 1808 1724 utpro·

358 1731 394 1791 eb
415 1732 508 1791 initio
531 1750 607 1792 snse
621 1733 823 1812 oonoeptionis
837 1729 894 1790 init
913 1731 1057 1804 Christus,
1111 1733 1180 1793 inde
1194 1731 1273 1792 filius
1296 1729 1515 1813 quodammodo
1537 1730 1655 1795 medius
1673 1732 1717 1790 sit
1731 1732 1809 1791 inter

357 1818 523 1898 Prophets,
538 1817 696 1892 Sacerdos,
711 1820 754 1878 ite
768 1819 835 1879 Rex
850 1832 881 1879 et
893 1818 1057 1878 Dominus:
1110 1829 1224 1900 petrem
1240 1828 1270 1879 ot
1286 1827 1466 1892 orestursm,
1489 1818 1566 1878 siout
1578 1819 1808 1879 instrumentum

358 1906 473 1966 umetsi
489 1906 577 1985 regni
589 1924 626 1965 eo
636 1904 761 1966 dominii
771 1907 818 1965 sui
828 1907 1057 1985 possessionem,
1109 1905 1239 1967 medinm
1254 1916 1300 1966 est
1316 1907 1392 1967 inter
1407 1903 1550 1965 urtifioem
1566 1915 1597 1966 et
1611 1924 1697 1984 opus.
1720 1904 1809 1985 Ques

361 2002 391 2051 ut
412 1998 526 2072 postes
549 1994 672 2065 meruit,
698 1993 742 2052 its
764 1991 907 2071 punistinu
932 2011 968 2051 eo
990 2011 1056 2072 pro·
1111 2002 1209 2053 tumen
1230 1993 1414 2073 temperatio
1439 2012 1501 2052 non
1524 2010 1559 2050 eo
1585 1991 1732 2053 trahendo
1754 2004 1810 2065 est,

360 2098 460 2158 gressu
485 2081 631 2158 temperis
654 2079 787 2158 eooepit3
811 2079 986 2158 plenissime
1009 2097 1057 2137 su·
1111 2088 1147 2140 ut
1161 2079 1255 2139 filium
1271 2081 1432 2159 cogitemus
1455 2086 1541 2158 petre
1562 2079 1722 2140 minorem:
1748 2098 1811 2139 non

359 2174 501 2245 cepturus
515 2166 550 2224 in
564 2164 699 2227 seeundo
710 2184 766 2224 sno
777 2165 920 2238 adventu,
937 2162 1058 2244 qnando
1112 2167 1189 2228 onim
1203 2166 1283 2226 filius
1297 2175 1343 2226 est
1369 2169 1596 2226 instrumentum
1619 2167 1729 2246 putris,
1755 2163 1810 2226 sed

360 2251 491 2331 periente
523 2253 553 2311 ei
582 2253 778 2332 subjicientur
805 2271 908 2312 omnes
938 2252 1059 2312 inimici.
1112 2252 1261 2332 quomodo
1285 2272 1339 2333 per
1364 2272 1432 2313 eum
1460 2260 1545 2330 peter
1569 2259 1726 2332 operetur,
1751 2251 1810 2311 hee

360 2338 598 2416 Responsionom
626 2340 705 2399 huno
734 2338 862 2418 probunt
892 2338 946 2399 ille
973 2338 1059 2398 Petri
1112 2340 1302 2400 instrumenti
1329 2338 1523 2399 similitudine
1541 2358 1579 2398 ex
1601 2348 1688 2419 partu
1710 2337 1807 2398 deols·

362 2424 448 2486 serbe
464 2427 537 2486 Aet
552 2427 582 2485 2.
620 2426 795 2487 Dominum
820 2444 891 2486 sum
914 2432 943 2484 ot
966 2425 1058 2487 curt-
1112 2434 1202 2487 rstur.
1238 2426 1314 2498 Alii,
1333 2444 1398 2486 oum
1415 2425 1598 2505 Augustino,
1614 2426 1810 2504 oompsrstiu·

365 2520 433 2572 ιω
451 2514 553 2592 fouit,
568 2513 653 2573 tono
667 2515 791 2585 Josum,
807 2530 898 2590 quem
915 2530 971 2573 vos
984 2530 1058 2572 oru-
1111 2533 1181 2573 nsm
1205 2511 1350 2573 adhibent
1375 2511 1463 2573 ideue
1485 2513 1552 2572 sive
1574 2511 1756 2592 exemplaris
1777 2511 1810 2572 in

365 2597 1058 2678 uinumvidelieettnnoDominum,qusndo
1110 2608 1211 2661 monte
1224 2601 1364 2679 repositi,
1388 2618 1443 2678 per
1467 2597 1550 2679 quod
1571 2599 1682 2660 artifex
1703 2618 1808 2678 opere·

363 2685 518 2747 Christum.
552 2685 687 2747 Probent
702 2686 792 2745 etism
813 2684 937 2747 dessise
957 2685 1059 2756 verbe,
1110 2696 1167 2746 tur.
1202 2686 1253 2747 Sin
1268 2689 1348 2747 enim
1363 2694 1450 2765 peter
1472 2704 1526 2765 per
1546 2685 1638 2747 filium
1660 2694 1809 2766 operetur,

362 2772 465 2851 quibus
481 2770 522 2832 de
538 2773 665 2851 peronio
685 2780 756 2832 nuto
779 2770 854 2832 dicit
868 2791 933 2851 esp.
950 2775 978 2834 9.
1016 2772 1059 2832 Et
1112 2784 1256 2854 tanuum
1272 2794 1326 2854 per
1341 2773 1455 2848 ideam,
1470 2773 1501 2833 in
1515 2793 1576 2854 qus
1591 2775 1724 2834 rationes
1740 2779 1810 2833 sunt

362 2859 463 2937 {uam
486 2865 535 2920 est
552 2862 759 2937 principatus
778 2859 1058 2937 superterrenorum
1112 2862 1244 2922 omnium
1253 2858 1448 2942 agendorum.
1464 2859 1808 2941 Queeexpositioqusn·

363 2950 431 3022 tiss.
469 2946 615 3026 Denique
637 2947 766 3028 probent
788 2946 889 3027 rugeli
908 2945 1002 3007 verbe
1015 2946 1058 3006 lo·
1111 2947 1181 3009 dem
1196 2946 1288 3008 hsbot
1303 2946 1543 3028 probabilitstem
1556 2948 1809 3030 exsequentibus.

363 3035 479 3112 quentis
493 3031 535 3093 sd
548 3043 702 3113 posteros:
726 3035 809 3113 Quin
830 3040 927 3095 nutus
943 3039 988 3093 stt
1003 3051 1058 3095 uo·
1156 3040 1183 3098 3.
1208 3037 1365 3113 Quicum
1391 3037 1432 3095 sit
1455 3034 1607 3112 splendor
1631 3035 1754 3113 plor-ios
1780 3042 1811 3096 st

364 3119 515 3181 disdods'e
530 3118 975 3200 &computatorem
988 3122 1058 3181 Do-
1111 3122 1217 3199 doure
1242 3122 1437 3183 substantioe
1464 3126 1538 3197 ejus.
1575 3122 1663 3184 Hseo
1688 3140 1811 3203 quoque

364 3210 484 3281 missus,
498 3207 575 3269 Luu.
591 3210 621 3268 θ.
1112 3208 1152 3270 sd
1166 3210 1349 3290 superiorem
1364 3207 1478 3269 Christi
1496 3217 1633 3270 naturum
1647 3211 1809 3290 pertinent.

401 3294 846 3373 Perpessufceitotsoeeutn.
868 3291 917 3354 Ab
929 3291 1059 3354 humens
1112 3295 1173 3354 Pro
1194 3296 1380 3373 splendore,
1405 3294 1522 3356 Greoee
1542 3303 1587 3355 est
1609 3288 1808 3374 ἀπαύγασμα,

364 3377 474 3440 chisti
488 3389 597 3443 nsture
611 3380 652 3442 sd
666 3379 799 3442 divinum
814 3379 1010 3461 progreditur,
1025 3388 1059 3439 ut
1112 3381 1193 3463 quod
1218 3382 1368 3462 signifieat
1393 3382 1638 3460 resulpmts'um:
1660 3381 1810 3462 quomodo

363 3475 523 3614 Rumpe
537 3467 689 3613 lieisrssist
708 3467 771 3527 snis
785 3465 824 3527 ob
839 3466 1058 3614 ocutiipsponat
1111 3469 1216 3617 {editas
1230 3468 1329 3572 sosole
1347 3467 1528 3615 respippdtt.
1545 3467 1652 3614 Eque
1674 3467 1810 3618 nonnula

389 3572 568 3630 unsonm,
642 3571 794 3626 nr‚eum
817 3572 889 3613 oens
928 3573 959 3613 ur
997 3572 1058 3614 om·
1134 3576 1186 3617 ers
1208 3566 1349 3617 sunonem
1376 3575 1415 3616 ve
1465 3576 1486 3615 n
1611 3574 1657 3616 em
1680 3575 1781 3618 rore

361 3642 441 3701 utum
457 3573 643 3715 truseredeidw,l
656 3660 759 3702 rerum
782 3640 890 3712 etism,
913 3639 994 3721 qnod
1012 3648 1060 3700 est
1112 3643 1184 3723 Sep.
1209 3645 1253 3716 7.,
1279 3643 1332 3703 ubi
1354 3661 1410 3704 nos
1433 3642 1472 3703 de
1493 3641 1646 3723 Sapientis
1667 3643 1810 3723 legimns:

361 3727 453 3788 nuito
483 3729 598 3807 majus,
631 3747 688 3809 per
715 3747 782 3788 euni
812 3728 909 3807 ipsum
938 3726 1059 3788 seeeuls
1113 3730 1486 3806 Gundotmenimlues's
1495 3738 1652 3792 astemoe.
1674 3730 1810 3793 Voestur

361 3813 503 3875 uendidit
526 3815 663 3896 Sueoulu
676 3822 767 3875 voest
782 3833 834 3887 es,
850 3832 931 3894 quse
946 3813 1057 3876 euim.
1113 3835 1185 3896 ergo
1200 3817 1281 3878 filius
1296 3817 1447 3889 splendor
1467 3819 1590 3894 plotius
1606 3836 1661 3878 seu
1676 3818 1810 3878 chritu-

363 3903 388 3961 1.
402 3910 436 3962 st
459 3901 526 3962 Tit.
551 3907 578 3962 1.
601 3900 680 3964 dixit
699 3908 845 3977 temporo
868 3902 1057 3975 sosossloriu,
1112 3906 1152 3964 tis
1165 3912 1341 3981 putemus3
1365 3905 1437 3983 quis
1459 3905 1559 3965 lumen
1574 3913 1620 3966 est
1634 3903 1673 3966 de
1687 3904 1808 3977 lumine,

360 3986 454 4048 idest
476 3988 584 4069 longus
606 3995 638 4049 st
659 3989 816 4049 eontinnse
831 3996 999 4068 temporum
1013 4006 1058 4049 ro
1112 3992 1192 4050 siout
1218 3990 1255 4052 de
1278 4011 1314 4052 eo
1336 3990 1475 4051 Euelesie
1495 3993 1578 4052 uenit
1604 3994 1636 4052 in
1661 3991 1809 4071 symbqu

358 4074 546 4146 solutiones,
571 4073 626 4135 sed
650 4075 681 4135 in
707 4074 756 4135 hie
781 4075 902 4135 omnino
924 4092 1057 4153 eompre-
1112 4076 1276 4138 Sciendum
1300 4086 1346 4138 ost
1368 4084 1484 4151 eutem,
1506 4080 1538 4139 in
1559 4078 1732 4158 hujusmodi
1747 4097 1808 4139 ms·

357 4158 449 4222 issndi
465 4160 639 4242 nitetque
654 4160 783 4240 intelligi
793 4179 842 4222 res
858 4163 948 4241 ipsus,
964 4179 1056 4239 quse·
1111 4163 1246 4244 tephoris
1260 4163 1300 4225 sd
1313 4185 1363 4226 ses
1378 4162 1497 4225 divinus
1508 4163 1706 4245 applicandis,
1722 4184 1810 4227 omne

359 4266 481 4329 seuque
514 4255 648 4327 ternpore
677 4253 904 4321 mensurentur,
941 4245 971 4305 id
1002 4232 1065 4320 esd
1112 4249 1142 4309 id
1168 4250 1381 4313 removendum
1409 4270 1491 4325 esse,
1517 4252 1600 4331 quod
1629 4260 1677 4313 est
1701 4253 1808 4333 imper·

358 4332 502 4395 nundum
527 4342 559 4393 et
585 4332 735 4413 quidquid
761 4333 792 4394 in
815 4352 852 4395 eo
878 4335 1060 4396 continetur·
1111 4335 1257 4399 iootionis.
1281 4337 1373 4400 Unde
1387 4356 1426 4398 ex
1442 4356 1492 4409 eo,
1507 4338 1590 4418 quod
1600 4338 1743 4421 splendor
1757 4344 1812 4399 sut

358 4417 426 4499 Quo
456 4438 549 4481 sensu
577 4439 681 4480 rursus
706 4420 783 4480 inire
808 4441 874 4501 esp.
906 4424 953 4480 11.
984 4418 1058 4481 dieit
1110 4422 1215 4486 rudius
1231 4445 1291 4487 non
1306 4430 1458 4506 exsequst
1472 4425 1580 4499 luoem,
1596 4446 1616 4488 s
1630 4445 1691 4508 qus
1702 4424 1809 4486 diffun-

358 4514 472 4583 uptoto
497 4523 560 4567 sess
587 4506 716 4567 suewle
740 4506 835 4568 verbo
861 4509 932 4569 Det
969 4506 1057 4568 Idem
1111 4509 1205 4587 ditur,
1230 4531 1291 4573 non
1313 4518 1395 4573 reete
1410 4509 1534 4592 colliget
1549 4513 1680 4574 Arienus
1696 4511 1809 4572 Filium

358 4611 426 4673 sugo
442 4591 534 4653 duest
547 4592 595 4654 his
619 4592 695 4654 loeis
714 4593 841 4667 Paulus,
865 4592 947 4673 qnod
962 4593 1055 4654 Josn·
1110 4616 1178 4659 esse
1199 4600 1343 4659 minorem
1359 4600 1461 4659 Putre.
1495 4599 1566 4661 Non
1586 4601 1665 4659 enirn
1689 4596 1727 4657 sd
1752 4600 1809 4659 hoe

356 4697 408 4740 uss
436 4679 525 4740 initio
563 4680 611 4740 sni
639 4680 814 4760 Evsngeiiir
851 4681 970 4742 Omnia
997 4698 1057 4757 pes·
1110 4685 1340 4764 significandum
1367 4693 1520 4767 assumpta
1545 4693 1591 4747 est
1615 4683 1810 4765 metaphora

356 4767 458 4842 ipsum
470 4767 564 4845 sueto
577 4773 661 4828 sunt
700 4767 737 4826 Et
760 4767 886 4828 iterum:
913 4767 1056 4829 Mundus
1109 4770 1163 4831 sed
1183 4774 1297 4853 potius,
1323 4780 1357 4832 ut
1379 4772 1524 4852 quioquid
1551 4771 1593 4832 ibi
1614 4770 1809 4852 perfeetionis

356 4856 533 4930 peripsum
547 4853 657 4931 suetus
671 4861 723 4914 est
746 4852 815 4914 Hso
828 4863 929 4915 eutem
944 4853 1055 4933 phuni,
1109 4859 1270 4933 invenitur,
1285 4858 1324 4920 ud
1339 4878 1402 4919 rem
1418 4859 1599 4940 propositum
1614 4860 1809 4938 applicemus,

357 4957 415 5018 que
428 4938 541 5000 dieitur
556 4939 644 4999 Dens
658 4959 714 5021 pes
727 4940 837 5002 Fiiinm
851 4940 961 5001 iecisse
972 4960 1054 5002 runn-
1106 4944 1318 5021 iisdnmtsxst,
1327 4963 1408 5025 quse
1415 4943 1591 5024 imperieets
1597 4953 1674 5020 sunt,
1680 4946 1809 5007 omissis.

357 5023 442 5101 dum,
467 5045 532 5089 uun
555 5032 673 5088 tuntum
699 5027 869 5090 insinuetur
891 5028 1057 5090 eommunis
1150 5032 1262 5115 Itaque
1275 5039 1359 5095 reete
1371 5032 1481 5093 Pstrss
1497 5047 1597 5109 exeo,
1611 5029 1807 5116 quodFssius
