4442 5825
447 583 520 652 tes
942 571 1373 629 cornuumusuerru.

486 751 642 813 Veriorem
658 751 762 831 iisque
784 769 894 811 censeo
913 751 1138 832 responsionem
1194 768 1272 831 qaue
1287 750 1434 812 sacratior
1446 757 1517 824 eret,
1532 751 1646 813 honore
1657 749 1755 812 thuris
1766 759 1883 826 careret

444 859 556 913 eorum,
580 840 633 919 qui
649 836 754 898 dicunt
775 839 928 899 thuribuli
943 840 1063 899 nomine
1077 838 1136 916 sig·
1186 838 1280 917 jussit
1302 836 1466 911 Dominus,
1488 837 1580 916 juxte
1605 838 1696 898 stetui
1720 836 1832 912 nitere,
1857 840 1885 899 in

442 925 556 986 niticsri
586 925 739 999 hocloco
770 926 872 986 altare
910 927 1137 1001 thymiamatis,
1192 944 1250 1005 quo
1267 923 1434 1006 thymiama
1454 922 1634 1000 adoleretur,
1657 923 1744 1003 cujus
1760 923 1885 986 inmuse

443 1011 525 1093 quod
548 1010 727 1073 describitur
749 1012 845 1073 Exod.
871 1014 931 1088 30„
951 1013 1030 1073 sicut
1051 1011 1137 1072 intei-
1190 1012 1326 1093 proximo
1349 1019 1485 1073 sunctum
1504 1012 1604 1073 locum
1625 1031 1779 1092 occupans
1794 1011 1884 1074 obnu·

442 1099 519 1160 lexit
534 1097 681 1179 Origenes
703 1099 803 1160 homil.
825 1103 853 1161 9.
876 1119 967 1180 super
989 1097 1136 1161 Exodum.
1192 1098 1310 1160 biberet
1337 1096 1438 1177 Quem
1464 1098 1502 1160 ob
1525 1118 1647 1161 ceussm
1670 1100 1762 1161 etism
1786 1099 1886 1160 uitare

312 1182 314 1187 ’
443 1187 544 1268 Quem
574 1187 753 1246 sententiam
782 1186 919 1267 pluribus
949 1186 1137 1268 argumentis
1193 1186 1326 1260 oraculi,
1342 1185 1373 1245 id
1389 1193 1437 1246 eet
1448 1185 1552 1251 Sancti
1567 1193 1747 1260 sanctorum,
1764 1196 1887 1248 vocetur

441 1273 548 1353 probat
562 1271 724 1335 Abuiensie
738 1274 771 1333 in
785 1272 884 1335 Exod.
900 1276 951 1335 26.
968 1294 997 1354 q.
1014 1275 1042 1333 6.
1058 1283 1089 1334 et
1105 1275 1136 1334 in
1192 1277 1210 1335 3
1226 1273 1303 1353 Reg.
1321 1273 1365 1344 6.,
1389 1280 1421 1334 et
1442 1274 1556 1348 altam,
1581 1271 1665 1350 quod
1687 1280 1759 1332 erat
1780 1289 1887 1335 cosam

315 1401 318 1410 -
442 1359 552 1440 3Reg.
569 1362 597 1420 6.
614 1380 643 1441 q.
657 1363 705 1421 16.
728 1358 968 1421 Eandemdocte
984 1360 1138 1421 confirmet
1189 1361 1343 1435 Domino,
1367 1359 1397 1419 id
1421 1367 1476 1433 est,
1502 1380 1599 1421 coram
1622 1379 1693 1420 eree
1715 1361 1886 1433 testimonii,

441 1446 622 1507 Franciscus
638 1446 751 1508 Bibere
766 1445 818 1507 lib.
835 1449 864 1507 2.
880 1447 919 1509 do
933 1447 1054 1527 templo,
1069 1466 1136 1526 csp.
1189 1447 1288 1508 Levit
1313 1448 1362 1508 16.
1388 1444 1562 1508 Notandum
1587 1448 1683 1522 eninr,
1707 1446 1886 1528 Apostolum

441 1533 481 1607 8.,
497 1543 528 1594 et
541 1535 573 1594 in
587 1543 743 1596 comment.
758 1537 927 1614 praesentis
941 1535 1010 1594 loci.
1032 1533 1135 1594 Scien·
1189 1554 1250 1594 non
1265 1534 1308 1596 sic
1329 1531 1446 1596 dicere:
1473 1533 1743 1609 Tabesstamslrsm,
1766 1538 1804 1596 iss
1827 1553 1885 1613 quo

440 1618 511 1680 dum
535 1623 624 1695 enim,
647 1640 753 1682 vocem
769 1619 914 1682 Graecum
938 1614 1136 1699 θυμιατήριον
1190 1629 1258 1682 crat
1272 1639 1407 1683 aureum
1422 1621 1639 1698 monestere,-
1659 1620 1729 1682 sed:
1752 1640 1884 1683 auferor

439 1727 501 1769 non
519 1707 615 1769 solum
630 1708 798 1790 significare
814 1707 1006 1781 thnribulum,
1031 1727 1135 1768 verum
1189 1709 1307 1768 tabem
1331 1708 1549 1785 thuribulam,
1580 1706 1723 1770 videlicet
1747 1711 1886 1789 proxime

439 1797 531 1856 wem
545 1793 645 1857 locum
660 1803 714 1856 sut
728 1815 819 1871 erem,
835 1797 867 1856 in
882 1795 990 1876 quatit
1005 1795 1134 1855 suffitus.
1190 1795 1248 1856 sibi
1271 1792 1432 1869 admotum,
1452 1803 1489 1856 ut
1508 1796 1568 1876 ipsi
1587 1797 1717 1857 serviret
1739 1795 1885 1858 sdusum

438 1883 480 1944 Et
493 1883 537 1942 ite
553 1884 617 1943 sine
632 1880 725 1944 dubio
739 1882 892 1964 Josephus
907 1883 1026 1962 eccepit
1040 1881 1090 1942 lib.
1106 1886 1135 1944 3.
1189 1880 1404 1962 supradictum.
1448 1883 1508 1943 Pro
1544 1882 1769 1945 confirmatione
1797 1883 1885 1965 hujus

439 1970 532 2050 entiq.
556 1968 630 2032 Jud.
656 1989 723 2051 cap.
749 1969 791 2042 7.,
819 1978 849 2030 et
870 1968 921 2030 lib.
944 1971 973 2030 6.
997 1967 1136 2029 debello
1189 1969 1358 2029 sententiae
1384 1968 1544 2049 plurimum
1567 1970 1659 2032 etiem
1681 1969 1781 2045 velet,
1805 1968 1885 2050 quod

439 2054 463 2117 J
464 2054 581 2130 udeicu,
596 2076 661 2136 esp.
676 2060 714 2131 6.,
731 2055 805 2117 licet
819 2055 876 2116 hoc
888 2058 1054 2136 posteriore
1068 2055 1136 2117 ioco
1190 2056 1286 2117 eltsre
1301 2055 1509 2136 thymiamitis
1530 2055 1623 2117 inerit
1635 2076 1727 2119 unum
1743 2076 1783 2119 ex
1797 2077 1883 2138 pree·

438 2141 1135 2224 Letinusinterpresverterittburibnlum.Nem
1189 2144 1293 2225 cipnis,
1315 2162 1395 2223 quse
1415 2145 1447 2206 in
1469 2142 1661 2205 tabemeeuto
1678 2153 1774 2206 eruut
1797 2142 1886 2207 Unde

439 2239 471 2291 et
481 2250 588 2292 revers
604 2230 913 2293 nonsliuderetillud
926 2231 1031 2305 altere,
1043 2250 1135 2312 quem
1187 2250 1247 2290 non
1271 2237 1319 2290 est
1339 2229 1403 2291 ulio
1424 2229 1513 2290 modo
1536 2229 1708 2305 verisimile,
1730 2229 1827 2294 tuisse
1846 2230 1884 2293 sb

437 2337 576 2400 megnum
600 2319 804 2395 thuribulum
826 2337 883 2379 nec
904 2319 1003 2399 mejus
1024 2326 1136 2392 temen,
1189 2315 1336 2398 Apostoio
1355 2318 1606 2398 praetermissum,
1629 2317 1682 2380 ubi
1704 2327 1827 2381 caetere
1840 2340 1884 2381 re·

438 2424 528 2486 quem
559 2407 691 2467 cubitum
720 2404 835 2467 habens
861 2404 1072 2485 longitudinis,
1103 2415 1136 2465 et
1188 2407 1312 2466 censuit
1336 2404 1395 2466 Cur
1407 2412 1505 2466 nutem
1519 2406 1617 2486 ipsum
1627 2409 1833 2469 numeraverit
1842 2408 1884 2469 in·

437 2492 572 2554 cubitum
602 2491 786 2566 latitudinis,
824 2499 932 2572 utpote
958 2493 1046 2570 cujus
1074 2513 1136 2554 non
1187 2499 1232 2553 ter
1250 2513 1295 2563 es,
1318 2512 1397 2572 quse
1412 2500 1498 2553 erant
1511 2500 1580 2572 poet
1594 2492 1695 2553 velum
1708 2492 1885 2568 secumdum,

439 2577 517 2642 elius
532 2588 613 2642 esset
627 2599 709 2653 usus,
733 2597 825 2660 quern
841 2587 876 2638 nt
890 2581 922 2639 in
938 2598 974 2640 eo
990 2581 1068 2659 ignis
1083 2581 1134 2639 im·
1187 2582 1264 2641 ratio
1277 2579 1342 2658 jem
1356 2577 1475 2640 reddite
1491 2587 1545 2641 est.

436 2677 604 2748 poneretur,
627 2674 658 2726 et
680 2665 786 2726 odores
809 2665 1045 2726 incenderentur.
1068 2666 1134 2726 Hu-
1232 2665 1347 2728 Verum
1364 2664 1461 2727 adhuc
1477 2666 1601 2744 objiciet
1615 2667 1733 2747 uliquis,
1749 2667 1884 2729 thuribu-

433 2753 487 2834 jus
501 2754 667 2815 sententiae
687 2750 819 2813 breviter
842 2754 931 2813 etiem
953 2755 1088 2814 meminit
1102 2753 1132 2814 S.
1187 2753 1249 2813 lum
1265 2753 1304 2812 eb
1319 2751 1465 2833 Apostolo
1489 2753 1590 2812 soceri
1605 2773 1736 2828 aureum,
1758 2754 1840 2837 qnod
1855 2757 1885 2816 in

440 2838 586 2915 Thomas,
601 2858 657 2900 nec
671 2839 788 2900 refellit.
1187 2840 1281 2901 sltere
1298 2860 1360 2900 non
1382 2840 1531 2920 competit.
1555 2838 1665 2920 Neque
1681 2842 1762 2901 enim
1776 2841 1885 2903 alteris

484 2927 545 2989 sed
561 2925 706 2988 adsersus
723 2946 789 2987 eam
805 2927 936 2987 Lirunus
951 2935 982 2989 ct
997 2927 1048 2987 slii
1063 2948 1135 2989 non·
1189 2948 1227 2989 ex
1239 2947 1313 2988 auro
1324 2928 1389 2988 fieri
1402 2926 1507 3001 solent,
1523 2926 1578 2987 sed
1589 2926 1750 2989 thurIbuls.
1765 2928 1885 2992 Deinde

439 3013 515 3075 nulli
529 3013 682 3093 objiciunt,
707 3013 802 3074 altere
825 3012 1031 3094 thymiamatis
1046 3014 1133 3075 intel·
1188 3022 1306 3075 constet
1322 3034 1359 3076 ex
1379 3016 1552 3074 memoretis
1571 3014 1645 3073 locis
1659 3013 1768 3088 Exodi,
1790 3014 1885 3078 nitere

438 3099 494 3181 ligi
508 3122 568 3163 non
583 3119 683 3181 posse,
705 3104 845 3182 quonism
867 3100 941 3161 illud
965 3102 1056 3161 situm
1071 3109 1136 3162 eret
1188 3102 1394 3182 thymiamatis
1405 3099 1517 3161 fuctum
1529 3100 1620 3161 inisse
1632 3119 1670 3160 cx
1683 3100 1774 3181 lignis
1787 3104 1883 3164 setim.

439 3193 528 3248 extre
542 3187 652 3260 velum,
674 3186 726 3248 nbi
749 3185 961 3249 candelabrum
977 3197 1008 3248 et
1021 3206 1133 3262 mense,
1185 3186 1423 3269 Respondemus,
1448 3190 1537 3247 etiem
1560 3186 1655 3247 sltere
1670 3186 1747 3249 illud
1762 3208 1882 3252 sursum

437 3274 518 3336 sicut
539 3274 669 3335 hebetur
684 3272 783 3335 Exod.
799 3273 854 3334 ult
880 3274 971 3355 Quod
987 3283 1018 3335 et
1033 3275 1132 3335 Theo·
1184 3273 1286 3347 fuisse,
1301 3275 1409 3354 sicque
1423 3276 1527 3335 vaceti
1538 3295 1556 3334 e
1567 3273 1654 3334 Mose
1669 3274 1769 3335 Exod.
1787 3277 1838 3339 3⁹.
1853 3284 1884 3336 et

435 3360 598 3443 phylectus
620 3359 754 3434 affirmet,
778 3381 933 3442 exponens
948 3362 1024 3422 illud
1042 3361 1134 3441 hujus
1186 3362 1236 3421 40.
1254 3360 1386 3423 ethium.
1398 3362 1446 3437 4.;
1468 3381 1530 3422 non
1545 3358 1627 3442 quod
1642 3379 1680 3421 ex
1695 3380 1770 3422 euro
1785 3359 1881 3424 solido

436 3450 560 3529 ospitis:
587 3450 659 3509 Noa
674 3449 742 3510 sisse
756 3451 923 3524 sanquine.
951 3448 1064 3508 Psulus
1079 3469 1131 3508 su·
1187 3447 1347 3509 conflatum
1378 3455 1474 3520 esset,
1502 3448 1554 3508 sed
1585 3447 1659 3528 quia
1684 3455 1781 3510 totum
1810 3468 1881 3512 suro

436 3542 496 3597 tem
511 3536 644 3617 loquitur
654 3554 734 3596 nunc
746 3534 784 3596 de
796 3535 852 3607 his,
867 3554 946 3616 quse
958 3542 1043 3595 erunt
1054 3535 1133 3595 intre
1187 3543 1312 3611 tectum3
1336 3536 1417 3594 sicut
1434 3541 1466 3594 et
1484 3554 1589 3595 mense
1609 3542 1734 3595 vocetur
1755 3538 1881 3599 sanese

437 3620 547 3694 velum,
562 3624 593 3681 in
609 3622 719 3682 Sancto
743 3632 920 3682 sanctorum.
948 3620 1028 3681 Nem
1050 3621 1132 3700 quod
1184 3621 1260 3700 Reg.
1285 3621 1329 3692 7.,
1351 3621 1488 3701 quumvis
1511 3641 1549 3680 ex
1570 3621 1661 3700 lignis
1683 3622 1771 3682 setim
1794 3620 1880 3694 itote,

436 3706 1131 3787 Rhagustinusq.133.et174.suporExod.
1184 3709 1257 3788 quis
1283 3708 1421 3768 nimirum
1449 3715 1512 3766 tote
1541 3728 1613 3768 suro
1641 3715 1783 3787 cooperte
1809 3716 1878 3772 eret

435 3796 548 3866 scribit,
571 3794 665 3855 altere
679 3796 793 3855 incensi
816 3796 894 3855 intre
909 3794 1012 3855 velum
1027 3793 1131 3868 inisse,
1183 3795 1338 3873 Atqueite
1346 3792 1385 3854 ds
1393 3791 1481 3854 elteri
1490 3792 1677 3873 Augustinus
1690 3794 1756 3874 ipse
1764 3802 1878 3875 qusest

434 3879 565 3960 ideoque
580 3879 766 3942 sacerdotem
782 3879 918 3962 quotidie
932 3879 1071 3942 debuisse
1086 3882 1130 3941 in·
1183 3879 1235 3940 ult
1259 3900 1349 3960 super
1371 3879 1523 3940 Exodum:
1547 3880 1669 3954 Altam,
1693 3881 1806 3960 inquit,
1828 3885 1878 3944 ist·

433 3966 519 4047 gredi
534 3969 566 4028 in
580 3967 722 4029 Senctum
738 3977 917 4042 tunctorum,
938 3978 972 4027 ut
987 3965 1131 4047 quotidie,
1183 3966 1451 4043 ceasialiquassda
1464 3985 1597 4028 aureum
1611 3967 1877 4045 stuthestptem,

431 4054 523 4133 juxte
544 4052 621 4133 legis
637 4061 845 4136 'praeceptum
869 4074 961 4136 super
983 4074 1019 4115 eo
1039 4054 1130 4114 elteri
1183 4054 1362 4130 aliquando
1379 4054 1588 4129 deauratam
1614 4071 1751 4114 aureum
1771 4060 1878 4133 utique

432 4140 587 4201 incensum
610 4151 743 4220 poneret,
763 4162 824 4202 non
840 4151 985 4204 consonet
1000 4160 1067 4200 cum
1083 4141 1129 4213 iis,
1183 4142 1369 4217 appellans,
1398 4141 1482 4217 qaod
1509 4147 1578 4201 erat
1602 4143 1804 4205 inauratum.
1832 4142 1879 4203 Sic

432 4246 511 4308 quse
526 4227 622 4289 Exod.
640 4228 689 4289 30.
706 4236 736 4288 et
750 4230 800 4287 40.
818 4228 968 4308 leguntur.
991 4226 1051 4287 Sed
1067 4227 1128 4286 Aa·
1184 4225 1244 4287 iile.
1268 4225 1413 4287 Similiter
1436 4235 1537 4287 sutem
1554 4234 1585 4287 et
1598 4226 1695 4288 elisre
1710 4227 1878 4291 hoioeeusti

431 4315 585 4394 guetinum
607 4313 714 4373 fefellit
738 4313 907 4376 obscuritas
922 4314 1070 4375 versionis
1085 4314 1128 4372 in·
1182 4311 1294 4374 dietum
1311 4322 1358 4373 est
1372 4332 1501 4386 nereum,
1523 4313 1580 4372 hoc
1595 4322 1651 4385 est,
1665 4333 1739 4375 uere
1754 4316 1875 4377 ciream·

431 4408 595 4482 terpretnm
620 4399 736 4473 Lxx,
766 4420 847 4481 quse
872 4422 932 4461 non
962 4399 1129 4476 distinguit,
1181 4401 1333 4460 vestitum.
1357 4396 1473 4460 Eadem
1494 4401 1571 4462 rstio
1593 4399 1630 4460 de
1654 4420 1734 4475 arcs,
1756 4401 1877 4483 deque

430 4497 531 4549 utrum
547 4488 688 4562 exterius,
710 4507 751 4547 en
766 4488 894 4549 interius
909 4497 1012 4547 contre
1029 4485 1127 4546 velum
1176 4488 1243 4565 jem
1259 4487 1409 4567 seqnitur:

429 4576 527 4637 eltere
542 4573 723 4635 collocutum
738 4572 837 4634 inerit
1224 4574 1269 4634 Et
1288 4590 1397 4632 arcam
1425 4573 1618 4633 Testamenti
1644 4576 1875 4637 circumtectum

470 4660 568 4742 Igitur
594 4681 661 4722 cnm
684 4660 799 4722 Bibere
819 4658 1006 4741 respondeo,
1032 4660 1128 4720 eltere
1181 4664 1331 4721 exomni
1349 4666 1445 4737 parte
1467 4677 1558 4721 auso.
1583 4658 1675 4738 Quod
1697 4659 1817 4723 Graece
1832 4672 1876 4722 est

427 4747 635 4829 thymiamatis
656 4747 768 4808 iactum
783 4745 886 4819 inisse,
907 4756 940 4807 ut
963 4747 1129 4807 deserviret
1180 4738 1343 4820 πάντοθεν,
1359 4746 1512 4822 undique,
1537 4745 1567 4805 id
1583 4749 1728 4828 interpres
1745 4749 1874 4828 explice-

428 4834 539 4897 Sencto
563 4843 743 4897 senmurum.
766 4833 843 4895 Cum
866 4836 945 4898 enim
960 4833 1016 4895 soii
1030 4835 1126 4914 ponti·
1179 4835 1241 4894 tius
1252 4832 1347 4893 dixit:
1363 4850 1401 4894 eu
1415 4836 1619 4910 omniparis.
1642 4836 1767 4914 Legitur
1778 4834 1873 4898 hired

427 4918 477 4981 hei
502 4920 550 4982 ise
571 4930 652 4984 esset
675 4922 748 4983 illuc
770 4922 900 4994 intrare,
922 4940 978 4981 neo
1000 4919 1048 4994 id,
1070 4920 1129 4980 nisi
1181 4920 1229 4979 25.
1251 4927 1281 4981 ct
1301 4919 1367 4992 37„
1393 4940 1493 4981 errem
1515 4920 1576 4981 Dei
1597 4922 1684 5001 jussu
1704 4920 1817 4984 isotsm
1837 4940 1873 4982 ex

427 5006 523 5068 semsi
546 5009 577 5069 in
598 5028 695 5074 annor
720 5029 758 5071 ne
781 5027 817 5069 es
839 5028 910 5089 pers
932 5005 1127 5080 tubernaculi,
1179 5004 1270 5086 lignis
1291 5007 1388 5082 setim,
1410 5014 1441 5069 et
1459 5027 1535 5070 suro
1556 5009 1715 5088 purissimo
1735 5008 1819 5072 intus
1836 5025 1873 5078 so
