4442 5825
443 586 517 657 770
980 574 1348 663 conunnsnpsncn.
1365 573 1399 632 ι.

440 755 524 838 quod
543 758 599 817 ait:
626 757 726 818 Dabit
748 755 854 833 vobis,
877 764 911 816 ut
934 776 970 818 ea
992 754 1138 818 beneficia
1191 754 1372 836 stinguendo
1395 752 1604 817 difficultatem
1628 753 1684 816 vel
1710 774 1770 816 aon
1794 752 1884 814 adra·

440 844 609 924 significata
631 847 763 905 sciantur
777 844 824 904 his
840 844 948 919 verbis,
973 862 1051 924 qnae
1067 864 1136 922 pro·
1192 846 1282 903 terint
1297 842 1346 902 vel
1363 840 1633 916 dissimulaverint,
1659 843 1722 903 nisi
1744 841 1824 923 qnod
1839 838 1885 900 Oe·

442 934 508 1011 prie
521 932 561 992 ad
577 951 629 992 eos
644 933 801 1011 pertinent,
825 932 878 1011 qui
893 940 1011 1008 petant.
1034 931 1137 990 Elxaa·
1191 930 1346 991 eumenius
1356 928 1395 1002 id,
1408 928 1547 1010 qucdbic
1561 927 1706 1002 dicimus,
1719 927 1887 990 subindicat.

442 1017 566 1078 dinatus
582 1019 694 1099 qnippe
708 1037 812 1078 omnes
824 1017 920 1078 sancti
931 1039 985 1098 pro
998 1037 1030 1078 se
1046 1018 1136 1096 ipsis,
1192 1013 1284 1076 Certe
1300 1017 1332 1076 iu
1348 1015 1534 1077 Graecorum
1558 1016 1699 1077 lectione
1723 1037 1784 1077 aon
1800 1024 1886 1095 potest

443 1125 503 1165 uon
517 1113 617 1165 antem
641 1125 695 1185 pro
711 1104 848 1166 omnibus
866 1102 1073 1165 exandiuntur
1088 1103 1138 1164 vel
1190 1104 1344 1164 terminari
1367 1105 1519 1165 sententia
1544 1122 1613 1164 cam
1639 1103 1701 1164 boc
1723 1123 1816 1164 versa
1840 1103 1888 1176 15.,

442 1191 545 1252 amicis
567 1193 640 1265 sais,
662 1192 712 1252 rel
734 1193 877 1264 inimicis,
904 1191 956 1253 vel
978 1190 1138 1272 quibusvis
1190 1192 1369 1271 praesertim
1392 1210 1485 1270 quum
1500 1191 1532 1249 ia
1547 1188 1695 1251 secunda
1718 1191 1817 1271 ipsius
1832 1206 1885 1250 rer

441 1278 530 1349 aliis,
560 1279 632 1358 qaia
658 1300 717 1339 non
743 1288 906 1358 utcumque
933 1277 1047 1338 dictum
1073 1285 1137 1338 est:
1190 1294 1242 1336 sus
1258 1286 1343 1357 parte
1358 1277 1492 1338 habeant
1506 1278 1727 1357 praeteritum:
1749 1277 1885 1355 postula·

441 1365 540 1438 dabit,
564 1364 632 1426 sed:
655 1365 744 1426 dabit
760 1362 855 1426 vobis.
878 1364 927 1425 Ita
949 1365 1011 1425 illic
1027 1364 1058 1424 S.
1074 1365 1136 1423 Aa·
1191 1366 1305 1438 nimus,
1332 1373 1367 1424 nt
1393 1362 1594 1439 dictumest,
1621 1362 1680 1425 sed
1705 1365 1805 1426 alters
1827 1384 1886 1443 pan

442 1453 589 1532 quatinus.
618 1452 709 1513 Ratio
736 1452 825 1530 bajas
849 1462 914 1524 est,
941 1454 1013 1533 qnia
1038 1458 1138 1531 potest
1191 1450 1281 1529 bajus
1319 1450 1529 1512 conditionalis
1569 1452 1794 1512 enuntiationis
1831 1469 1886 1510 ssss

442 1557 509 1599 esse
536 1537 781 1618 impedimentum
808 1558 846 1599 ex
870 1547 957 1618 parte
977 1539 1059 1616 ejus,
1083 1558 1138 1618 pro
1191 1535 1283 1598 debet
1312 1557 1417 1599 versus
1448 1535 1586 1598 decimus
1616 1546 1737 1598 sextas.
1789 1537 1885 1617 Neque

441 1644 502 1705 qno
529 1634 645 1699 oratur,
672 1625 754 1706 qnod
780 1625 1025 1705 impedimentum
1052 1624 1138 1686 Deus
1191 1625 1277 1697 enim,
1300 1624 1381 1705 quod
1398 1624 1528 1686 antehac
1543 1623 1645 1685 factas
1661 1626 1830 1705 petitiones
1843 1626 1883 1684 ab

438 1713 520 1792 justo
533 1733 588 1773 sno
600 1713 715 1791 judicio
731 1712 838 1772 tollere
851 1713 933 1773 uelit
957 1710 1138 1773 conferatur
1191 1711 1366 1772 tinuerimus
1378 1731 1396 1771 a
1410 1711 1484 1785 Deo,
1500 1710 1567 1772 vult
1580 1710 1716 1791 probare
1728 1712 1883 1791 Apostolm

443 1798 473 1859 S.
489 1798 624 1859 Thomas
644 1799 671 1860 d.
689 1820 719 1880 q.
735 1800 786 1861 83.
806 1801 838 1859 ἰιι
853 1802 881 1859 2.
899 1819 960 1860 sec.
977 1809 1033 1859 ert.
1052 1802 1079 1858 7.
1096 1799 1136 1860 ad
1190 1817 1244 1878 per
1264 1798 1330 1872 boc,
1353 1808 1508 1878 tamquam
1531 1817 1587 1879 per
1609 1798 1762 1879 quiddam
1788 1800 1882 1863 notius.

442 1890 471 1947 2.
488 1895 518 1945 et
541 1890 569 1949 3.
593 1896 624 1945 et
646 1896 700 1947 art.
726 1885 775 1945 15.
798 1884 839 1945 ad
863 1890 890 1948 2.
915 1888 946 1947 in
967 1886 1025 1945 line
1047 1885 1136 1945 solnt.
1190 1883 1273 1965 quod
1296 1888 1415 1959 scimus,
1439 1886 1525 1945 illum
1540 1904 1596 1946 nos
1620 1885 1785 1958 exaudire,
1809 1884 1880 1966 quid·

441 1970 573 2052 Quando
593 1982 692 2034 antem
716 1993 769 2052 pro
791 1990 824 2032 se
841 1975 908 2050 ipsc
923 1973 1073 2053 quispiam
1091 1994 1133 2032 ro·
1190 1971 1264 2051 quid
1287 1974 1477 2052 petierimus,
1499 1971 1554 2032 sed
1578 1983 1687 2033 contra
1710 1975 1815 2053 potius
1837 1972 1882 2032 bac

441 2068 493 2139 gat
518 2059 681 2121 secundam
707 2059 892 2120 voluntatem
920 2059 996 2131 Dei,
1023 2057 1055 2118 id
1081 2067 1136 2131 est,
1190 2078 1230 2119 ex
1245 2058 1298 2119 illo
1319 2060 1520 2139 colligendum
1542 2069 1617 2118 erat.
1650 2058 1741 2120 Sient
1763 2059 1882 2140 proiecto

441 2154 529 2225 rogat
550 2147 616 2220 illa,
640 2165 720 2226 qnae
742 2145 824 2206 dicta
839 2157 909 2207 aaut
929 2147 1084 2225 superias,
1106 2155 1136 2206 et
1190 2145 1269 2206 bunc
1283 2146 1380 2208 locum
1397 2145 1551 2207 intellexit
1565 2145 1739 2225 Didymus,
1756 2150 1810 2227 qni
1825 2167 1879 2226 pro

442 2252 476 2293 eo
491 2232 589 2306 modo,
605 2235 658 2310 qni
670 2234 766 2293 dictas
779 2241 839 2292 est:
855 2241 926 2293 tnnc
939 2252 976 2293 eo
991 2234 1057 2311 ipso
1070 2233 1135 2311 jem
1190 2232 1260 2293 inde
1282 2234 1356 2293 illud
1380 2232 1566 2295 Graecorum
1583 2222 1649 2308 ἐὰν,
1675 2253 1739 2294 uon
1764 2236 1796 2294 ia
1814 2235 1880 2314 psia-

442 2328 489 2379 sst
504 2319 669 2399 dispositus
684 2318 938 2392 adobtiuendnm,
955 2320 1036 2399 qnod
1049 2322 1135 2399 petit.
1190 2321 1269 2400 cipio
1289 2322 1381 2381 totius
1402 2338 1507 2381 versus
1530 2318 1623 2398 bajus
1642 2321 1703 2392 15.,
1728 2319 1787 2380 sed
1810 2322 1878 2381 initis

486 2406 535 2466 15.
558 2408 602 2467 Et
615 2410 738 2481 scimus,
755 2410 832 2484 quia
847 2407 940 2466 audit
955 2424 1023 2479 nos,
1040 2407 1136 2482 quid·
1190 2407 1341 2468 secundae
1357 2409 1450 2486 partis
1466 2406 1608 2467 babuisse
1626 2406 1769 2484 videtum
1792 2410 1833 2468 its
1844 2407 1876 2467 ni

442 2494 519 2571 quid
533 2497 718 2569 petierimus
725 2515 737 2570 ,·
759 2497 882 2568 scimus,
906 2495 1061 2571 quoniam
1076 2495 1136 2553 lsa-
1189 2495 1312 2554 mirumz
1342 2496 1385 2555 Et
1413 2496 1544 2567 sumus,
1583 2494 1673 2571 quod
1705 2494 1802 2555 audit
1834 2512 1878 2556 uos

441 2579 547 2642 bemus
567 2585 748 2657 petitiones,
773 2599 852 2657 quas
871 2581 1072 2656 postulamus
1095 2580 1136 2640 ab
1189 2584 1292 2655 Deus,
1316 2580 1473 2658 quidquid
1493 2582 1704 2656 petierimus,
1730 2585 1760 2641 si
1782 2578 1877 2657 (idest,

441 2686 486 2729 co.
516 2668 566 2728 Ita
588 2668 699 2748 legitur
721 2667 770 2727 bic
793 2687 899 2727 versus
923 2669 955 2727 in
973 2665 1135 2736 ,codicibus
1190 2672 1285 2745 quia,
1312 2668 1591 2745 quandoquidem,
1620 2677 1657 2727 nt
1682 2687 1780 2748 saepe
1805 2664 1876 2739 abas]

439 2755 568 2827 Latinis,
591 2756 648 2815 nisi
664 2752 747 2832 qnod
762 2753 898 2813 nonnulli
918 2754 1028 2813 vetusti
1044 2755 1074 2813 in
1090 2773 1134 2814 se·
1189 2759 1313 2829 scimus,
1338 2755 1423 2832 quod
1440 2757 1510 2830 jam
1533 2754 1690 2815 babemus
1710 2758 1874 2831 petitiones,

444 2839 542 2901 cunda
558 2850 643 2921 parte
664 2840 776 2901 babent
791 2841 998 2920 praeteritum:
1022 2848 1136 2916 postu·
1189 2861 1269 2919 quas
1292 2842 1427 2902 antebac
1447 2842 1687 2918 postulavimus
1704 2839 1874 2903 (15ΕοΛᾶ

443 2929 591 3003 lavimus,
619 2927 807 2989 conformiter
833 2928 982 3007 originali.
1012 2929 1052 2988 Et
1078 2928 1136 2988 bac
1190 2948 1277 3009 quem
1294 2948 1414 2990 sonsum
1430 2929 1640 2990 etiamncstra
1658 2929 1790 3009 vulgata
1803 2931 1873 2991 lectio

441 3014 571 3075 lectione
593 3017 700 3095 posita,
725 3017 783 3074 iste
805 3035 910 3075 verens
926 3014 1058 3075 absolvit
1072 3035 1136 3075 sen·
1188 3015 1278 3075 facile
1290 3026 1459 3087 revocatur,
1474 3017 1498 3074 ei
1512 3021 1726 3077 numismatis
1739 3016 1874 3077 illislibsis

440 3101 574 3174 tentiam,
598 3122 634 3162 ac
649 3097 696 3177 (ut
711 3102 754 3161 ait
769 3100 961 3161 Venerabilis
977 3098 1077 3175 Beda)
1092 3120 1135 3161 re·
1188 3104 1306 3163 Latinis
1330 3103 1482 3181 legamus:
1504 3102 1769 3179 postulavimus,
1796 3106 1823 3163 in
1841 3123 1872 3161 se

440 3189 545 3267 petitio
574 3198 621 3248 est
644 3198 676 3251 et
702 3187 862 3248 inculcatio
884 3189 1019 3266 proxime
1042 3186 1135 3247 dicto·
1189 3187 1287 3249 cunda
1302 3196 1396 3267 parts,
1412 3199 1448 3247 at
1461 3208 1581 3249 sensnm
1593 3187 1678 3250 bunc
1689 3192 1872 3271 accipiamus:

439 3294 513 3347 rum,
536 3273 616 3335 iacta
638 3274 676 3336 ab
693 3274 847 3353 Apostolo,
870 3283 904 3333 nt
925 3294 979 3334 nos
994 3272 1033 3333 ad
1049 3294 1134 3334 oran·
1187 3277 1326 3349 Scimus,
1355 3275 1440 3352 quod
1465 3275 1643 3336 audiisses
1667 3278 1772 3353 Deus,
1796 3277 1871 3354 quid·

439 3360 510 3422 dnm
536 3362 672 3421 vivacius
700 3362 822 3420 excitet.
858 3360 1049 3440 Quamquam
1075 3381 1135 3420 nou
1187 3362 1266 3439 quid
1290 3364 1477 3438 petierimus
1483 3384 1496 3437 ,·
1526 3365 1646 3423 seimus
1672 3367 1782 3439 enim,
1806 3361 1872 3441 quod

440 3448 568 3527 simplex
592 3449 733 3527 repetitio
752 3445 880 3518 ridetur,
902 3446 955 3507 sed
979 3467 1045 3507 cnm
1061 3468 1134 3526 ang·
1188 3448 1337 3509 babemus
1355 3452 1526 3524 petitiones
1532 3493 1544 3523 ,
1576 3467 1659 3525 quas
1687 3452 1823 3512 auulsas
1842 3449 1872 3508 ab

440 3544 537 3595 mento
560 3534 700 3614 quodam
722 3532 803 3593 Nam
819 3553 910 3614 quum
930 3552 1006 3593 vers.
1027 3538 1075 3595 14.
1091 3533 1135 3593 di·
1188 3537 1238 3597 Eo
1253 3537 1495 3611 postulavimus.
1513 3534 1614 3616 Quem
1627 3536 1757 3615 quidem
1769 3556 1870 3598 masan

437 3622 540 3692 ximat,
563 3640 618 3681 nos
632 3619 747 3680 babere
763 3618 926 3694 fiduciam,
949 3618 998 3678 bic
1013 3621 1064 3693 ait,
1080 3640 1135 3679 nos
1188 3621 1313 3702 pulchre
1336 3624 1482 3702 expressit
1506 3623 1536 3684 S.
1562 3622 1746 3684 Eucherius
1771 3622 1870 3703 Lugdu·

438 3706 549 3767 babere
577 3710 759 3781 scientiam,
790 3726 844 3766 sen
869 3705 1009 3766 absolute
1038 3715 1135 3767 certos
1188 3710 1289 3768 nensis
1312 3706 1395 3787 apud
1417 3709 1453 3769 B.
1474 3709 1683 3788 Augustinum
1706 3730 1796 3773 serm
1817 3710 1870 3771 lli.

438 3812 512 3867 esse,
535 3793 619 3873 quod
641 3795 736 3854 simus
759 3792 943 3854 exaudiendi
968 3793 998 3852 in
1014 3794 1133 3872 petitio·
1188 3794 1227 3855 de
1242 3803 1389 3876 tempore,
1405 3796 1450 3855 bis
1470 3796 1587 3857 verbis:
1611 3795 1738 3859 Fidelis
1753 3799 1871 3877 quisqu

437 3879 534 3954 nibus,
558 3899 634 3960 quae
649 3881 716 3941 Dec
739 3878 904 3952 fecerimus,
927 3880 1066 3939 nimirum
1087 3898 1134 3940 sc·
1188 3900 1254 3941 cnm
1274 3881 1337 3959 jem
1361 3890 1446 3943 tanta
1465 3882 1646 3962 perceperit,
1669 3903 1730 3964 per
1744 3905 1789 3960 aa,
1809 3900 1871 3965 quas

437 3967 578 4028 cundum
600 3969 800 4029 voluntatem
815 3969 906 4042 Ejus,
930 3974 963 4025 ut
987 3968 1135 4046 expressit
1187 3968 1343 4047 cognoscit
1364 3970 1524 4048 praestita,
1547 3968 1650 4029 discat
1671 3990 1801 4051 sperare
1819 3988 1870 4052 pst

437 4072 526 4113 versu
552 4055 761 4132 praecedente.
792 4053 884 4133 Quod
908 4055 1058 4134 quomodo
1082 4073 1132 4112 ve·
1186 4057 1289 4128 missa,
1305 4056 1463 4116 etDeisni
1475 4055 1669 4134 praeteritam
1683 4075 1870 4138 praesentem

436 4158 503 4199 rnm
519 4141 566 4210 sit,
582 4142 656 4201 setis
672 4141 792 4201 uidetur
807 4139 987 4201 declaratum
1002 4141 1033 4201 in
1049 4141 1133 4200 illins
1187 4161 1248 4221 que
1272 4141 1439 4203 bonitatem
1470 4143 1558 4222 quasi
1588 4141 1766 4212 balanorum
1791 4150 1870 4206 tessal

436 4245 542 4288 versus
558 4228 758 4305 expositione.
1188 4230 1370 4289 cautionem.

478 4314 520 4374 At
547 4314 579 4373 in
600 4311 726 4373 Graecis
749 4311 901 4374 codicibus
927 4314 957 4373 iu
984 4314 1132 4393 principio
1232 4318 1282 4376 16.
1306 4318 1368 4396 (tui
1390 4318 1456 4390 scit,
1478 4316 1618 4393 fratrem
1640 4336 1739 4381 mm
1759 4335 1869 4398 peccam

435 4400 525 4480 bajus
541 4419 649 4460 versas
661 4398 783 4459 additur
796 4400 922 4460 vocula:
938 4390 1003 4475 ἐὰν,
1020 4403 1057 4474 si,
1074 4400 1132 4460 boc
1184 4408 1350 4477 peccatum
1376 4420 1445 4464 noa
1471 4402 1516 4462 ad
1538 4410 1697 4482 monam,
1723 4410 1869 4485 petam

433 4488 539 4549 modo:
565 4488 619 4562 Et,
642 4489 669 4547 si
691 4488 815 4558 scimus,
838 4487 924 4562 quad
946 4487 1039 4547 audit
1062 4506 1131 4562 nos,
1185 4487 1318 4549 dabitur
1328 4492 1357 4549 ci
1369 4492 1438 4551 uita
1446 4492 1594 4567 peccanti
1605 4509 1676 4553 stou
1688 4494 1736 4554 od
1747 4502 1868 4558 masta

434 4581 507 4651 stc.,·
542 4594 621 4653 qnae
649 4572 757 4633 vocula
786 4571 907 4633 videtur
937 4574 968 4633 in
998 4574 1132 4634 secunda
1185 4573 1271 4635 Haec
1301 4578 1449 4638 sententia
1476 4586 1522 4637 est
1552 4578 1713 4642 conclusio
1739 4578 1869 4663 special&

389 4665 392 4669 '
433 4659 525 4740 bajas
543 4679 649 4721 versus
664 4668 750 4741 parte
767 4658 826 4719 illis
842 4661 873 4720 in
888 4658 1045 4721 codicibus
1061 4661 1129 4722 sub·
1185 4659 1318 4722 deducte
1330 4683 1367 4723 ex
1379 4661 1600 4725 assertionibus
1612 4669 1810 4745 generalibus
1819 4683 1867 4727 rm

433 4747 548 4824 audiri,
572 4757 607 4808 ut
627 4747 741 4808 scilicet
761 4765 868 4807 versus
891 4746 940 4805 hic
965 4746 1014 4807 15.
1037 4768 1056 4808 a
1081 4749 1130 4808 16.
1184 4766 1271 4808 snam
1290 4750 1337 4809 14.
1356 4758 1386 4811 ct
1402 4751 1452 4811 15.
1475 4749 1513 4809 Id
1537 4750 1624 4830 quod
1645 4758 1867 4835 maxtusspps

432 4853 493 4895 non
508 4833 660 4914 periodica
677 4835 772 4913 signo,
795 4831 849 4894 sed
872 4841 988 4894 tantum
1005 4834 1064 4894 coli
1086 4833 1128 4894 di·
1183 4844 1229 4895 ret
1254 4838 1285 4897 in
1309 4835 1435 4897 Graecis
1457 4833 1635 4915 codicibus,
1661 4842 1718 4904 nbi
1741 4838 1867 4906 matut·

432 4922 595 4983 stiuctione
617 4930 791 4999 separetur,
814 4919 952 4999 quamvis
975 4922 1128 4999 exposito·
1183 4938 1273 4983 versu
1293 4925 1341 4984 15.
1357 4943 1464 4985 revers
1480 4924 1697 5005 suspenditur,
1720 4949 1775 4993 nec
1789 4922 1867 4991 absol

431 5025 482 5069 res
506 5005 627 5081 Graeci,
651 5025 729 5089 qacs
750 5006 906 5083 babemus,
928 5005 1006 5068 banc
1031 5006 1128 5070 dedi·
1183 5010 1274 5084 situs,
1295 5011 1356 5072 nisi
1369 5009 1427 5072 boc
1441 5009 1526 5084 loco,
1551 5020 1587 5073 ut
1613 5015 1712 5096 pinlc
1729 5025 1796 5082 snts
1809 5011 1865 5076 dii*
