4442 5825
389 592 464 661 22⁸
887 582 1119 638 commnione
1137 582 1168 637 m
1187 581 1253 638 cir.
1270 583 1310 637 nr.

389 770 423 823 ut
436 761 534 822 vultui
548 759 610 820 Dei
632 778 663 820 sc
685 779 739 839 pro
762 761 848 821 nobis
867 759 960 832 sistet,
984 759 1015 819 id
1031 768 1084 836 est,
1136 761 1325 823 incruentum
1350 768 1380 821 et
1406 757 1704 822 commemoretirum
1723 759 1810 823 ssuib

389 857 423 909 ut
433 848 516 930 epod
524 847 620 907 Deum
632 867 687 926 pro
697 846 785 907 nobis
795 845 975 926 interpellet
993 845 1084 925 Quod
1138 848 1217 909 cium
1234 847 1366 928 corporis
1381 856 1411 911 st
1425 846 1580 927 unguinis
1603 848 1661 908 sui.
1683 845 1813 927 Quem

390 956 451 1017 quo
467 954 555 995 sensu
572 932 671 995 iecere
686 932 831 996 dicendur
846 935 892 1006 sit,
913 934 1084 1013 expositum
1137 933 1274 1013 pluribus
1291 933 1408 994 euobis
1422 934 1577 1013 explicate
1592 942 1638 995 est
1652 953 1751 1014 supm.
1763 954 1814 1015 sep

391 1029 434 1082 est
450 1043 514 1102 csp.
532 1022 559 1079 7.
584 1018 622 1080 sd
639 1019 729 1081 illud:
755 1023 886 1097 semper
910 1025 1019 1080 vivens
1041 1021 1085 1081 ad
1138 1021 1175 1097 7.,
1198 1041 1290 1102 quum
1311 1028 1506 1081 tractaremus
1528 1019 1607 1081 iilud
1627 1019 1754 1082 Psalmi:
1778 1020 1817 1083 m

389 1108 662 1185 interpellandum
675 1125 738 1184 pro
754 1109 852 1170 nobie.
869 1107 988 1168 Dicitur
999 1105 1084 1169 Chri·
1137 1129 1168 1170 cs
1190 1107 1335 1169 sacerdos
1357 1109 1393 1168 in
1415 1114 1592 1173 commum.
1623 1106 1715 1188 Quod
1734 1114 1818 1171 ort·

390 1204 471 1257 stus:
496 1213 584 1257 nunc
609 1213 768 1272 apparere
793 1194 898 1256 vultui
927 1197 1008 1271 Dei,
1036 1196 1086 1255 cui
1137 1193 1411 1276 negetApostolus,
1427 1192 1581 1257 Christum
1591 1195 1717 1275 saepius
1731 1194 1818 1257 udum

390 1281 542 1344 tamenab
558 1282 644 1342 initio
660 1301 734 1342 suae
749 1282 951 1361 conceptionis
966 1301 1085 1364 semper
1138 1303 1169 1342 se
1184 1284 1292 1362 ipsum,
1314 1280 1353 1341 de
1367 1301 1403 1341 ee
1417 1279 1491 1343 dicit
1505 1282 1669 1354 oblatione,
1692 1299 1767 1363 quse
1778 1298 1818 1362 pt

390 1388 532 1450 praesens
547 1367 622 1443 fuit,
646 1388 703 1429 nec
718 1368 1006 1449 quomodocumque,
1031 1368 1085 1429 sed
1139 1388 1173 1430 ss
1187 1368 1291 1430 relect
1305 1367 1343 1429 sd
1358 1367 1580 1448 propitiandum
1596 1369 1716 1445 Deum3
1738 1366 1819 1449 qntr

390 1456 509 1516 visione
529 1456 677 1536 perfecte:
702 1456 773 1536 quie
788 1476 866 1517 nunc
880 1455 913 1515 id
926 1457 991 1535 egit
1005 1455 1085 1537 spud
1139 1455 1205 1518 sols
1231 1463 1278 1517 eet
1303 1454 1370 1530 ille,
1400 1474 1460 1535 que
1486 1475 1521 1516 se
1546 1455 1646 1536 ipsum
1672 1454 1819 1519 obtulitir

389 1543 506 1615 Deum,
533 1542 613 1623 quod
639 1541 721 1623 apud
746 1551 897 1603 terrenum
919 1543 1086 1624 principem
1139 1563 1236 1605 cruce.
1258 1541 1307 1602 eb
1329 1541 1387 1602 hec
1409 1543 1503 1616 enim,
1527 1543 1620 1603 sicuti
1639 1546 1819 1615 mcnnents

389 1648 477 1690 nemo
493 1629 570 1690 solet
585 1648 687 1708 egere,
709 1631 768 1690 nisi
783 1630 870 1710 prius
888 1631 920 1689 in
934 1630 999 1709 ejus
1015 1650 1084 1690 con·
1138 1633 1183 1691 sie
1205 1638 1236 1692 et
1250 1630 1359 1691 misses
1380 1628 1559 1690 sucrificium
1579 1630 1644 1691 vim
1667 1648 1753 1690 suum
1772 1646 1819 1691 u*

389 1730 525 1798 spectum
547 1716 716 1792 admissum
737 1714 769 1776 id
784 1724 830 1776 est
845 1735 897 1797 pro
913 1714 1026 1797 populo
1042 1717 1084 1776 in·
1140 1738 1208 1779 nem
1223 1715 1334 1796 recipit.

390 1802 554 1883 terpellure
576 1823 613 1863 sc
627 1801 722 1864 verba
741 1802 851 1864 iecere.
878 1802 990 1864 Beatus
1004 1803 1086 1863 Tbc·
1185 1801 1456 1885 Quemadmodum
1483 1802 1638 1881 pentilus
1666 1804 1768 1865 rorat
1793 1804 1819 1865 fl

389 1909 454 1951 mss
470 1891 614 1950 sermonis
628 1897 746 1970 tropum
767 1890 810 1950 ite
825 1891 963 1970 exponit:
989 1890 1085 1951 Intre-
1140 1899 1253 1953 sancta
1273 1908 1332 1966 per
1346 1889 1488 1965 stapulas
1510 1892 1669 1952 amussim
1683 1890 1819 1966 satir&

390 1979 435 2038 vit
449 1976 557 2051 locum,
572 1974 625 2036 ubi
639 1976 724 2037 Deus
739 1976 901 2040 meniieete
915 1977 1042 2038 videtur.
1140 1978 1256 2039 aliene.
1287 1973 1432 2037 Pontifex
1451 1977 1625 2037 beronicus
1650 1976 1819 2039 inorbo·-

435 2064 485 2126 25.
518 2065 627 2143 Neque
656 2071 693 2124 ut
722 2081 814 2140 caepe
852 2065 966 2143 afferat
994 2071 1088 2125 semet
1141 2066 1438 2127 sanctasanctorum
1456 2082 1523 2123 cunr
1544 2067 1705 2141 morasse
1719 2064 1819 2139 ulisse,

391 2153 504 2230 ipsum
538 2150 689 2231 Quoniam
716 2152 907 2230 praecipuum
934 2152 1087 2212 Pontificis
1141 2153 1256 2214 scilicet
1278 2150 1425 2212 hircorum
1448 2158 1477 2210 et
1491 2149 1664 2223 vitulorum,
1686 2169 1762 2234 quus
1778 2150 1819 2211 h

390 2256 496 2301 munus
522 2247 571 2299 ert
596 2238 705 2299 offerre
730 2236 929 2312 sucrificium,
955 2237 1088 2299 dubiteri
1140 2239 1323 2309 molerem,
1347 2245 1506 2298 uteorum
1528 2238 1711 2319 sunguiuem
1729 2236 1819 2301 nudi

390 2333 521 2409 peteret,
540 2345 610 2387 uum
626 2323 767 2398 Christus,
790 2326 943 2405 ingressus
958 2323 1089 2386 coeleste
1141 2326 1281 2398 inferrem
1304 2322 1398 2406 idque
1420 2322 1551 2386 iaciebat
1570 2345 1635 2387 non
1655 2323 1761 2398 semel,
1780 2318 1819 2387 ΙΙ

391 2413 603 2487 momontum,
619 2410 718 2473 edbuc
732 2431 841 2474 munus
858 2412 933 2474 illud
950 2417 1090 2474 exercent
1142 2412 1267 2493 singulis
1281 2413 1376 2473 ennis.
1399 2410 1463 2471 Sed
1483 2432 1544 2472 non
1565 2412 1611 2473 its
1626 2409 1772 2486 cbristus,
1788 2410 1819 2473 ir

391 2499 547 2564 offerendo
567 2499 794 2579 semetipsum,
821 2499 972 2579 quomodo
995 2496 1091 2562 semel
1142 2502 1216 2580 quit,
1239 2497 1358 2560 oblutus
1380 2499 1410 2559 in
1432 2517 1529 2572 cruce,
1552 2500 1733 2578 sauguinem
1752 2514 1819 2561 s-

392 2588 512 2651 ubtulit.
535 2586 634 2647 Docet
655 2605 744 2666 ergo,
767 2605 827 2646 nun
849 2587 918 2647 ideo
938 2585 1090 2647 Christum
1141 2586 1244 2648 intulit
1258 2585 1352 2658 coelo,
1375 2594 1411 2647 ut
1424 2583 1602 2663 hujusmodi
1625 2585 1741 2648 oblutis
1754 2580 1819 2647 ritd

392 2675 545 2739 introiisse
558 2674 589 2734 in
600 2671 727 2746 coelum,
743 2674 897 2734 utiterum
915 2693 952 2734 ec
966 2673 1089 2753 saepius
1142 2672 1270 2736 subinde
1284 2670 1461 2752 repetenda.

393 2761 500 2822 offeret
530 2769 625 2821 semet
653 2761 767 2838 ipsum3
796 2760 873 2821 nibil
905 2761 984 2822 eninr
1014 2777 1090 2838 opus
1187 2761 1236 2822 26.
1252 2758 1670 2839 Alioquinoportcbateam
1684 2760 1819 2839 frequen·

393 2864 471 2922 esse,
486 2865 564 2921 cunr,
585 2848 664 2907 sicut
679 2852 767 2906 entes
781 2843 869 2921 dixit,
892 2855 924 2907 et
938 2848 969 2906 in
985 2865 1089 2907 conse·
1143 2856 1191 2909 ter
1201 2850 1276 2926 pati
1297 2845 1337 2907 ab
1354 2848 1477 2923 oripine
1502 2846 1627 2907 mund&
1650 2844 1780 2910 Grsecer
1798 2846 1819 2907 Δ

397 2933 558 3016 quentibus
580 2933 710 3015 emplius
725 2932 865 3006 declaret,
890 2932 1026 2994 Christus
1043 2951 1089 2995 se·
1143 2938 1368 2998 constitutione
1393 2933 1525 3008 mundi,
1552 2932 1584 2995 id
1607 2941 1657 2996 eet
1677 2953 1699 2996 a
1721 2931 1819 2998 mres

394 3018 456 3083 mel
476 3019 595 3082 oblatus
617 3028 770 3082 aeternam
791 3018 1028 3102 redemptionem
1047 3021 1090 3081 iu-
1144 3022 1280 3084 caedito.
1303 3022 1353 3082 De
1366 3022 1424 3082 bec
1439 3020 1542 3100 pbrssi
1565 3019 1647 3094 vide
1670 3017 1819 3102 qured'mb

396 3108 522 3170 venerit
1144 3129 1209 3171 rnus
1235 3107 1274 3169 ed
1300 3107 1376 3168 iliud
1401 3107 1516 3187 Ephes.
1543 3112 1587 3168 1.:
1617 3112 1705 3171 Ante
1728 3103 1819 3170 md

441 3192 595 3274 Quaeres:
621 3192 654 3255 Si
680 3190 770 3254 desiit
792 3193 915 3267 afferre,
942 3193 1091 3275 quemodo
1144 3198 1409 3259 constitutionem.
1433 3192 1524 3272 Quod
1539 3193 1669 3270 dixerut,
1693 3193 1819 3258 cnm

396 3277 496 3344 sdbuc
506 3277 648 3341 sacerdos
656 3277 940 3361 estiRsspondent,
950 3282 982 3341 in
994 3281 1091 3342 officio
1143 3304 1203 3345 non
1227 3281 1296 3344 ideo
1318 3282 1470 3343 introiisse
1491 3282 1523 3341 in
1545 3280 1675 3356 coelum,
1695 3289 1730 3343 ut
1748 3293 1819 3362 seq!

394 3366 447 3430 vei
460 3386 590 3449 persone
610 3366 776 3428 sucerdotis
798 3387 858 3428 non
873 3367 986 3447 requiri
1000 3370 1090 3430 conti·
1144 3370 1291 3451 seipsum
1307 3369 1422 3441 offeret,
1437 3366 1470 3427 id
1484 3367 1594 3448 probet
1608 3359 1819 3432 deducemini

395 3475 486 3517 uuum
511 3452 696 3516 sscriticsndi
721 3461 836 3532 sctnm3
878 3455 1030 3534 siquidem
1061 3461 1092 3515 et
1145 3455 1316 3517 absurdum.
1339 3453 1634 3518 cumenimoblstie
1649 3451 1819 3518 illeneufl

396 3541 525 3604 Levitiri
553 3540 728 3602 secerdotes
756 3561 816 3602 non
849 3542 1007 3614 continuo,
1037 3539 1091 3603 sed
1144 3546 1210 3604 sine
1232 3544 1381 3623 sunguine
1406 3547 1436 3601 et
1457 3551 1561 3616 morte,
1584 3551 1751 3623 oporteret,
1769 3555 1819 3602 sn

398 3630 487 3689 stetis
501 3627 626 3700 vicibus,
647 3626 754 3688 diebus
775 3647 812 3688 sc
825 3627 905 3688 boris
928 3627 1092 3690 offerebant
1145 3650 1238 3711 saepe
1252 3631 1317 3710 psti
1331 3650 1368 3689 sc
1381 3629 1474 3705 mori3
1490 3627 1572 3709 qnod
1586 3629 1767 3694 ordinationi
1778 3623 1819 3690 Ν

398 3715 563 3790 sucrificie3
586 3713 695 3775 Christi
715 3733 788 3778 vero
803 3713 989 3788 sucrificium,
1012 3712 1091 3795 quod
1145 3727 1173 3778 et
1187 3716 1304 3796 gloriee
1320 3716 1430 3776 Christi
1445 3715 1535 3795 plene
1549 3725 1712 3797 repugnet
1733 3709 1819 3794 utqi

396 3800 491 3862 semel
516 3799 623 3861 obtulit
647 3802 679 3861 in
700 3820 805 3874 cruce,
832 3821 951 3881 semper
975 3803 1090 3881 vigere,
1144 3803 1238 3864 remei
1253 3811 1377 3863 mortem
1392 3809 1489 3863 morte
1510 3819 1568 3863 tue
1586 3792 1819 3884 rupmvirari

396 3887 535 3968 adeoque
560 3898 740 3967 perpetuum
771 3906 837 3947 esec
867 3888 965 3967 quoed
992 3888 1089 3949 effice·
1144 3892 1237 3951 vitum
1262 3889 1458 3950 immortelem
1477 3892 1654 3964 resurrexit,
1679 3890 1819 3952 itemst

397 3974 481 4048 ciem,
496 3983 531 4034 ut
545 3974 594 4034 vel
609 3973 667 4035 bac
680 3976 797 4035 retione
809 3974 1008 4036 secerdotium
1025 3977 1091 4055 ejus
1145 3996 1204 4058 que
1226 3977 1347 4056 saepias
1368 3983 1547 4056 reposcetur
1560 3974 1601 4037 ed
1616 3986 1751 4040 mertem
1768 3971 1819 4038 H*

395 4070 551 4123 aeternum
566 4080 640 4134 esse,
659 4080 837 4142 semperque
851 4062 1016 4123 subsistere
1031 4083 1090 4123 me·
1144 4083 1233 4137 mus,
1260 4064 1359 4143 inquit
1382 4061 1547 4142 Apostolus
1572 4063 1662 4125 Rom.
1690 4064 1733 4138 6.,
1754 4053 1819 4140 Μ

395 4147 454 4209 rito
470 4147 593 4208 dicetur.
617 4147 701 4209 Bone
720 4150 891 4228 responsio;
914 4148 969 4211 sed
986 4148 1091 4211 eedem
1145 4153 1296 4226 Christus,
1307 4168 1473 4226 scearpeas
1485 4168 1524 4212 cu
1534 4153 1682 4227 mortuis,
1693 4153 1819 4227 jumen

395 4234 513 4316 plenior
527 4234 594 4306 erit,
616 4237 641 4296 si
665 4234 810 4308 dicemus,
830 4235 988 4310 Christum,
1012 4244 1090 4316 post·
1143 4241 1298 4315 meritam
1320 4256 1406 4298 mors
1427 4238 1478 4297 illi
1499 4237 1592 4298 ultra
1607 4255 1677 4300 nors
1693 4237 1819 4299 ἀοπιίη·

396 4341 487 4402 quern
503 4323 637 4383 introivit
652 4324 799 4384 insencte
813 4321 964 4396 coelestio,
979 4342 1089 4403 neque·
1144 4325 1237 4384 bitur.
1261 4324 1353 4403 Quod
1368 4326 1451 4385 enim
1466 4331 1614 4386 menuae
1636 4331 1692 4400 est,
1712 4321 1818 4404 pec*

397 4428 488 4489 quem
503 4428 625 4490 prorsus
640 4408 807 4470 cesesresb
820 4419 889 4470 ectu
904 4408 1089 4470 sacerdotali.
1143 4419 1287 4472 manuus
1312 4419 1355 4472 eet
1380 4412 1483 4472 semei.
1527 4410 1626 4473 Addit
1649 4421 1763 4474 enters:
1788 4401 1818 4468 d

396 4495 475 4557 Nem
491 4504 520 4556 et
534 4495 662 4558 bostium
677 4495 771 4558 semel
785 4496 926 4569 oblatum,
942 4494 972 4556 id
989 4505 1043 4569 ret,
1057 4515 1091 4556 ss
1144 4502 1267 4575 eripiet
1279 4499 1404 4573 urendi,
1416 4508 1478 4558 tum
1490 4498 1563 4577 quie
1574 4510 1730 4580 perustum
1741 4489 1819 4576 ssd

395 4583 493 4662 ipsum
508 4581 604 4643 semel
620 4603 749 4662 pessum,
767 4585 910 4643 continuo
925 4602 978 4662 pro
993 4582 1091 4642 selute
1139 4586 1205 4663 jam
1221 4585 1292 4646 inde
1307 4585 1344 4645 sb
1361 4586 1454 4658 initio,
1478 4585 1509 4645 in
1523 4585 1630 4664 primis
1649 4581 1819 4667 pereunt-t

394 4668 547 4731 bominum
561 4671 638 4730 sistit
653 4679 683 4730 et
699 4670 785 4730 offert
795 4671 888 4742 Petri,
904 4668 985 4748 qued
999 4670 1089 4749 signi·
1144 4684 1206 4732 turn
1222 4673 1301 4752 quis,
1318 4672 1344 4732 si
1359 4692 1451 4750 saepe
1466 4690 1610 4753 pessume
1625 4682 1702 4747 eret,
1714 4665 1819 4734 need·

395 4755 515 4817 ficetum
545 4765 592 4816 est
620 4757 720 4817 verbis
749 4755 1014 4837 praecedentibus:
1052 4758 1091 4818 Ut
1143 4779 1200 4819 nus
1220 4759 1251 4819 id
1275 4759 1433 4837 oportebat
1455 4760 1560 4838 primis
1578 4759 1728 4834 resculis,
1751 4763 1819 4840 qs!

395 4850 553 4919 appareat
578 4863 665 4905 manc
689 4844 795 4906 ositos
815 4845 876 4905 Dei
895 4861 958 4919 pro
983 4843 1090 4921 nebim
1143 4847 1349 4924 sequentibus3
1373 4867 1440 4906 cunr
1462 4848 1504 4906 sit
1525 4849 1658 4908 omnium
1675 4849 1819 4930 temper!¹

396 4940 428 4990 et
441 4928 539 4990 sdboc
555 4929 700 5010 quotidie,
715 4929 852 4991 menibus
867 4948 987 4990 snorum
1004 4930 1089 4990 mini·
1143 4932 1343 5009 eedemretio,
1355 4934 1512 5015 supposita
1519 4923 1819 4998 necessitsteitffl

395 5021 523 5076 strorum
548 5035 603 5096 per
624 5020 799 5080 nniversam
812 5014 983 5079 Ecclesiam
1006 5017 1092 5079 effert
1143 5020 1288 5081 sacrificii.
