4442 5825
430 603 503 673 γορ
953 590 1186 649 meursius
1202 592 1235 648 ru
1252 592 1317 648 cet.
1334 591 1364 647 11.

428 772 492 846 lioo
506 769 709 833 tenebrarum
733 768 878 830 Hebraea
898 770 1000 851 phrasi
1023 771 1124 848 caligi-
1178 788 1254 832 coro
1277 772 1397 847 peceati
1422 777 1550 830 vocatur
1571 788 1590 828 a
1612 767 1717 829 Paulo
1742 766 1827 828 Rom.
1844 769 1868 827 λ.

429 878 497 918 uem
521 857 710 918 tenebrosam
732 857 891 936 siguificat.
914 858 945 917 id
962 866 1015 928 cet,
1040 866 1123 918 tene·
1179 878 1249 917 caro
1267 858 1418 936 peccatrix
1442 876 1495 918 seu
1518 866 1648 935 peccato
1671 855 1819 917 obnoxie:
1837 856 1873 914 sie

428 945 497 1005 bras
513 943 715 1015 densissimas,
738 963 815 1023 ques
835 946 865 1005 in
881 945 1048 1024 Evangelio
1064 944 1126 1004 Dc·
1179 965 1198 1003 a
1220 945 1310 1005 Petro
1340 962 1416 1003 coro
1442 945 1594 1004 luscimoe
1621 945 1727 1024 posita
1755 951 1802 1003 eet
1825 941 1873 1001 bec

429 1035 528 1092 miuus
551 1030 695 1092 tenebras
718 1034 885 1091 exteriores
901 1040 999 1101 vocat,
1020 1031 1125 1090 Matth.
1178 1031 1246 1090 leco
1268 1051 1323 1110 pro
1338 1049 1429 1091 carue
1448 1031 1572 1104 lascire,
1597 1031 1704 1103 idest,
1729 1029 1764 1089 iu
1784 1027 1874 1089 libid's

429 1120 460 1180 8.
476 1118 526 1178 22.
543 1127 574 1177 et
589 1118 649 1189 25,
672 1117 730 1178 hoc
747 1126 801 1190 est,
823 1117 964 1178 tenebras
986 1119 1127 1192 extimas,
1178 1136 1245 1179 nem
1260 1135 1418 1200 propensa.
1443 1118 1509 1178 Nisi
1531 1118 1629 1198 megia
1653 1118 1787 1198 placeat,
1808 1113 1876 1175 illud

429 1203 687 1287 profundissimas,
712 1204 820 1265 alueis
845 1206 967 1284 regione
989 1207 1126 1265 remotis·
1180 1205 1330 1266 luxuriae
1352 1224 1405 1266 seu
1429 1204 1576 1266 lasciviae
1599 1204 1740 1284 pendere
1763 1221 1876 1264 ενοεε·

429 1295 528 1354 simas.
561 1291 755 1371 significatur
777 1311 849 1372 ergo
869 1293 939 1352 tinis
961 1300 992 1352 et
1013 1291 1127 1372 suppti-
1177 1291 1265 1354 bulci
1280 1292 1454 1368 desideriis,
1480 1293 1561 1354 sicut
1580 1310 1620 1354 ex
1641 1292 1754 1354 eodem
1776 1289 1878 1370 pendet

430 1381 518 1450 cium,
534 1379 616 1459 quod
631 1387 732 1439 manet
747 1398 879 1441 errorum
894 1379 1127 1457 magicumne
1179 1379 1278 1441 istud:
1305 1383 1428 1456 curnis,
1460 1378 1514 1441 sed
1545 1377 1670 1441 diversa
1700 1376 1878 1439 hebitudine

429 1485 468 1528 ue
491 1464 657 1527 tolerabilis
678 1465 818 1527 videatur
841 1466 914 1526 baec
936 1466 1126 1527 tenebrarum
1178 1467 1254 1528 Sunt
1269 1468 1347 1528 enirn
1370 1467 1446 1528 haec
1470 1464 1624 1528 desiderias
1639 1467 1756 1539 cernis,
1777 1466 1811 1527 id
1830 1473 1878 1538 est

429 1573 535 1636 poene,
559 1551 682 1614 additur
697 1555 727 1615 in
742 1553 910 1633 Evangelio
935 1552 1028 1613 tribus
1050 1553 1126 1614 locis
1179 1556 1273 1634 pertis
1294 1555 1467 1627 sensitivee,
1489 1573 1549 1614 neu
1573 1553 1750 1615 obedientie
1771 1552 1878 1613 reticui.

430 1638 607 1720 praedictis:
638 1640 711 1700 illic
741 1643 801 1701 erit
829 1642 921 1719 rietus
950 1648 979 1700 et
1007 1641 1127 1701 stridor
1178 1641 1290 1701 Eadem
1306 1649 1376 1701 sunt
1392 1640 1540 1703 desideria
1554 1641 1717 1714 laseiviee,
1739 1638 1879 1712 luxuriet,

407 1722 409 1726 ’
430 1727 582 1790 dentium.
1178 1737 1327 1807 quatenus
1344 1729 1529 1809 voluptatem
1550 1727 1749 1790 libidinosum
1763 1725 1877 1808 presb

475 1817 524 1877 18.
546 1813 690 1890 Superba
714 1815 799 1875 enim
816 1817 971 1874 vanitatis
992 1813 1126 1891 loquen·
1175 1815 1259 1895 jecto
1273 1814 1395 1876 hebent.

429 1907 482 1963 tes.
504 1899 652 1961 Mendese
675 1899 784 1980 legitur
800 1902 831 1961 in
847 1899 1027 1980 quibusdam
1043 1901 1123 1960 codi-
1222 1904 1297 1976 Eos,
1307 1905 1362 1979 qui
1369 1903 1544 1979 paululum
1555 1902 1729 1980 effupiunt.
1745 1898 1877 1964 luere

430 1988 528 2050 cibus:
543 1988 701 2063 superbio.
717 1987 796 2048 Num
809 1986 1125 2067 superbolegendum,
1179 1990 1222 2050 cie
1238 2008 1336 2069 paene
1358 1988 1494 2050 omnibus
1516 1990 1715 2070 perticipium
1738 1998 1788 2050 est
1808 1991 1875 2051 seri·

429 2075 526 2156 liquet
541 2094 581 2135 ex
593 2074 717 2135 Graecis
729 2083 758 2134 et
769 2074 943 2136 melioribus
957 2076 1126 2157 quibusque
1179 2085 1273 2149 stum,
1309 2084 1429 2158 tempus
1461 2077 1661 2156 praeteritum
1691 2075 1876 2158 significans:

429 2161 557 2223 Latinis.
580 2162 671 2222 Unde
694 2172 723 2223 et
744 2162 950 2242 Hieronymus
971 2163 1038 2241 ejus
1060 2162 1126 2222 loeo
1180 2155 1411 2240 ἀποφυγόντας,
1434 2182 1494 2238 eos,
1520 2166 1576 2240 qui
1597 2164 1799 2242 offerrerent
1820 2162 1877 2225 iles

429 2249 1125 2329 nuncoerbotumentiolegit,nuucqrcndi05
1179 2270 1266 2311 secus
1290 2249 1394 2330 legunt
1407 2251 1522 2312 Hieron
1577 2269 1613 2311 us
1633 2261 1667 2312 et
1680 2251 1875 2332 Augustique

430 2336 506 2399 illud
528 2335 579 2397 lib.
597 2340 624 2397 1.
650 2345 754 2399 contre
769 2336 872 2399 Jcriu.
895 2356 960 2416 cap.
979 2339 1045 2412 tt,
1068 2336 1126 2396 hoc
1178 2338 1294 2418 Estque
1317 2357 1355 2398 oa
1378 2338 1506 2400 lectica
1551 2356 1676 2399 sensum
1701 2340 1818 2420 aptior,
1839 2338 1876 2397 uti

430 2423 482 2486 lib.
504 2425 533 2484 2.
557 2443 621 2504 cep.
638 2425 669 2484 i.
692 2423 806 2487 Graece
822 2433 883 2484 est:
906 2414 1072 2500 ὑπέρογκα,
1095 2423 1126 2485 id
1179 2426 1278 2485 statim
1294 2425 1419 2503 patebit.
1444 2424 1535 2504 Quod
1551 2433 1654 2486 entem
1672 2445 1732 2486 uos
1746 2426 1874 2506 legimus:

430 2521 485 2587 est,
499 2530 600 2588 supro
614 2511 743 2573 modum
760 2512 903 2587 turpido,
926 2513 1000 2583 sire,
1024 2520 1057 2569 nt
1072 2511 1126 2571 Er-
1179 2513 1362 2587 paululum,
1379 2513 1467 2572 varie
1482 2511 1596 2592 legitur
1611 2512 1644 2573 in
1661 2511 1803 2575 Greeeie
1817 2511 1873 2574 Ple

430 2617 531 2661 eamus
545 2600 647 2672 vertit,
662 2600 859 2660 veliementer
871 2599 1028 2676 [aetuoso.
1052 2596 1126 2656 Pro·
1178 2599 1266 2678 rique
1281 2598 1398 2660 codices
1414 2599 1539 2660 habent:
1555 2591 1672 2674 ὄντως,
1689 2598 1722 2659 id
1739 2610 1872 2674 estsere,

430 2686 494 2767 prie
509 2693 684 2766 competunt
705 2686 780 2746 haec
794 2688 825 2746 in
840 2685 974 2747 scholam
987 2685 1126 2757 Simonis,
1178 2703 1301 2747 revera.
1338 2685 1488 2765 Quidsmz
1518 2677 1659 2762 ὀλίγως,
1690 2704 1870 2764 parumper.

432 2793 471 2834 ex
486 2792 550 2852 qus
560 2774 620 2833 orti
630 2771 774 2846 Gnostici,
789 2775 851 2851 qui,
867 2774 926 2834 sibi
942 2773 1015 2832 eolis
1030 2771 1125 2832 scien·
1180 2773 1257 2833 Alii:
1295 2763 1397 2849 ὀλίγον
1407 2819 1418 2850 ,
1449 2775 1641 2849 paululum,
1672 2780 1711 2833 ut
1740 2773 1873 2837 edium

430 2862 503 2926 tium
525 2859 735 2935 vendicantes,
759 2859 910 2922 derebus
933 2860 1071 2921 maximis
1095 2866 1126 2920 et
1180 2858 1404 2941 complutensis
1434 2880 1470 2921 ac
1495 2861 1589 2940 regie.
1628 2861 1738 2942 Atque
1763 2861 1871 2925 suen

431 2946 577 3010 abstrusis
591 2965 781 3027 magnonem
796 2946 877 3012 testu
893 2948 1056 3008 vanissime
1070 2966 1124 3007 nu·
1180 2948 1285 3009 horum
1301 2948 1412 3027 legisse
1438 2948 1615 3009 crediderim
1635 2959 1779 3010 veterem
1797 2952 1872 3011 iuter

430 3035 589 3115 gebentur.
612 3034 703 3114 Quod
720 3049 792 3108 eret,
814 3034 951 3110 superbo
975 3036 1129 3095 nouitatis
1181 3044 1302 3115 protem.
1325 3034 1404 3096 Nem
1420 3034 1501 3115 quod
1514 3035 1664 3097 Erasmus
1680 3044 1713 3096 et
1729 3036 1871 3106 vautra

429 3122 528 3185 verto
551 3123 648 3200 loqui.
671 3122 730 3182 Pro
753 3141 813 3201 quo
834 3122 868 3182 Β.
891 3120 1007 3183 Judes:
1029 3123 1073 3183 Et
1095 3138 1129 3181 os
1180 3122 1273 3183 nullis
1289 3122 1512 3200 exemplaribus
1527 3122 1661 3195 subnixi,
1685 3125 1871 3203 suspieentur,

430 3228 538 3283 eonem
555 3210 698 3286 loquitur
715 3209 862 3286 superbo,
886 3208 1003 3271 Graece
1020 3208 1126 3269 simili·
1180 3201 1577 3289 oicecscriptnmaPstro,
1590 3208 1872 3290 quoddienntunr

431 3306 490 3358 ter:
507 3286 670 3373 ὑπέρογκα.
1181 3299 1247 3376 pari
1269 3315 1340 3377 pro:
1366 3305 1554 3373 utcumque,
1575 3297 1780 3373 paulutum,
1804 3296 1872 3360 relat

473 3384 647 3446 Pelliciunt
669 3387 704 3445 in
727 3383 890 3444 desideriis
908 3385 1015 3444 curnis
1030 3384 1128 3443 lusu·
1181 3384 1271 3445 Joau.
1287 3386 1334 3443 4.:
1357 3388 1453 3446 Jecur
1474 3382 1600 3448 sedebat
1622 3386 1669 3445 eie
1691 3403 1797 3462 cupro
1808 3386 1872 3463 {cs-

430 3474 507 3531 rioe.
542 3470 727 3545 Pelliciunt,
754 3468 886 3531 Graece:
918 3460 1127 3544 δελεάζουσιν,
1180 3479 1253 3545 tem,
1270 3469 1322 3531 ubi
1336 3490 1407 3551 pro:
1424 3472 1478 3544 sie,
1494 3469 1627 3532 malunt:
1640 3468 1871 3548 paululum!

430 3561 584 3632 inescaret,
599 3560 644 3618 uti
655 3557 746 3637 paulo
758 3563 846 3616 ante:
862 3558 1043 3618 inerrantes.
1059 3557 1128 3617 Lu·
1181 3566 1366 3635 utcumque:
1390 3556 1422 3618 id
1437 3566 1471 3617 ut
1491 3577 1595 3619 verum
1620 3559 1673 3630 sit,
1699 3568 1806 3622 temen
1825 3575 1872 3620 nn

430 3646 554 3720 euriae,
571 3643 699 3707 Graece:
718 3635 908 3720 ἀσελγείαις,
924 3644 955 3704 id
970 3651 1016 3704 est
1030 3643 1128 3705 luxu·
1180 3654 1343 3726 propterea
1359 3643 1540 3706 credendum
1556 3653 1610 3717 est,
1627 3646 1823 3725 inurprusm
1834 3644 1872 3705 tis

431 3734 505 3808 riis,
538 3751 593 3804 eeu
619 3733 719 3812 potius
746 3732 892 3792 lasciviis.
932 3730 1127 3811 Quemquam
1181 3732 1307 3812 legisse:
1323 3724 1435 3800 οὕτως.
1460 3731 1553 3792 Ροπο
1576 3731 1772 3794 conveniunt
1785 3730 1872 3796 iubes

431 3819 596 3881 verisimile
619 3827 674 3890 est,
696 3820 731 3880 B.
754 3818 879 3879 Petrum
901 3819 1074 3897 scripsisse,
1097 3826 1129 3877 et
1181 3828 1350 3900 pertesum
1365 3828 1467 3880 nostro
1491 3820 1658 3897 interprete
1672 3818 1872 3901 Hieronymi

432 3908 623 3986 interpretem
642 3916 776 3967 nostrum
797 3904 923 3984 legisse:
948 3897 1127 3981 ἀσελγείας,
1182 3915 1211 3967 et
1225 3906 1412 3985 Augustinus
1424 3904 1498 3965 locis
1510 3904 1661 3985 allegetis.
1685 3905 1776 3986 Quid
1786 3915 1873 3968 aute!

432 4013 504 4054 casu
519 3994 654 4072 genitivo
669 3992 786 4054 numeri
801 3992 970 4072 singularis,
994 3993 1129 4071 quaudo·
1182 3995 1229 4066 sit,
1249 3993 1423 4069 paululum
1439 3993 1586 4071 effupere,
1609 3993 1664 4054 vel
1678 3995 1833 4072 effupim,
1849 3996 1873 4050 st

432 4079 558 4160 quidem
581 4088 611 4139 et
626 4088 742 4141 veteres
756 4078 859 4139 Latini
875 4079 1082 4158 Hieronymus
1098 4081 1129 4139 iu
1182 4100 1243 4161 quo
1270 4082 1311 4141 sit
1324 4079 1383 4140 hoc
1403 4079 1599 4152 referendum,
1623 4077 1814 4142 dissentiunt
1831 4095 1873 4139 ex·

433 4169 461 4228 2.
484 4176 588 4227 centra
611 4166 714 4227 Joviu.
739 4173 768 4226 et
789 4168 979 4245 Augustinus
1009 4165 1129 4228 deiide
1184 4167 1342 4247 positores.
1387 4166 1482 4248 Atqui
1519 4183 1611 4227 verus
1649 4167 1874 4232 eommeutsri·

432 4261 463 4315 et
483 4274 531 4333 op.
555 4272 618 4333 cap.
635 4253 685 4312 25.
710 4253 823 4331 legunt,
846 4253 942 4313 aiter:
966 4254 1127 4328 luxuriae,
1182 4251 1294 4333 pendet
1307 4273 1345 4314 ex
1363 4273 1408 4327 eo,
1423 4252 1507 4333 quod
1522 4254 1665 4314 contiuuo
1680 4258 1833 4335 sequitur:

432 4341 522 4402 alter:
548 4340 778 4415 impudicitiae.
818 4340 883 4401 Nec
905 4339 994 4401 hodie
1016 4340 1129 4401 desunt
1226 4342 1335 4418 Quiin
1347 4359 1455 4402 errore
1468 4348 1712 4403 converruntur.
1736 4339 1872 4422 Hocqui

432 4426 542 4490 Greeci
555 4427 684 4501 codices,
700 4426 811 4507 quibus
822 4425 898 4486 idem
911 4446 998 4489 casus
1009 4427 1127 4507 legitur.
1183 4429 1254 4489 dam
1264 4427 1401 4489 referunt
1412 4429 1468 4490 ad:
1484 4428 1621 4505 superisa
1636 4428 1815 4506 loquentes,
1827 4427 1873 4506 μ’

431 4514 549 4595 Estque
571 4513 714 4574 facillime
735 4512 824 4592 hujus
846 4513 984 4574 lectionis
1007 4516 1039 4574 iu
1053 4513 1128 4575 elte·
1178 4515 1349 4591 pelliciunt
1374 4524 1439 4593 etc,
1469 4536 1546 4599 quos
1572 4516 1683 4597 utique
1710 4514 1873 4581 conatui·

431 4623 494 4663 ram
511 4604 644 4674 mutatio,
668 4601 731 4661 solo
744 4601 811 4680 jota
826 4599 938 4662 addito.
961 4600 1048 4662 Certe
1062 4600 1128 4663 vul·
1181 4621 1283 4664 errore
1290 4606 1405 4666 versari
1413 4614 1443 4665 et
1450 4604 1631 4667 conversari.
1645 4603 1873 4668 vennenses

431 4698 502 4768 geta
524 4688 710 4751 Graecorum
732 4687 821 4748 lectio
848 4687 1035 4750 commodum
1059 4708 1126 4750 sen·
1180 4702 1357 4772 repugnant,
1381 4692 1413 4751 in
1435 4691 1545 4772 quibus
1563 4711 1627 4752 nou
1648 4701 1697 4753 est
1711 4685 1872 4755 nominanti

432 4794 497 4837 sum
520 4796 577 4836 non
600 4778 716 4855 recipit,
739 4775 797 4835 niei
821 4777 1058 4854 conjunctionem
1075 4775 1128 4836 sd·
1181 4796 1276 4849 cesus,
1291 4776 1345 4838 aed
1360 4775 1543 4839 accusandi:
1558 4770 1634 4845 τοὺς
1651 4765 1871 4858 ἀναατρερογιί·

432 4861 503 4923 dus:
520 4871 550 4923 et
565 4864 709 4924 lasciuiis.
733 4862 842 4921 Nostra
853 4881 926 4923 vero
938 4881 1059 4923 sensum
1074 4862 1126 4923 he·
1181 4879 1269 4938 νους,
1294 4882 1361 4938 eos,
1390 4867 1446 4943 qui
1472 4872 1719 4929 conversantur.
1757 4866 1871 4947 Regitur

430 4948 484 5010 bet
498 4949 635 5011 obvium:
652 4948 818 5010 Pelliciunt
833 4968 885 5030 per
898 4947 1049 5010 desideria
1063 4969 1126 5011 car·
1180 4957 1289 5023 autem,
1306 4951 1493 5031 quorundam
1503 4951 1630 5032 judicic,
1646 4973 1666 5015 a
1680 4953 1792 5017 verbe:
1810 4948 1869 5031 pel·

431 5037 478 5098 uis
492 5035 686 5098 lascivientis.
709 5036 752 5098 Ut
770 5037 851 5098 enim
865 5036 1007 5099 Hebraea
1022 5035 1128 5130 phrasi
1179 5037 1304 5114 liciunt,
1317 5058 1336 5102 a
1347 5058 1407 5120 que
1422 5039 1603 5120 regebatur:
1619 5032 1698 5111 τοὺς
1710 5029 1868 5120 temris
