4442 5825
781 571 1284 667 neroummsesmsos.vms
1304 609 1397 663 isar.
1760 614 1808 682 45

358 800 398 852 rat
411 793 550 862 istorum,
574 809 653 871 quoe
668 791 830 863 nominent,
852 791 883 849 in
899 808 997 870 quem,
1024 795 1058 848 ut
1108 788 1222 848 Dicens
1238 788 1315 849 enim
1332 786 1510 867 Apostolus:
1532 788 1738 864 quoadusque
1759 786 1810 847 vel

358 887 469 938 caetera
486 887 616 950 taceam,
632 876 843 959 competatille
858 896 963 937 versus
979 877 1054 953 ejus·
1110 877 1219 948 donec,
1232 896 1291 935 non
1303 877 1506 954 utiquenegat
1518 873 1671 935 Christum
1684 883 1810 952 peraeta

357 967 416 1026 dem
432 964 574 1025 Psalmi:
605 966 656 1026 Tre
677 984 708 1025 es
729 964 874 1025 sacmdos
896 966 931 1023 in
952 971 1056 1022 ader·
1110 983 1148 1021 ea
1157 962 1343 1041 subjectione
1355 961 1662 1022 sessurumadextris
1674 958 1742 1033 Dei,
1755 959 1809 1020 sed

357 1071 426 1113 sam
447 1052 629 1112 sewmdnm
653 1052 800 1113 ordinem
822 1050 1055 1124 Melchisedech,
1110 1069 1147 1109 eo
1171 1069 1267 1129 usque
1287 1068 1437 1108 sessurum
1452 1047 1593 1124 affirmat3
1623 1046 1712 1107 simul
1733 1046 1809 1109 indi·

357 1151 383 1199 ιι
403 1158 460 1198 nec
486 1147 573 1198 certe
595 1141 626 1198 in
652 1137 745 1199 alium
768 1148 936 1217 competere
959 1143 1059 1217 potest
1111 1156 1198 1208 cane,
1230 1156 1296 1195 eam
1312 1154 1391 1208 rem,
1414 1135 1462 1194 cui
1482 1134 1628 1214 particula
1643 1135 1743 1195 donec
1757 1134 1808 1194 ed·

357 1245 441 1307 quem
455 1227 489 1284 in
507 1224 682 1299 Christum,
705 1245 793 1306 quem
817 1224 862 1285 illi
875 1226 1056 1303 rejecerunt
1106 1224 1262 1303 jungitur,
1295 1222 1353 1282 hoc
1390 1231 1450 1295 est,
1483 1222 1669 1283 inimicorum
1699 1219 1812 1282 ehrirti

358 1314 540 1394 Quanquam
569 1333 629 1373 uec
659 1313 757 1373 istud:
787 1313 864 1375 Sede
894 1330 914 1371 a
940 1312 1059 1373 destris
1110 1310 1273 1391 perfectam
1290 1310 1347 1371 sub
1361 1308 1487 1390 pedibus
1502 1310 1568 1386 ejus
1583 1308 1811 1388 subjectionem,
1845 1337 1848 1346 ·

359 1403 443 1476 meis,
477 1402 625 1481 cuiquam
654 1400 821 1472 hominum,
850 1418 909 1458 uuo
937 1397 1058 1458 Christo
1112 1397 1279 1456 certissime
1294 1417 1349 1456 suo
1364 1406 1499 1475 tempore
1514 1405 1697 1457 eventuram.

360 1493 500 1568 excepto,
529 1485 642 1546 dictum
665 1508 685 1548 a
700 1487 766 1546 Deo
789 1505 862 1546 sane
885 1486 982 1564 accipi
1006 1503 1057 1564 po
1155 1485 1318 1563 Nunquam
1341 1492 1440 1543 autem
1462 1480 1611 1556 sutorum,
1642 1490 1676 1542 ut
1701 1480 1808 1541 sedere

360 1583 428 1650 team
443 1577 474 1634 si
490 1593 530 1633 ea
542 1575 662 1654 phrasis
677 1573 755 1633 bene
770 1571 964 1651 expendatur,
980 1573 1060 1631 sicut
1112 1570 1243 1644 desinat,
1267 1570 1346 1630 idem
1361 1571 1526 1649 Apostolus
1548 1571 1638 1650 hujus
1654 1567 1812 1651 Epistulae

359 1682 416 1721 erm
432 1660 659 1740 expendimus,
675 1680 742 1720 cnm
758 1660 828 1720 alibi
844 1667 908 1719 tum
923 1658 1059 1739 superius
1112 1676 1178 1737 cap.
1208 1659 1256 1717 10.
1284 1657 1362 1718 clare
1388 1663 1516 1718 testatur
1544 1658 1591 1718 his
1621 1657 1739 1717 verbis:
1769 1655 1812 1716 In

361 1752 387 1809 iu
404 1749 463 1810 hoe
488 1749 604 1826 eapite.
641 1747 672 1806 Is
698 1748 777 1807 enim
799 1746 882 1807 sedet
904 1765 923 1805 a
946 1745 1059 1805 dextris
1111 1749 1339 1821 sempiternam
1360 1744 1444 1804 sedet
1466 1747 1502 1806 ise
1528 1745 1642 1806 dextra
1664 1745 1744 1819 Dei,
1770 1741 1811 1801 de

361 1836 428 1909 Dei,
452 1836 509 1914 qui
525 1835 596 1894 Deo
611 1835 764 1914 proximus
786 1831 911 1906 assidet,
934 1833 990 1892 hoo
1005 1839 1059 1904 est,
1113 1839 1236 1892 caetero
1271 1839 1469 1908 respectans,
1507 1831 1607 1893 donee
1640 1836 1812 1907 ponantur·

363 1925 408 2003 qui
436 1940 536 2002 supra
568 1939 686 1982 omnem
716 1929 880 1981 creaturam
914 1919 1059 1991 elevatos,
1112 1921 1236 1979 r'ssr'ms'ci
1251 1923 1318 1993 ejus
1331 1919 1499 1979 scabeilum
1522 1921 1641 1994 pedam
1656 1922 1731 1993 ejus.
1770 1916 1812 1975 dt

365 2012 491 2090 quietam
505 2007 663 2068 felicitatis
679 2025 716 2068 ao
730 2008 815 2086 regni
830 2026 896 2068 cum
910 2007 977 2066 Deo
993 2023 1059 2085 pos·
1079 2016 1082 2021 ’
1112 2025 1169 2067 nee
1182 2007 1258 2065 ratio
1281 2008 1443 2085 permittit,
1465 2013 1501 2064 ut
1522 2006 1654 2066 subactis
1677 2003 1812 2066 bentibus

365 2099 523 2157 radonem
563 2095 695 2169 obtinet,
729 2094 959 2155 honoratissimo
993 2099 1062 2173 pest
1113 2111 1240 2173 regnare
1266 2094 1396 2166 desinat,
1426 2093 1480 2172 qui
1513 2093 1644 2154 nondum
1678 2090 1811 2152 subactis

364 2203 420 2244 eun
435 2185 517 2244 loco.
552 2181 654 2261 Quem
669 2181 944 2260 sensumpluribus
959 2180 1061 2242 verbis
1114 2179 1275 2260 regnabat:
1292 2180 1399 2240 sedere
1410 2189 1510 2240 autom
1522 2179 1561 2240 ad
1573 2179 1727 2240 dexteram
1739 2179 1811 2251 Del,

365 2292 394 2331 sc
405 2269 496 2332 icere
511 2266 729 2330 Geuebrerdus
751 2270 783 2329 in
798 2268 912 2330 Psalmi
932 2269 1061 2347 exposit.
1114 2285 1242 2347 regnare
1258 2275 1319 2341 est,
1341 2275 1373 2327 ut
1383 2267 1448 2345 jam
1465 2286 1505 2326 ex
1520 2266 1665 2348 Apostolo
1681 2265 1810 2326 ostendi·

367 2358 565 2438 prosequitur.
604 2354 746 2416 Eundem
767 2375 828 2417 uno
842 2356 936 2418 verbo
952 2354 1061 2435 signifi·
1114 2373 1190 2415 mus.
1214 2352 1373 2414 Caeterum
1388 2352 1527 2427 adverte,
1548 2354 1604 2413 hac
1620 2354 1710 2414 etiam
1725 2360 1811 2433 parte

368 2448 432 2507 ravit
453 2447 527 2526 ipse
551 2442 716 2524 Apostolus
733 2447 749 2503 1
764 2442 829 2503 Cor.
847 2443 911 2516 lb„
939 2440 1061 2522 quando
1115 2442 1276 2501 testimonii
1288 2441 1456 2521 prophetici
1467 2440 1553 2501 uobis
1564 2438 1812 2521 insinueri,quud

372 2554 409 2611 pru
420 2553 475 2606 eo,
493 2530 581 2611 quod
598 2539 644 2591 est
656 2530 761 2591 sedere
775 2530 818 2589 ad
830 2531 974 2591 dextram
986 2531 1060 2604 Der',
1115 2528 1152 2588 ad
1169 2526 1323 2588 dexteram
1339 2528 1399 2588 Dei
1412 2527 1516 2589 sedere
1530 2527 1650 2589 Christo
1663 2535 1814 2607 competat

372 2618 520 2696 reserandi
529 2618 823 2697 vocabulumposuit,
832 2617 948 2679 dicens:
961 2619 1060 2693 Opor·
1114 2613 1446 2676 secuudumhumanam
1458 2617 1526 2695 ejus
1537 2622 1692 2692 nemean,
1707 2622 1812 2695 utpote

369 2708 506 2768 tetiilnm
523 2721 682 2780 sequare,
712 2704 812 2766 donee
832 2711 936 2781 ponat
956 2722 1062 2764 omnes
1115 2702 1202 2782 cujus
1216 2701 1343 2782 pedibus
1360 2702 1446 2763 Deus
1462 2704 1597 2763 inimicos
1608 2701 1812 2781 subjecturum

368 2796 505 2855 mensem
519 2791 726 2868 sssbpedibas
741 2795 814 2866 ejus.
848 2793 995 2867 Repetam
1010 2810 1060 2850 au·
1115 2809 1148 2850 se
1164 2788 1350 2870 polliceatur.
1381 2789 1506 2871 Alioqui
1521 2788 1680 2850 dicendum
1696 2786 1811 2850 videre-

367 2888 413 2942 trn
428 2878 596 2962 intelligit,
611 2877 651 2940 de
666 2896 724 2960 quo
741 2876 870 2939 ibidem:
897 2879 975 2941 Οιιιη
992 2884 1062 2938 tra·
1114 2886 1177 2938 tur:
1194 2873 1343 2955 Quoniam
1359 2876 1471 2939 assides
1485 2877 1557 2938 milri
1573 2875 1725 2957 aequalis,
1747 2876 1813 2957 ipse

369 2969 475 3028 diderit
498 2984 638 3043 reanum
661 2967 733 3026 Deo
753 2973 783 3026 et
797 2967 907 3041 Patri,
934 2984 1061 3046 regnum
1114 2986 1168 3046 per
1184 2983 1250 3023 eam
1265 2966 1444 3042 potentiam,
1469 2985 1559 3045 quum
1581 2984 1698 3025 mecum
1718 2964 1812 3025 babes

367 3054 500 3116 videlicet
514 3052 629 3114 Olrristi
644 3052 782 3113 hominis.
805 3053 856 3113 Ex
876 3052 985 3132 quibus
999 3071 1060 3111 om·
1115 3070 1315 3124 communem,
1352 3071 1445 3132 pones
1483 3054 1619 3112 inimicos
1648 3050 1812 3112 scabellum

368 3141 445 3202 nibus
455 3142 525 3221 jam
543 3140 620 3202 satis
643 3138 836 3220 intelligitur,
859 3157 1002 3219 prensens
1018 3147 1060 3198 te·
1114 3137 1224 3220 pedum
1240 3145 1366 3198 tuorum.

368 3229 532 3289 &nonium
547 3227 699 3308 pertinere
721 3225 758 3285 ad
774 3226 934 3288 humanam
950 3224 1062 3286 Christi
1161 3228 1208 3285 14.
1232 3226 1347 3287 Nonae
1371 3243 1479 3287 omnes
1499 3233 1575 3286 sunt
1602 3226 1813 3300 administra-

368 3322 503 3389 nstnram,
524 3333 589 3395 qua
603 3314 700 3373 minor
714 3319 745 3374 et
758 3311 882 3376 nterim
897 3320 942 3373 est
956 3312 1063 3386 Patre,
1115 3314 1192 3372 toris·
1209 3313 1364 3386 spiritus?
1386 3311 1473 3372 Adeo
1495 3312 1596 3372 nullus
1619 3320 1681 3385 est,
1703 3313 1813 3393 iuquit,

369 3421 417 3463 mu
431 3401 471 3462 ad
488 3400 643 3474 divinam,
669 3418 732 3481 qus
748 3398 832 3460 Patri
853 3407 901 3461 est
918 3398 1062 3479 aequalis.
1116 3396 1306 3478 angelorum,
1330 3398 1378 3458 eui
1392 3398 1478 3457 Deus
1501 3398 1664 3480 aliquando
1686 3397 1812 3460 dixerit:

370 3485 401 3547 ld
412 3486 497 3569 quod
512 3487 605 3547 etiam
622 3484 847 3548 sTbeodoreto
861 3485 982 3547 disertis
998 3504 1061 3545 ver-
1115 3486 1186 3548 sede
1202 3502 1222 3543 a
1238 3485 1358 3546 dextris
1380 3487 1473 3559 meis,
1495 3493 1528 3545 ut
1550 3486 1650 3565 potius
1666 3485 1757 3563 juxta
1770 3492 1813 3547 te·

369 3574 407 3633 bis
420 3569 604 3635 annotatum
618 3580 673 3634 est.
696 3573 767 3634 Hac
782 3573 874 3652 igitur
883 3575 1062 3655 partedpo·
1116 3573 1287 3633 stimonium
1303 3590 1394 3653 supra
1415 3574 1544 3653 positum
1559 3592 1597 3632 cx
1612 3571 1723 3634 Psalm.
1742 3574 1812 3633 101.

369 3661 454 3721 stolus
468 3659 642 3733 Obristnm,
666 3661 756 3720 etism
770 3665 806 3719 ut
820 3659 980 3734 hominem,
1010 3679 1062 3719 an·
1117 3677 1218 3721 omnes
1243 3660 1304 3720 sint
1325 3658 1569 3721 administratorii
1592 3659 1722 3739 spiritus,
1738 3679 1812 3741 quo·

368 3747 437 3827 galis
449 3746 621 3827 anteponit
1115 3766 1180 3807 rum
1196 3746 1324 3806 officium
1340 3747 1395 3818 sit,
1409 3766 1470 3806 uon
1485 3745 1631 3822 assidere,
1658 3745 1716 3806 sod
1726 3747 1813 3808 miul-

410 3833 628 3912 Qooadnsque
662 3850 786 3910 possam
818 3835 963 3894 inimicos
992 3839 1063 3892 taos
1115 3841 1218 3894 strare.
1242 3833 1344 3893 Utitur
1359 3842 1459 3894 autem
1478 3834 1718 3913 interrogatione,
1734 3851 1813 3914 quse

368 3921 535 3982 scabellum
555 3919 676 3997 pedum
700 3921 854 3982 tuorum?
878 3919 1061 4000 Meteplrorin
1115 3920 1341 3999 responsionem
1357 3920 1490 3999 postulet
1507 3920 1713 3994 affirmantem,
1729 3920 1814 3981 velut

369 4025 414 4067 eus
440 4025 556 4080 mmo,
583 4026 644 4087 quo
665 4007 852 4088 significatur
874 4006 1063 4067 inimicorum
1115 4008 1244 4087 loquens
1259 4004 1355 4081 dere,
1378 4025 1456 4086 quae
1478 4006 1562 4085 epud
1584 4025 1685 4067 omues
1707 4007 1813 4068 fideles

369 4094 496 4173 perlecta
511 4093 669 4172 subjectio.
692 4093 805 4155 Sensus
820 4096 898 4154 enim
913 4102 973 4153 est:
999 4092 1061 4153 Do·
1117 4095 1149 4153 in
1165 4091 1303 4154 confesso
1315 4095 1355 4153 sit
1367 4100 1397 4152 et
1407 4094 1511 4173 negari
1523 4114 1582 4154 nun
1595 4095 1709 4174 possit;
1725 4095 1814 4175 quasi

370 4201 418 4241 uec
433 4199 542 4244 omnes
557 4180 693 4242 inimicos
715 4187 799 4255 tuoe,
825 4189 887 4242 tam
902 4178 1064 4241 daemones
1117 4179 1213 4240 dicat:
1230 4180 1306 4260 Quis
1322 4182 1400 4240 enim
1416 4179 1547 4241 fidolium
1562 4181 1696 4260 ignorat,
1711 4199 1814 4242 omnes

370 4285 453 4346 quam
483 4267 624 4327 homines
649 4267 807 4347 reprobos,
838 4268 891 4347 qni
921 4268 955 4327 in
984 4274 1063 4328 sorte
1117 4266 1241 4346 angelos
1256 4285 1323 4328 esee
1345 4268 1466 4349 spiritus
1488 4265 1528 4327 ad
1549 4269 1746 4329 ministerium
1762 4267 1812 4328 de·

370 4351 542 4415 daemonum
567 4361 654 4427 suut,
682 4355 724 4414 ita
751 4351 805 4413 tibi
828 4345 1004 4432 subjecero,
1030 4360 1065 4412 ut
1117 4352 1438 4435 putatosletquidem
1447 4354 1596 4435 ejusmodi
1607 4356 1813 4426 ministerium,

373 4442 426 4500 rint
440 4440 533 4522 quasi
547 4439 714 4500 scabellum
725 4437 854 4521 pedibus
869 4441 930 4500 tuis
946 4440 1061 4501 calcan-
1117 4440 1154 4501 de
1170 4460 1231 4519 quo
1247 4449 1469 4520 cousequenter
1482 4441 1614 4522 subjicit.

372 4524 442 4588 dum.
475 4525 515 4587 Id
538 4525 740 4607 complebitur
761 4527 792 4587 ln
808 4525 856 4587 die
879 4529 1003 4588 extremi
1013 4528 1062 4607 jn·
1160 4529 1204 4590 In
1218 4530 1430 4588 ministerium
1442 4532 1528 4590 missi
1538 4536 1742 4606 proptereat,
1758 4528 1814 4603 qur·

373 4610 448 4688 dieii,
471 4612 596 4696 quando
620 4613 815 4676 esaeuubitur
836 4616 934 4675 omnis
955 4615 1062 4694 princi·
1116 4615 1342 4675 haereditatem
1360 4618 1487 4692 capient
1501 4617 1620 4678 salutis.
1643 4615 1732 4675 Missi
1745 4632 1812 4693 par·

372 4709 452 4778 potus
478 4709 509 4761 et
533 4708 669 4781 potestas
699 4701 731 4761 el
759 4700 856 4764 virtus
882 4700 1064 4772 adversaris,
1116 4701 1252 4782 ticipium
1267 4706 1493 4780 estprsesentis
1506 4702 1656 4781 temporis,
1672 4702 1703 4761 in
1718 4699 1812 4761 Grae

375 4786 616 4864 quemadmodum
648 4779 784 4848 declaret
809 4788 972 4867 Apostolus
995 4788 1063 4848 loco
1117 4808 1151 4847 co
1180 4778 1450 4866 ἀποστελλόμενα,
1480 4793 1536 4867 qus·
1564 4790 1763 4864 brittaniae,
1781 4794 1814 4847 ut

375 4881 524 4936 umento
542 4877 560 4935 1
575 4863 646 4935 Cor.
668 4876 733 4948 15„
758 4879 790 4934 et
810 4891 865 4934 nos
885 4874 926 4935 ibi
945 4873 1063 4954 plenius
1116 4875 1301 4954 significetur
1311 4876 1482 4938 missionem
1490 4875 1569 4936 hanc
1580 4877 1814 4938 et'ministerium

377 4964 569 5039 exposuimus,
590 4963 672 5022 sicut
686 4969 717 5023 et
730 4958 818 5034 illud,
841 4980 934 5042 quam
948 4962 1009 5022 vim
1031 4962 1064 5022 in
1118 4960 1293 5042 augelorum
1308 4964 1481 5024 continuum
1496 4980 1580 5036 esse,
1598 4962 1743 5044 quamdiu
1758 4961 1812 5023 du·

376 5041 424 5108 bre
442 5048 597 5132 Scriptura
622 5046 933 5112 mesocampum
956 5049 1063 5112 donec.
1116 5047 1406 5111 rathocssecnlum.
1430 5048 1552 5133 Semper
1562 5051 1642 5111 euim
1653 5050 1814 5112 mittuntur
