4442 5825
390 584 466 656 tii
897 574 1309 637 comminuentem.

389 765 426 821 ut
439 756 767 838 fceiomvolurrieiem
787 759 898 819 Tuam.
921 756 1005 817 Inre
1018 757 1085 836 ipsa
1138 775 1193 818 nus
1220 766 1267 819 est
1289 777 1410 818 senense
1440 760 1483 819 In
1508 756 1674 820 volumine
1696 757 1767 834 libri

389 845 464 907 nihil
480 850 525 906 est
540 844 741 905 dissensionis.
1139 852 1186 905 est
1205 846 1235 904 in
1256 844 1340 918 libro,
1363 848 1516 922 seriptum
1539 851 1583 906 est
1602 845 1715 906 deme.
1744 843 1767 926 Q

432 935 476 993 At
486 931 553 1012 plus
563 931 744 993 difficultatis
759 940 804 992 est
814 932 844 991 in
854 929 984 991 eruendo
994 947 1085 991 sensu
1139 933 1218 991 eninr
1241 932 1323 1003 libri,
1345 951 1428 992 more
1449 941 1601 1007 veterum,
1626 932 1764 994 convolvi

390 1020 480 1099 hujus
495 1020 605 1102 pertis:
630 1021 671 1081 ln
695 1023 796 1095 cupite
817 1019 891 1078 libri
907 1026 962 1077 etc.
987 1015 1085 1096 Quem
1139 1017 1228 1088 leant,
1253 1019 1323 1078 inde
1345 1011 1467 1090 fectum,
1490 1028 1523 1078 ut
1546 1019 1628 1080 liber·
1643 1028 1674 1080 et
1688 1020 1767 1081 voltu

389 1116 424 1167 ut
438 1109 635 1180 inveniamus,
658 1109 783 1186 primum
800 1103 962 1176 sciendum,
976 1104 1008 1163 iu
1022 1103 1082 1164 He·
1139 1104 1214 1164 libri
1228 1124 1281 1184 pro
1298 1105 1404 1167 ecdem
1420 1106 1614 1167 haberentur.

390 1192 482 1254 brnen
504 1214 563 1254 non
586 1193 708 1253 baberi:
736 1194 777 1254 In
799 1194 902 1270 eapite
925 1192 1000 1250 libri
1022 1198 1085 1262 etc,
1183 1191 1348 1272 Quaeritur
1369 1201 1476 1265 autum,
1499 1192 1538 1252 de
1559 1213 1620 1272 quo
1643 1193 1720 1254 libro
1734 1193 1767 1252 lu

390 1280 460 1342 sed:
476 1285 512 1342 irs
526 1282 690 1343 volumine
705 1280 788 1341 libri.
811 1278 957 1339 Sicorim
973 1296 1012 1338 er
1025 1278 1084 1336 lle·
1138 1285 1187 1338 tur
1202 1279 1370 1340 Psalmista.
1394 1278 1527 1361 Quidem
1550 1280 1650 1361 legem
1674 1282 1767 1362 recipi

389 1367 482 1428 braeo
506 1376 659 1428 verterunt
683 1368 900 1446 Hieronymus,
929 1364 1085 1443 Paguiuus
1139 1365 1170 1425 in
1200 1385 1262 1445 qua
1287 1368 1383 1426 servis
1410 1369 1584 1446 spontaneis
1611 1368 1767 1447 praescrib

390 1463 420 1515 et
434 1455 494 1517 alii.
519 1455 641 1514 Dicitur
652 1463 752 1515 autem
765 1455 914 1515 volumen
926 1452 999 1511 libri
1010 1450 1086 1510 liber
1140 1460 1174 1511 ut
1195 1453 1329 1513 serviant
1352 1455 1383 1513 iu
1400 1455 1561 1528 saeculum,
1587 1454 1690 1515 Exod.
1713 1456 1762 1516 21.

389 1542 540 1623 plicabilis
563 1549 594 1602 et
615 1541 777 1602 involutus.
803 1540 909 1600 Solent
931 1539 1011 1598 enim
1034 1556 1084 1597 ve·
1139 1541 1278 1614 sentiunt,
1293 1541 1345 1621 qui
1360 1550 1478 1621 partem
1491 1540 1572 1601 illem
1588 1542 1767 1622 praecedent

389 1639 476 1702 teres,
499 1636 693 1690 uenientum
708 1629 852 1701 Hebraei,
875 1625 1086 1687 verumetiam
1140 1630 1243 1687 Aures
1264 1634 1371 1687 autem
1392 1628 1563 1705 perfodisti
1583 1629 1682 1704 mibi,
1706 1627 1746 1689 sd

390 1716 507 1788 ethuici,
523 1716 563 1775 sd
578 1714 768 1777 scribendum
780 1715 824 1775 uti
839 1711 1017 1774 membranis
1033 1720 1087 1771 aut
1140 1711 1207 1773 dem
1223 1712 1357 1774 referunt
1368 1714 1564 1794 scripturam,
1580 1734 1714 1796 eamque
1725 1714 1761 1776 de

390 1804 509 1876 chartis,
533 1822 613 1884 quse
637 1804 669 1862 iu
689 1802 809 1863 corticis
831 1820 946 1861 morem
965 1798 1085 1858 convol-
1139 1798 1219 1860 facta
1233 1800 1408 1861 obedientis
1423 1803 1669 1882 interpretantur,
1693 1812 1728 1863 ut
1747 1821 1767 1862 n

388 1898 538 1950 verentur.
562 1886 652 1949 Unde
669 1898 700 1950 et
714 1889 789 1949 libri
804 1908 913 1949 numen
929 1885 1012 1967 apud
1027 1884 1085 1944 Ls-
1140 1885 1281 1948 diximus.
1312 1888 1374 1948 Alii
1398 1908 1501 1950 rursus
1523 1889 1637 1970 legem,
1664 1910 1728 1972 qua
1752 1910 1767 1969 p

390 1978 478 2038 tinos.
503 1975 584 2056 Quin
608 1984 638 2034 et
663 1974 752 2036 bodie
774 1973 886 2037 Judsei
913 1971 1008 2053 (quod
1034 1972 1086 2032 eli·
1140 1973 1282 2034 describit
1304 1973 1401 2036 officia
1423 1978 1517 2055 regis,
1541 1985 1575 2036 ut
1597 1977 1689 2038 Dent.
1712 1977 1767 2039 bt

391 2062 512 2144 quando
529 2058 673 2140 vidimus)
689 2064 719 2123 iu
732 2064 795 2124 suis
812 2062 978 2142 synagogis
989 2059 1086 2138 legem
1142 2060 1190 2120 17.
1228 2060 1289 2121 Alii
1318 2081 1391 2123 vero
1421 2065 1451 2123 in
1481 2064 1655 2124 universum
1683 2064 1767 2144 legun

390 2158 422 2212 et
436 2149 606 2230 Prophetas
629 2169 667 2210 ox
689 2149 860 2230 huJ'nsmudi
883 2145 1087 2208 voluminibus
1139 2147 1303 2227 propbetas
1318 2149 1480 2228 significari
1495 2150 1610 2224 volunt,
1626 2152 1657 2212 in
1674 2150 1767 2232 quibu

389 2238 521 2297 recitant.
543 2236 610 2297 Non
632 2235 730 2297 solum
752 2245 851 2297 autem
866 2236 970 2296 Latini
991 2243 1086 2294 trans
1141 2233 1259 2295 Christo
1281 2243 1310 2295 et
1332 2240 1399 2310 ejus
1422 2255 1496 2316 erge
1519 2239 1641 2298 Patrem
1664 2236 1767 2299 obedit

390 2324 524 2385 tulerunt
535 2322 591 2382 hoc
602 2322 699 2397 modu,
712 2325 765 2384 scd
774 2324 865 2384 etiam
874 2323 989 2403 antiqui
998 2323 1085 2381 inter·
1140 2323 1245 2382 variae
1267 2322 1456 2383 continentur
1478 2324 1593 2403 figurae
1610 2333 1642 2386 et
1656 2324 1767 2405 praedii

388 2409 617 2491 pretesGrecoi,
629 2410 997 2491 SymmachusetAquile,
1011 2408 1087 2468 sicut
1139 2427 1201 2468 nee.
1224 2408 1371 2489 Denique
1393 2408 1444 2470 alii
1460 2410 1499 2471 de
1512 2410 1589 2472 libro
1605 2410 1731 2473 divinae
1745 2428 1767 2473 n

389 2496 428 2559 de
440 2499 477 2557 iis
490 2505 640 2557 testantur
651 2496 887 2578 chrysostomus
902 2505 934 2557 et
945 2492 1086 2557 Theodu·
1140 2503 1280 2555 aeterune
1327 2495 1613 2577 praedestinationis
1674 2521 1767 2582 expcn

389 2582 1087 2663 retusineusrr.Pealm.39.,simulexpouentes
1139 2583 1232 2643 Porro
1253 2585 1307 2662 qui
1327 2582 1425 2644 Lxx.
1450 2586 1592 2660 versioni,
1616 2606 1708 2670 quum
1723 2589 1767 2650 Pa

390 2674 538 2733 rationem
549 2671 686 2745 nominis,
695 2691 784 2752 qnnm
794 2671 867 2732 dixi.
881 2669 972 2750 Quod
981 2679 1011 2731 et
1020 2677 1089 2750 pust
1141 2670 1229 2740 citat,
1251 2669 1465 2733 inhaerendum
1489 2681 1628 2748 censent,
1654 2675 1767 2756 plusti

371 2809 374 2814 .
391 2777 443 2819 eos
457 2758 531 2818 iecit
545 2756 737 2837 Euthymius.
761 2759 846 2838 Quae
869 2777 936 2818 uum
960 2759 1003 2817 ita
1019 2758 1087 2829 sint,
1140 2756 1287 2833 laborent,
1303 2766 1337 2817 ut
1352 2757 1489 2832 doceam,
1505 2760 1535 2820 in
1551 2761 1640 2839 cujus
1655 2762 1726 2823 libri
1739 2782 1767 2824 cs

391 2844 468 2906 illud
493 2846 601 2918 miror,
626 2845 708 2905 viros
735 2843 881 2928 quosdam
908 2843 1013 2906 doctus
1036 2851 1088 2902 sut
1140 2842 1395 2922 scriplumsitvel
1409 2843 1767 2921 deDnvidu,vsldeObr

390 2933 539 3006 insectari,
561 2939 614 2992 eut
634 2933 854 3012 reprehendero
875 2931 954 2992 haue
969 2950 1008 2992 ex
1024 2931 1086 2992 He·
1140 2938 1173 2989 ut
1193 2930 1286 2991 insist
1309 2931 1494 2994 voluntatem
1516 2934 1586 2995 Dei.
1620 2935 1767 3018 Hierony

389 3019 482 3080 breno
505 3020 690 3096 versionem
714 3019 890 3099 praesertim
912 3037 1005 3097 quum
1024 3017 1087 3078 He·
1140 3018 1226 3078 initio
1249 3018 1318 3077 libri
1341 3019 1441 3079 tradit
1464 3020 1558 3082 Hebr.
1583 3022 1614 3081 in
1636 3021 1725 3098 Gen,
1743 3024 1767 3086 11

389 3104 482 3167 brues
497 3103 589 3166 dictio
611 3105 754 3187 frequens
775 3107 814 3166 sit
829 3107 859 3165 iu
874 3106 968 3165 eserie
983 3103 1087 3176 literis,
1139 3102 1222 3163 ticari
1250 3113 1336 3183 putat
1366 3104 1473 3167 librum
1508 3106 1646 3170 Genesis.
1690 3111 1767 3174 Tne

390 3211 448 3253 uec
475 3189 560 3254 alind
588 3211 643 3272 pro
674 3211 711 3253 ea
739 3192 869 3253 reddunt
896 3192 1086 3270 interpretes,
1141 3191 1218 3251 euim
1235 3189 1325 3251 illud:
1340 3193 1382 3252 ln
1395 3196 1558 3270 principio
1571 3195 1650 3273 fecit
1666 3198 1767 3260 Deua·

391 3297 499 3359 quam:
525 3279 691 3354 volumen,
719 3287 771 3340 aut
797 3279 954 3359 quippiam
979 3276 1087 3352 simile,
1141 3277 1208 3337 lum
1223 3284 1253 3337 ct
1267 3285 1398 3354 terram,
1421 3278 1627 3360 referensque,
1643 3283 1767 3362 quenda

391 3366 474 3446 quod
490 3364 555 3426 sere
569 3365 746 3427 tantundem
762 3366 878 3439 valeat3
905 3372 939 3423 ut
954 3365 1005 3445 qui
1019 3384 1086 3424 ver·
1140 3364 1353 3444 interpretatos
1364 3365 1456 3427 fuisse
1472 3365 1509 3428 de
1520 3367 1616 3429 Filio:
1632 3371 1716 3447 Hoc,
1731 3373 1767 3434 iu

390 3460 508 3513 terunt:
532 3454 689 3528 popinam
713 3460 764 3513 eut
786 3454 947 3524 ebanem,
975 3469 994 3510 a
1020 3469 1085 3530 pro·
1139 3453 1241 3527 muoir
1261 3453 1586 3530 commemorarem,
1611 3474 1712 3533 qnam
1726 3475 1767 3522 set

391 3541 519 3619 prietrte
540 3541 623 3600 vocis
649 3538 817 3599 Hebraioee'
842 3536 978 3598 nonnihil
1004 3555 1086 3597 rece·
1140 3537 1217 3596 dum
1245 3538 1334 3599 verbi
1359 3541 1623 3617 banslettonem,
1651 3544 1692 3605 dr
1715 3546 1767 3608 tila

391 3623 506 3687 dentes.
528 3625 637 3706 Neque
651 3626 739 3698 enim,
755 3643 822 3686 cum
838 3623 962 3684 dicitur:
978 3625 1014 3684 iu
1029 3641 1087 3683 vo·
1139 3627 1242 3700 accipi
1264 3633 1380 3701 potest,
1407 3631 1462 3705 qui
1489 3633 1555 3687 tom
1578 3631 1615 3691 in
1634 3633 1710 3708 ipsu
1729 3631 1767 3711 fn

391 3710 512 3774 lumino
534 3710 618 3787 libri,
642 3711 704 3773 tale
719 3719 773 3785 est,
795 3730 832 3770 se
855 3712 880 3770 si
903 3709 1034 3770 dicatur:
1051 3711 1086 3769 irs
1142 3710 1300 3786 Geneseor,
1316 3730 1400 3791 quoe
1411 3721 1508 3791 caput
1520 3714 1679 3779 librorum
1692 3737 1766 3781 omn

390 3796 472 3861 libro
493 3797 577 3873 libri,
599 3805 634 3859 ut
654 3797 777 3878 quidam
801 3797 922 3874 objicit3
944 3795 998 3857 esd
1021 3814 1086 3857 sen·
1140 3804 1193 3871 cst,
1221 3816 1315 3874 quum
1339 3804 1434 3861 etiam
1457 3803 1493 3861 irs
1515 3803 1683 3881 principio
1697 3810 1767 3869 Jooe

391 3904 442 3946 sus
455 3894 515 3946 est:
531 3887 567 3946 in
584 3886 665 3946 libro
680 3886 868 3961 complicato
884 3891 913 3943 et
928 3883 1084 3956 involuto,
1139 3885 1374 3961 Eeunoelistce,
1401 3888 1480 3948 coeli
1504 3895 1533 3948 et
1558 3894 1669 3952 terrae
1692 3891 1767 3953 eund

390 3972 466 4032 sicut
487 3973 576 4032 vertit
597 3973 804 4051 Hieronymus
828 3970 938 4032 Erech.
957 3973 1085 4048 imant:
1139 3972 1349 4046 approbatur.
1379 3975 1468 4035 Unde
1483 3982 1513 4034 et
1527 3978 1563 4036 in
1578 3977 1767 4042 Praeterire·

390 4059 428 4119 in
443 4058 615 4134 volumine,
636 4058 721 4136 quod
736 4058 812 4119 dum
825 4060 861 4118 in
876 4076 911 4118 ro
926 4056 1085 4130 scribitur,
1139 4059 1208 4133 ipso
1223 4061 1286 4118 ait:
1310 4061 1351 4120 In
1366 4064 1468 4137 capite
1484 4061 1559 4121 libri
1569 4068 1727 4143 scriptum
1741 4085 1767 4130 ss

391 4147 457 4219 ium
474 4145 553 4205 liber
567 4152 710 4220 voratur,
730 4144 789 4205 hoo
804 4153 855 4220 est,
872 4147 909 4205 irs
923 4144 1086 4205 volumine
1140 4160 1206 4219 me,
1234 4144 1266 4203 id
1288 4155 1334 4205 est
1356 4150 1392 4208 in
1412 4150 1577 4225 principio
1603 4152 1764 4216 Gennesar.

391 4236 577 4309 conscripto.
601 4228 880 4294 SioadJcremism
897 4230 1005 4292 dicitur
1019 4249 1086 4309 cap.
1139 4228 1200 4290 ille.
1233 4231 1324 4310 Cujus
1351 4234 1530 4295 sententium
1552 4237 1605 4297 elii
1631 4239 1721 4304 multi
1741 4259 1767 4303 tt

392 4319 458 4380 ib:
477 4320 565 4379 Tolle
580 4320 731 4380 volumen
746 4318 831 4392 libri,
855 4325 884 4378 et
899 4318 1036 4379 scribens
1050 4319 1086 4376 in
1140 4326 1217 4376 sunt.
1239 4317 1358 4392 Verum,
1381 4328 1415 4380 ut
1430 4321 1524 4394 detur,
1547 4321 1623 4384 illud
1645 4327 1764 4390 initium

390 4423 426 4466 co
445 4409 556 4466 omniu
570 4405 677 4481 verba,
700 4424 783 4484 quoe
797 4405 855 4465 tibi
871 4406 1086 4466 locutorium.
1139 4405 1222 4463 nesis
1238 4405 1277 4463 sd
1293 4406 1445 4468 Christum
1459 4410 1586 4488 mystice
1601 4414 1765 4495 portinere,

388 4490 563 4554 Audeinde
584 4490 776 4572 plunderies
799 4491 903 4553 eudem
926 4492 1027 4571 sepite
1042 4488 1085 4549 di·
1140 4498 1239 4551 tamen
1248 4492 1408 4554 ostendunt
1420 4495 1469 4554 isti
1481 4504 1630 4571 suctores,
1642 4497 1767 4584 ibiscrip

388 4581 459 4652 ctio,
481 4598 560 4660 quae
582 4581 733 4641 volumen
747 4579 904 4658 significet,
926 4577 1086 4657 repetitur,
1141 4595 1205 4637 esse
1220 4577 1259 4638 de
1274 4578 1402 4651 Christo,
1418 4580 1554 4643 utfaciat
1565 4583 1629 4645 Dei
1640 4584 1766 4650 volunt·

389 4664 442 4726 ubi
456 4684 510 4745 pro
525 4666 688 4728 volumine
699 4663 800 4727 Lxx.
812 4663 934 4727 cssidue
948 4669 1084 4726 uertunt:
1139 4665 1197 4724 nisi
1223 4665 1407 4727 voluntatem
1432 4668 1670 4749 interpretentur
1697 4676 1736 4737 do
1755 4693 1767 4738 t

388 4745 527 4830 xupries',
548 4751 642 4813 idest
663 4754 817 4813 obortum.
840 4751 961 4813 Etenim
985 4750 1085 4809 charta
1140 4751 1222 4812 tione
1245 4752 1357 4813 mundi.
1382 4754 1443 4833 Qui
1467 4775 1574 4816 sensus
1596 4757 1669 4820 buie
1692 4762 1758 4826 loeo

390 4840 457 4898 sive
477 4839 660 4911 membrana,
684 4837 754 4899 dum
777 4839 810 4898 iu
825 4858 862 4900 en
885 4836 1029 4909 scribitur,
1051 4837 1085 4895 fit
1139 4837 1281 4916 qusdrnt3
1295 4839 1506 4921 nihilomagis,
1520 4862 1742 4924 quamsensus,

389 4919 474 4984 mm,
1139 4922 1237 4984 adfert
1258 4926 1523 5008 Theophylactus,
1551 4930 1623 4993 dum
1645 4935 1743 5000 reteri

431 5007 530 5090 Igitur
554 5012 646 5091 juxto
671 5018 787 5071 textum
811 5008 994 5071 Hebraicum
1019 5008 1083 5089 pls·
1139 5009 1236 5071 locum
1259 5011 1298 5072 nd
1321 5013 1397 5074 illud
1420 5015 1496 5078 Gen.
1515 5021 1559 5079 1.:
1585 5020 1762 5088 Faciam
