4442 5825
391 542 467 670 {30
906 592 1331 649 muuurrumusucusn.

390 789 480 849 qaam
498 770 674 848 unguinum
689 768 778 830 Abel.
814 766 905 850 Quod
928 768 997 830 ideo
1013 767 1083 830 diei·
1137 780 1185 833 tnr
1208 769 1410 850 Augustinus,
1436 776 1471 830 ut
1493 769 1548 848 qui
1569 766 1623 828 lib.
1653 765 1692 829 ds
1713 774 1821 846 pecu

389 865 454 930 tur,
480 854 606 916 Graccis
625 857 715 916 etiam
733 856 984 928 assentientibus,
1012 859 1085 935 quia
1138 859 1210 938 orig.
1227 878 1293 937 cap.
1311 860 1360 919 23.
1377 857 1604 935 quaestionem,
1629 852 1682 915 ubi
1702 853 1821 914 nuncsi:

390 943 513 1022 sangnis
524 941 602 1003 Abel
616 941 778 1004 vindictam
790 943 945 1017 clamabat,
962 945 1083 1022 sangnis
1137 945 1221 1005 Elias
1250 944 1299 1004 vel
1330 942 1473 1015 Henoch,
1507 943 1586 1003 inter
1616 959 1672 1002 saa
1700 947 1821 1001 namara

390 1029 502 1092 Christi
517 1031 632 1090 veniam
647 1029 789 1108 loquitur.
1028 1048 1034 1058 ·
1137 1033 1340 1113 quaestiones,
1364 1028 1539 1110 inquibus,
1562 1027 1652 1088 salva
1672 1025 1733 1089 fida
1753 1025 1819 1087 cut

432 1115 466 1178 Si
481 1116 548 1196 quis
560 1115 691 1195 objiciat,
706 1116 884 1197 Apostolum
895 1137 957 1176 non
968 1115 1085 1176 dicere:
1137 1121 1250 1191 atiena,
1266 1115 1341 1197 quid
1357 1135 1461 1176 verum
1476 1117 1525 1185 sit,
1540 1116 1706 1194 ignoratur,
1722 1122 1753 1175 et
1765 1132 1816 1174 asa·

390 1206 512 1264 loeutus
527 1210 581 1279 eat,
597 1201 669 1263 sed:
685 1204 838 1281 loquitur,
855 1200 986 1280 ideoque
1001 1222 1084 1280 prae·
1137 1203 1406 1265 tentiadefinitiva
1421 1203 1625 1282 suspenditur.
1659 1200 1688 1260 A
1703 1219 1818 1282 quon

390 1297 503 1352 sentem
529 1309 566 1351 ae
594 1300 816 1368 permansum
846 1290 976 1371 aliquam
1004 1290 1084 1351 locu·
1138 1293 1281 1352 dissentit
1297 1288 1533 1370 chrysostomus
1544 1288 1675 1367 ejusque
1688 1302 1817 1366 sequaaa

389 1379 501 1438 tionem
528 1376 755 1456 intelligendam
782 1396 863 1449 asse,
886 1378 979 1455 juxta
1006 1396 1084 1436 eom·
1139 1377 1390 1458 Theoplsylactus
1418 1385 1449 1436 et
1474 1374 1685 1437 Oscumenius.
1721 1374 1818 1434 Dim

391 1464 570 1525 maniatium
585 1463 780 1525 Graecomm:
796 1463 970 1542 responderi
984 1472 1086 1544 posset
1138 1466 1218 1526 enim
1246 1463 1388 1542 inhujus
1410 1463 1469 1523 loci
1495 1461 1731 1534 commentariis,
1755 1460 1818 1521 seira

391 1568 459 1612 cnm
473 1551 791 1630 Ribsra,¹sangninem
808 1549 887 1611 Absl
902 1551 990 1611 etiam
1006 1569 1086 1610 nune
1139 1550 1261 1631 quidem
1280 1569 1334 1611 nos
1358 1569 1396 1609 ex
1420 1550 1598 1630 scripturis,
1625 1546 1708 1628 quod
1728 1548 1817 1608 rim

390 1638 476 1717 loqui
490 1646 521 1698 et
542 1635 705 1698 vindictam
729 1645 833 1718 petere
854 1644 918 1697 tum
941 1634 1086 1697 adversas
1139 1638 1301 1699 translatus
1313 1638 1352 1696 sit
1363 1636 1501 1710 Henoch,
1518 1644 1550 1697 et
1565 1633 1649 1716 quod
1664 1637 1764 1709 vivat:
1776 1629 1817 1694 sd

392 1722 484 1797 Cain,
507 1725 593 1802 eujus
608 1744 707 1804 poena
728 1724 860 1785 nondum
883 1723 921 1784 ad
938 1743 1086 1783 summum
1139 1726 1191 1786 nbi
1206 1727 1303 1797 vivat,
1329 1730 1360 1784 et
1374 1721 1541 1804 quomodo,
1567 1722 1754 1804 Scriptutam
1772 1737 1818 1781 uta

391 1811 545 1893 pervenit,
575 1819 638 1870 tum
665 1810 812 1872 adversos
837 1809 912 1871 alios
934 1811 1087 1889 justorum
1139 1809 1329 1892 patefecisse.

393 1897 619 1974 interfectorem
647 1896 811 1959 secundum
834 1895 915 1977 quod
941 1897 1108 1957 Dominus¹
1182 1895 1379 1979 Respondeo,
1404 1898 1431 1958 si
1457 1898 1595 1978 quaestio
1621 1896 1662 1956 sit
1686 1893 1725 1956 de
1745 1893 1817 1954 Pasa

393 1983 434 2044 ad
448 1983 593 2063 quosdam
617 2003 720 2044 eorum
740 1984 875 2064 loquitur
897 1983 1016 2045 dicens:
1049 1983 1088 2045 Ut
1140 1984 1219 2057 diso,
1243 2004 1336 2064 equo
1351 1984 1430 2065 pulsi
1445 1982 1568 2044 sumunt
1582 1982 1673 2064 primi
1688 1987 1816 2061 param.

394 2073 503 2132 semim
516 2090 612 2149 super
634 2089 689 2132 uos
710 2074 813 2133 omum
831 2074 961 2147 sanquis
971 2074 1087 2145 justise
1139 2092 1201 2134 non
1214 2072 1293 2133 male
1307 2071 1456 2145 dubitari,
1478 2090 1550 2130 num
1573 2069 1625 2130 vsl
1639 2062 1818 2139 Harmiai

393 2161 449 2236 qui
464 2160 580 2238 effussus
592 2165 742 2236 estsuper
752 2166 882 2233 terram,
898 2160 1089 2234 asanyuine
1141 2159 1226 2220 Elias
1253 2159 1325 2219 illue
1348 2157 1461 2219 fuerint
1486 2155 1640 2230 transisti,
1666 2152 1818 2234 ibidemqst

394 2245 473 2307 Abel
483 2248 562 2322 justi
576 2264 674 2323 usque
695 2246 739 2306 ad
760 2249 951 2323 sanquinem
966 2246 1089 2308 Zacha-
1142 2266 1221 2307 nunc
1235 2254 1393 2320 maneant:
1416 2244 1447 2305 id
1464 2246 1544 2305 enim
1557 2263 1614 2303 nec
1629 2244 1761 2316 ratione,
1776 2254 1819 2299 nn

394 2335 465 2393 riae
480 2342 554 2405 etc,
570 2332 675 2394 Mettis
693 2334 741 2394 23.
772 2333 882 2395 Verum
898 2334 958 2394 hac
968 2351 1088 2411 respon·
1142 2342 1223 2393 carta
1238 2335 1418 2392 anctoritate
1433 2329 1534 2390 doceri
1556 2338 1677 2410 potast3
1699 2318 1818 2408 atqusll

394 2421 479 2482 sione
493 2440 553 2482 non
568 2426 613 2480 ast
635 2439 720 2498 opus.
752 2420 933 2482 sicutenim
957 2421 987 2480 in
1002 2437 1088 2498 prae·
1142 2420 1272 2480 voluisse
1286 2426 1348 2479 tam
1360 2419 1564 2497 augustinum
1579 2417 1648 2477 loeo
1659 2416 1724 2495 jam
1739 2415 1817 2483 sitem

394 2508 472 2568 senti
488 2506 581 2569 dixit:
597 2508 810 2570 testimouium
819 2508 1003 2584 perhibente
1017 2523 1090 2566 mu·
1142 2526 1232 2588 quam
1260 2504 1393 2566 Graecos
1414 2511 1670 2565 commentatores.
1707 2494 1816 2583 Qua&

394 2595 523 2656 aeribus
537 2598 604 2669 ejus
618 2595 704 2669 Deo,
732 2613 798 2655 cum
822 2593 861 2654 de
878 2613 912 2655 re
929 2592 1090 2674 praeterita
1141 2615 1174 2655 re
1189 2611 1244 2654 nos
1258 2592 1349 2653 latius
1365 2593 1480 2672 cgimtm
1497 2592 1528 2652 in
1544 2593 1573 2652 θ.
1589 2599 1667 2652 sent.
1682 2588 1750 2650 dist
1776 2584 1817 2646 ff!

395 2701 493 2742 sermo
509 2689 606 2752 esset,
623 2683 665 2740 ita
680 2680 773 2742 dixit:
801 2680 971 2759 defunctus
986 2679 1090 2739 adbsre
1142 2691 1243 2741 autem
1263 2677 1301 2740 de
1324 2678 1469 2740 Paradiso
1490 2679 1651 2759 loquemur
1668 2677 1699 2738 in
1720 2686 1816 2756 genn

394 2769 555 2845 loquitur,
587 2777 621 2827 nt
649 2770 789 2828 nimirum
814 2767 962 2847 particula
987 2767 1091 2826 adbuc
1143 2764 1392 2848 quemadmodum
1422 2766 1585 2846 aliquoties
1614 2763 1767 2843 Scriptura
1784 2756 1817 2818 is·

396 2875 458 2916 non
473 2852 513 2915 ad
528 2853 617 2915 Pauli
638 2861 771 2935 tempora
793 2854 957 2927 referatur,
982 2851 1036 2915 sed
1051 2850 1091 2913 ad
1143 2856 1252 2936 quitur,
1268 2854 1414 2914 rationem
1425 2873 1486 2914 non
1502 2870 1569 2913 osse
1583 2849 1747 2927 dubitandi,
1760 2846 1816 2927 qvia

394 2947 529 3020 tempus,
564 2960 624 3021 qno
650 2941 714 3020 jam
743 2948 879 3003 mortuus
909 2949 975 3002 erat
1003 2939 1089 3009 Abel,
1143 2942 1281 3002 translati
1305 2943 1364 3001 sint
1379 2938 1506 3001 Henoch
1530 2947 1562 2999 et
1584 2938 1672 2999 Elias
1693 2939 1724 2998 in
1745 2937 1816 2996 Part·

396 3027 478 3109 quod
497 3029 625 3088 sumitur
645 3037 800 3106 nmquam
823 3048 978 3107 praesens,
1006 3026 1090 3086 velut
1142 3029 1255 3102 disum,
1283 3026 1314 3087 id
1336 3036 1382 3089 est
1403 3029 1433 3087 iu
1456 3026 1575 3087 hortum
1598 3044 1652 3086 ssu
1672 3017 1815 3085 lucumai·

396 3114 489 3189 inira,
514 3113 564 3175 ubi
581 3114 667 3188 dicit:
697 3116 790 3177 Nuus
805 3123 910 3177 autem
926 3116 1089 3178 meliorem
1142 3135 1233 3195 quem
1249 3134 1421 3187 amoenum,
1437 3114 1574 3195 quietum
1585 3122 1680 3193 atquc
1694 3104 1815 3190 unqua

396 3208 571 3280 appetunt:
587 3204 666 3261 sicut
681 3202 721 3261 ibi
739 3200 948 3263 declarabitur.
1143 3202 1221 3276 lam,
1246 3200 1299 3261 ubi
1322 3223 1340 3262 a
1364 3199 1639 3282 perturbationibus
1661 3198 1750 3279 hujus
1768 3209 1815 3255 sae

440 3288 468 3351 b.
492 3289 572 3351 atde
597 3290 728 3350 Heuoeb
757 3290 933 3351 translatus
962 3296 1022 3362 est,
1050 3306 1090 3348 ue
1143 3289 1203 3349 culi
1233 3296 1264 3348 et
1292 3289 1331 3349 ab
1361 3290 1439 3350 omni
1478 3306 1621 3348 mrnmna
1656 3285 1743 3348 liberi
1766 3282 1815 3342 ἢ

399 3376 517 3437 :rideret
539 3383 679 3437 monem.
717 3376 786 3437 Hoc
809 3383 868 3449 ast,
895 3375 967 3438 fidei
986 3375 1090 3437 merito
1143 3374 1272 3456 Oportet
1287 3377 1382 3446 enim,
1405 3384 1440 3435 nt
1454 3374 1540 3434 loeus
1555 3376 1597 3434 sit
1612 3369 1816 3436 convenicae

355 3459 358 3466 ’
396 3463 559 3525 translatus
573 3462 630 3523 fuit
647 3463 775 3524 Henoch
798 3483 838 3524 ex
859 3462 953 3523 oeulis
975 3472 1007 3524 et
1021 3482 1088 3523 con·
1143 3471 1231 3544 aptus
1246 3460 1356 3522 talibus
1369 3459 1597 3533 habitatoribus,
1616 3462 1679 3541 qui,
1693 3449 1816 3520 comd

363 3601 366 3607 .
396 3553 489 3612 samio
504 3550 673 3623 hominum,
689 3549 782 3627 idque
798 3570 835 3610 ea
851 3569 959 3623 causa,
974 3569 1013 3610 ne
1028 3570 1089 3610 mo·
1143 3558 1223 3610 sorte
1252 3548 1402 3609 bominum
1437 3550 1584 3626 exempti,
1622 3540 1815 3609 emamurt

397 3646 519 3710 roratur,
535 3646 570 3697 ut
584 3639 705 3699 caeteri.
728 3638 807 3697 Nam
823 3638 854 3696 in
866 3636 982 3698 Graeco
998 3655 1089 3716 appa·
1142 3638 1207 3697 vita
1222 3655 1321 3716 usqne
1337 3635 1376 3696 ad
1388 3636 1523 3697 ultimum
1536 3634 1698 3697 Ecclesiae
1712 3643 1815 3711 :ann

396 3732 442 3784 ret
476 3725 658 3804 significatio
696 3742 822 3784 musas:
857 3724 910 3782 τοῦ
940 3716 983 3802 μὴ
1010 3716 1090 3784 ἰδεῖν
1144 3723 1266 3804 quando
1282 3743 1385 3785 rursus
1400 3726 1430 3784 in
1454 3742 1576 3784 scenam
1598 3723 1691 3802 hujus
1709 3712 1818 3781 mortai-

396 3803 547 3888 θάνατονς
573 3810 753 3873 subanditur
775 3812 852 3871 snim
872 3803 981 3885 ἕνεκα,
1009 3810 1090 3891 quod
1142 3812 1214 3871 tatis
1229 3809 1437 3889 producentur,
1453 3819 1487 3871 nt
1501 3809 1689 3871 Antichristo
1703 3803 1816 3869 mssa

396 3899 516 3960 causale
539 3907 593 3959 est
637 3898 750 3959 Videre
769 3904 919 3973 mortem,
941 3897 1091 3959 Hebraeis
1143 3905 1174 3958 ct
1202 3899 1303 3958 ruinas
1333 3898 1436 3978 populi
1466 3894 1632 3958 Christiani
1663 3893 1815 3962 instaur*

395 4005 456 4045 non
471 3984 555 4046 aliud
579 3993 641 4057 est,
668 4003 756 4064 quam
779 3986 870 4058 mori,
893 3993 1017 4045 mortem
1040 4005 1090 4046 ex·
1144 3982 1249 4044 eudem
1273 3994 1421 4064 regnante
1442 3983 1628 4047 Antichristo
1653 3983 1768 4044 tandem
1784 3977 1815 4038 ‘a-

396 4071 495 4150 periri.
529 4070 622 4152 Quod
636 4071 732 4150 Syrus
747 4072 872 4151 Syriaco
895 4091 976 4133 more
996 4072 1089 4133 dixit:
1143 4071 1320 4133 tsrfieiendi.
1352 4071 1431 4133 Nam
1455 4068 1537 4152 quod
1551 4069 1755 4132 Hebraeorum
1768 4060 1814 4146 qd·

395 4165 527 4220 monem
549 4166 684 4235 quatere.
721 4156 841 4238 Lapaua
868 4168 913 4219 est
938 4159 997 4220 hoc
1022 4159 1088 4219 loco
1143 4156 1227 4228 dam,
1260 4168 1351 4239 atqus
1380 4159 1468 4219 etiam
1499 4176 1539 4217 ax
1567 4159 1705 4219 sectariis
1732 4148 1815 4216 aad

395 4245 541 4307 Erasmus
555 4266 616 4306 non
630 4244 753 4316 leviter,
779 4263 873 4323 quum
894 4244 968 4307 dicit
989 4246 1021 4306 in
1036 4266 1089 4324 pa·
1142 4244 1293 4318 nonnulli,
1320 4244 1439 4305 illorum
1454 4244 1635 4305 seutentiam
1651 4242 1759 4315 secati,
1778 4235 1814 4298 ὃ·

395 4331 547 4411 saphrasi,
567 4332 648 4393 hunc
663 4331 792 4392 Henoch
814 4332 906 4411 impio
922 4341 1007 4414 patre
1022 4352 1088 4411 pro·
1143 4339 1226 4405 eant,
1245 4330 1371 4392 Henoch
1383 4332 1445 4410 jan:
1462 4330 1533 4391 olim
1548 4342 1699 4392 mortuum
1714 4315 1816 4399 senff

395 4419 545 4497 genitum:
571 4418 714 4479 videlicet
740 4416 924 4480 contundens
953 4419 1087 4493 Henoch,
1141 4416 1229 4478 nobis
1259 4415 1439 4479 Christianis
1468 4426 1498 4479 et
1524 4414 1692 4479 Catholicis
1719 4413 1814 4479 aad!

394 4505 486 4566 filium
495 4504 570 4566 (lain
584 4506 677 4585 impii,
692 4524 757 4566 cum
769 4504 1088 4580 Henoch,filioJared,
1142 4503 1338 4582 rejiciendum
1354 4514 1416 4577 cst,
1431 4525 1491 4566 non
1506 4503 1604 4564 solnm
1619 4513 1657 4565 nt
1670 4493 1820 4584 recept&

396 4590 486 4671 lunga
501 4601 569 4673 post
584 4594 701 4671 genito,
717 4590 755 4652 de
770 4610 830 4669 qno
845 4592 893 4652 hio
908 4592 1015 4672 egitur.
1141 4609 1210 4651 mae
1231 4610 1284 4669 per
1306 4590 1473 4652 Ecclesiam
1500 4592 1635 4671 opinioni
1650 4587 1818 4658 contrari!

439 4678 553 4758 Quaeri
564 4679 648 4753 solet,
656 4697 716 4758 quo
724 4678 886 4739 translatns
894 4680 934 4740 sit
944 4676 1088 4755 Henocb3
1141 4697 1245 4739 rerum
1261 4679 1351 4737 stiam
1365 4686 1400 4738 nt
1414 4687 1519 4759 aparte
1534 4696 1676 4759 pugnans
1689 4696 1754 4740 san
1765 4679 1816 4734 sa*

396 4762 427 4825 id
448 4765 524 4826 enim
546 4765 650 4828 Moses
674 4765 778 4826 tacuit.
815 4764 939 4844 Legitur
965 4763 1088 4843 quidem
1140 4764 1189 4825 bis
1204 4764 1348 4846 Apostoli,
1364 4762 1498 4839 dicentia,
1518 4764 1649 4826 Henoch
1663 4757 1820 4827 aaut*

395 4850 601 4914 llcclssiastisi
616 4852 684 4914 44:
706 4849 882 4913 metimus
895 4855 932 4913 ira
946 4851 1089 4913 Paradi·
1141 4870 1223 4924 esse,
1250 4869 1292 4911 ae
1313 4851 1434 4912 uideret
1457 4858 1601 4912 mortem
1640 4847 1730 4930 Quod
1753 4843 1820 4910 d·

396 4954 486 5014 aum3
507 4938 562 5000 ssd
577 4937 661 4999 illam
675 4944 808 5020 partem:
832 4941 868 5001 iu
883 4939 1088 5014 Paradisum,
1142 4938 1322 4999 Tremellius
1337 4939 1369 4998 in
1387 4946 1487 4999 annot
1509 4956 1566 4998 aaa
1587 4934 1626 4999 ad
1650 4944 1763 4999 textu

396 5021 516 5088 (iresca
529 5044 590 5087 non
603 5023 731 5101 habent,
756 5041 813 5086 neu
827 5026 989 5107 agnovisse
1004 5023 1087 5088 ride-
1140 5025 1253 5086 riacam
1280 5023 1401 5101 scribit,
1427 5022 1607 5107 Apostolum
