4442 5825
393 612 468 679 446
892 605 1125 660 cusmsnrsnms
1142 605 1174 659 ru
1191 605 1257 660 cnr.
1276 606 1314 660 u.

392 780 481 862 pidis,
504 789 606 843 contra
629 803 705 862 quos
722 783 752 843 in
768 782 829 844 tine
844 783 952 865 capitis
967 803 1087 863 praece·
1139 783 1247 864 quales
1262 803 1300 845 ex
1311 782 1410 844 Adam
1425 785 1498 857 uati,
1512 804 1575 845 nou
1591 783 1693 867 quales
1706 783 1733 846 in
1745 780 1794 845 tui

393 868 490 929 dentis
516 869 671 949 agebatur.
709 870 876 951 Exponunt
907 878 1006 930 autem
1033 868 1089 931 hec
1138 882 1186 932 sto
1201 873 1310 932 renati.
1341 870 1428 932 Haec
1449 872 1583 932 amicitia
1605 878 1651 932 est
1670 870 1794 941 inlusi&

392 953 496 1016 modo:
511 954 599 1016 Unde
614 976 734 1037 pugnae
746 957 907 1018 verborum
923 969 953 1018 et
968 965 1087 1017 conten·
1138 960 1210 1034 Dei,
1236 958 1294 1033 vel,
1319 966 1352 1018 ut
1368 956 1483 1019 Paulus
1505 959 1649 1040 loquitur,
1672 961 1707 1019 ia
1720 960 1794 1020 Des!

392 1042 490 1103 tiosae
506 1040 727 1122 disputationes
743 1045 898 1117 intervos,
922 1043 994 1104 dum
1009 1044 1088 1123 quis·
1138 1045 1282 1107 adversus
1299 1045 1414 1121 Deum;
1430 1047 1502 1125 quia
1516 1044 1673 1105 hominem
1688 1050 1794 1107 constitu

392 1147 451 1210 que
467 1127 561 1189 videri
575 1131 643 1190 vult
657 1130 718 1191 alio
738 1130 854 1192 doctior
870 1139 901 1190 et
915 1132 1088 1211 sapientior,
1138 1132 1239 1193 aDeo
1255 1150 1404 1206 aversum,
1429 1132 1558 1212 Deoque
1581 1134 1762 1207 cunensium,
1778 1148 1794 1193 t

390 1215 450 1276 nisi
462 1235 502 1278 ex
513 1219 764 1297 concupiscentiis
779 1215 912 1278 vestris?
927 1217 997 1278 Non
1008 1218 1089 1277 euim
1137 1227 1206 1298 pote
1227 1216 1355 1279 tendens
1378 1217 1416 1278 ad
1442 1219 1599 1279 diversum
1615 1229 1646 1280 et
1661 1219 1794 1281 mutuaris

392 1299 512 1364 Christo
539 1303 670 1364 Domino
697 1307 824 1379 servitis,
852 1303 904 1364 sed
930 1304 1007 1364 alins
1032 1323 1088 1363 suo
1135 1307 1241 1381 finem3
1258 1306 1330 1364 item
1351 1306 1422 1384 quis
1437 1314 1483 1367 est
1498 1306 1633 1366 amicitia
1648 1322 1794 1385 cumae,p

391 1392 491 1450 venui
506 1390 615 1462 studet,
632 1389 662 1450 id
678 1399 734 1465 est,
750 1389 956 1471 voluptatibus
972 1395 1086 1468 caruis3
1138 1401 1182 1453 ost
1196 1391 1294 1452 hostis
1310 1390 1378 1464 Dei,
1394 1391 1495 1464 idest,
1519 1411 1588 1451 cum
1602 1391 1716 1452 mundo
1730 1388 1794 1452 eti

391 1474 471 1537 alius
486 1497 558 1558 opes
571 1489 654 1537 etex
669 1479 775 1559 opibus
791 1476 980 1558 splendorem
995 1496 1086 1558 quae·
1137 1477 1214 1552 bolo,
1237 1476 1341 1538 mundi
1364 1479 1508 1559 principe
1540 1479 1718 1540 Adulteros
1735 1484 1794 1540 sata

390 1564 445 1641 rit3
473 1563 550 1625 alius
578 1565 703 1624 bonores
730 1566 838 1642 ambit3
870 1564 961 1624 alium
988 1564 1087 1645 gloria
1135 1565 1270 1647 appellat
1293 1565 1505 1646 metaphorice,
1529 1574 1597 1624 tum
1614 1566 1689 1646 quia
1701 1564 1794 1646 volup!

390 1649 503 1712 titillat.
527 1651 569 1711 Et
583 1650 660 1713 haec
682 1655 826 1733 consequi
844 1652 982 1731 speratis,
1006 1653 1086 1712 exci-
1135 1661 1198 1712 tum
1214 1652 1327 1712 lecerat
1340 1654 1531 1725 mentionem,
1555 1672 1689 1732 quarum
1705 1646 1794 1713 immed

391 1745 455 1798 tata
484 1737 565 1820 apud
595 1737 758 1819 discipulos
789 1740 930 1821 opinione
956 1756 1085 1818 magnae
1136 1758 1188 1801 cus
1203 1746 1233 1799 et
1248 1748 1431 1801 exaestuans
1455 1742 1612 1819 appetitus
1628 1734 1794 1801 adulteres!

391 1826 545 1886 scientiae.
568 1824 650 1886 Hinc
674 1828 751 1887 inter
773 1847 828 1887 ves
843 1824 922 1897 odia,
946 1823 1085 1897 invidiae,
1136 1828 1193 1903 cit3
1223 1834 1286 1885 tum
1311 1826 1384 1906 quia
1410 1847 1428 1886 a
1451 1826 1518 1885 Deo
1549 1825 1719 1887 fornicatur
1741 1836 1794 1907 atqu

390 1912 617 1973 aemulationes.
640 1912 707 1973 Nec
717 1914 759 1973 sic
771 1923 872 1974 tamen
883 1911 1026 1973 obtinetis
1038 1931 1085 1985 ea,
1135 1912 1328 1987 adulteratur,
1352 1913 1489 1993 quisquis
1504 1932 1651 1986 amorem,
1667 1910 1794 1994 queuis

391 2016 472 2079 quae
486 2000 706 2078 concupiscitis.
731 2000 764 2061 Si
776 1999 891 2073 dicatis,
907 2000 1085 2079 sapientiem
1136 2000 1233 2074 debet,
1246 1998 1285 2059 ad
1300 1998 1443 2060 mnndum
1459 1998 1612 2059 transfert.

390 2105 446 2148 vos
462 2094 613 2167 expetere,
635 2106 673 2147 ne
686 2087 768 2148 illem
784 2087 906 2167 quidem
923 2087 1083 2166 consequi·
1178 2088 1374 2166 Quicumque
1390 2105 1464 2161 erpo
1480 2086 1622 2147 volucrit
1636 2088 1751 2150 amicus
1764 2100 1794 2147 aa

390 2173 472 2248 mini,
495 2175 565 2256 quia
586 2195 647 2235 non
669 2192 738 2236 eam
758 2175 859 2255 petitis
875 2195 894 2235 a
908 2174 985 2247 Deo,
1008 2175 1086 2233 sicut
1134 2175 1252 2235 sacculi
1263 2175 1367 2249 bajus,
1384 2176 1532 2234 iuimicus
1544 2175 1608 2235 Dei
1623 2166 1794 2237 comm

390 2278 446 2322 vos
468 2261 552 2322 initio
575 2260 663 2321 docui
686 2281 753 2322 osse
776 2259 965 2336 laciendum
987 2261 1085 2320 antei
1134 2261 1262 2323 sacculi
1287 2262 1398 2336 buius,
1426 2259 1558 2321 Graece:
1585 2261 1720 2336 mundi,
1739 2256 1794 2320 utl

389 2348 499 2429 petitis,
522 2348 601 2409 male
617 2350 726 2429 petitis,
753 2358 786 2409 nt
808 2368 843 2408 ea
866 2347 1032 2407 abutemini
1046 2346 1085 2407 ad
1135 2358 1220 2428 parte
1235 2347 1435 2427 praecedeuti.
1451 2347 1550 2408 Infert
1561 2359 1666 2410 sutem
1681 2347 1794 2410 mnes

391 2444 562 2516 quaestum,
584 2444 729 2511 ventrem,
753 2435 880 2496 honores
896 2441 952 2495 etc.
975 2432 1086 2494 Gravis
1136 2434 1301 2495 elusionem
1326 2445 1501 2514 argumento
1524 2453 1673 2515 expresso
1693 2455 1711 2495 s
1730 2432 1794 2511 ees)

389 2520 466 2583 llaec
487 2523 653 2602 increpatio
669 2533 717 2584 est
740 2521 886 2582 adversus
902 2520 1040 2582 doctores
1056 2530 1087 2581 et
1136 2524 1226 2602 gatis.
1265 2524 1416 2582 Amicitia
1444 2521 1562 2583 muudi
1592 2530 1638 2582 est
1668 2514 1794 2585 mima

390 2612 624 2683 concionatores,
648 2611 702 2690 qui
725 2612 758 2671 in
773 2628 828 2670 sua
850 2608 1035 2688 professione
1050 2629 1086 2669 ac
1136 2612 1218 2686 Βοὴ·
1241 2627 1314 2685 erpo
1330 2611 1435 2669 omnis
1450 2610 1573 2670 amicus
1587 2609 1704 2670 mundi
1716 2602 1794 2669 soal

389 2714 514 2758 munere
542 2694 626 2756 aliud
657 2704 808 2778 spectant,
839 2715 929 2775 quam
959 2693 1086 2776 gloriam
1138 2699 1241 2757 tuitus
1266 2698 1418 2757 iuimicus
1443 2697 1514 2756 Dei.
1552 2695 1715 2757 Terribilis
1739 2686 1794 2755 ss!

390 2781 510 2846 Christi.
532 2782 581 2843 Ad
597 2783 676 2843 hunc
697 2802 828 2856 sensum,
846 2794 940 2862 'quem
958 2803 1018 2843 uon
1034 2783 1085 2842 im·
1135 2785 1284 2844 sententia
1300 2781 1447 2844 adversus
1463 2802 1525 2855 eos,
1549 2785 1602 2864 qui
1618 2802 1691 2844 suas
1704 2772 1794 2844 adid

391 2869 495 2952 probo,
510 2879 637 2953 possunt
651 2871 740 2933 etiam
756 2869 981 2943 accommodari,
1007 2887 1086 2950 quae
1136 2879 1167 2931 et
1190 2870 1291 2931 studia
1313 2878 1496 2951 componunt
1519 2870 1559 2932 sd
1582 2871 1714 2950 gratiam
1727 2854 1794 2931 ld

389 2969 570 3039 sequuntur:
1135 2978 1213 3020 nam.
1239 2958 1306 3018 Hoc
1329 2959 1408 3019 onim
1433 2976 1505 3019 vere
1527 2966 1591 3031 est,
1615 2977 1685 3020 esse

433 3049 462 3108 4.
486 3045 651 3121 Adulteri,
675 3047 817 3118 ursule,
846 3048 923 3122 quio
944 3045 1085 3103 amicitia
1134 3045 1225 3125 hujus
1242 3043 1364 3105 saeculi.
1774 3053 1793 3108 ·,

389 3133 484 3209 buius
506 3132 621 3195 usundi
641 3135 773 3194 inimico
796 3137 839 3192 cat
862 3133 924 3192 Dei
931 3131 947 3190 P
978 3128 1086 3190 Graeci
1177 3136 1230 3192 Ao
1250 3137 1383 3208 putetis,
1407 3134 1484 3208 quio
1502 3134 1651 3193 inaniter
1665 3119 1794 3209 saepsit

389 3219 509 3281 codices
522 3221 566 3281 sic
587 3217 714 3280 habent:
737 3218 885 3280 Adulteri
908 3225 937 3279 ct
960 3216 1086 3277 adulte·
1135 3219 1229 3279 dicit.-
1243 3218 1295 3279 Ad
1307 3218 1466 3279 invidiam
1482 3222 1677 3296 concupiscit
1726 3219 1734 3235 ‘

388 3326 456 3384 soe,
473 3307 607 3382 neentis,
632 3307 718 3383 quod
733 3307 875 3366 amicitia
890 3304 1006 3367 mundi
1019 3306 1086 3365 issi·
1137 3308 1193 3382 qui
1214 3304 1335 3364 habitat
1350 3308 1386 3365 irs
1401 3304 1513 3366 vobis?
1536 3309 1603 3367 Aut
1623 3307 1752 3384 putetis,

388 3396 510 3456 micitia
526 3394 588 3456 Dei
604 3393 672 3454 eat?
694 3391 811 3454 Eadem
834 3392 921 3453 lectio
947 3399 992 3452 est
1005 3389 1085 3471 apud
1133 3392 1205 3453 bent
1220 3393 1338 3470 antiqui
1354 3391 1481 3452 codices.
1497 3392 1559 3451 Pro
1573 3394 1682 3454 verbo:

390 3478 621 3557 Oecumenium3
635 3500 691 3540 nec
703 3479 837 3541 dissonat
849 3478 941 3539 editio
950 3478 1085 3558 Syriaca,
1133 3480 1164 3538 in
1180 3478 1295 3540 Graeco
1308 3490 1356 3539 cst
1367 3480 1514 3539 aoristus:
1530 3477 1721 3564 scriptuosis,
1733 3473 1757 3537 id

389 3569 446 3632 nisi
469 3566 551 3649 quod
571 3566 708 3628 additum
731 3587 792 3627 non
814 3565 906 3626 habet
925 3563 1015 3625 illud:
1043 3565 1086 3626 Et
1135 3566 1301 3639 habitauit,
1324 3568 1369 3625 uti
1386 3564 1509 3646 quidam
1525 3574 1693 3642 verterunt,
1712 3561 1753 3625 vel

389 3655 564 3718 adulterae.
588 3653 677 3733 Quod
700 3672 774 3714 sane
790 3653 973 3732 adjectivum
989 3649 1086 3711 videri
1135 3652 1209 3712 tius:
1237 3652 1463 3713 habitationem
1488 3658 1612 3730 accepit
1630 3661 1661 3715 ct
1681 3651 1775 3738 fletu·¹

389 3751 496 3826 potest
520 3741 679 3821 Nusquam
695 3741 773 3801 enim
789 3738 963 3799 muliebrem
980 3756 1085 3797 sexum
1135 3737 1324 3819 significetur
1339 3747 1424 3799 actus
1441 3740 1625 3819 praeteritus
1641 3742 1705 3821 inp

390 3829 554 3911 alloquitur
580 3826 744 3909 Apostolus
771 3834 833 3887 tota
860 3825 917 3886 hac
939 3823 1085 3905 Epistola
1134 3835 1192 3886 tem
1214 3827 1423 3900 continuatus,
1446 3824 1699 3906 quemadmodum
1773 3891 1775 3896 ,

390 3915 453 3980 Sed
479 3926 509 3977 et
534 3916 670 3995 proxime
698 3912 777 3975 dicta
801 3912 840 3973 ad
862 3913 943 3973 viros
964 3912 1087 3992 proprie
1135 3904 1291 3986 ἐκάθισεν,
1313 3912 1406 3973 Marc.
1421 3912 1485 3981 ult,
1509 3912 1588 3973 Heb.
1608 3917 1638 3991 1,
1662 3913 1745 3974 tus

391 4002 605 4082 dirigebantur.
628 4001 701 4062 Non
714 3999 867 4061 dissimilis
882 3998 954 4060 huic
969 4006 1084 4058 senten·
1136 3998 1216 4080 quod
1233 3999 1299 4058 alii:
1324 3999 1412 4075 sedit,
1436 3998 1502 4060 alii:
1518 3999 1616 4075 sedet,
1765 4065 1768 4074 ¹

390 4093 432 4151 tis
447 4095 494 4149 est
507 4087 589 4168 apud
604 4087 733 4149 Paulum
746 4087 833 4148 Rom.
850 4087 895 4146 8.:
918 4088 1085 4162 Sapientia
1136 4085 1174 4146 de
1190 4104 1250 4165 quo
1268 4086 1400 4147 diximus
1412 4087 1474 4147 suis
1490 4087 1576 4145 locis.
1600 4087 1679 4148 Eam
1690 4101 1746 4149 ent

391 4178 498 4239 curum
512 4178 647 4236 inimica
662 4182 705 4236 cat
720 4176 797 4235 Deo.
820 4172 882 4234 Ubi
899 4171 1040 4234 similiter
1056 4173 1087 4231 in
1135 4173 1224 4251 hujus
1239 4174 1353 4245 noristi,
1368 4171 1643 4247 doceutalialoeu
1658 4195 1686 4238 m
1725 4171 1732 4188 ⁸

390 4263 507 4327 Graeco
525 4269 555 4321 et
569 4261 697 4342 Syriaco
712 4261 836 4341 legitur:
852 4262 1031 4320 inimicitia.
1136 4259 1252 4321 Graeca
1276 4259 1488 4336 consulantur3
1515 4266 1547 4319 ut
1571 4259 1678 4322 Mattlu
1693 4259 1732 4322 ’.ε
1765 4315 1776 4340 Ι.

431 4349 582 4412 Praesens
607 4347 776 4429 objurgatio
800 4347 897 4426 tangit
912 4356 943 4407 et
958 4346 1087 4427 castigat
1136 4350 1228 4408 uicus
1250 4345 1407 4407 habitavit
1422 4349 1458 4408 iss
1473 4347 1614 4421 deitate,
1639 4365 1717 4425 qnos

389 4456 458 4500 cum
474 4436 621 4508 affectum,
646 4455 706 4516 quo
726 4433 863 4494 laborare
883 4433 979 4494 solent
1001 4434 1031 4507 ii,
1056 4434 1087 4492 in
1137 4441 1189 4494 tos·
1203 4434 1374 4508 Nazareth,
1391 4441 1419 4492 et
1434 4453 1499 4513 esp.
1515 4434 1562 4492 4.:
1591 4435 1725 4496 Venite

390 4522 502 4606 quibus
533 4531 578 4584 eet
608 4519 724 4602 aliquid
755 4519 924 4597 excellens;
958 4527 992 4580 ut
1017 4527 1088 4579 sunt
1137 4523 1218 4581 teuit
1245 4522 1281 4579 irs
1307 4521 1549 4597 Oopburuaasm,
1576 4519 1608 4581 id
1636 4527 1691 4593 est,
1714 4515 1758 4580 si·

391 4610 560 4693 sapientiae
586 4609 731 4688 magistri
768 4606 885 4667 Volunt
911 4608 990 4666 enim
1019 4626 1087 4668 esse
1137 4608 1277 4667 civitatee
1293 4607 1509 4686 commigravit,
1526 4616 1558 4667 et
1572 4606 1604 4668 in
1619 4609 1661 4671 iis
1729 4605 1737 4622 '
1774 4671 1776 4676 ,

391 4698 494 4777 magni
517 4698 547 4758 iu
560 4696 689 4769 saeculo,
714 4693 843 4774 ideoque
866 4702 1016 4773 quaerunt
1036 4691 1087 4753 ho·
1137 4713 1205 4753 nem
1221 4696 1385 4753 constituit.
1407 4692 1497 4754 Unde
1518 4701 1600 4756 recte
1620 4703 1721 4757 nomas
1751 4699 1753 4704 '

391 4783 523 4846 minibus
536 4784 659 4864 placere
672 4783 777 4861 magis,
793 4799 880 4861 quam
893 4777 1015 4840 Christo
1031 4799 1089 4839 ser
1137 4801 1222 4861 pree,
1252 4778 1503 4859 quemadmodum
1537 4788 1570 4841 et
1599 4781 1710 4862 Syrus,

392 4872 474 4947 vir03
497 4890 589 4951 qnam
612 4876 702 4930 vocat
722 4866 888 4948 Apostolus
914 4868 1089 4927 amicitiam
1138 4868 1304 4948 praesentis
1328 4868 1468 4948 temporis
1483 4865 1634 4929 Graecam
1656 4883 1753 4932 vom

391 4957 528 5035 muudi3
550 4955 694 5019 videlicet
715 4953 830 5015 muudi
844 4954 964 5014 nomine
978 4950 1088 5033 signiti-
1138 4954 1205 5015 loco
1228 4952 1431 5014 reddiderunt
1467 4955 1510 5014 to
1535 4954 1642 5032 volu,
1669 4953 1712 5020 Gr
1744 4947 1754 4966 ’“

400 5062 474 5107 esna
494 5042 643 5120 hommes,
663 5050 698 5103 ut
716 5041 855 5123 plerique
874 5048 960 5117 suut,
985 5039 1017 5101 id
1038 5047 1092 5114 est,
1140 5040 1283 5121 Syrisce:
1308 5044 1344 5104 iss
1359 5040 1458 5105 uobis
1478 5040 1596 5123 Sicqna
1616 5041 1727 5125 lagine
