<?xml version="1.0" encoding="UTF-8"?>
<!DOCTYPE html PUBLIC "-//W3C//DTD XHTML 1.0 Transitional//EN"
    "http://www.w3.org/TR/xhtml1/DTD/xhtml1-transitional.dtd">
<html xmlns="http://www.w3.org/1999/xhtml" xml:lang="en" lang="en">
 <head>
  <title>
</title>
<meta http-equiv="Content-Type" content="text/html;charset=utf-8" />
  <meta name='ocr-system' content='tesseract 3.04.00' />
  <meta name='ocr-capabilities' content='ocr_page ocr_carea ocr_par ocr_line ocrx_word'/>
</head>
<body>
  <div class='ocr_page' id='page_1' title='image "./guilielmiestiii01estigoog_0739.png"; bbox 0 0 4442 5825; ppageno 0'>
   <div class='ocr_carea' id='block_1_1' title="bbox 758 594 1834 671">
    <p class='ocr_par' dir='ltr' id='par_1_1' title="bbox 758 594 1834 671">
     <span class='ocr_line' id='line_1_1' title="bbox 758 594 1834 671; baseline 0.008 -22"><span class='ocrx_word' id='word_1_1' title='bbox 758 594 957 651; x_wconf 72' lang='grc'><strong>1118101111.</strong></span> <span class='ocrx_word' id='word_1_2' title='bbox 975 595 1062 652; x_wconf 77' lang='lat' dir='ltr'><strong>essu</strong></span> <span class='ocrx_word' id='word_1_3' title='bbox 1078 596 1213 652; x_wconf 65' lang='lat' dir='ltr'><strong>testium.</strong></span> <span class='ocrx_word' id='word_1_4' title='bbox 1247 596 1332 652; x_wconf 68' lang='lat' dir='ltr'><strong>Vm</strong></span> <span class='ocrx_word' id='word_1_5' title='bbox 1352 597 1392 651; x_wconf 80' lang='lat' dir='ltr'><strong>ld.</strong></span> <span class='ocrx_word' id='word_1_6' title='bbox 1414 597 1454 650; x_wconf 88' lang='grc'><strong>17.</strong></span> <span class='ocrx_word' id='word_1_7' title='bbox 1762 605 1834 671; x_wconf 71' lang='lat'><strong>729</strong></span> 
     </span>
    </p>
   </div>
   <div class='ocr_carea' id='block_1_2' title="bbox 371 768 1834 5113">
    <p class='ocr_par' dir='ltr' id='par_1_2' title="bbox 371 768 1834 5113">
     <span class='ocr_line' id='line_1_2' title="bbox 386 768 1833 855; baseline 0.003 -25"><span class='ocrx_word' id='word_1_8' title='bbox 386 768 439 830; x_wconf 88' lang='lat' dir='ltr'><strong>bie</strong></span> <span class='ocrx_word' id='word_1_9' title='bbox 461 771 613 851; x_wconf 79' lang='lat' dir='ltr'><strong>sequitur:</strong></span> <span class='ocrx_word' id='word_1_10' title='bbox 635 773 679 834; x_wconf 83' lang='lat' dir='ltr'><strong>Et</strong></span> <span class='ocrx_word' id='word_1_11' title='bbox 701 791 759 834; x_wconf 81' lang='lat' dir='ltr'><strong>uos</strong></span> <span class='ocrx_word' id='word_1_12' title='bbox 776 773 922 835; x_wconf 82' lang='lat' dir='ltr'><strong>debemur</strong></span> <span class='ocrx_word' id='word_1_13' title='bbox 934 791 996 850; x_wconf 83' lang='lat' dir='ltr'><strong>pro</strong></span> <span class='ocrx_word' id='word_1_14' title='bbox 1010 775 1084 851; x_wconf 72' lang='lat' dir='ltr'><strong>feo·</strong></span> <span class='ocrx_word' id='word_1_15' title='bbox 1138 775 1210 854; x_wconf 90' lang='lat' dir='ltr'><strong>cipit</strong></span> <span class='ocrx_word' id='word_1_16' title='bbox 1222 773 1395 855; x_wconf 73' lang='lat' dir='ltr'><strong>Apostolus,</strong></span> <span class='ocrx_word' id='word_1_17' title='bbox 1410 773 1441 834; x_wconf 92' lang='lat' dir='ltr'><strong>id</strong></span> <span class='ocrx_word' id='word_1_18' title='bbox 1456 780 1510 849; x_wconf 89' lang='lat' dir='ltr'><strong>est,</strong></span> <span class='ocrx_word' id='word_1_19' title='bbox 1525 774 1656 835; x_wconf 87' lang='lat' dir='ltr'><strong>enimam</strong></span> <span class='ocrx_word' id='word_1_20' title='bbox 1671 791 1724 852; x_wconf 92' lang='lat' dir='ltr'><strong>pro</strong></span> <span class='ocrx_word' id='word_1_21' title='bbox 1737 771 1833 835; x_wconf 86' lang='lat' dir='ltr'><strong>tratre</strong></span> 
     </span>
     <span class='ocr_line' id='line_1_3' title="bbox 387 855 1288 940; baseline 0.003 -22"><span class='ocrx_word' id='word_1_22' title='bbox 387 855 491 918; x_wconf 73' lang='lat' dir='ltr'><strong>tribus</strong></span> <span class='ocrx_word' id='word_1_23' title='bbox 504 860 631 920; x_wconf 80' lang='lat' dir='ltr'><strong>emimus</strong></span> <span class='ocrx_word' id='word_1_24' title='bbox 645 878 772 937; x_wconf 78' lang='lat' dir='ltr'><strong>ponere.</strong></span> <span class='ocrx_word' id='word_1_25' title='bbox 796 859 936 921; x_wconf 82' lang='lat' dir='ltr'><strong>Tametsi</strong></span> <span class='ocrx_word' id='word_1_26' title='bbox 950 859 1085 921; x_wconf 83' lang='lat' dir='ltr'><strong>Christus</strong></span> <span class='ocrx_word' id='word_1_27' title='bbox 1139 863 1288 940; x_wconf 74' lang='lat' dir='ltr'>posuisse.</span> 
     </span>
     <span class='ocr_line' id='line_1_4' title="bbox 387 945 1832 1028; baseline 0.001 -25"><span class='ocrx_word' id='word_1_28' title='bbox 387 945 521 1004; x_wconf 79' lang='lat' dir='ltr'><strong>enimam</strong></span> <span class='ocrx_word' id='word_1_29' title='bbox 557 963 642 1006; x_wconf 86' lang='lat' dir='ltr'><strong>susm</strong></span> <span class='ocrx_word' id='word_1_30' title='bbox 671 948 771 1028; x_wconf 79' lang='lat' dir='ltr'><strong>posuit</strong></span> <span class='ocrx_word' id='word_1_31' title='bbox 800 945 931 1026; x_wconf 84' lang='lat' dir='ltr'><strong>quodam</strong></span> <span class='ocrx_word' id='word_1_32' title='bbox 961 949 1085 1027; x_wconf 83' lang='lat' dir='ltr'><strong>insopor</strong></span> <span class='ocrx_word' id='word_1_33' title='bbox 1182 948 1275 1007; x_wconf 89' lang='lat' dir='ltr'><strong>Porro</strong></span> <span class='ocrx_word' id='word_1_34' title='bbox 1291 955 1432 1009; x_wconf 88' lang='lat' dir='ltr'><strong>tenentur</strong></span> <span class='ocrx_word' id='word_1_35' title='bbox 1448 967 1485 1008; x_wconf 86' lang='lat' dir='ltr'><strong>ex</strong></span> <span class='ocrx_word' id='word_1_36' title='bbox 1501 947 1594 1008; x_wconf 86' lang='lat' dir='ltr'><strong>officio</strong></span> <span class='ocrx_word' id='word_1_37' title='bbox 1611 945 1832 1027; x_wconf 90' lang='lat' dir='ltr'><strong>adponendum</strong></span> 
     </span>
     <span class='ocr_line' id='line_1_5' title="bbox 387 1029 1834 1115; baseline 0.001 -25"><span class='ocrx_word' id='word_1_38' title='bbox 387 1029 537 1108; x_wconf 87' lang='lat' dir='ltr'><strong>peculiari</strong></span> <span class='ocrx_word' id='word_1_39' title='bbox 561 1032 670 1106; x_wconf 92' lang='lat' dir='ltr'><strong>modo,</strong></span> <span class='ocrx_word' id='word_1_40' title='bbox 701 1052 790 1112; x_wconf 91' lang='lat' dir='ltr'><strong>quem</strong></span> <span class='ocrx_word' id='word_1_41' title='bbox 820 1031 954 1094; x_wconf 75' lang='lat' dir='ltr'><strong>indicare</strong></span> <span class='ocrx_word' id='word_1_42' title='bbox 980 1034 1084 1106; x_wconf 87' lang='lat' dir='ltr'><strong>voluit,</strong></span> <span class='ocrx_word' id='word_1_43' title='bbox 1138 1035 1253 1094; x_wconf 85' lang='lat' dir='ltr'><strong>animas</strong></span> <span class='ocrx_word' id='word_1_44' title='bbox 1276 1055 1330 1115; x_wconf 91' lang='lat' dir='ltr'><strong>pro</strong></span> <span class='ocrx_word' id='word_1_45' title='bbox 1356 1034 1514 1107; x_wconf 83' lang='lat' dir='ltr'><strong>iratribus,</strong></span> <span class='ocrx_word' id='word_1_46' title='bbox 1539 1032 1591 1093; x_wconf 92' lang='lat' dir='ltr'><strong>ubi</strong></span> <span class='ocrx_word' id='word_1_47' title='bbox 1617 1051 1666 1093; x_wconf 83' lang='lat' dir='ltr'><strong>res</strong></span> <span class='ocrx_word' id='word_1_48' title='bbox 1693 1032 1834 1112; x_wconf 87' lang='lat' dir='ltr'><strong>postulat,</strong></span> 
     </span>
     <span class='ocr_line' id='line_1_6' title="bbox 388 1115 1833 1200; baseline 0.001 -22"><span class='ocrx_word' id='word_1_49' title='bbox 388 1116 510 1195; x_wconf 82' lang='lat' dir='ltr'><strong>qusudo</strong></span> <span class='ocrx_word' id='word_1_50' title='bbox 532 1115 610 1181; x_wconf 82' lang='lat' dir='ltr'><strong>dixit</strong></span> <span class='ocrx_word' id='word_1_51' title='bbox 630 1118 669 1179; x_wconf 90' lang='lat' dir='ltr'><strong>ad</strong></span> <span class='ocrx_word' id='word_1_52' title='bbox 693 1119 848 1181; x_wconf 89' lang='lat' dir='ltr'><strong>Judseos:</strong></span> <span class='ocrx_word' id='word_1_53' title='bbox 874 1122 973 1180; x_wconf 86' lang='lat' dir='ltr'><strong>Nemo</strong></span> <span class='ocrx_word' id='word_1_54' title='bbox 1000 1120 1085 1181; x_wconf 79' lang='lat' dir='ltr'><strong>tollit</strong></span> <span class='ocrx_word' id='word_1_55' title='bbox 1139 1140 1241 1181; x_wconf 89' lang='lat' dir='ltr'><strong>omnes</strong></span> <span class='ocrx_word' id='word_1_56' title='bbox 1264 1122 1431 1182; x_wconf 79' lang='lat' dir='ltr'><strong>animarum</strong></span> <span class='ocrx_word' id='word_1_57' title='bbox 1454 1133 1600 1200; x_wconf 85' lang='lat' dir='ltr'><strong>pastores.</strong></span> <span class='ocrx_word' id='word_1_58' title='bbox 1631 1118 1751 1200; x_wconf 77' lang='lat' dir='ltr'><strong>Quibus</strong></span> <span class='ocrx_word' id='word_1_59' title='bbox 1774 1140 1833 1179; x_wconf 89' lang='lat' dir='ltr'><strong>om·</strong></span> 
     </span>
     <span class='ocr_line' id='line_1_7' title="bbox 387 1205 1834 1287; baseline 0.001 -23"><span class='ocrx_word' id='word_1_60' title='bbox 387 1220 459 1264; x_wconf 85' lang='lat' dir='ltr'><strong>eum</strong></span> <span class='ocrx_word' id='word_1_61' title='bbox 474 1224 495 1264; x_wconf 92' lang='lat' dir='ltr'><strong>o</strong></span> <span class='ocrx_word' id='word_1_62' title='bbox 510 1223 559 1264; x_wconf 93' lang='lat' dir='ltr'><strong>me</strong></span> <span class='ocrx_word' id='word_1_63' title='bbox 565 1229 578 1282; x_wconf 84' lang='lat'><strong>,-</strong></span> <span class='ocrx_word' id='word_1_64' title='bbox 593 1205 647 1267; x_wconf 83' lang='lat' dir='ltr'><strong>ted</strong></span> <span class='ocrx_word' id='word_1_65' title='bbox 661 1224 716 1281; x_wconf 76' lang='lat' dir='ltr'><strong>epo</strong></span> <span class='ocrx_word' id='word_1_66' title='bbox 727 1224 816 1282; x_wconf 85' lang='lat' dir='ltr'><strong>poue</strong></span> <span class='ocrx_word' id='word_1_67' title='bbox 829 1225 898 1266; x_wconf 87' lang='lat' dir='ltr'><strong>eom</strong></span> <span class='ocrx_word' id='word_1_68' title='bbox 909 1226 930 1266; x_wconf 90' lang='lat' dir='ltr'><strong>o</strong></span> <span class='ocrx_word' id='word_1_69' title='bbox 942 1209 1083 1283; x_wconf 85' lang='lat' dir='ltr'><strong>meipso,</strong></span> <span class='ocrx_word' id='word_1_70' title='bbox 1137 1206 1226 1267; x_wconf 89' lang='lat' dir='ltr'><strong>nibus</strong></span> <span class='ocrx_word' id='word_1_71' title='bbox 1242 1209 1274 1267; x_wconf 91' lang='lat' dir='ltr'><strong>in</strong></span> <span class='ocrx_word' id='word_1_72' title='bbox 1284 1208 1382 1281; x_wconf 87' lang='lat' dir='ltr'><strong>Petro,</strong></span> <span class='ocrx_word' id='word_1_73' title='bbox 1396 1209 1491 1285; x_wconf 89' lang='lat' dir='ltr'><strong>primo</strong></span> <span class='ocrx_word' id='word_1_74' title='bbox 1504 1214 1631 1287; x_wconf 89' lang='lat' dir='ltr'><strong>pastore,</strong></span> <span class='ocrx_word' id='word_1_75' title='bbox 1647 1205 1834 1267; x_wconf 88' lang='lat' dir='ltr'><strong>dictumest:</strong></span> 
     </span>
     <span class='ocr_line' id='line_1_8' title="bbox 386 1292 1834 1371; baseline 0.001 -21"><span class='ocrx_word' id='word_1_76' title='bbox 386 1298 433 1350; x_wconf 84' lang='lat' dir='ltr'><strong>et:</strong></span> <span class='ocrx_word' id='word_1_77' title='bbox 456 1292 646 1353; x_wconf 86' lang='lat' dir='ltr'><strong>Potestotem</strong></span> <span class='ocrx_word' id='word_1_78' title='bbox 669 1293 768 1353; x_wconf 86' lang='lat' dir='ltr'><strong>bobeo</strong></span> <span class='ocrx_word' id='word_1_79' title='bbox 781 1294 926 1368; x_wconf 81' lang='lat' dir='ltr'><strong>pouemdr&#39;</strong></span> <span class='ocrx_word' id='word_1_80' title='bbox 948 1312 1030 1368; x_wconf 88' lang='lat' dir='ltr'><strong>eom,</strong></span> <span class='ocrx_word' id='word_1_81' title='bbox 1054 1301 1083 1354; x_wconf 87' lang='lat' dir='ltr'><strong>et</strong></span> <span class='ocrx_word' id='word_1_82' title='bbox 1136 1294 1272 1371; x_wconf 81' lang='lat' dir='ltr'><strong>Sequere</strong></span> <span class='ocrx_word' id='word_1_83' title='bbox 1292 1314 1353 1370; x_wconf 94' lang='lat' dir='ltr'><strong>me,</strong></span> <span class='ocrx_word' id='word_1_84' title='bbox 1377 1295 1466 1356; x_wconf 88' lang='lat' dir='ltr'><strong>Joan.</strong></span> <span class='ocrx_word' id='word_1_85' title='bbox 1492 1297 1553 1368; x_wconf 77' lang='lat'><strong>21,</strong></span> <span class='ocrx_word' id='word_1_86' title='bbox 1575 1292 1607 1352; x_wconf 90' lang='lat' dir='ltr'><strong>id</strong></span> <span class='ocrx_word' id='word_1_87' title='bbox 1629 1301 1682 1365; x_wconf 91' lang='lat' dir='ltr'><strong>est,</strong></span> <span class='ocrx_word' id='word_1_88' title='bbox 1704 1294 1834 1353; x_wconf 88' lang='lat' dir='ltr'><strong>animam</strong></span> 
     </span>
     <span class='ocr_line' id='line_1_9' title="bbox 384 1379 1833 1460; baseline 0 -22"><span class='ocrx_word' id='word_1_89' title='bbox 384 1380 505 1438; x_wconf 79' lang='lat' dir='ltr'><strong>iterum</strong></span> <span class='ocrx_word' id='word_1_90' title='bbox 518 1379 665 1441; x_wconf 78' lang='lat' dir='ltr'><strong>sumendi</strong></span> <span class='ocrx_word' id='word_1_91' title='bbox 680 1397 761 1455; x_wconf 91' lang='lat' dir='ltr'><strong>eom,</strong></span> <span class='ocrx_word' id='word_1_92' title='bbox 776 1379 799 1440; x_wconf 87' lang='lat' dir='ltr'><strong>J</strong></span> <span class='ocrx_word' id='word_1_93' title='bbox 801 1399 868 1439; x_wconf 92' lang='lat' dir='ltr'><strong>oau.</strong></span> <span class='ocrx_word' id='word_1_94' title='bbox 883 1381 950 1441; x_wconf 79' lang='lat'><strong>10.:</strong></span> <span class='ocrx_word' id='word_1_95' title='bbox 966 1381 1083 1441; x_wconf 87' lang='lat' dir='ltr'><strong>scilicet</strong></span> <span class='ocrx_word' id='word_1_96' title='bbox 1137 1387 1219 1441; x_wconf 90' lang='lat' dir='ltr'><strong>tuam</strong></span> <span class='ocrx_word' id='word_1_97' title='bbox 1241 1401 1319 1460; x_wconf 90' lang='lat' dir='ltr'><strong>pone</strong></span> <span class='ocrx_word' id='word_1_98' title='bbox 1334 1402 1387 1460; x_wconf 90' lang='lat' dir='ltr'><strong>pro</strong></span> <span class='ocrx_word' id='word_1_99' title='bbox 1404 1379 1512 1443; x_wconf 86' lang='lat' dir='ltr'><strong>ovibus</strong></span> <span class='ocrx_word' id='word_1_100' title='bbox 1535 1381 1618 1452; x_wconf 91' lang='lat' dir='ltr'><strong>meis,</strong></span> <span class='ocrx_word' id='word_1_101' title='bbox 1640 1380 1717 1439; x_wconf 88' lang='lat' dir='ltr'><strong>sicut</strong></span> <span class='ocrx_word' id='word_1_102' title='bbox 1733 1388 1762 1439; x_wconf 92' lang='lat' dir='ltr'><strong>et</strong></span> <span class='ocrx_word' id='word_1_103' title='bbox 1777 1399 1833 1459; x_wconf 77' lang='lat' dir='ltr'><strong>ego</strong></span> 
     </span>
     <span class='ocr_line' id='line_1_10' title="bbox 386 1462 1832 1547; baseline 0.002 -23"><span class='ocrx_word' id='word_1_104' title='bbox 386 1465 425 1524; x_wconf 87' lang='lat' dir='ltr'><strong>iis</strong></span> <span class='ocrx_word' id='word_1_105' title='bbox 448 1462 551 1525; x_wconf 79' lang='lat' dir='ltr'><strong>vorbis</strong></span> <span class='ocrx_word' id='word_1_106' title='bbox 571 1465 758 1546; x_wconf 75' lang='lat' dir='ltr'><strong>significans,</strong></span> <span class='ocrx_word' id='word_1_107' title='bbox 780 1485 813 1525; x_wconf 89' lang='lat' dir='ltr'><strong>se</strong></span> <span class='ocrx_word' id='word_1_108' title='bbox 835 1475 1014 1545; x_wconf 88' lang='lat' dir='ltr'><strong>potestatem</strong></span> <span class='ocrx_word' id='word_1_109' title='bbox 1030 1468 1081 1526; x_wconf 91' lang='lat' dir='ltr'><strong>ha·</strong></span> <span class='ocrx_word' id='word_1_110' title='bbox 1135 1485 1191 1545; x_wconf 88' lang='lat' dir='ltr'><strong>pro</strong></span> <span class='ocrx_word' id='word_1_111' title='bbox 1205 1469 1387 1527; x_wconf 89' lang='lat' dir='ltr'><strong>eisanimam</strong></span> <span class='ocrx_word' id='word_1_112' title='bbox 1399 1487 1495 1529; x_wconf 82' lang='lat' dir='ltr'><strong>meum</strong></span> <span class='ocrx_word' id='word_1_113' title='bbox 1508 1467 1604 1547; x_wconf 89' lang='lat' dir='ltr'><strong>posui.</strong></span> <span class='ocrx_word' id='word_1_114' title='bbox 1628 1464 1832 1527; x_wconf 86' lang='lat' dir='ltr'><strong>Oueterivero</strong></span> 
     </span>
     <span class='ocr_line' id='line_1_11' title="bbox 385 1549 1829 1634; baseline 0.001 -24"><span class='ocrx_word' id='word_1_115' title='bbox 385 1549 461 1610; x_wconf 84' lang='lat' dir='ltr'><strong>bere</strong></span> <span class='ocrx_word' id='word_1_116' title='bbox 486 1552 646 1626; x_wconf 89' lang='lat' dir='ltr'><strong>moriendi,</strong></span> <span class='ocrx_word' id='word_1_117' title='bbox 673 1561 703 1613; x_wconf 90' lang='lat' dir='ltr'><strong>et</strong></span> <span class='ocrx_word' id='word_1_118' title='bbox 724 1553 852 1613; x_wconf 89' lang='lat' dir='ltr'><strong>animam</strong></span> <span class='ocrx_word' id='word_1_119' title='bbox 878 1573 965 1614; x_wconf 86' lang='lat' dir='ltr'><strong>suam</strong></span> <span class='ocrx_word' id='word_1_120' title='bbox 991 1553 1080 1634; x_wconf 89' lang='lat' dir='ltr'><strong>depo·</strong></span> <span class='ocrx_word' id='word_1_121' title='bbox 1134 1551 1247 1627; x_wconf 85' lang='lat' dir='ltr'><strong>fideles,</strong></span> <span class='ocrx_word' id='word_1_122' title='bbox 1263 1553 1334 1615; x_wconf 88' lang='lat' dir='ltr'><strong>lieet</strong></span> <span class='ocrx_word' id='word_1_123' title='bbox 1348 1575 1408 1616; x_wconf 91' lang='lat' dir='ltr'><strong>nou</strong></span> <span class='ocrx_word' id='word_1_124' title='bbox 1424 1575 1462 1615; x_wconf 81' lang='lat' dir='ltr'><strong>ex</strong></span> <span class='ocrx_word' id='word_1_125' title='bbox 1477 1555 1571 1616; x_wconf 89' lang='lat' dir='ltr'><strong>officio</strong></span> <span class='ocrx_word' id='word_1_126' title='bbox 1584 1552 1692 1613; x_wconf 86' lang='lat' dir='ltr'><strong>adhoc</strong></span> <span class='ocrx_word' id='word_1_127' title='bbox 1707 1562 1829 1613; x_wconf 87' lang='lat' dir='ltr'><strong>tenesn-</strong></span> 
     </span>
     <span class='ocr_line' id='line_1_12' title="bbox 384 1635 1833 1721; baseline 0.001 -23"><span class='ocrx_word' id='word_1_128' title='bbox 384 1635 487 1710; x_wconf 85' lang='lat' dir='ltr'><strong>ueudi,</strong></span> <span class='ocrx_word' id='word_1_129' title='bbox 499 1638 530 1698; x_wconf 91' lang='lat' dir='ltr'><strong>id</strong></span> <span class='ocrx_word' id='word_1_130' title='bbox 542 1647 595 1712; x_wconf 90' lang='lat' dir='ltr'><strong>est,</strong></span> <span class='ocrx_word' id='word_1_131' title='bbox 611 1658 767 1720; x_wconf 87' lang='lat' dir='ltr'><strong>acorpore</strong></span> <span class='ocrx_word' id='word_1_132' title='bbox 779 1640 948 1719; x_wconf 90' lang='lat' dir='ltr'><strong>separandi,</strong></span> <span class='ocrx_word' id='word_1_133' title='bbox 961 1640 1081 1721; x_wconf 86' lang='lat' dir='ltr'><strong>quando</strong></span> <span class='ocrx_word' id='word_1_134' title='bbox 1136 1649 1192 1714; x_wconf 89' lang='lat' dir='ltr'><strong>tur,</strong></span> <span class='ocrx_word' id='word_1_135' title='bbox 1216 1640 1327 1701; x_wconf 89' lang='lat' dir='ltr'><strong>debent</strong></span> <span class='ocrx_word' id='word_1_136' title='bbox 1342 1651 1444 1702; x_wconf 88' lang='lat' dir='ltr'><strong>tamen</strong></span> <span class='ocrx_word' id='word_1_137' title='bbox 1459 1661 1525 1702; x_wconf 91' lang='lat' dir='ltr'><strong>eam</strong></span> <span class='ocrx_word' id='word_1_138' title='bbox 1541 1639 1654 1702; x_wconf 84' lang='lat' dir='ltr'><strong>habere</strong></span> <span class='ocrx_word' id='word_1_139' title='bbox 1668 1642 1833 1713; x_wconf 80' lang='lat' dir='ltr'><strong>caritatem,</strong></span> 
     </span>
     <span class='ocr_line' id='line_1_13' title="bbox 385 1724 1832 1808; baseline 0.002 -24"><span class='ocrx_word' id='word_1_140' title='bbox 385 1731 418 1784; x_wconf 87' lang='lat' dir='ltr'><strong>et</strong></span> <span class='ocrx_word' id='word_1_141' title='bbox 431 1724 584 1805; x_wconf 87' lang='lat' dir='ltr'><strong>quomodo</strong></span> <span class='ocrx_word' id='word_1_142' title='bbox 598 1726 708 1800; x_wconf 80' lang='lat' dir='ltr'><strong>vellet3</strong></span> <span class='ocrx_word' id='word_1_143' title='bbox 724 1725 974 1805; x_wconf 89' lang='lat' dir='ltr'><strong>quemadmodum</strong></span> <span class='ocrx_word' id='word_1_144' title='bbox 990 1736 1021 1787; x_wconf 94' lang='lat' dir='ltr'><strong>et</strong></span> <span class='ocrx_word' id='word_1_145' title='bbox 1035 1748 1080 1789; x_wconf 94' lang='lat' dir='ltr'><strong>re·</strong></span> <span class='ocrx_word' id='word_1_146' title='bbox 1136 1746 1196 1806; x_wconf 92' lang='lat' dir='ltr'><strong>qua</strong></span> <span class='ocrx_word' id='word_1_147' title='bbox 1211 1730 1310 1808; x_wconf 88' lang='lat' dir='ltr'><strong>parati</strong></span> <span class='ocrx_word' id='word_1_148' title='bbox 1333 1730 1395 1789; x_wconf 88' lang='lat' dir='ltr'><strong>sint</strong></span> <span class='ocrx_word' id='word_1_149' title='bbox 1418 1728 1456 1788; x_wconf 90' lang='lat' dir='ltr'><strong>ad</strong></span> <span class='ocrx_word' id='word_1_150' title='bbox 1479 1736 1602 1788; x_wconf 89' lang='lat' dir='ltr'><strong>mortem</strong></span> <span class='ocrx_word' id='word_1_151' title='bbox 1618 1747 1673 1806; x_wconf 89' lang='lat' dir='ltr'><strong>pro</strong></span> <span class='ocrx_word' id='word_1_152' title='bbox 1688 1725 1832 1787; x_wconf 84' lang='lat' dir='ltr'><strong>iratribus</strong></span> 
     </span>
     <span class='ocr_line' id='line_1_14' title="bbox 383 1810 1830 1893; baseline 0.003 -23"><span class='ocrx_word' id='word_1_153' title='bbox 383 1810 539 1888; x_wconf 75' lang='lat' dir='ltr'><strong>sumendi,</strong></span> <span class='ocrx_word' id='word_1_154' title='bbox 563 1832 654 1891; x_wconf 90' lang='lat' dir='ltr'><strong>quam</strong></span> <span class='ocrx_word' id='word_1_155' title='bbox 676 1821 853 1890; x_wconf 87' lang='lat' dir='ltr'><strong>potestatem</strong></span> <span class='ocrx_word' id='word_1_156' title='bbox 868 1814 920 1873; x_wconf 82' lang='lat' dir='ltr'><strong>alii</strong></span> <span class='ocrx_word' id='word_1_157' title='bbox 935 1823 1081 1893; x_wconf 88' lang='lat' dir='ltr'><strong>martyres</strong></span> <span class='ocrx_word' id='word_1_158' title='bbox 1136 1812 1314 1886; x_wconf 85' lang='lat' dir='ltr'><strong>obeundam,</strong></span> <span class='ocrx_word' id='word_1_159' title='bbox 1329 1814 1381 1875; x_wconf 92' lang='lat' dir='ltr'><strong>ubi</strong></span> <span class='ocrx_word' id='word_1_160' title='bbox 1396 1814 1478 1875; x_wconf 90' lang='lat' dir='ltr'><strong>salus</strong></span> <span class='ocrx_word' id='word_1_161' title='bbox 1493 1814 1610 1875; x_wconf 88' lang='lat' dir='ltr'><strong>illorum</strong></span> <span class='ocrx_word' id='word_1_162' title='bbox 1623 1821 1653 1873; x_wconf 90' lang='lat' dir='ltr'><strong>et</strong></span> <span class='ocrx_word' id='word_1_163' title='bbox 1664 1813 1760 1874; x_wconf 85' lang='lat' dir='ltr'><strong>honor</strong></span> <span class='ocrx_word' id='word_1_164' title='bbox 1771 1815 1830 1874; x_wconf 92' lang='lat' dir='ltr'><strong>Dei</strong></span> 
     </span>
     <span class='ocr_line' id='line_1_15' title="bbox 381 1896 1833 1982; baseline 0.001 -25"><span class='ocrx_word' id='word_1_165' title='bbox 381 1897 460 1958; x_wconf 89' lang='lat' dir='ltr'><strong>uulli</strong></span> <span class='ocrx_word' id='word_1_166' title='bbox 475 1896 650 1960; x_wconf 73' lang='lat' dir='ltr'><strong>habuerunt.</strong></span> <span class='ocrx_word' id='word_1_167' title='bbox 678 1897 774 1978; x_wconf 83' lang='lat' dir='ltr'><strong>Cujus</strong></span> <span class='ocrx_word' id='word_1_168' title='bbox 790 1902 833 1959; x_wconf 90' lang='lat' dir='ltr'><strong>rei</strong></span> <span class='ocrx_word' id='word_1_169' title='bbox 849 1897 1082 1963; x_wconf 79' lang='lat' dir='ltr'><strong>declarationem</strong></span> <span class='ocrx_word' id='word_1_170' title='bbox 1137 1903 1178 1961; x_wconf 86' lang='lat' dir='ltr'><strong>its</strong></span> <span class='ocrx_word' id='word_1_171' title='bbox 1192 1902 1371 1981; x_wconf 87' lang='lat' dir='ltr'><strong>requireret</strong></span> <span class='ocrx_word' id='word_1_172' title='bbox 1393 1903 1434 1962; x_wconf 79' lang='lat' dir='ltr'><strong>Et</strong></span> <span class='ocrx_word' id='word_1_173' title='bbox 1450 1903 1521 1981; x_wconf 89' lang='lat' dir='ltr'><strong>quis</strong></span> <span class='ocrx_word' id='word_1_174' title='bbox 1532 1898 1683 1982; x_wconf 85' lang='lat' dir='ltr'><strong>generalis</strong></span> <span class='ocrx_word' id='word_1_175' title='bbox 1696 1911 1741 1959; x_wconf 92' lang='lat' dir='ltr'><strong>est</strong></span> <span class='ocrx_word' id='word_1_176' title='bbox 1752 1901 1833 1979; x_wconf 80' lang='lat' dir='ltr'><strong>Apo·</strong></span> 
     </span>
     <span class='ocr_line' id='line_1_16' title="bbox 381 1984 1832 2067; baseline 0.002 -23"><span class='ocrx_word' id='word_1_177' title='bbox 381 1984 561 2065; x_wconf 81' lang='lat' dir='ltr'><strong>ampliorem</strong></span> <span class='ocrx_word' id='word_1_178' title='bbox 575 1985 647 2047; x_wconf 86' lang='lat' dir='ltr'><strong>vide</strong></span> <span class='ocrx_word' id='word_1_179' title='bbox 669 1984 750 2066; x_wconf 85' lang='lat' dir='ltr'><strong>apud</strong></span> <span class='ocrx_word' id='word_1_180' title='bbox 765 1988 968 2066; x_wconf 80' lang='lat' dir='ltr'><strong>Augustinum</strong></span> <span class='ocrx_word' id='word_1_181' title='bbox 984 1986 1035 2048; x_wconf 89' lang='lat' dir='ltr'><strong>lib.</strong></span> <span class='ocrx_word' id='word_1_182' title='bbox 1052 1992 1081 2049; x_wconf 82' lang='lat'><strong>4.</strong></span> <span class='ocrx_word' id='word_1_183' title='bbox 1135 1988 1205 2048; x_wconf 90' lang='lat' dir='ltr'><strong>stoli</strong></span> <span class='ocrx_word' id='word_1_184' title='bbox 1227 1990 1386 2062; x_wconf 86' lang='lat' dir='ltr'><strong>sententis,</strong></span> <span class='ocrx_word' id='word_1_185' title='bbox 1411 1989 1535 2061; x_wconf 88' lang='lat' dir='ltr'><strong>dictans,</strong></span> <span class='ocrx_word' id='word_1_186' title='bbox 1559 1986 1633 2067; x_wconf 89' lang='lat' dir='ltr'><strong>quid</strong></span> <span class='ocrx_word' id='word_1_187' title='bbox 1656 2007 1758 2046; x_wconf 89' lang='lat' dir='ltr'><strong>omues</strong></span> <span class='ocrx_word' id='word_1_188' title='bbox 1782 1987 1832 2047; x_wconf 91' lang='lat' dir='ltr'><strong>de·</strong></span> 
     </span>
     <span class='ocr_line' id='line_1_17' title="bbox 382 2068 1832 2154; baseline 0.001 -23"><span class='ocrx_word' id='word_1_189' title='bbox 382 2068 422 2131; x_wconf 88' lang='lat' dir='ltr'><strong>ds</strong></span> <span class='ocrx_word' id='word_1_190' title='bbox 437 2072 599 2145; x_wconf 81' lang='lat' dir='ltr'><strong>Trinitate,</strong></span> <span class='ocrx_word' id='word_1_191' title='bbox 615 2094 681 2154; x_wconf 86' lang='lat' dir='ltr'><strong>csp.</strong></span> <span class='ocrx_word' id='word_1_192' title='bbox 701 2076 749 2135; x_wconf 79' lang='lat'><strong>13.</strong></span> <span class='ocrx_word' id='word_1_193' title='bbox 1135 2075 1270 2147; x_wconf 86' lang='lat' dir='ltr'><strong>beamus,</strong></span> <span class='ocrx_word' id='word_1_194' title='bbox 1285 2074 1397 2136; x_wconf 88' lang='lat' dir='ltr'><strong>idcirco</strong></span> <span class='ocrx_word' id='word_1_195' title='bbox 1413 2076 1457 2135; x_wconf 90' lang='lat' dir='ltr'><strong>sic</strong></span> <span class='ocrx_word' id='word_1_196' title='bbox 1473 2071 1672 2154; x_wconf 79' lang='lat' dir='ltr'><strong>intelligendu</strong></span> <span class='ocrx_word' id='word_1_197' title='bbox 1688 2083 1739 2146; x_wconf 85' lang='lat' dir='ltr'><strong>est,</strong></span> <span class='ocrx_word' id='word_1_198' title='bbox 1760 2093 1832 2154; x_wconf 90' lang='lat' dir='ltr'><strong>quo·</strong></span> 
     </span>
     <span class='ocr_line' id='line_1_18' title="bbox 424 2159 1834 2242; baseline 0 -22"><span class='ocrx_word' id='word_1_199' title='bbox 424 2159 472 2220; x_wconf 82' lang='lat' dir='ltr'><strong>Et</strong></span> <span class='ocrx_word' id='word_1_200' title='bbox 485 2177 545 2220; x_wconf 88' lang='lat' dir='ltr'><strong>uos</strong></span> <span class='ocrx_word' id='word_1_201' title='bbox 559 2160 704 2221; x_wconf 77' lang='lat' dir='ltr'><strong>debemus</strong></span> <span class='ocrx_word' id='word_1_202' title='bbox 712 2175 775 2236; x_wconf 81' lang='lat' dir='ltr'><strong>pro</strong></span> <span class='ocrx_word' id='word_1_203' title='bbox 784 2160 944 2236; x_wconf 73' lang='lat' dir='ltr'><strong>fratribus</strong></span> <span class='ocrx_word' id='word_1_204' title='bbox 955 2164 1081 2223; x_wconf 76' lang='lat' dir='ltr'><strong>emimus</strong></span> <span class='ocrx_word' id='word_1_205' title='bbox 1135 2160 1223 2221; x_wconf 90' lang='lat' dir='ltr'><strong>modo</strong></span> <span class='ocrx_word' id='word_1_206' title='bbox 1235 2170 1266 2221; x_wconf 91' lang='lat' dir='ltr'><strong>et</strong></span> <span class='ocrx_word' id='word_1_207' title='bbox 1277 2161 1338 2223; x_wconf 82' lang='lat' dir='ltr'><strong>slis</strong></span> <span class='ocrx_word' id='word_1_208' title='bbox 1347 2172 1509 2242; x_wconf 78' lang='lat' dir='ltr'><strong>praerepta</strong></span> <span class='ocrx_word' id='word_1_209' title='bbox 1518 2162 1713 2236; x_wconf 77' lang='lat' dir='ltr'><strong>affirmetivs3</strong></span> <span class='ocrx_word' id='word_1_210' title='bbox 1724 2181 1834 2239; x_wconf 87' lang='lat' dir='ltr'><strong>nempe</strong></span> 
     </span>
     <span class='ocr_line' id='line_1_19' title="bbox 378 2246 1834 2330; baseline 0.001 -25"><span class='ocrx_word' id='word_1_211' title='bbox 378 2263 512 2322; x_wconf 77' lang='lat' dir='ltr'><strong>ponere.</strong></span> <span class='ocrx_word' id='word_1_212' title='bbox 528 2246 581 2307; x_wconf 84' lang='lat' dir='ltr'><strong>Sic</strong></span> <span class='ocrx_word' id='word_1_213' title='bbox 596 2254 625 2307; x_wconf 86' lang='lat' dir='ltr'><strong>et</strong></span> <span class='ocrx_word' id='word_1_214' title='bbox 636 2266 704 2321; x_wconf 84' lang='lat' dir='ltr'><strong>uos,</strong></span> <span class='ocrx_word' id='word_1_215' title='bbox 721 2247 827 2330; x_wconf 89' lang='lat' dir='ltr'><strong>inquit,</strong></span> <span class='ocrx_word' id='word_1_216' title='bbox 842 2248 982 2326; x_wconf 82' lang='lat' dir='ltr'><strong>exemplo</strong></span> <span class='ocrx_word' id='word_1_217' title='bbox 995 2247 1079 2309; x_wconf 86' lang='lat' dir='ltr'><strong>Chri·</strong></span> <span class='ocrx_word' id='word_1_218' title='bbox 1136 2248 1246 2309; x_wconf 89' lang='lat' dir='ltr'><strong>debere</strong></span> <span class='ocrx_word' id='word_1_219' title='bbox 1268 2268 1323 2308; x_wconf 93' lang='lat' dir='ltr'><strong>nos</strong></span> <span class='ocrx_word' id='word_1_220' title='bbox 1337 2249 1368 2308; x_wconf 92' lang='lat' dir='ltr'><strong>in</strong></span> <span class='ocrx_word' id='word_1_221' title='bbox 1383 2250 1476 2308; x_wconf 91' lang='lat' dir='ltr'><strong>animi</strong></span> <span class='ocrx_word' id='word_1_222' title='bbox 1490 2248 1724 2329; x_wconf 76' lang='lat' dir='ltr'><strong>praeparatione,</strong></span> <span class='ocrx_word' id='word_1_223' title='bbox 1745 2248 1773 2307; x_wconf 88' lang='lat' dir='ltr'><strong>si</strong></span> <span class='ocrx_word' id='word_1_224' title='bbox 1786 2267 1834 2307; x_wconf 92' lang='lat' dir='ltr'><strong>res</strong></span> 
     </span>
     <span class='ocr_line' id='line_1_20' title="bbox 381 2331 1831 2414; baseline 0.002 -23"><span class='ocrx_word' id='word_1_225' title='bbox 381 2332 421 2392; x_wconf 89' lang='lat' dir='ltr'><strong>sti</strong></span> <span class='ocrx_word' id='word_1_226' title='bbox 444 2331 567 2393; x_wconf 85' lang='lat' dir='ltr'><strong>Domini</strong></span> <span class='ocrx_word' id='word_1_227' title='bbox 585 2355 620 2395; x_wconf 88' lang='lat' dir='ltr'><strong>ac</strong></span> <span class='ocrx_word' id='word_1_228' title='bbox 635 2336 769 2414; x_wconf 78' lang='lat' dir='ltr'><strong>magistri</strong></span> <span class='ocrx_word' id='word_1_229' title='bbox 786 2334 896 2406; x_wconf 82' lang='lat' dir='ltr'><strong>nostri,</strong></span> <span class='ocrx_word' id='word_1_230' title='bbox 917 2337 968 2413; x_wconf 92' lang='lat' dir='ltr'><strong>qui</strong></span> <span class='ocrx_word' id='word_1_231' title='bbox 987 2335 1079 2396; x_wconf 82' lang='lat' dir='ltr'><strong>dixit:</strong></span> <span class='ocrx_word' id='word_1_232' title='bbox 1136 2337 1247 2413; x_wconf 81' lang='lat' dir='ltr'><strong>exigat,</strong></span> <span class='ocrx_word' id='word_1_233' title='bbox 1264 2353 1316 2412; x_wconf 89' lang='lat' dir='ltr'><strong>pro</strong></span> <span class='ocrx_word' id='word_1_234' title='bbox 1332 2334 1474 2395; x_wconf 85' lang='lat' dir='ltr'><strong>tratribus</strong></span> <span class='ocrx_word' id='word_1_235' title='bbox 1488 2338 1604 2397; x_wconf 81' lang='lat' dir='ltr'><strong>animes</strong></span> <span class='ocrx_word' id='word_1_236' title='bbox 1621 2352 1741 2412; x_wconf 87' lang='lat' dir='ltr'><strong>ponera.</strong></span> <span class='ocrx_word' id='word_1_237' title='bbox 1764 2335 1831 2394; x_wconf 85' lang='lat' dir='ltr'><strong>Nou</strong></span> 
     </span>
     <span class='ocr_line' id='line_1_21' title="bbox 381 2419 1829 2500; baseline -0.001 -19"><span class='ocrx_word' id='word_1_238' title='bbox 381 2419 579 2496; x_wconf 70' lang='lat' dir='ltr'><strong>Exemplum</strong></span> <span class='ocrx_word' id='word_1_239' title='bbox 594 2421 668 2481; x_wconf 84' lang='lat' dir='ltr'><strong>dede&#39;</strong></span> <span class='ocrx_word' id='word_1_240' title='bbox 682 2423 788 2495; x_wconf 77' lang='lat' dir='ltr'><strong>uobis,</strong></span> <span class='ocrx_word' id='word_1_241' title='bbox 810 2427 857 2494; x_wconf 89' lang='lat' dir='ltr'><strong>ut,</strong></span> <span class='ocrx_word' id='word_1_242' title='bbox 873 2423 1079 2498; x_wconf 78' lang='lat' dir='ltr'><strong>quemadmo-</strong></span> <span class='ocrx_word' id='word_1_243' title='bbox 1133 2422 1225 2500; x_wconf 79' lang='lat' dir='ltr'><strong>igitur</strong></span> <span class='ocrx_word' id='word_1_244' title='bbox 1247 2421 1285 2480; x_wconf 91' lang='lat' dir='ltr'><strong>ab</strong></span> <span class='ocrx_word' id='word_1_245' title='bbox 1309 2420 1446 2482; x_wconf 88' lang='lat' dir='ltr'><strong>omuibus</strong></span> <span class='ocrx_word' id='word_1_246' title='bbox 1463 2421 1642 2483; x_wconf 84' lang='lat' dir='ltr'><strong>Christiania</strong></span> <span class='ocrx_word' id='word_1_247' title='bbox 1664 2428 1748 2480; x_wconf 86' lang='lat' dir='ltr'><strong>tanta</strong></span> <span class='ocrx_word' id='word_1_248' title='bbox 1764 2440 1829 2499; x_wconf 90' lang='lat' dir='ltr'><strong>per·</strong></span> 
     </span>
     <span class='ocr_line' id='line_1_22' title="bbox 380 2505 1828 2589; baseline 0.001 -24"><span class='ocrx_word' id='word_1_249' title='bbox 380 2505 461 2565; x_wconf 87' lang='lat' dir='ltr'><strong>dum</strong></span> <span class='ocrx_word' id='word_1_250' title='bbox 477 2524 534 2582; x_wconf 74' lang='lat' dir='ltr'><strong>epo</strong></span> <span class='ocrx_word' id='word_1_251' title='bbox 548 2508 612 2583; x_wconf 71' lang='lat' dir='ltr'><strong>feei</strong></span> <span class='ocrx_word' id='word_1_252' title='bbox 628 2508 725 2583; x_wconf 83' lang='lat' dir='ltr'><strong>vobis,</strong></span> <span class='ocrx_word' id='word_1_253' title='bbox 748 2512 796 2573; x_wconf 86' lang='lat' dir='ltr'><strong>ito</strong></span> <span class='ocrx_word' id='word_1_254' title='bbox 820 2516 850 2568; x_wconf 90' lang='lat' dir='ltr'><strong>et</strong></span> <span class='ocrx_word' id='word_1_255' title='bbox 871 2526 925 2568; x_wconf 85' lang='lat' dir='ltr'><strong>uos</strong></span> <span class='ocrx_word' id='word_1_256' title='bbox 939 2509 1078 2585; x_wconf 70' lang='lat' dir='ltr'><strong>facietis,</strong></span> <span class='ocrx_word' id='word_1_257' title='bbox 1133 2509 1222 2568; x_wconf 84' lang='lat' dir='ltr'><strong>factio</strong></span> <span class='ocrx_word' id='word_1_258' title='bbox 1246 2509 1380 2568; x_wconf 77' lang='lat' dir='ltr'><strong>caritatis</strong></span> <span class='ocrx_word' id='word_1_259' title='bbox 1403 2509 1542 2588; x_wconf 76' lang='lat' dir='ltr'><strong>exigitur,</strong></span> <span class='ocrx_word' id='word_1_260' title='bbox 1567 2516 1681 2589; x_wconf 74' lang='lat' dir='ltr'><strong>quantu</strong></span> <span class='ocrx_word' id='word_1_261' title='bbox 1696 2526 1715 2566; x_wconf 94' lang='lat' dir='ltr'><strong>a</strong></span> <span class='ocrx_word' id='word_1_262' title='bbox 1730 2515 1828 2588; x_wconf 91' lang='lat' dir='ltr'><strong>pasto-</strong></span> 
     </span>
     <span class='ocr_line' id='line_1_23' title="bbox 381 2590 1831 2673; baseline 0.001 -20"><span class='ocrx_word' id='word_1_263' title='bbox 381 2590 474 2653; x_wconf 83' lang='lat' dir='ltr'><strong>Josu.</strong></span> <span class='ocrx_word' id='word_1_264' title='bbox 494 2594 558 2665; x_wconf 68' lang='lat'><strong>13,</strong></span> <span class='ocrx_word' id='word_1_265' title='bbox 581 2594 728 2656; x_wconf 77' lang='lat' dir='ltr'><strong>debemus</strong></span> <span class='ocrx_word' id='word_1_266' title='bbox 745 2613 807 2672; x_wconf 82' lang='lat' dir='ltr'><strong>pro</strong></span> <span class='ocrx_word' id='word_1_267' title='bbox 821 2595 922 2655; x_wconf 87' lang='lat' dir='ltr'><strong>solute</strong></span> <span class='ocrx_word' id='word_1_268' title='bbox 935 2597 1078 2672; x_wconf 71' lang='lat' dir='ltr'><strong>fratrum</strong></span> <span class='ocrx_word' id='word_1_269' title='bbox 1133 2595 1231 2667; x_wconf 89' lang='lat' dir='ltr'><strong>ribus,</strong></span> <span class='ocrx_word' id='word_1_270' title='bbox 1255 2595 1307 2673; x_wconf 91' lang='lat' dir='ltr'><strong>qui</strong></span> <span class='ocrx_word' id='word_1_271' title='bbox 1330 2616 1370 2657; x_wconf 82' lang='lat' dir='ltr'><strong>ex</strong></span> <span class='ocrx_word' id='word_1_272' title='bbox 1393 2594 1487 2655; x_wconf 87' lang='lat' dir='ltr'><strong>officio</strong></span> <span class='ocrx_word' id='word_1_273' title='bbox 1511 2595 1550 2655; x_wconf 85' lang='lat' dir='ltr'><strong>ad</strong></span> <span class='ocrx_word' id='word_1_274' title='bbox 1574 2594 1719 2654; x_wconf 86' lang='lat' dir='ltr'><strong>eximium</strong></span> <span class='ocrx_word' id='word_1_275' title='bbox 1744 2592 1831 2654; x_wconf 90' lang='lat' dir='ltr'><strong>illurn</strong></span> 
     </span>
     <span class='ocr_line' id='line_1_24' title="bbox 381 2680 1831 2761; baseline 0 -20"><span class='ocrx_word' id='word_1_276' title='bbox 381 2682 510 2741; x_wconf 77' lang='lat' dir='ltr'><strong>emmer</strong></span> <span class='ocrx_word' id='word_1_277' title='bbox 522 2698 659 2755; x_wconf 79' lang='lat' dir='ltr'><strong>ponere,</strong></span> <span class='ocrx_word' id='word_1_278' title='bbox 683 2681 795 2754; x_wconf 87' lang='lat' dir='ltr'><strong>idest,</strong></span> <span class='ocrx_word' id='word_1_279' title='bbox 819 2683 988 2744; x_wconf 88' lang='lat' dir='ltr'><strong>voluntarie</strong></span> <span class='ocrx_word' id='word_1_280' title='bbox 1002 2704 1077 2742; x_wconf 91' lang='lat' dir='ltr'><strong>mor·</strong></span> <span class='ocrx_word' id='word_1_281' title='bbox 1134 2681 1267 2742; x_wconf 90' lang='lat' dir='ltr'><strong>caritatis</strong></span> <span class='ocrx_word' id='word_1_282' title='bbox 1287 2691 1384 2742; x_wconf 87' lang='lat' dir='ltr'><strong>actum</strong></span> <span class='ocrx_word' id='word_1_283' title='bbox 1407 2690 1547 2742; x_wconf 78' lang='lat' dir='ltr'><strong>tenentur</strong></span> <span class='ocrx_word' id='word_1_284' title='bbox 1569 2680 1637 2740; x_wconf 91' lang='lat' dir='ltr'><strong>loco</strong></span> <span class='ocrx_word' id='word_1_285' title='bbox 1652 2687 1684 2740; x_wconf 93' lang='lat' dir='ltr'><strong>et</strong></span> <span class='ocrx_word' id='word_1_286' title='bbox 1697 2687 1831 2761; x_wconf 82' lang='lat' dir='ltr'><strong>tompore</strong></span> 
     </span>
     <span class='ocr_line' id='line_1_25' title="bbox 380 2766 1831 2844; baseline 0.001 -17"><span class='ocrx_word' id='word_1_287' title='bbox 380 2773 441 2827; x_wconf 90' lang='lat' dir='ltr'><strong>tem</strong></span> <span class='ocrx_word' id='word_1_288' title='bbox 466 2767 577 2827; x_wconf 90' lang='lat' dir='ltr'><strong>subire.</strong></span> <span class='ocrx_word' id='word_1_289' title='bbox 622 2768 702 2828; x_wconf 83' lang='lat' dir='ltr'><strong>Nam</strong></span> <span class='ocrx_word' id='word_1_290' title='bbox 727 2778 759 2829; x_wconf 93' lang='lat' dir='ltr'><strong>et</strong></span> <span class='ocrx_word' id='word_1_291' title='bbox 785 2767 858 2829; x_wconf 91' lang='lat' dir='ltr'><strong>ordo</strong></span> <span class='ocrx_word' id='word_1_292' title='bbox 885 2771 1021 2829; x_wconf 82' lang='lat' dir='ltr'><strong>ueritatis</strong></span> <span class='ocrx_word' id='word_1_293' title='bbox 1047 2770 1079 2829; x_wconf 94' lang='lat' dir='ltr'><strong>id</strong></span> <span class='ocrx_word' id='word_1_294' title='bbox 1133 2766 1348 2844; x_wconf 71' lang='lat' dir='ltr'><strong>exercendum,</strong></span> <span class='ocrx_word' id='word_1_295' title='bbox 1376 2767 1492 2829; x_wconf 83' lang='lat' dir='ltr'><strong>hebere</strong></span> <span class='ocrx_word' id='word_1_296' title='bbox 1515 2779 1615 2829; x_wconf 68' lang='lat' dir='ltr'><strong>umen</strong></span> <span class='ocrx_word' id='word_1_297' title='bbox 1636 2786 1739 2827; x_wconf 89' lang='lat' dir='ltr'><strong>omnes</strong></span> <span class='ocrx_word' id='word_1_298' title='bbox 1764 2788 1831 2828; x_wconf 91' lang='lat' dir='ltr'><strong>eam</strong></span> 
     </span>
     <span class='ocr_line' id='line_1_26' title="bbox 380 2853 1828 2936; baseline 0.001 -23"><span class='ocrx_word' id='word_1_299' title='bbox 380 2853 524 2935; x_wconf 85' lang='lat' dir='ltr'><strong>postulat,</strong></span> <span class='ocrx_word' id='word_1_300' title='bbox 546 2864 581 2914; x_wconf 94' lang='lat' dir='ltr'><strong>ut</strong></span> <span class='ocrx_word' id='word_1_301' title='bbox 595 2854 665 2935; x_wconf 87' lang='lat' dir='ltr'><strong>plus</strong></span> <span class='ocrx_word' id='word_1_302' title='bbox 679 2856 809 2917; x_wconf 86' lang='lat' dir='ltr'><strong>animam</strong></span> <span class='ocrx_word' id='word_1_303' title='bbox 829 2856 965 2936; x_wconf 87' lang='lat' dir='ltr'><strong>proximi,</strong></span> <span class='ocrx_word' id='word_1_304' title='bbox 989 2876 1078 2936; x_wconf 90' lang='lat' dir='ltr'><strong>quam</strong></span> <span class='ocrx_word' id='word_1_305' title='bbox 1134 2853 1348 2935; x_wconf 79' lang='lat' dir='ltr'><strong>perlectionem</strong></span> <span class='ocrx_word' id='word_1_306' title='bbox 1371 2853 1482 2918; x_wconf 86' lang='lat' dir='ltr'><strong>debent</strong></span> <span class='ocrx_word' id='word_1_307' title='bbox 1497 2857 1530 2917; x_wconf 91' lang='lat' dir='ltr'><strong>in</strong></span> <span class='ocrx_word' id='word_1_308' title='bbox 1545 2853 1695 2917; x_wconf 87' lang='lat' dir='ltr'><strong>desiderio</strong></span> <span class='ocrx_word' id='word_1_309' title='bbox 1718 2865 1749 2915; x_wconf 89' lang='lat' dir='ltr'><strong>et</strong></span> <span class='ocrx_word' id='word_1_310' title='bbox 1767 2865 1828 2915; x_wconf 88' lang='lat' dir='ltr'><strong>stu·</strong></span> 
     </span>
     <span class='ocr_line' id='line_1_27' title="bbox 381 2941 1829 3024; baseline 0.001 -23"><span class='ocrx_word' id='word_1_311' title='bbox 381 2960 491 3021; x_wconf 86' lang='lat' dir='ltr'><strong>corpus</strong></span> <span class='ocrx_word' id='word_1_312' title='bbox 517 2951 653 3003; x_wconf 85' lang='lat' dir='ltr'><strong>nostrum</strong></span> <span class='ocrx_word' id='word_1_313' title='bbox 679 2941 854 3023; x_wconf 81' lang='lat' dir='ltr'><strong>diligemus,</strong></span> <span class='ocrx_word' id='word_1_314' title='bbox 881 2954 912 3003; x_wconf 91' lang='lat' dir='ltr'><strong>et</strong></span> <span class='ocrx_word' id='word_1_315' title='bbox 938 2943 1080 3005; x_wconf 90' lang='lat' dir='ltr'><strong>honorem</strong></span> <span class='ocrx_word' id='word_1_316' title='bbox 1134 2943 1183 3003; x_wconf 89' lang='lat' dir='ltr'><strong>dio</strong></span> <span class='ocrx_word' id='word_1_317' title='bbox 1199 2941 1387 3021; x_wconf 87' lang='lat' dir='ltr'><strong>assequendi.</strong></span> <span class='ocrx_word' id='word_1_318' title='bbox 1410 2942 1562 3024; x_wconf 77' lang='lat' dir='ltr'><strong>Quocirca</strong></span> <span class='ocrx_word' id='word_1_319' title='bbox 1572 2963 1632 3003; x_wconf 92' lang='lat' dir='ltr'><strong>uon</strong></span> <span class='ocrx_word' id='word_1_320' title='bbox 1647 2941 1717 3002; x_wconf 86' lang='lat' dir='ltr'><strong>hinc</strong></span> <span class='ocrx_word' id='word_1_321' title='bbox 1731 2943 1829 3024; x_wconf 87' lang='lat' dir='ltr'><strong>aequi·</strong></span> 
     </span>
     <span class='ocr_line' id='line_1_28' title="bbox 381 3024 1828 3110; baseline 0.001 -21"><span class='ocrx_word' id='word_1_322' title='bbox 381 3027 441 3090; x_wconf 89' lang='lat' dir='ltr'><strong>Dei</strong></span> <span class='ocrx_word' id='word_1_323' title='bbox 465 3024 531 3108; x_wconf 87' lang='lat' dir='ltr'><strong>(qui</strong></span> <span class='ocrx_word' id='word_1_324' title='bbox 555 3033 586 3089; x_wconf 90' lang='lat' dir='ltr'><strong>in</strong></span> <span class='ocrx_word' id='word_1_325' title='bbox 608 3031 772 3090; x_wconf 86' lang='lat' dir='ltr'><strong>animarum</strong></span> <span class='ocrx_word' id='word_1_326' title='bbox 787 3029 886 3090; x_wconf 85' lang='lat' dir='ltr'><strong>seinte</strong></span> <span class='ocrx_word' id='word_1_327' title='bbox 901 3033 993 3091; x_wconf 84' lang='lat' dir='ltr'><strong>etism</strong></span> <span class='ocrx_word' id='word_1_328' title='bbox 1009 3051 1077 3091; x_wconf 90' lang='lat' dir='ltr'><strong>con·</strong></span> <span class='ocrx_word' id='word_1_329' title='bbox 1134 3040 1191 3099; x_wconf 89' lang='lat' dir='ltr'><strong>tur,</strong></span> <span class='ocrx_word' id='word_1_330' title='bbox 1212 3049 1316 3091; x_wconf 88' lang='lat' dir='ltr'><strong>omnes</strong></span> <span class='ocrx_word' id='word_1_331' title='bbox 1332 3029 1441 3091; x_wconf 86' lang='lat' dir='ltr'><strong>debere</strong></span> <span class='ocrx_word' id='word_1_332' title='bbox 1456 3050 1523 3092; x_wconf 88' lang='lat' dir='ltr'><strong>esse</strong></span> <span class='ocrx_word' id='word_1_333' title='bbox 1539 3029 1707 3108; x_wconf 81' lang='lat' dir='ltr'><strong>periectoe3</strong></span> <span class='ocrx_word' id='word_1_334' title='bbox 1731 3031 1828 3110; x_wconf 90' lang='lat' dir='ltr'><strong>sequi·</strong></span> 
     </span>
     <span class='ocr_line' id='line_1_29' title="bbox 379 3110 1829 3199; baseline 0.003 -24"><span class='ocrx_word' id='word_1_335' title='bbox 379 3110 473 3192; x_wconf 88' lang='lat' dir='ltr'><strong>sistit)</strong></span> <span class='ocrx_word' id='word_1_336' title='bbox 497 3113 566 3176; x_wconf 90' lang='lat' dir='ltr'><strong>aliis</strong></span> <span class='ocrx_word' id='word_1_337' title='bbox 588 3115 726 3176; x_wconf 90' lang='lat' dir='ltr'><strong>omnibus</strong></span> <span class='ocrx_word' id='word_1_338' title='bbox 749 3114 835 3178; x_wconf 90' lang='lat' dir='ltr'><strong>bonis</strong></span> <span class='ocrx_word' id='word_1_339' title='bbox 853 3126 1077 3199; x_wconf 83' lang='lat' dir='ltr'><strong>anteponamus.</strong></span> <span class='ocrx_word' id='word_1_340' title='bbox 1133 3128 1182 3179; x_wconf 87' lang='lat' dir='ltr'><strong>tur</strong></span> <span class='ocrx_word' id='word_1_341' title='bbox 1193 3125 1301 3191; x_wconf 63' lang='lat' dir='ltr'><strong>umen,</strong></span> <span class='ocrx_word' id='word_1_342' title='bbox 1314 3136 1415 3178; x_wconf 92' lang='lat' dir='ltr'><strong>omnes</strong></span> <span class='ocrx_word' id='word_1_343' title='bbox 1428 3118 1466 3178; x_wconf 87' lang='lat' dir='ltr'><strong>ad</strong></span> <span class='ocrx_word' id='word_1_344' title='bbox 1479 3118 1693 3196; x_wconf 78' lang='lat' dir='ltr'><strong>perlectionem</strong></span> <span class='ocrx_word' id='word_1_345' title='bbox 1706 3115 1829 3179; x_wconf 89' lang='lat' dir='ltr'><strong>tendere</strong></span> 
     </span>
     <span class='ocr_line' id='line_1_30' title="bbox 378 3201 1828 3284; baseline 0.001 -21"><span class='ocrx_word' id='word_1_346' title='bbox 378 3202 521 3263; x_wconf 86' lang='lat' dir='ltr'><strong>Postulat</strong></span> <span class='ocrx_word' id='word_1_347' title='bbox 541 3212 642 3263; x_wconf 87' lang='lat' dir='ltr'><strong>sutem</strong></span> <span class='ocrx_word' id='word_1_348' title='bbox 664 3201 811 3263; x_wconf 89' lang='lat' dir='ltr'><strong>interdum</strong></span> <span class='ocrx_word' id='word_1_349' title='bbox 827 3204 922 3264; x_wconf 90' lang='lat' dir='ltr'><strong>bonor</strong></span> <span class='ocrx_word' id='word_1_350' title='bbox 936 3216 967 3265; x_wconf 93' lang='lat' dir='ltr'><strong>et</strong></span> <span class='ocrx_word' id='word_1_351' title='bbox 982 3203 1078 3284; x_wconf 81' lang='lat' dir='ltr'><strong>gloria</strong></span> <span class='ocrx_word' id='word_1_352' title='bbox 1133 3215 1165 3266; x_wconf 92' lang='lat' dir='ltr'><strong>et</strong></span> <span class='ocrx_word' id='word_1_353' title='bbox 1179 3205 1279 3264; x_wconf 91' lang='lat' dir='ltr'><strong>conari</strong></span> <span class='ocrx_word' id='word_1_354' title='bbox 1301 3202 1419 3265; x_wconf 85' lang='lat' dir='ltr'><strong>debore.</strong></span> <span class='ocrx_word' id='word_1_355' title='bbox 1450 3205 1517 3266; x_wconf 86' lang='lat' dir='ltr'><strong>Nec</strong></span> <span class='ocrx_word' id='word_1_356' title='bbox 1540 3224 1645 3264; x_wconf 84' lang='lat' dir='ltr'><strong>verum</strong></span> <span class='ocrx_word' id='word_1_357' title='bbox 1665 3211 1720 3277; x_wconf 89' lang='lat' dir='ltr'><strong>est,</strong></span> <span class='ocrx_word' id='word_1_358' title='bbox 1747 3205 1828 3283; x_wconf 91' lang='lat' dir='ltr'><strong>quod</strong></span> 
     </span>
     <span class='ocr_line' id='line_1_31' title="bbox 378 3288 1828 3372; baseline 0.003 -22"><span class='ocrx_word' id='word_1_359' title='bbox 378 3288 449 3362; x_wconf 90' lang='lat' dir='ltr'><strong>Dei,</strong></span> <span class='ocrx_word' id='word_1_360' title='bbox 472 3298 509 3348; x_wconf 92' lang='lat' dir='ltr'><strong>ut</strong></span> <span class='ocrx_word' id='word_1_361' title='bbox 529 3310 583 3369; x_wconf 90' lang='lat' dir='ltr'><strong>pro</strong></span> <span class='ocrx_word' id='word_1_362' title='bbox 608 3289 765 3368; x_wconf 91' lang='lat' dir='ltr'><strong>temporali</strong></span> <span class='ocrx_word' id='word_1_363' title='bbox 788 3291 853 3350; x_wconf 87' lang='lat' dir='ltr'><strong>vita</strong></span> <span class='ocrx_word' id='word_1_364' title='bbox 871 3294 1077 3369; x_wconf 86' lang='lat' dir='ltr'><strong>proximorum</strong></span> <span class='ocrx_word' id='word_1_365' title='bbox 1133 3291 1236 3354; x_wconf 77' lang='lat' dir='ltr'><strong>scribit</strong></span> <span class='ocrx_word' id='word_1_366' title='bbox 1258 3290 1393 3352; x_wconf 80' lang='lat' dir='ltr'><strong>Thomas</strong></span> <span class='ocrx_word' id='word_1_367' title='bbox 1416 3292 1579 3372; x_wconf 76' lang='lat' dir='ltr'><strong>Anglicus,</strong></span> <span class='ocrx_word' id='word_1_368' title='bbox 1601 3290 1641 3352; x_wconf 90' lang='lat' dir='ltr'><strong>ad</strong></span> <span class='ocrx_word' id='word_1_369' title='bbox 1664 3291 1722 3369; x_wconf 81' lang='lat' dir='ltr'><strong>ltoc</strong></span> <span class='ocrx_word' id='word_1_370' title='bbox 1744 3311 1828 3370; x_wconf 87' lang='lat' dir='ltr'><strong>prse-</strong></span> 
     </span>
     <span class='ocr_line' id='line_1_32' title="bbox 380 3376 1829 3458; baseline 0.001 -21"><span class='ocrx_word' id='word_1_371' title='bbox 380 3376 590 3437; x_wconf 82' lang='lat' dir='ltr'><strong>coneervsuds</strong></span> <span class='ocrx_word' id='word_1_372' title='bbox 613 3384 744 3436; x_wconf 85' lang='lat' dir='ltr'><strong>nostram</strong></span> <span class='ocrx_word' id='word_1_373' title='bbox 768 3377 902 3455; x_wconf 89' lang='lat' dir='ltr'><strong>ipsorum</strong></span> <span class='ocrx_word' id='word_1_374' title='bbox 918 3378 1010 3438; x_wconf 85' lang='lat' dir='ltr'><strong>vitam</strong></span> <span class='ocrx_word' id='word_1_375' title='bbox 1027 3397 1077 3438; x_wconf 85' lang='lat' dir='ltr'><strong>ex·</strong></span> <span class='ocrx_word' id='word_1_376' title='bbox 1132 3387 1248 3458; x_wconf 87' lang='lat' dir='ltr'><strong>ceptum</strong></span> <span class='ocrx_word' id='word_1_377' title='bbox 1264 3378 1344 3439; x_wconf 89' lang='lat' dir='ltr'><strong>soloe</strong></span> <span class='ocrx_word' id='word_1_378' title='bbox 1356 3377 1506 3456; x_wconf 80' lang='lat' dir='ltr'><strong>periectos</strong></span> <span class='ocrx_word' id='word_1_379' title='bbox 1518 3380 1620 3440; x_wconf 89' lang='lat' dir='ltr'><strong>teneri.</strong></span> <span class='ocrx_word' id='word_1_380' title='bbox 1645 3378 1725 3458; x_wconf 81' lang='lat' dir='ltr'><strong>Quid</strong></span> <span class='ocrx_word' id='word_1_381' title='bbox 1739 3378 1829 3451; x_wconf 91' lang='lat' dir='ltr'><strong>enim,</strong></span> 
     </span>
     <span class='ocr_line' id='line_1_33' title="bbox 379 3463 1830 3546; baseline 0.001 -22"><span class='ocrx_word' id='word_1_382' title='bbox 379 3482 529 3544; x_wconf 89' lang='lat' dir='ltr'><strong>ponamus</strong></span> <span class='ocrx_word' id='word_1_383' title='bbox 544 3463 686 3543; x_wconf 88' lang='lat' dir='ltr'><strong>periculo,</strong></span> <span class='ocrx_word' id='word_1_384' title='bbox 710 3463 831 3541; x_wconf 89' lang='lat' dir='ltr'><strong>quoties</strong></span> <span class='ocrx_word' id='word_1_385' title='bbox 847 3464 963 3525; x_wconf 89' lang='lat' dir='ltr'><strong>scilicet</strong></span> <span class='ocrx_word' id='word_1_386' title='bbox 978 3485 1016 3525; x_wconf 89' lang='lat' dir='ltr'><strong>ea</strong></span> <span class='ocrx_word' id='word_1_387' title='bbox 1030 3483 1078 3526; x_wconf 91' lang='lat' dir='ltr'><strong>res</strong></span> <span class='ocrx_word' id='word_1_388' title='bbox 1132 3468 1159 3526; x_wconf 92' lang='lat' dir='ltr'><strong>si</strong></span> <span class='ocrx_word' id='word_1_389' title='bbox 1174 3472 1275 3546; x_wconf 87' lang='lat' dir='ltr'><strong>pastor</strong></span> <span class='ocrx_word' id='word_1_390' title='bbox 1291 3464 1486 3544; x_wconf 82' lang='lat' dir='ltr'><strong>imperfectus</strong></span> <span class='ocrx_word' id='word_1_391' title='bbox 1509 3469 1557 3538; x_wconf 88' lang='lat' dir='ltr'><strong>sit,</strong></span> <span class='ocrx_word' id='word_1_392' title='bbox 1577 3474 1611 3525; x_wconf 93' lang='lat' dir='ltr'><strong>ut</strong></span> <span class='ocrx_word' id='word_1_393' title='bbox 1632 3464 1719 3526; x_wconf 89' lang='lat' dir='ltr'><strong>multi</strong></span> <span class='ocrx_word' id='word_1_394' title='bbox 1743 3476 1830 3543; x_wconf 86' lang='lat' dir='ltr'><strong>sunt;</strong></span> 
     </span>
     <span class='ocr_line' id='line_1_34' title="bbox 379 3548 1829 3624; baseline 0.004 -15"><span class='ocrx_word' id='word_1_395' title='bbox 379 3551 511 3611; x_wconf 90' lang='lat' dir='ltr'><strong>ulterius</strong></span> <span class='ocrx_word' id='word_1_396' title='bbox 533 3549 689 3612; x_wconf 88' lang='lat' dir='ltr'><strong>ordinatur</strong></span> <span class='ocrx_word' id='word_1_397' title='bbox 710 3548 749 3609; x_wconf 88' lang='lat' dir='ltr'><strong>ad</strong></span> <span class='ocrx_word' id='word_1_398' title='bbox 765 3550 925 3612; x_wconf 89' lang='lat' dir='ltr'><strong>eorundem</strong></span> <span class='ocrx_word' id='word_1_399' title='bbox 941 3552 990 3613; x_wconf 83' lang='lat' dir='ltr'><strong>vel</strong></span> <span class='ocrx_word' id='word_1_400' title='bbox 1005 3552 1077 3612; x_wconf 78' lang='lat' dir='ltr'><strong>elio·</strong></span> <span class='ocrx_word' id='word_1_401' title='bbox 1132 3572 1239 3614; x_wconf 86' lang='lat' dir='ltr'><strong>annon</strong></span> <span class='ocrx_word' id='word_1_402' title='bbox 1251 3550 1426 3613; x_wconf 79' lang='lat' dir='ltr'><strong>tenebitur?</strong></span> <span class='ocrx_word' id='word_1_403' title='bbox 1440 3553 1551 3614; x_wconf 84' lang='lat' dir='ltr'><strong>Melius</strong></span> <span class='ocrx_word' id='word_1_404' title='bbox 1562 3552 1686 3624; x_wconf 91' lang='lat' dir='ltr'><strong>diceret,</strong></span> <span class='ocrx_word' id='word_1_405' title='bbox 1700 3551 1739 3614; x_wconf 90' lang='lat' dir='ltr'><strong>ad</strong></span> <span class='ocrx_word' id='word_1_406' title='bbox 1750 3553 1829 3615; x_wconf 86' lang='lat' dir='ltr'><strong>hano</strong></span> 
     </span>
     <span class='ocr_line' id='line_1_35' title="bbox 379 3635 1829 3721; baseline 0.003 -23"><span class='ocrx_word' id='word_1_407' title='bbox 379 3656 445 3698; x_wconf 79' lang='lat' dir='ltr'><strong>ram</strong></span> <span class='ocrx_word' id='word_1_408' title='bbox 462 3635 591 3698; x_wconf 76' lang='lat' dir='ltr'><strong>sulutem</strong></span> <span class='ocrx_word' id='word_1_409' title='bbox 606 3642 768 3698; x_wconf 83' lang='lat' dir='ltr'><strong>aeternam.</strong></span> <span class='ocrx_word' id='word_1_410' title='bbox 795 3638 843 3698; x_wconf 86' lang='lat' dir='ltr'><strong>Ita</strong></span> <span class='ocrx_word' id='word_1_411' title='bbox 857 3639 990 3719; x_wconf 76' lang='lat' dir='ltr'><strong>legimus,</strong></span> <span class='ocrx_word' id='word_1_412' title='bbox 1008 3639 1078 3699; x_wconf 80' lang='lat' dir='ltr'><strong>Ale·</strong></span> <span class='ocrx_word' id='word_1_413' title='bbox 1131 3640 1346 3721; x_wconf 82' lang='lat' dir='ltr'><strong>perfectionem</strong></span> <span class='ocrx_word' id='word_1_414' title='bbox 1376 3660 1477 3700; x_wconf 90' lang='lat' dir='ltr'><strong>omues</strong></span> <span class='ocrx_word' id='word_1_415' title='bbox 1514 3642 1603 3701; x_wconf 90' lang='lat' dir='ltr'><strong>etiam</strong></span> <span class='ocrx_word' id='word_1_416' title='bbox 1639 3639 1829 3720; x_wconf 70' lang='lat' dir='ltr'><strong>imperfectos</strong></span> 
     </span>
     <span class='ocr_line' id='line_1_36' title="bbox 379 3722 1829 3805; baseline 0.001 -18"><span class='ocrx_word' id='word_1_417' title='bbox 379 3722 526 3787; x_wconf 73' lang='lat' dir='ltr'><strong>xsudrim</strong></span> <span class='ocrx_word' id='word_1_418' title='bbox 548 3724 756 3805; x_wconf 87' lang='lat' dir='ltr'><strong>presbyteros,</strong></span> <span class='ocrx_word' id='word_1_419' title='bbox 783 3723 925 3786; x_wconf 88' lang='lat' dir='ltr'><strong>diaconos</strong></span> <span class='ocrx_word' id='word_1_420' title='bbox 950 3736 980 3786; x_wconf 90' lang='lat' dir='ltr'><strong>et</strong></span> <span class='ocrx_word' id='word_1_421' title='bbox 1003 3726 1077 3787; x_wconf 90' lang='lat' dir='ltr'><strong>alios</strong></span> <span class='ocrx_word' id='word_1_422' title='bbox 1131 3728 1226 3788; x_wconf 90' lang='lat' dir='ltr'><strong>teneri</strong></span> <span class='ocrx_word' id='word_1_423' title='bbox 1248 3728 1278 3787; x_wconf 93' lang='lat' dir='ltr'><strong>in</strong></span> <span class='ocrx_word' id='word_1_424' title='bbox 1302 3746 1391 3802; x_wconf 73' lang='lat' dir='ltr'><strong>casu,</strong></span> <span class='ocrx_word' id='word_1_425' title='bbox 1420 3728 1498 3787; x_wconf 89' lang='lat' dir='ltr'><strong>sicut</strong></span> <span class='ocrx_word' id='word_1_426' title='bbox 1520 3726 1630 3787; x_wconf 83' lang='lat' dir='ltr'><strong>dictum</strong></span> <span class='ocrx_word' id='word_1_427' title='bbox 1655 3737 1712 3788; x_wconf 91' lang='lat' dir='ltr'><strong>est.</strong></span> <span class='ocrx_word' id='word_1_428' title='bbox 1742 3727 1829 3798; x_wconf 88' lang='lat' dir='ltr'><strong>Vide,</strong></span> 
     </span>
     <span class='ocr_line' id='line_1_37' title="bbox 380 3810 1827 3895; baseline 0.003 -24"><span class='ocrx_word' id='word_1_429' title='bbox 380 3810 485 3884; x_wconf 80' lang='lat' dir='ltr'><strong>fideles</strong></span> <span class='ocrx_word' id='word_1_430' title='bbox 501 3831 590 3889; x_wconf 89' lang='lat' dir='ltr'><strong>qnam</strong></span> <span class='ocrx_word' id='word_1_431' title='bbox 609 3812 772 3890; x_wconf 90' lang='lat' dir='ltr'><strong>plurimos,</strong></span> <span class='ocrx_word' id='word_1_432' title='bbox 799 3832 866 3872; x_wconf 88' lang='lat' dir='ltr'><strong>cum</strong></span> <span class='ocrx_word' id='word_1_433' title='bbox 891 3815 984 3892; x_wconf 90' lang='lat' dir='ltr'><strong>pestis</strong></span> <span class='ocrx_word' id='word_1_434' title='bbox 1011 3833 1075 3873; x_wconf 91' lang='lat' dir='ltr'><strong>sae·</strong></span> <span class='ocrx_word' id='word_1_435' title='bbox 1132 3833 1209 3895; x_wconf 88' lang='lat' dir='ltr'><strong>quae</strong></span> <span class='ocrx_word' id='word_1_436' title='bbox 1223 3812 1357 3874; x_wconf 89' lang='lat' dir='ltr'><strong>scribunt</strong></span> <span class='ocrx_word' id='word_1_437' title='bbox 1378 3813 1426 3874; x_wconf 89' lang='lat' dir='ltr'><strong>his</strong></span> <span class='ocrx_word' id='word_1_438' title='bbox 1449 3822 1651 3876; x_wconf 80' lang='lat' dir='ltr'><strong>consentanee</strong></span> <span class='ocrx_word' id='word_1_439' title='bbox 1671 3814 1706 3873; x_wconf 88' lang='lat' dir='ltr'><strong>B.</strong></span> <span class='ocrx_word' id='word_1_440' title='bbox 1725 3816 1827 3895; x_wconf 79' lang='lat' dir='ltr'><strong>Augu·</strong></span> 
     </span>
     <span class='ocr_line' id='line_1_38' title="bbox 379 3898 1829 3977; baseline 0.002 -18"><span class='ocrx_word' id='word_1_441' title='bbox 379 3900 507 3959; x_wconf 79' lang='lat' dir='ltr'><strong>sissima</strong></span> <span class='ocrx_word' id='word_1_442' title='bbox 528 3906 723 3977; x_wconf 77' lang='lat' dir='ltr'><strong>grassaretur,</strong></span> <span class='ocrx_word' id='word_1_443' title='bbox 746 3899 850 3959; x_wconf 87' lang='lat' dir='ltr'><strong>morbo</strong></span> <span class='ocrx_word' id='word_1_444' title='bbox 872 3898 1078 3960; x_wconf 79' lang='lat' dir='ltr'><strong>laborantibus</strong></span> <span class='ocrx_word' id='word_1_445' title='bbox 1131 3902 1229 3962; x_wconf 90' lang='lat' dir='ltr'><strong>stinus</strong></span> <span class='ocrx_word' id='word_1_446' title='bbox 1258 3909 1289 3961; x_wconf 91' lang='lat' dir='ltr'><strong>et</strong></span> <span class='ocrx_word' id='word_1_447' title='bbox 1317 3899 1456 3962; x_wconf 89' lang='lat' dir='ltr'><strong>Joannes</strong></span> <span class='ocrx_word' id='word_1_448' title='bbox 1486 3901 1646 3963; x_wconf 88' lang='lat' dir='ltr'><strong>Hesselius</strong></span> <span class='ocrx_word' id='word_1_449' title='bbox 1681 3901 1721 3962; x_wconf 91' lang='lat' dir='ltr'><strong>ad</strong></span> <span class='ocrx_word' id='word_1_450' title='bbox 1750 3902 1829 3962; x_wconf 88' lang='lat' dir='ltr'><strong>bunc</strong></span> 
     </span>
     <span class='ocr_line' id='line_1_39' title="bbox 378 3986 1239 4066; baseline 0 -21"><span class='ocrx_word' id='word_1_451' title='bbox 378 3993 489 4066; x_wconf 89' lang='lat' dir='ltr'><strong>sponte</strong></span> <span class='ocrx_word' id='word_1_452' title='bbox 515 3986 715 4055; x_wconf 73' lang='lat' dir='ltr'><strong>ministrasse,</strong></span> <span class='ocrx_word' id='word_1_453' title='bbox 741 3994 929 4065; x_wconf 86' lang='lat' dir='ltr'><strong>mortemque</strong></span> <span class='ocrx_word' id='word_1_454' title='bbox 951 3987 1079 4048; x_wconf 90' lang='lat' dir='ltr'><strong>libenter</strong></span> <span class='ocrx_word' id='word_1_455' title='bbox 1131 3987 1239 4048; x_wconf 85' lang='lat' dir='ltr'><strong>locum.</strong></span> 
     </span>
     <span class='ocr_line' id='line_1_40' title="bbox 379 4071 1830 4153; baseline 0.002 -20"><span class='ocrx_word' id='word_1_456' title='bbox 379 4071 575 4153; x_wconf 87' lang='lat' dir='ltr'><strong>oppetiviese.</strong></span> <span class='ocrx_word' id='word_1_457' title='bbox 607 4075 701 4151; x_wconf 83' lang='lat' dir='ltr'><strong>Quos,</strong></span> <span class='ocrx_word' id='word_1_458' title='bbox 718 4072 804 4131; x_wconf 89' lang='lat' dir='ltr'><strong>velut</strong></span> <span class='ocrx_word' id='word_1_459' title='bbox 819 4082 984 4149; x_wconf 76' lang='lat' dir='ltr'><strong>martyres,</strong></span> <span class='ocrx_word' id='word_1_460' title='bbox 1000 4073 1078 4134; x_wconf 83' lang='lat' dir='ltr'><strong>reli·</strong></span> <span class='ocrx_word' id='word_1_461' title='bbox 1178 4077 1226 4135; x_wconf 82' lang='lat'><strong>17.</strong></span> <span class='ocrx_word' id='word_1_462' title='bbox 1251 4076 1312 4153; x_wconf 79' lang='lat' dir='ltr'><strong>Qus·</strong></span> <span class='ocrx_word' id='word_1_463' title='bbox 1334 4074 1480 4135; x_wconf 79' lang='lat' dir='ltr'><strong>babuerit</strong></span> <span class='ocrx_word' id='word_1_464' title='bbox 1500 4074 1709 4135; x_wconf 80' lang='lat' dir='ltr'><strong>substantium</strong></span> <span class='ocrx_word' id='word_1_465' title='bbox 1733 4076 1830 4150; x_wconf 75' lang='lat' dir='ltr'><strong>hujus</strong></span> 
     </span>
     <span class='ocr_line' id='line_1_41' title="bbox 378 4158 1828 4238; baseline 0.001 -19"><span class='ocrx_word' id='word_1_466' title='bbox 378 4161 470 4235; x_wconf 75' lang='lat' dir='ltr'><strong>piosa</strong></span> <span class='ocrx_word' id='word_1_467' title='bbox 490 4161 621 4235; x_wconf 85' lang='lat' dir='ltr'><strong>piorum</strong></span> <span class='ocrx_word' id='word_1_468' title='bbox 643 4158 721 4235; x_wconf 75' lang='lat' dir='ltr'><strong>tides</strong></span> <span class='ocrx_word' id='word_1_469' title='bbox 744 4164 890 4220; x_wconf 81' lang='lat' dir='ltr'><strong>uenerari</strong></span> <span class='ocrx_word' id='word_1_470' title='bbox 905 4164 1077 4234; x_wconf 78' lang='lat' dir='ltr'><strong>consueuit,</strong></span> <span class='ocrx_word' id='word_1_471' title='bbox 1133 4161 1257 4236; x_wconf 80' lang='lat' dir='ltr'><strong>muudi,</strong></span> <span class='ocrx_word' id='word_1_472' title='bbox 1275 4168 1303 4221; x_wconf 91' lang='lat' dir='ltr'><strong>et</strong></span> <span class='ocrx_word' id='word_1_473' title='bbox 1318 4161 1442 4237; x_wconf 76' lang='lat' dir='ltr'><strong>uiderit,</strong></span> <span class='ocrx_word' id='word_1_474' title='bbox 1453 4163 1591 4238; x_wconf 72' lang='lat' dir='ltr'><strong>tratrem</strong></span> <span class='ocrx_word' id='word_1_475' title='bbox 1603 4179 1695 4222; x_wconf 89' lang='lat' dir='ltr'><strong>suum</strong></span> <span class='ocrx_word' id='word_1_476' title='bbox 1708 4181 1828 4223; x_wconf 79' lang='lat' dir='ltr'><strong>neeesse</strong></span> 
     </span>
     <span class='ocr_line' id='line_1_42' title="bbox 379 4245 1827 4327; baseline 0.003 -22"><span class='ocrx_word' id='word_1_477' title='bbox 379 4254 413 4306; x_wconf 84' lang='lat' dir='ltr'><strong>ut</strong></span> <span class='ocrx_word' id='word_1_478' title='bbox 428 4245 524 4306; x_wconf 89' lang='lat' dir='ltr'><strong>babet</strong></span> <span class='ocrx_word' id='word_1_479' title='bbox 538 4245 707 4305; x_wconf 83' lang='lat' dir='ltr'><strong>Romanum</strong></span> <span class='ocrx_word' id='word_1_480' title='bbox 719 4245 967 4326; x_wconf 80' lang='lat' dir='ltr'><strong>liartyrologium</strong></span> <span class='ocrx_word' id='word_1_481' title='bbox 983 4246 1079 4326; x_wconf 90' lang='lat' dir='ltr'><strong>pridie</strong></span> <span class='ocrx_word' id='word_1_482' title='bbox 1132 4247 1256 4323; x_wconf 84' lang='lat' dir='ltr'><strong>bebere,</strong></span> <span class='ocrx_word' id='word_1_483' title='bbox 1280 4256 1309 4307; x_wconf 92' lang='lat' dir='ltr'><strong>et</strong></span> <span class='ocrx_word' id='word_1_484' title='bbox 1323 4249 1472 4310; x_wconf 86' lang='lat' dir='ltr'><strong>eleusem&#39;t</strong></span> <span class='ocrx_word' id='word_1_485' title='bbox 1496 4252 1616 4309; x_wconf 81' lang='lat' dir='ltr'><strong>vtecem</strong></span> <span class='ocrx_word' id='word_1_486' title='bbox 1638 4266 1696 4309; x_wconf 89' lang='lat' dir='ltr'><strong>sue</strong></span> <span class='ocrx_word' id='word_1_487' title='bbox 1715 4251 1756 4308; x_wconf 89' lang='lat' dir='ltr'><strong>ob</strong></span> <span class='ocrx_word' id='word_1_488' title='bbox 1771 4268 1827 4327; x_wconf 78' lang='lat' dir='ltr'><strong>eo,-</strong></span> 
     </span>
     <span class='ocr_line' id='line_1_43' title="bbox 378 4331 1826 4412; baseline 0.003 -20"><span class='ocrx_word' id='word_1_489' title='bbox 378 4332 450 4392; x_wconf 86' lang='lat' dir='ltr'><strong>Ksl.</strong></span> <span class='ocrx_word' id='word_1_490' title='bbox 478 4331 591 4392; x_wconf 82' lang='lat' dir='ltr'><strong>Mortii.</strong></span> <span class='ocrx_word' id='word_1_491' title='bbox 621 4332 787 4392; x_wconf 81' lang='lat' dir='ltr'><strong>Historiam</strong></span> <span class='ocrx_word' id='word_1_492' title='bbox 814 4333 905 4395; x_wconf 82' lang='lat' dir='ltr'><strong>refert</strong></span> <span class='ocrx_word' id='word_1_493' title='bbox 930 4333 1077 4396; x_wconf 78' lang='lat' dir='ltr'><strong>Eusebius</strong></span> <span class='ocrx_word' id='word_1_494' title='bbox 1132 4335 1495 4412; x_wconf 79' lang='lat' dir='ltr'><strong>quomodoeure&#39;tusDes&#39;</strong></span> <span class='ocrx_word' id='word_1_495' title='bbox 1506 4337 1662 4396; x_wconf 84' lang='lat' dir='ltr'><strong>monetiu</strong></span> <span class='ocrx_word' id='word_1_496' title='bbox 1677 4336 1737 4396; x_wconf 83' lang='lat' dir='ltr'><strong>eo?</strong></span> <span class='ocrx_word' id='word_1_497' title='bbox 1753 4335 1826 4397; x_wconf 90' lang='lat' dir='ltr'><strong>Par·</strong></span> 
     </span>
     <span class='ocr_line' id='line_1_44' title="bbox 378 4416 1826 4499; baseline 0.004 -21"><span class='ocrx_word' id='word_1_498' title='bbox 378 4416 429 4481; x_wconf 89' lang='lat' dir='ltr'><strong>lib.</strong></span> <span class='ocrx_word' id='word_1_499' title='bbox 458 4420 486 4478; x_wconf 84' lang='lat'><strong>7.</strong></span> <span class='ocrx_word' id='word_1_500' title='bbox 510 4438 575 4498; x_wconf 88' lang='lat' dir='ltr'><strong>cap.</strong></span> <span class='ocrx_word' id='word_1_501' title='bbox 601 4419 649 4479; x_wconf 83' lang='grc'><strong>16.</strong></span> <span class='ocrx_word' id='word_1_502' title='bbox 674 4429 705 4478; x_wconf 89' lang='lat' dir='ltr'><strong>et</strong></span> <span class='ocrx_word' id='word_1_503' title='bbox 721 4419 769 4477; x_wconf 86' lang='grc'><strong>17.</strong></span> <span class='ocrx_word' id='word_1_504' title='bbox 789 4439 826 4480; x_wconf 83' lang='lat' dir='ltr'><strong>er</strong></span> <span class='ocrx_word' id='word_1_505' title='bbox 842 4420 990 4499; x_wconf 86' lang='lat' dir='ltr'><strong>Dionysio</strong></span> <span class='ocrx_word' id='word_1_506' title='bbox 1007 4420 1075 4479; x_wconf 83' lang='lat' dir='ltr'><strong>Alo·</strong></span> <span class='ocrx_word' id='word_1_507' title='bbox 1133 4421 1389 4496; x_wconf 66' lang='lat' dir='ltr'><strong>demembretur,</strong></span> <span class='ocrx_word' id='word_1_508' title='bbox 1412 4423 1549 4483; x_wconf 86' lang='lat' dir='ltr'><strong>meliores</strong></span> <span class='ocrx_word' id='word_1_509' title='bbox 1564 4420 1682 4482; x_wconf 90' lang='lat' dir='ltr'><strong>codices</strong></span> <span class='ocrx_word' id='word_1_510' title='bbox 1697 4443 1758 4483; x_wconf 88' lang='lat' dir='ltr'><strong>non</strong></span> <span class='ocrx_word' id='word_1_511' title='bbox 1773 4423 1826 4484; x_wconf 88' lang='lat' dir='ltr'><strong>ad·</strong></span> 
     </span>
     <span class='ocr_line' id='line_1_45' title="bbox 379 4504 1827 4588; baseline 0.001 -21"><span class='ocrx_word' id='word_1_512' title='bbox 379 4504 538 4567; x_wconf 79' lang='lat' dir='ltr'><strong>sandrino.</strong></span> <span class='ocrx_word' id='word_1_513' title='bbox 569 4505 633 4565; x_wconf 87' lang='lat' dir='ltr'><strong>Nec</strong></span> <span class='ocrx_word' id='word_1_514' title='bbox 647 4504 793 4566; x_wconf 89' lang='lat' dir='ltr'><strong>dissimile</strong></span> <span class='ocrx_word' id='word_1_515' title='bbox 807 4515 861 4580; x_wconf 91' lang='lat' dir='ltr'><strong>est,</strong></span> <span class='ocrx_word' id='word_1_516' title='bbox 878 4507 959 4585; x_wconf 88' lang='lat' dir='ltr'><strong>quod</strong></span> <span class='ocrx_word' id='word_1_517' title='bbox 973 4514 1078 4568; x_wconf 77' lang='lat' dir='ltr'><strong>namet</strong></span> <span class='ocrx_word' id='word_1_518' title='bbox 1133 4510 1224 4581; x_wconf 91' lang='lat' dir='ltr'><strong>dunt,</strong></span> <span class='ocrx_word' id='word_1_519' title='bbox 1247 4517 1281 4569; x_wconf 90' lang='lat' dir='ltr'><strong>ut</strong></span> <span class='ocrx_word' id='word_1_520' title='bbox 1303 4528 1360 4569; x_wconf 86' lang='lat' dir='ltr'><strong>nee</strong></span> <span class='ocrx_word' id='word_1_521' title='bbox 1381 4508 1505 4584; x_wconf 83' lang='lat' dir='ltr'><strong>Graeca,</strong></span> <span class='ocrx_word' id='word_1_522' title='bbox 1531 4527 1611 4588; x_wconf 89' lang='lat' dir='ltr'><strong>quae</strong></span> <span class='ocrx_word' id='word_1_523' title='bbox 1631 4508 1675 4568; x_wconf 88' lang='lat' dir='ltr'><strong>sic</strong></span> <span class='ocrx_word' id='word_1_524' title='bbox 1697 4508 1827 4569; x_wconf 85' lang='lat' dir='ltr'><strong>babent:</strong></span> 
     </span>
     <span class='ocr_line' id='line_1_46' title="bbox 379 4590 1827 4676; baseline 0.001 -23"><span class='ocrx_word' id='word_1_525' title='bbox 379 4590 547 4668; x_wconf 70' lang='lat' dir='ltr'><strong>Gregorius</strong></span> <span class='ocrx_word' id='word_1_526' title='bbox 561 4590 612 4651; x_wconf 92' lang='lat' dir='ltr'><strong>lib.</strong></span> <span class='ocrx_word' id='word_1_527' title='bbox 629 4592 658 4651; x_wconf 84' lang='lat'><strong>3.</strong></span> <span class='ocrx_word' id='word_1_528' title='bbox 675 4590 797 4670; x_wconf 81' lang='lat' dir='ltr'><strong>dislogi,</strong></span> <span class='ocrx_word' id='word_1_529' title='bbox 820 4613 885 4671; x_wconf 90' lang='lat' dir='ltr'><strong>cap.</strong></span> <span class='ocrx_word' id='word_1_530' title='bbox 901 4595 962 4667; x_wconf 77' lang='lat'><strong>37,</strong></span> <span class='ocrx_word' id='word_1_531' title='bbox 985 4613 1077 4673; x_wconf 89' lang='lat' dir='ltr'><strong>quen·</strong></span> <span class='ocrx_word' id='word_1_532' title='bbox 1133 4598 1196 4676; x_wconf 81' lang='lat' dir='ltr'><strong>Qui</strong></span> <span class='ocrx_word' id='word_1_533' title='bbox 1210 4613 1285 4656; x_wconf 83' lang='lat' dir='ltr'><strong>vero</strong></span> <span class='ocrx_word' id='word_1_534' title='bbox 1300 4596 1445 4658; x_wconf 80' lang='lat' dir='ltr'><strong>babuerit</strong></span> <span class='ocrx_word' id='word_1_535' title='bbox 1457 4600 1576 4657; x_wconf 82' lang='lat' dir='ltr'><strong>vietum</strong></span> <span class='ocrx_word' id='word_1_536' title='bbox 1591 4595 1715 4671; x_wconf 79' lang='lat' dir='ltr'><strong>mundi,</strong></span> <span class='ocrx_word' id='word_1_537' title='bbox 1733 4604 1762 4656; x_wconf 87' lang='lat' dir='ltr'><strong>et</strong></span> <span class='ocrx_word' id='word_1_538' title='bbox 1777 4600 1827 4655; x_wconf 72' lang='lat' dir='ltr'><strong>m·-</strong></span> 
     </span>
     <span class='ocr_line' id='line_1_47' title="bbox 378 4677 1827 4760; baseline 0.003 -20"><span class='ocrx_word' id='word_1_539' title='bbox 378 4678 448 4740; x_wconf 78' lang='lat' dir='ltr'><strong>dum</strong></span> <span class='ocrx_word' id='word_1_540' title='bbox 458 4677 677 4758; x_wconf 85' lang='lat' dir='ltr'><strong>presbyterum,</strong></span> <span class='ocrx_word' id='word_1_541' title='bbox 695 4677 1005 4755; x_wconf 78' lang='lat' dir='ltr'><strong>sanctulumuomine,</strong></span> <span class='ocrx_word' id='word_1_542' title='bbox 1014 4700 1078 4741; x_wconf 90' lang='lat' dir='ltr'><strong>sese</strong></span> <span class='ocrx_word' id='word_1_543' title='bbox 1133 4684 1215 4743; x_wconf 81' lang='lat' dir='ltr'><strong>derit</strong></span> <span class='ocrx_word' id='word_1_544' title='bbox 1224 4684 1361 4759; x_wconf 72' lang='lat' dir='ltr'><strong>fratrem</strong></span> <span class='ocrx_word' id='word_1_545' title='bbox 1370 4702 1462 4745; x_wconf 80' lang='lat' dir='ltr'><strong>eumn</strong></span> <span class='ocrx_word' id='word_1_546' title='bbox 1474 4701 1555 4760; x_wconf 88' lang='lat' dir='ltr'><strong>opus</strong></span> <span class='ocrx_word' id='word_1_547' title='bbox 1563 4682 1739 4756; x_wconf 79' lang='lat' dir='ltr'><strong>bobeertem,</strong></span> <span class='ocrx_word' id='word_1_548' title='bbox 1752 4690 1827 4758; x_wconf 87' lang='lat' dir='ltr'><strong>ete.,·</strong></span> 
     </span>
     <span class='ocr_line' id='line_1_48' title="bbox 375 4763 1828 4849; baseline 0.006 -25"><span class='ocrx_word' id='word_1_549' title='bbox 375 4763 620 4829; x_wconf 78' lang='lat' dir='ltr'><strong>obtruncandum</strong></span> <span class='ocrx_word' id='word_1_550' title='bbox 637 4763 783 4826; x_wconf 90' lang='lat' dir='ltr'><strong>obtulisse</strong></span> <span class='ocrx_word' id='word_1_551' title='bbox 797 4785 852 4844; x_wconf 90' lang='lat' dir='ltr'><strong>pro</strong></span> <span class='ocrx_word' id='word_1_552' title='bbox 867 4765 1003 4839; x_wconf 88' lang='lat' dir='ltr'><strong>diacono,</strong></span> <span class='ocrx_word' id='word_1_553' title='bbox 1027 4768 1078 4849; x_wconf 89' lang='lat' dir='ltr'><strong>qui</strong></span> <span class='ocrx_word' id='word_1_554' title='bbox 1133 4770 1251 4829; x_wconf 79' lang='lat' dir='ltr'><strong>temetsi</strong></span> <span class='ocrx_word' id='word_1_555' title='bbox 1277 4777 1358 4830; x_wconf 89' lang='lat' dir='ltr'><strong>recte</strong></span> <span class='ocrx_word' id='word_1_556' title='bbox 1385 4779 1505 4830; x_wconf 80' lang='lat' dir='ltr'><strong>vertunt</strong></span> <span class='ocrx_word' id='word_1_557' title='bbox 1530 4770 1724 4848; x_wconf 61' lang='lat' dir='ltr'><strong>interpretem</strong></span> <span class='ocrx_word' id='word_1_558' title='bbox 1753 4772 1828 4831; x_wconf 88' lang='lat' dir='ltr'><strong>eub-</strong></span> 
     </span>
     <span class='ocr_line' id='line_1_49' title="bbox 371 4847 1826 4939; baseline 0.004 -27"><span class='ocrx_word' id='word_1_559' title='bbox 371 4867 391 4912; x_wconf 82' lang='lat' dir='ltr'><strong>s</strong></span> <span class='ocrx_word' id='word_1_560' title='bbox 418 4850 637 4931; x_wconf 80' lang='lat' dir='ltr'><strong>Lougobardis</strong></span> <span class='ocrx_word' id='word_1_561' title='bbox 668 4860 733 4911; x_wconf 87' lang='lat' dir='ltr'><strong>erat</strong></span> <span class='ocrx_word' id='word_1_562' title='bbox 758 4852 948 4939; x_wconf 84' lang='lat' dir='ltr'><strong>occidendus.</strong></span> <span class='ocrx_word' id='word_1_563' title='bbox 987 4852 1078 4934; x_wconf 79' lang='lat' dir='ltr'><strong>Quod</strong></span> <span class='ocrx_word' id='word_1_564' title='bbox 1131 4858 1303 4930; x_wconf 83' lang='lat' dir='ltr'><strong>atentiam,</strong></span> <span class='ocrx_word' id='word_1_565' title='bbox 1334 4856 1416 4935; x_wconf 89' lang='lat' dir='ltr'><strong>quod</strong></span> <span class='ocrx_word' id='word_1_566' title='bbox 1441 4855 1557 4916; x_wconf 85' lang='lat' dir='ltr'><strong>Graece</strong></span> <span class='ocrx_word' id='word_1_567' title='bbox 1585 4863 1646 4915; x_wconf 86' lang='lat' dir='ltr'><strong>est:</strong></span> <span class='ocrx_word' id='word_1_568' title='bbox 1679 4847 1731 4912; x_wconf 85' lang='grc' dir='ltr'><strong>τὸν</strong></span> <span class='ocrx_word' id='word_1_569' title='bbox 1752 4851 1826 4931; x_wconf 80' lang='grc' dir='ltr'><strong>βίον.</strong></span> 
     </span>
     <span class='ocr_line' id='line_1_50' title="bbox 371 4938 1825 5023; baseline 0.003 -24"><span class='ocrx_word' id='word_1_570' title='bbox 371 4942 444 5019; x_wconf 75' lang='lat' dir='ltr'><strong>ojus</strong></span> <span class='ocrx_word' id='word_1_571' title='bbox 460 4938 577 4998; x_wconf 79' lang='lat' dir='ltr'><strong>tactum</strong></span> <span class='ocrx_word' id='word_1_572' title='bbox 600 4938 759 5018; x_wconf 77' lang='lat' dir='ltr'><strong>magnifico</strong></span> <span class='ocrx_word' id='word_1_573' title='bbox 782 4938 894 5010; x_wconf 83' lang='lat' dir='ltr'><strong>laudat,</strong></span> <span class='ocrx_word' id='word_1_574' title='bbox 919 4940 1077 5012; x_wconf 78' lang='lat' dir='ltr'><strong>affirmans,</strong></span> <span class='ocrx_word' id='word_1_575' title='bbox 1132 4943 1211 5003; x_wconf 85' lang='lat' dir='ltr'><strong>Nam</strong></span> <span class='ocrx_word' id='word_1_576' title='bbox 1229 4962 1265 5002; x_wconf 85' lang='lat' dir='ltr'><strong>ea</strong></span> <span class='ocrx_word' id='word_1_577' title='bbox 1279 4963 1355 5004; x_wconf 86' lang='lat' dir='ltr'><strong>voce</strong></span> <span class='ocrx_word' id='word_1_578' title='bbox 1370 4952 1487 5023; x_wconf 88' lang='lat' dir='ltr'><strong>prseter</strong></span> <span class='ocrx_word' id='word_1_579' title='bbox 1502 4941 1563 5003; x_wconf 88' lang='lat' dir='ltr'><strong>alia</strong></span> <span class='ocrx_word' id='word_1_580' title='bbox 1576 4950 1639 5002; x_wconf 91' lang='lat' dir='ltr'><strong>tum</strong></span> <span class='ocrx_word' id='word_1_581' title='bbox 1655 4942 1752 5004; x_wconf 82' lang='lat' dir='ltr'><strong>rictus</strong></span> <span class='ocrx_word' id='word_1_582' title='bbox 1767 4946 1825 5021; x_wconf 82' lang='lat' dir='ltr'><strong>sig·</strong></span> 
     </span>
     <span class='ocr_line' id='line_1_51' title="bbox 371 5025 1825 5113; baseline 0.007 -30"><span class='ocrx_word' id='word_1_583' title='bbox 371 5039 445 5089; x_wconf 84' lang='lat' dir='ltr'><strong>sum</strong></span> <span class='ocrx_word' id='word_1_584' title='bbox 474 5025 680 5106; x_wconf 76' lang='lat' dir='ltr'><strong>praestitisse,</strong></span> <span class='ocrx_word' id='word_1_585' title='bbox 709 5025 791 5107; x_wconf 88' lang='lat' dir='ltr'><strong>quod</strong></span> <span class='ocrx_word' id='word_1_586' title='bbox 816 5027 873 5088; x_wconf 88' lang='lat' dir='ltr'><strong>boc</strong></span> <span class='ocrx_word' id='word_1_587' title='bbox 899 5027 966 5088; x_wconf 90' lang='lat' dir='ltr'><strong>loeo</strong></span> <span class='ocrx_word' id='word_1_588' title='bbox 991 5049 1075 5109; x_wconf 90' lang='lat' dir='ltr'><strong>prae·</strong></span> <span class='ocrx_word' id='word_1_589' title='bbox 1131 5031 1245 5091; x_wconf 83' lang='lat' dir='ltr'><strong>nificuri</strong></span> <span class='ocrx_word' id='word_1_590' title='bbox 1258 5031 1344 5104; x_wconf 80' lang='lat' dir='ltr'><strong>solet,</strong></span> <span class='ocrx_word' id='word_1_591' title='bbox 1358 5040 1421 5091; x_wconf 91' lang='lat' dir='ltr'><strong>tum</strong></span> <span class='ocrx_word' id='word_1_592' title='bbox 1432 5029 1612 5113; x_wconf 82' lang='lat' dir='ltr'><strong>generaliter</strong></span> <span class='ocrx_word' id='word_1_593' title='bbox 1625 5030 1734 5104; x_wconf 84' lang='lat' dir='ltr'><strong>omnia,</strong></span> <span class='ocrx_word' id='word_1_594' title='bbox 1747 5050 1825 5112; x_wconf 85' lang='lat' dir='ltr'><strong>quse</strong></span> 
     </span>
    </p>
   </div>
   <div class='ocr_carea' id='block_1_3' title="bbox 0 0 2226 5825">
    <p class='ocr_par' dir='ltr' id='par_1_3' title="bbox 0 0 2226 5825">
     <span class='ocr_line' id='line_1_52' title="bbox 0 0 2226 5825; baseline 0 3"><span class='ocrx_word' id='word_1_595' title='bbox 0 0 2226 5825; x_wconf 95' lang='lat' dir='ltr'><strong> </strong></span> 
     </span>
    </p>
   </div>
  </div>
 </body>
</html>
