<?xml version="1.0" encoding="UTF-8"?>
<!DOCTYPE html PUBLIC "-//W3C//DTD XHTML 1.0 Transitional//EN"
    "http://www.w3.org/TR/xhtml1/DTD/xhtml1-transitional.dtd">
<html xmlns="http://www.w3.org/1999/xhtml" xml:lang="en" lang="en">
 <head>
  <title>
</title>
<meta http-equiv="Content-Type" content="text/html;charset=utf-8" />
  <meta name='ocr-system' content='tesseract 3.04.00' />
  <meta name='ocr-capabilities' content='ocr_page ocr_carea ocr_par ocr_line ocrx_word'/>
</head>
<body>
  <div class='ocr_page' id='page_1' title='image "./guilielmiestiii01estigoog_0087.png"; bbox 0 0 4442 5825; ppageno 0'>
   <div class='ocr_carea' id='block_1_1' title="bbox 658 588 1684 668">
    <p class='ocr_par' dir='ltr' id='par_1_1' title="bbox 658 588 1684 668">
     <span class='ocr_line' id='line_1_1' title="bbox 658 588 1684 668; baseline -0.003 -20"><span class='ocrx_word' id='word_1_1' title='bbox 658 588 877 648; x_wconf 73' lang='lat' dir='ltr'><strong>morutium</strong></span> <span class='ocrx_word' id='word_1_2' title='bbox 896 592 1061 648; x_wconf 81' lang='lat' dir='ltr'><strong>mermes.</strong></span> <span class='ocrx_word' id='word_1_3' title='bbox 1088 592 1172 647; x_wconf 83' lang='lat' dir='ltr'><strong>vms.</strong></span> <span class='ocrx_word' id='word_1_4' title='bbox 1191 592 1275 646; x_wconf 81' lang='lat' dir='ltr'><strong>u.-e.</strong></span> <span class='ocrx_word' id='word_1_5' title='bbox 1639 602 1684 668; x_wconf 71' lang='grc' dir='ltr'>ῃ</span> 
     </span>
    </p>
   </div>
   <div class='ocr_carea' id='block_1_2' title="bbox 367 750 1706 5020">
    <p class='ocr_par' dir='ltr' id='par_1_2' title="bbox 367 750 1689 1198">
     <span class='ocr_line' id='line_1_2' title="bbox 367 750 1689 852; baseline 0.002 -22"><span class='ocrx_word' id='word_1_6' title='bbox 367 788 392 830; x_wconf 84' lang='lat' dir='ltr'><strong>ut</strong></span> <span class='ocrx_word' id='word_1_7' title='bbox 406 777 464 831; x_wconf 86' lang='lat' dir='ltr'><strong>ete.</strong></span> <span class='ocrx_word' id='word_1_8' title='bbox 479 770 569 843; x_wconf 78' lang='lat' dir='ltr'><strong>Nam,</strong></span> <span class='ocrx_word' id='word_1_9' title='bbox 584 779 618 831; x_wconf 91' lang='lat' dir='ltr'><strong>ut</strong></span> <span class='ocrx_word' id='word_1_10' title='bbox 632 769 743 832; x_wconf 85' lang='lat' dir='ltr'><strong>dietum</strong></span> <span class='ocrx_word' id='word_1_11' title='bbox 756 781 811 846; x_wconf 81' lang='lat' dir='ltr'><strong>eet,</strong></span> <span class='ocrx_word' id='word_1_12' title='bbox 824 771 863 832; x_wconf 76' lang='lat' dir='ltr'><strong>ed</strong></span> <span class='ocrx_word' id='word_1_13' title='bbox 875 791 940 852; x_wconf 88' lang='lat' dir='ltr'><strong>per·</strong></span> <span class='ocrx_word' id='word_1_14' title='bbox 994 771 1102 832; x_wconf 80' lang='lat' dir='ltr'><strong>hiuttb.</strong></span> <span class='ocrx_word' id='word_1_15' title='bbox 1119 773 1186 832; x_wconf 70' lang='lat'><strong>22:</strong></span> <span class='ocrx_word' id='word_1_16' title='bbox 1210 752 1375 849; x_wconf 68' lang='lat' dir='ltr'><strong>Quomodo</strong></span> <span class='ocrx_word' id='word_1_17' title='bbox 1390 750 1501 833; x_wconf 83' lang='lat' dir='ltr'><strong>David</strong></span> <span class='ocrx_word' id='word_1_18' title='bbox 1522 773 1559 833; x_wconf 81' lang='lat' dir='ltr'><strong>iu</strong></span> <span class='ocrx_word' id='word_1_19' title='bbox 1573 772 1689 847; x_wconf 62' lang='lat' dir='ltr'><strong>milito</strong></span> 
     </span>
     <span class='ocr_line' id='line_1_3' title="bbox 368 857 1689 939; baseline 0 -21"><span class='ocrx_word' id='word_1_20' title='bbox 368 858 444 918; x_wconf 74' lang='lat' dir='ltr'><strong>‚tium</strong></span> <span class='ocrx_word' id='word_1_21' title='bbox 460 858 595 918; x_wconf 74' lang='lat' dir='ltr'><strong>bortatur</strong></span> <span class='ocrx_word' id='word_1_22' title='bbox 608 859 774 932; x_wconf 72' lang='lat' dir='ltr'><strong>Hebraeos,</strong></span> <span class='ocrx_word' id='word_1_23' title='bbox 789 880 826 919; x_wconf 89' lang='lat' dir='ltr'><strong>ne</strong></span> <span class='ocrx_word' id='word_1_24' title='bbox 839 859 941 919; x_wconf 88' lang='lat' dir='ltr'><strong>inutile</strong></span> <span class='ocrx_word' id='word_1_25' title='bbox 996 866 1086 919; x_wconf 85' lang='lat' dir='ltr'><strong>vocat</strong></span> <span class='ocrx_word' id='word_1_26' title='bbox 1116 866 1185 918; x_wconf 79' lang='lat' dir='ltr'><strong>etim</strong></span> <span class='ocrx_word' id='word_1_27' title='bbox 1216 857 1416 919; x_wconf 82' lang='lat' dir='ltr'><strong>Dominum?</strong></span> <span class='ocrx_word' id='word_1_28' title='bbox 1461 857 1536 919; x_wconf 87' lang='lat' dir='ltr'><strong>Ideo</strong></span> <span class='ocrx_word' id='word_1_29' title='bbox 1572 876 1689 939; x_wconf 86' lang='lat' dir='ltr'><strong>nempe,</strong></span> 
     </span>
     <span class='ocr_line' id='line_1_4' title="bbox 383 942 1688 1026; baseline 0 -22"><span class='ocrx_word' id='word_1_30' title='bbox 383 942 465 1005; x_wconf 85' lang='lat' dir='ltr'><strong>hene</strong></span> <span class='ocrx_word' id='word_1_31' title='bbox 488 945 653 1025; x_wconf 78' lang='lat' dir='ltr'><strong>iuoepieu03</strong></span> <span class='ocrx_word' id='word_1_32' title='bbox 679 947 767 1025; x_wconf 78' lang='lat' dir='ltr'><strong>quati</strong></span> <span class='ocrx_word' id='word_1_33' title='bbox 790 945 886 1006; x_wconf 83' lang='lat' dir='ltr'><strong>dicet:</strong></span> <span class='ocrx_word' id='word_1_34' title='bbox 909 946 941 1006; x_wconf 87' lang='lat' dir='ltr'><strong>Si</strong></span> <span class='ocrx_word' id='word_1_35' title='bbox 995 948 1068 1026; x_wconf 83' lang='lat' dir='ltr'><strong>quiu</strong></span> <span class='ocrx_word' id='word_1_36' title='bbox 1082 965 1141 1005; x_wconf 90' lang='lat' dir='ltr'><strong>uon</strong></span> <span class='ocrx_word' id='word_1_37' title='bbox 1156 965 1176 1003; x_wconf 81' lang='lat' dir='ltr'><strong>e</strong></span> <span class='ocrx_word' id='word_1_38' title='bbox 1191 953 1285 1005; x_wconf 82' lang='lat' dir='ltr'><strong>semet</strong></span> <span class='ocrx_word' id='word_1_39' title='bbox 1301 948 1382 1025; x_wconf 78' lang='lat' dir='ltr'><strong>ipsiu,</strong></span> <span class='ocrx_word' id='word_1_40' title='bbox 1397 944 1451 1006; x_wconf 82' lang='lat' dir='ltr'><strong>ted</strong></span> <span class='ocrx_word' id='word_1_41' title='bbox 1463 965 1482 1005; x_wconf 82' lang='lat' dir='ltr'><strong>u</strong></span> <span class='ocrx_word' id='word_1_42' title='bbox 1492 945 1606 1026; x_wconf 82' lang='lat' dir='ltr'><strong>Spiritu</strong></span> <span class='ocrx_word' id='word_1_43' title='bbox 1620 964 1688 1004; x_wconf 81' lang='lat' dir='ltr'><strong>eun-</strong></span> 
     </span>
     <span class='ocr_line' id='line_1_5' title="bbox 368 1030 1688 1113; baseline 0 -21"><span class='ocrx_word' id='word_1_44' title='bbox 368 1032 599 1104; x_wconf 71' lang='lat' dir='ltr'><strong>mutaveritis,</strong></span> <span class='ocrx_word' id='word_1_45' title='bbox 621 1032 745 1113; x_wconf 79' lang='lat' dir='ltr'><strong>perinde</strong></span> <span class='ocrx_word' id='word_1_46' title='bbox 769 1031 855 1093; x_wconf 81' lang='lat' dir='ltr'><strong>vobin</strong></span> <span class='ocrx_word' id='word_1_47' title='bbox 877 1033 940 1104; x_wconf 90' lang='lat' dir='ltr'><strong>erit,</strong></span> <span class='ocrx_word' id='word_1_48' title='bbox 995 1040 1048 1093; x_wconf 83' lang='lat' dir='ltr'><strong>uto</strong></span> <span class='ocrx_word' id='word_1_49' title='bbox 1059 1032 1205 1113; x_wconf 72' lang='lat' dir='ltr'><strong>inspirati,</strong></span> <span class='ocrx_word' id='word_1_50' title='bbox 1221 1031 1312 1092; x_wconf 86' lang='lat' dir='ltr'><strong>locuti</strong></span> <span class='ocrx_word' id='word_1_51' title='bbox 1326 1039 1398 1093; x_wconf 82' lang='lat' dir='ltr'><strong>suut</strong></span> <span class='ocrx_word' id='word_1_52' title='bbox 1412 1033 1509 1093; x_wconf 80' lang='lat' dir='ltr'><strong>teneti</strong></span> <span class='ocrx_word' id='word_1_53' title='bbox 1525 1032 1586 1093; x_wconf 89' lang='lat' dir='ltr'><strong>Dei</strong></span> <span class='ocrx_word' id='word_1_54' title='bbox 1597 1030 1688 1092; x_wconf 89' lang='lat' dir='ltr'><strong>homi·</strong></span> 
     </span>
     <span class='ocr_line' id='line_1_6' title="bbox 367 1118 1232 1198; baseline 0.001 -22"><span class='ocrx_word' id='word_1_55' title='bbox 367 1118 375 1177; x_wconf 96' lang='lat' dir='ltr'><strong>i</strong></span> <span class='ocrx_word' id='word_1_56' title='bbox 389 1136 555 1198; x_wconf 68' lang='lat' dir='ltr'><strong>numquam</strong></span> <span class='ocrx_word' id='word_1_57' title='bbox 570 1118 688 1180; x_wconf 76' lang='lat' dir='ltr'><strong>fueritis</strong></span> <span class='ocrx_word' id='word_1_58' title='bbox 704 1118 806 1179; x_wconf 79' lang='lat' dir='ltr'><strong>domur</strong></span> <span class='ocrx_word' id='word_1_59' title='bbox 821 1120 890 1180; x_wconf 91' lang='lat' dir='ltr'><strong>Dei.</strong></span> <span class='ocrx_word' id='word_1_60' title='bbox 945 1170 948 1175; x_wconf 88' lang='lat'>.</span> <span class='ocrx_word' id='word_1_61' title='bbox 994 1137 1056 1179; x_wconf 86' lang='lat' dir='ltr'><strong>nee.</strong></span> <span class='ocrx_word' id='word_1_62' title='bbox 1073 1123 1091 1180; x_wconf 79' lang='lat'><strong>2</strong></span> <span class='ocrx_word' id='word_1_63' title='bbox 1107 1119 1187 1179; x_wconf 90' lang='lat' dir='ltr'><strong>Petr.</strong></span> <span class='ocrx_word' id='word_1_64' title='bbox 1206 1122 1232 1178; x_wconf 96' lang='lat'><strong>1.</strong></span> 
     </span>
    </p>

    <p class='ocr_par' dir='ltr' id='par_1_3' title="bbox 368 1204 1706 2156">
     <span class='ocr_line' id='line_1_7' title="bbox 368 1204 1689 1287; baseline -0.003 -18"><span class='ocrx_word' id='word_1_65' title='bbox 368 1252 371 1269; x_wconf 91' lang='lat'>.</span> <span class='ocrx_word' id='word_1_66' title='bbox 394 1207 451 1285; x_wconf 86' lang='lat' dir='ltr'><strong>qui</strong></span> <span class='ocrx_word' id='word_1_67' title='bbox 461 1206 639 1285; x_wconf 80' lang='lat' dir='ltr'><strong>Apostolum</strong></span> <span class='ocrx_word' id='word_1_68' title='bbox 653 1208 889 1287; x_wconf 71' lang='lat' dir='ltr'>interpretentur</span> <span class='ocrx_word' id='word_1_69' title='bbox 903 1204 942 1266; x_wconf 91' lang='lat' dir='ltr'><strong>de</strong></span> <span class='ocrx_word' id='word_1_70' title='bbox 1039 1205 1068 1264; x_wconf 86' lang='grc'><strong>8.</strong></span> <span class='ocrx_word' id='word_1_71' title='bbox 1098 1204 1203 1266; x_wconf 79' lang='lat' dir='ltr'><strong>Hodie</strong></span> <span class='ocrx_word' id='word_1_72' title='bbox 1228 1207 1255 1266; x_wconf 74' lang='lat' dir='ltr'><strong>ei</strong></span> <span class='ocrx_word' id='word_1_73' title='bbox 1283 1223 1386 1266; x_wconf 82' lang='lat' dir='ltr'><strong>uocem</strong></span> <span class='ocrx_word' id='word_1_74' title='bbox 1409 1206 1491 1281; x_wconf 74' lang='lat' dir='ltr'><strong>eju·</strong></span> <span class='ocrx_word' id='word_1_75' title='bbox 1512 1205 1689 1279; x_wconf 69' lang='lat' dir='ltr'><strong>audieritis,</strong></span> 
     </span>
     <span class='ocr_line' id='line_1_8' title="bbox 368 1290 1690 1374; baseline 0.001 -23"><span class='ocrx_word' id='word_1_76' title='bbox 368 1291 458 1364; x_wconf 62' lang='lat' dir='ltr'><strong>abili,</strong></span> <span class='ocrx_word' id='word_1_77' title='bbox 474 1303 506 1353; x_wconf 88' lang='lat' dir='ltr'><strong>et</strong></span> <span class='ocrx_word' id='word_1_78' title='bbox 520 1312 586 1353; x_wconf 85' lang='lat' dir='ltr'><strong>cum</strong></span> <span class='ocrx_word' id='word_1_79' title='bbox 599 1291 941 1374; x_wconf 77' lang='lat' dir='ltr'><strong>Christopermuururu3</strong></span> <span class='ocrx_word' id='word_1_80' title='bbox 994 1291 1094 1352; x_wconf 81' lang='lat' dir='ltr'><strong>nolite</strong></span> <span class='ocrx_word' id='word_1_81' title='bbox 1125 1291 1284 1353; x_wconf 77' lang='lat' dir='ltr'><strong>obdurare</strong></span> <span class='ocrx_word' id='word_1_82' title='bbox 1312 1294 1410 1353; x_wconf 80' lang='lat' dir='ltr'><strong>eorda</strong></span> <span class='ocrx_word' id='word_1_83' title='bbox 1442 1298 1552 1353; x_wconf 70' lang='lat' dir='ltr'><strong>uestra.</strong></span> <span class='ocrx_word' id='word_1_84' title='bbox 1585 1290 1690 1352; x_wconf 82' lang='lat' dir='ltr'><strong>Refert</strong></span> 
     </span>
     <span class='ocr_line' id='line_1_9' title="bbox 375 1378 1689 1460; baseline -0.002 -20"><span class='ocrx_word' id='word_1_85' title='bbox 375 1397 484 1440; x_wconf 77' lang='grc' dir='ltr'><strong>ιοιιιιιι</strong></span> <span class='ocrx_word' id='word_1_86' title='bbox 499 1381 677 1460; x_wconf 80' lang='lat' dir='ltr'><strong>principium</strong></span> <span class='ocrx_word' id='word_1_87' title='bbox 691 1389 796 1460; x_wconf 87' lang='lat' dir='ltr'><strong>petere</strong></span> <span class='ocrx_word' id='word_1_88' title='bbox 811 1378 941 1440; x_wconf 85' lang='lat' dir='ltr'><strong>videtur.</strong></span> <span class='ocrx_word' id='word_1_89' title='bbox 995 1379 1162 1459; x_wconf 73' lang='lat' dir='ltr'><strong>Apostolus</strong></span> <span class='ocrx_word' id='word_1_90' title='bbox 1178 1378 1252 1439; x_wconf 73' lang='lat' dir='ltr'><strong>haee</strong></span> <span class='ocrx_word' id='word_1_91' title='bbox 1266 1378 1367 1454; x_wconf 83' lang='lat' dir='ltr'><strong>verbu,</strong></span> <span class='ocrx_word' id='word_1_92' title='bbox 1382 1400 1443 1440; x_wconf 92' lang='lat' dir='ltr'><strong>non</strong></span> <span class='ocrx_word' id='word_1_93' title='bbox 1458 1387 1492 1439; x_wconf 91' lang='lat' dir='ltr'><strong>ut</strong></span> <span class='ocrx_word' id='word_1_94' title='bbox 1503 1378 1583 1439; x_wconf 69' lang='lat' dir='ltr'><strong>dieta</strong></span> <span class='ocrx_word' id='word_1_95' title='bbox 1597 1397 1689 1457; x_wconf 76' lang='lat' dir='ltr'><strong>gene</strong></span> 
     </span>
     <span class='ocr_line' id='line_1_10' title="bbox 369 1464 1690 1546; baseline 0.002 -21"><span class='ocrx_word' id='word_1_96' title='bbox 369 1487 376 1525; x_wconf 89' lang='grc' dir='ltr'><strong>ι</strong></span> <span class='ocrx_word' id='word_1_97' title='bbox 402 1475 504 1527; x_wconf 70' lang='lat' dir='ltr'><strong>tutem</strong></span> <span class='ocrx_word' id='word_1_98' title='bbox 531 1485 650 1527; x_wconf 80' lang='lat' dir='ltr'><strong>ueueum</strong></span> <span class='ocrx_word' id='word_1_99' title='bbox 671 1467 825 1527; x_wconf 80' lang='lat' dir='ltr'><strong>confirmet</strong></span> <span class='ocrx_word' id='word_1_100' title='bbox 846 1484 942 1527; x_wconf 85' lang='lat' dir='ltr'><strong>eermu</strong></span> <span class='ocrx_word' id='word_1_101' title='bbox 995 1465 1099 1527; x_wconf 77' lang='lat' dir='ltr'><strong>ruliter</strong></span> <span class='ocrx_word' id='word_1_102' title='bbox 1123 1464 1163 1525; x_wconf 79' lang='lat' dir='ltr'><strong>ud</strong></span> <span class='ocrx_word' id='word_1_103' title='bbox 1186 1484 1290 1527; x_wconf 75' lang='lat' dir='ltr'><strong>omnus</strong></span> <span class='ocrx_word' id='word_1_104' title='bbox 1310 1468 1527 1545; x_wconf 75' lang='lat' dir='ltr'><strong>cujuscumque</strong></span> <span class='ocrx_word' id='word_1_105' title='bbox 1548 1465 1690 1546; x_wconf 85' lang='lat' dir='ltr'><strong>temporit</strong></span> 
     </span>
     <span class='ocr_line' id='line_1_11' title="bbox 369 1549 1689 1634; baseline -0.001 -21"><span class='ocrx_word' id='word_1_106' title='bbox 369 1553 464 1627; x_wconf 80' lang='lat' dir='ltr'><strong>imilit,</strong></span> <span class='ocrx_word' id='word_1_107' title='bbox 488 1553 567 1613; x_wconf 83' lang='lat' dir='ltr'><strong>inire</strong></span> <span class='ocrx_word' id='word_1_108' title='bbox 581 1554 638 1613; x_wconf 91' lang='lat' dir='ltr'><strong>boo</strong></span> <span class='ocrx_word' id='word_1_109' title='bbox 661 1573 743 1634; x_wconf 80' lang='lat' dir='ltr'><strong>cup:</strong></span> <span class='ocrx_word' id='word_1_110' title='bbox 767 1555 943 1630; x_wconf 71' lang='lat' dir='ltr'><strong>Pultieipet</strong></span> <span class='ocrx_word' id='word_1_111' title='bbox 996 1552 1141 1625; x_wconf 69' lang='lat' dir='ltr'><strong>ludaeos,</strong></span> <span class='ocrx_word' id='word_1_112' title='bbox 1164 1561 1216 1612; x_wconf 80' lang='lat' dir='ltr'><strong>aut</strong></span> <span class='ocrx_word' id='word_1_113' title='bbox 1239 1555 1409 1633; x_wconf 71' lang='lat' dir='ltr'><strong>generalius</strong></span> <span class='ocrx_word' id='word_1_114' title='bbox 1424 1551 1464 1614; x_wconf 78' lang='lat' dir='ltr'><strong>ed</strong></span> <span class='ocrx_word' id='word_1_115' title='bbox 1479 1571 1581 1613; x_wconf 75' lang='lat' dir='ltr'><strong>omues</strong></span> <span class='ocrx_word' id='word_1_116' title='bbox 1596 1549 1689 1613; x_wconf 88' lang='lat' dir='ltr'><strong>homi·</strong></span> 
     </span>
     <span class='ocr_line' id='line_1_12' title="bbox 369 1636 1706 1720; baseline -0.001 -21"><span class='ocrx_word' id='word_1_117' title='bbox 369 1640 465 1701; x_wconf 74' lang='lat' dir='ltr'><strong>hn&#39;sti</strong></span> <span class='ocrx_word' id='word_1_118' title='bbox 480 1641 581 1718; x_wconf 68' lang='lat' dir='ltr'><strong>effecti</strong></span> <span class='ocrx_word' id='word_1_119' title='bbox 594 1658 709 1713; x_wconf 72' lang='lat' dir='ltr'><strong>mmet,</strong></span> <span class='ocrx_word' id='word_1_120' title='bbox 724 1644 751 1701; x_wconf 81' lang='grc' dir='ltr'><strong>ιι·</strong></span> <span class='ocrx_word' id='word_1_121' title='bbox 766 1647 872 1701; x_wconf 82' lang='lat' dir='ltr'><strong>tumen</strong></span> <span class='ocrx_word' id='word_1_122' title='bbox 889 1649 942 1700; x_wconf 82' lang='lat' dir='ltr'><strong>ete</strong></span> <span class='ocrx_word' id='word_1_123' title='bbox 995 1660 1056 1714; x_wconf 84' lang='lat' dir='ltr'><strong>nes,</strong></span> <span class='ocrx_word' id='word_1_124' title='bbox 1072 1637 1184 1712; x_wconf 78' lang='lat' dir='ltr'><strong>redut</strong></span> <span class='ocrx_word' id='word_1_125' title='bbox 1203 1642 1340 1720; x_wconf 82' lang='lat' dir='ltr'><strong>ruperim</strong></span> <span class='ocrx_word' id='word_1_126' title='bbox 1354 1640 1493 1714; x_wconf 73' lang='lat' dir='ltr'><strong>iudicavi,</strong></span> <span class='ocrx_word' id='word_1_127' title='bbox 1516 1637 1556 1700; x_wconf 80' lang='lat' dir='ltr'><strong>ed</strong></span> <span class='ocrx_word' id='word_1_128' title='bbox 1570 1636 1706 1699; x_wconf 71' lang='lat' dir='ltr'><strong>Israeli·</strong></span> 
     </span>
     <span class='ocr_line' id='line_1_13' title="bbox 369 1725 1691 1809; baseline 0 -24"><span class='ocrx_word' id='word_1_129' title='bbox 369 1734 489 1809; x_wconf 72' lang='lat' dir='ltr'><strong>utruque</strong></span> <span class='ocrx_word' id='word_1_130' title='bbox 504 1736 604 1788; x_wconf 87' lang='lat' dir='ltr'><strong>eutem</strong></span> <span class='ocrx_word' id='word_1_131' title='bbox 628 1729 786 1801; x_wconf 70' lang='lat' dir='ltr'><strong>sententie,</strong></span> <span class='ocrx_word' id='word_1_132' title='bbox 810 1729 888 1788; x_wconf 83' lang='lat' dir='ltr'><strong>sieut</strong></span> <span class='ocrx_word' id='word_1_133' title='bbox 913 1733 944 1788; x_wconf 88' lang='lat' dir='ltr'><strong>et</strong></span> <span class='ocrx_word' id='word_1_134' title='bbox 995 1734 1050 1800; x_wconf 85' lang='lat' dir='ltr'><strong>tue,</strong></span> <span class='ocrx_word' id='word_1_135' title='bbox 1066 1727 1118 1808; x_wconf 88' lang='lat' dir='ltr'><strong>qui</strong></span> <span class='ocrx_word' id='word_1_136' title='bbox 1129 1736 1212 1787; x_wconf 80' lang='lat' dir='ltr'><strong>erunt</strong></span> <span class='ocrx_word' id='word_1_137' title='bbox 1223 1736 1357 1809; x_wconf 87' lang='lat' dir='ltr'><strong>tempore</strong></span> <span class='ocrx_word' id='word_1_138' title='bbox 1368 1725 1506 1790; x_wconf 77' lang='lat' dir='ltr'><strong>Devidie.</strong></span> <span class='ocrx_word' id='word_1_139' title='bbox 1519 1725 1598 1786; x_wconf 76' lang='lat' dir='ltr'><strong>Tule</strong></span> <span class='ocrx_word' id='word_1_140' title='bbox 1610 1725 1691 1787; x_wconf 89' lang='lat' dir='ltr'><strong>enim</strong></span> 
     </span>
     <span class='ocr_line' id='line_1_14' title="bbox 369 1811 1690 1894; baseline 0 -22"><span class='ocrx_word' id='word_1_141' title='bbox 369 1812 435 1873; x_wconf 82' lang='lat' dir='ltr'><strong>ibue</strong></span> <span class='ocrx_word' id='word_1_142' title='bbox 447 1814 685 1894; x_wconf 81' lang='lat' dir='ltr'><strong>Scripturie,noe</strong></span> <span class='ocrx_word' id='word_1_143' title='bbox 698 1816 735 1878; x_wconf 87' lang='lat' dir='ltr'><strong>od</strong></span> <span class='ocrx_word' id='word_1_144' title='bbox 750 1833 941 1894; x_wconf 75' lang='lat' dir='ltr'><strong>perseverum·</strong></span> <span class='ocrx_word' id='word_1_145' title='bbox 996 1820 1057 1888; x_wconf 83' lang='lat' dir='ltr'><strong>eut,</strong></span> <span class='ocrx_word' id='word_1_146' title='bbox 1084 1811 1167 1894; x_wconf 88' lang='lat' dir='ltr'><strong>quod</strong></span> <span class='ocrx_word' id='word_1_147' title='bbox 1192 1811 1280 1874; x_wconf 86' lang='lat' dir='ltr'><strong>dieit:</strong></span> <span class='ocrx_word' id='word_1_148' title='bbox 1311 1814 1396 1875; x_wconf 84' lang='lat' dir='ltr'><strong>Siout</strong></span> <span class='ocrx_word' id='word_1_149' title='bbox 1420 1814 1467 1874; x_wconf 81' lang='lat' dir='ltr'><strong>bie</strong></span> <span class='ocrx_word' id='word_1_150' title='bbox 1489 1813 1592 1874; x_wconf 76' lang='lat' dir='ltr'><strong>verbio</strong></span> <span class='ocrx_word' id='word_1_151' title='bbox 1618 1812 1690 1872; x_wconf 89' lang='lat' dir='ltr'><strong>olim</strong></span> 
     </span>
     <span class='ocr_line' id='line_1_15' title="bbox 370 1898 1691 1981; baseline -0.001 -20"><span class='ocrx_word' id='word_1_152' title='bbox 370 1898 569 1975; x_wconf 70' lang='lat' dir='ltr'>hortantibus,</span> <span class='ocrx_word' id='word_1_153' title='bbox 586 1901 751 1963; x_wconf 82' lang='lat' dir='ltr'><strong>elerieeime</strong></span> <span class='ocrx_word' id='word_1_154' title='bbox 766 1900 944 1963; x_wconf 86' lang='lat' dir='ltr'><strong>refelluntur</strong></span> <span class='ocrx_word' id='word_1_155' title='bbox 995 1898 1125 1980; x_wconf 79' lang='lat' dir='ltr'>Spiritus</span> <span class='ocrx_word' id='word_1_156' title='bbox 1148 1908 1269 1960; x_wconf 82' lang='lat' dir='ltr'><strong>oeuutuu</strong></span> <span class='ocrx_word' id='word_1_157' title='bbox 1292 1921 1346 1981; x_wconf 88' lang='lat' dir='ltr'><strong>per</strong></span> <span class='ocrx_word' id='word_1_158' title='bbox 1361 1899 1512 1963; x_wconf 69' lang='lat' dir='ltr'><strong>Davidem</strong></span> <span class='ocrx_word' id='word_1_159' title='bbox 1535 1898 1691 1961; x_wconf 69' lang='lat' dir='ltr'><strong>admonuit</strong></span> 
     </span>
     <span class='ocr_line' id='line_1_16' title="bbox 369 1986 1689 2156; baseline -0.011 -22"><span class='ocrx_word' id='word_1_160' title='bbox 369 1989 781 2156; x_wconf 62' lang='lat' dir='ltr'><strong>attitttttsstt</strong></span> <span class='ocrx_word' id='word_1_161' title='bbox 792 1988 942 2136; x_wconf 63' lang='lat' dir='ltr'><strong>{llll</strong></span> <span class='ocrx_word' id='word_1_162' title='bbox 994 1986 1689 2154; x_wconf 59' lang='lat' dir='ltr'><strong>ttlttlllllmtltt&#39;tltllt:</strong></span> 
     </span>
    </p>

    <p class='ocr_par' dir='ltr' id='par_1_4' title="bbox 773 2121 1509 2153">
     <span class='ocr_line' id='line_1_17' title="bbox 773 2121 1509 2153; baseline 0.005 -5"><span class='ocrx_word' id='word_1_163' title='bbox 773 2122 779 2148; x_wconf 84' lang='lat' dir='ltr'><strong>t</strong></span> <span class='ocrx_word' id='word_1_164' title='bbox 1344 2121 1353 2150; x_wconf 79' lang='lat' dir='ltr'><strong>l</strong></span> <span class='ocrx_word' id='word_1_165' title='bbox 1505 2145 1509 2153; x_wconf 85' lang='lat'><em>.</em></span> 
     </span>
    </p>

    <p class='ocr_par' dir='ltr' id='par_1_5' title="bbox 370 2159 1691 2678">
     <span class='ocr_line' id='line_1_18' title="bbox 370 2159 1689 2243; baseline 0.002 -23"><span class='ocrx_word' id='word_1_166' title='bbox 370 2179 392 2221; x_wconf 86' lang='lat' dir='ltr'><strong>e</strong></span> <span class='ocrx_word' id='word_1_167' title='bbox 406 2159 615 2222; x_wconf 73' lang='lat' dir='ltr'><strong>Christianum</strong></span> <span class='ocrx_word' id='word_1_168' title='bbox 638 2172 719 2224; x_wconf 81' lang='lat' dir='ltr'><strong>certo</strong></span> <span class='ocrx_word' id='word_1_169' title='bbox 742 2162 865 2223; x_wconf 86' lang='lat' dir='ltr'><strong>eredere</strong></span> <span class='ocrx_word' id='word_1_170' title='bbox 888 2162 938 2222; x_wconf 91' lang='lat' dir='ltr'><strong>de·</strong></span> <span class='ocrx_word' id='word_1_171' title='bbox 994 2180 1059 2233; x_wconf 87' lang='lat' dir='ltr'><strong>neo,</strong></span> <span class='ocrx_word' id='word_1_172' title='bbox 1083 2160 1226 2221; x_wconf 88' lang='lat' dir='ltr'><strong>videlicet</strong></span> <span class='ocrx_word' id='word_1_173' title='bbox 1245 2161 1318 2223; x_wconf 83' lang='lat' dir='ltr'><strong>meir</strong></span> <span class='ocrx_word' id='word_1_174' title='bbox 1340 2163 1441 2224; x_wconf 82' lang='lat' dir='ltr'><strong>verbio</strong></span> <span class='ocrx_word' id='word_1_175' title='bbox 1465 2160 1543 2223; x_wconf 74' lang='lat' dir='ltr'><strong>inire</strong></span> <span class='ocrx_word' id='word_1_176' title='bbox 1564 2162 1689 2243; x_wconf 76' lang='lat' dir='ltr'><strong>potitis:</strong></span> 
     </span>
     <span class='ocr_line' id='line_1_19' title="bbox 370 2247 1691 2331; baseline -0.001 -21"><span class='ocrx_word' id='word_1_177' title='bbox 370 2247 434 2310; x_wconf 86' lang='lat' dir='ltr'><strong>uod</strong></span> <span class='ocrx_word' id='word_1_178' title='bbox 455 2250 495 2309; x_wconf 78' lang='lat' dir='ltr'><strong>eit</strong></span> <span class='ocrx_word' id='word_1_179' title='bbox 517 2248 772 2328; x_wconf 67' lang='lat' dir='ltr'><strong>praedestinatur,</strong></span> <span class='ocrx_word' id='word_1_180' title='bbox 799 2258 829 2310; x_wconf 89' lang='lat' dir='ltr'><strong>et</strong></span> <span class='ocrx_word' id='word_1_181' title='bbox 849 2250 941 2309; x_wconf 86' lang='lat' dir='ltr'><strong>ritum</strong></span> <span class='ocrx_word' id='word_1_182' title='bbox 1001 2249 1128 2323; x_wconf 77' lang='lat' dir='ltr'><strong>Videte,</strong></span> <span class='ocrx_word' id='word_1_183' title='bbox 1153 2250 1290 2328; x_wconf 69' lang='lat' dir='ltr'><strong>fratrer,</strong></span> <span class='ocrx_word' id='word_1_184' title='bbox 1316 2268 1357 2310; x_wconf 78' lang='lat' dir='ltr'><strong>ne</strong></span> <span class='ocrx_word' id='word_1_185' title='bbox 1380 2250 1467 2327; x_wconf 71' lang='lat' dir='ltr'><strong>forte</strong></span> <span class='ocrx_word' id='word_1_186' title='bbox 1489 2256 1545 2308; x_wconf 85' lang='lat' dir='ltr'><strong>ete.</strong></span> <span class='ocrx_word' id='word_1_187' title='bbox 1579 2248 1691 2331; x_wconf 73' lang='lat' dir='ltr'><strong>Itaque</strong></span> 
     </span>
     <span class='ocr_line' id='line_1_20' title="bbox 370 2334 1689 2418; baseline -0.001 -21"><span class='ocrx_word' id='word_1_188' title='bbox 370 2356 399 2397; x_wconf 88' lang='lat' dir='ltr'><strong>m</strong></span> <span class='ocrx_word' id='word_1_189' title='bbox 420 2335 586 2397; x_wconf 72' lang='lat' dir='ltr'><strong>habiturus.</strong></span> <span class='ocrx_word' id='word_1_190' title='bbox 610 2336 762 2418; x_wconf 72' lang='lat' dir='ltr'><strong>Quorsum</strong></span> <span class='ocrx_word' id='word_1_191' title='bbox 785 2338 865 2398; x_wconf 88' lang='lat' dir='ltr'><strong>enim</strong></span> <span class='ocrx_word' id='word_1_192' title='bbox 888 2355 940 2396; x_wconf 90' lang='lat' dir='ltr'><strong>ex·</strong></span> <span class='ocrx_word' id='word_1_193' title='bbox 994 2334 1170 2397; x_wconf 75' lang='lat' dir='ltr'><strong>adverbium</strong></span> <span class='ocrx_word' id='word_1_194' title='bbox 1193 2335 1285 2396; x_wconf 81' lang='lat' dir='ltr'><strong>bodie</strong></span> <span class='ocrx_word' id='word_1_195' title='bbox 1300 2335 1339 2396; x_wconf 92' lang='lat' dir='ltr'><strong>de</strong></span> <span class='ocrx_word' id='word_1_196' title='bbox 1360 2336 1465 2397; x_wconf 89' lang='lat' dir='ltr'><strong>eodem</strong></span> <span class='ocrx_word' id='word_1_197' title='bbox 1487 2343 1620 2416; x_wconf 89' lang='lat' dir='ltr'><strong>tempore</strong></span> <span class='ocrx_word' id='word_1_198' title='bbox 1636 2354 1689 2396; x_wconf 91' lang='lat' dir='ltr'><strong>ex·</strong></span> 
     </span>
     <span class='ocr_line' id='line_1_21' title="bbox 370 2420 1690 2506; baseline 0 -23"><span class='ocrx_word' id='word_1_199' title='bbox 370 2454 383 2497; x_wconf 70' lang='grc' dir='ltr'><strong>ι,</strong></span> <span class='ocrx_word' id='word_1_200' title='bbox 406 2442 448 2483; x_wconf 87' lang='lat' dir='ltr'><strong>ne</strong></span> <span class='ocrx_word' id='word_1_201' title='bbox 463 2424 594 2497; x_wconf 75' lang='lat' dir='ltr'><strong>amittae,</strong></span> <span class='ocrx_word' id='word_1_202' title='bbox 616 2423 697 2506; x_wconf 91' lang='lat' dir='ltr'><strong>quod</strong></span> <span class='ocrx_word' id='word_1_203' title='bbox 719 2425 859 2484; x_wconf 85' lang='lat' dir='ltr'><strong>emittere</strong></span> <span class='ocrx_word' id='word_1_204' title='bbox 881 2442 941 2484; x_wconf 87' lang='lat' dir='ltr'><strong>neu</strong></span> <span class='ocrx_word' id='word_1_205' title='bbox 994 2420 1166 2503; x_wconf 89' lang='lat' dir='ltr'><strong>ponendum</strong></span> <span class='ocrx_word' id='word_1_206' title='bbox 1193 2428 1252 2498; x_wconf 79' lang='lat' dir='ltr'><strong>eet3</strong></span> <span class='ocrx_word' id='word_1_207' title='bbox 1283 2443 1319 2484; x_wconf 84' lang='lat' dir='ltr'><strong>uo</strong></span> <span class='ocrx_word' id='word_1_208' title='bbox 1344 2421 1471 2484; x_wconf 72' lang='lat' dir='ltr'><strong>tortasse</strong></span> <span class='ocrx_word' id='word_1_209' title='bbox 1496 2423 1625 2502; x_wconf 83' lang='lat' dir='ltr'><strong>pertinet</strong></span> <span class='ocrx_word' id='word_1_210' title='bbox 1650 2420 1690 2483; x_wconf 74' lang='lat' dir='ltr'><strong>ud</strong></span> 
     </span>
     <span class='ocr_line' id='line_1_22' title="bbox 371 2507 1691 2591; baseline 0.002 -22"><span class='ocrx_word' id='word_1_211' title='bbox 371 2507 518 2591; x_wconf 88' lang='lat' dir='ltr'><strong>quodque</strong></span> <span class='ocrx_word' id='word_1_212' title='bbox 540 2517 620 2570; x_wconf 79' lang='lat' dir='ltr'><strong>uerte</strong></span> <span class='ocrx_word' id='word_1_213' title='bbox 641 2510 805 2572; x_wconf 82' lang='lat' dir='ltr'><strong>fidetenus</strong></span> <span class='ocrx_word' id='word_1_214' title='bbox 828 2520 859 2571; x_wconf 91' lang='lat' dir='ltr'><strong>te</strong></span> <span class='ocrx_word' id='word_1_215' title='bbox 881 2530 942 2569; x_wconf 91' lang='lat' dir='ltr'><strong>nou</strong></span> <span class='ocrx_word' id='word_1_216' title='bbox 995 2519 1109 2570; x_wconf 89' lang='lat' dir='ltr'><strong>eertum</strong></span> <span class='ocrx_word' id='word_1_217' title='bbox 1136 2508 1285 2591; x_wconf 83' lang='lat' dir='ltr'><strong>quendem</strong></span> <span class='ocrx_word' id='word_1_218' title='bbox 1312 2508 1407 2584; x_wconf 90' lang='lat' dir='ltr'><strong>diem,</strong></span> <span class='ocrx_word' id='word_1_219' title='bbox 1433 2528 1493 2590; x_wconf 89' lang='lat' dir='ltr'><strong>quo</strong></span> <span class='ocrx_word' id='word_1_220' title='bbox 1519 2508 1559 2569; x_wconf 77' lang='lat' dir='ltr'><strong>ud</strong></span> <span class='ocrx_word' id='word_1_221' title='bbox 1579 2507 1691 2571; x_wconf 84' lang='lat' dir='ltr'><strong>loetum</strong></span> 
     </span>
     <span class='ocr_line' id='line_1_23' title="bbox 371 2595 1688 2678; baseline 0.001 -21"><span class='ocrx_word' id='word_1_222' title='bbox 371 2595 447 2657; x_wconf 74' lang='lat' dir='ltr'><strong>um?</strong></span> <span class='ocrx_word' id='word_1_223' title='bbox 472 2595 564 2657; x_wconf 86' lang='lat' dir='ltr'><strong>Unde</strong></span> <span class='ocrx_word' id='word_1_224' title='bbox 579 2597 727 2678; x_wconf 73' lang='lat' dir='ltr'><strong>stupende</strong></span> <span class='ocrx_word' id='word_1_225' title='bbox 743 2608 790 2659; x_wconf 81' lang='lat' dir='ltr'><strong>eut</strong></span> <span class='ocrx_word' id='word_1_226' title='bbox 804 2598 941 2659; x_wconf 73' lang='lat' dir='ltr'><strong>ueettrio-</strong></span> <span class='ocrx_word' id='word_1_227' title='bbox 994 2595 1120 2677; x_wconf 79' lang='lat' dir='ltr'><strong>uliquod</strong></span> <span class='ocrx_word' id='word_1_228' title='bbox 1143 2595 1356 2658; x_wconf 76' lang='lat' dir='ltr'><strong>celebrandum</strong></span> <span class='ocrx_word' id='word_1_229' title='bbox 1376 2596 1505 2678; x_wconf 73' lang='lat' dir='ltr'><strong>populun</strong></span> <span class='ocrx_word' id='word_1_230' title='bbox 1529 2604 1594 2656; x_wconf 83' lang='lat' dir='ltr'><strong>eret</strong></span> <span class='ocrx_word' id='word_1_231' title='bbox 1619 2615 1688 2658; x_wconf 89' lang='lat' dir='ltr'><strong>eou-</strong></span> 
     </span>
    </p>

    <p class='ocr_par' dir='ltr' id='par_1_6' title="bbox 371 2681 1690 3025">
     <span class='ocr_line' id='line_1_24' title="bbox 371 2681 1690 2766; baseline 0.001 -23"><span class='ocrx_word' id='word_1_232' title='bbox 371 2682 521 2766; x_wconf 79' lang='lat' dir='ltr'><strong>pudeutir,</strong></span> <span class='ocrx_word' id='word_1_233' title='bbox 545 2686 596 2763; x_wconf 86' lang='lat' dir='ltr'><strong>qui</strong></span> <span class='ocrx_word' id='word_1_234' title='bbox 618 2704 656 2745; x_wconf 87' lang='lat' dir='ltr'><strong>ex</strong></span> <span class='ocrx_word' id='word_1_235' title='bbox 670 2685 728 2745; x_wconf 89' lang='lat' dir='ltr'><strong>huo</strong></span> <span class='ocrx_word' id='word_1_236' title='bbox 750 2682 856 2747; x_wconf 83' lang='lat' dir='ltr'><strong>eudem</strong></span> <span class='ocrx_word' id='word_1_237' title='bbox 875 2683 941 2744; x_wconf 89' lang='lat' dir='ltr'><strong>loeo</strong></span> <span class='ocrx_word' id='word_1_238' title='bbox 993 2691 1137 2759; x_wconf 60' lang='lat' dir='ltr'><strong>ruentum</strong></span> <span class='ocrx_word' id='word_1_239' title='bbox 1174 2684 1259 2765; x_wconf 82' lang='lat' dir='ltr'><strong>queri</strong></span> <span class='ocrx_word' id='word_1_240' title='bbox 1285 2683 1367 2744; x_wconf 78' lang='lat' dir='ltr'><strong>diuet</strong></span> <span class='ocrx_word' id='word_1_241' title='bbox 1391 2681 1511 2744; x_wconf 73' lang='lat' dir='ltr'><strong>David:</strong></span> <span class='ocrx_word' id='word_1_242' title='bbox 1545 2681 1614 2744; x_wconf 87' lang='lat' dir='ltr'><strong>Hoe</strong></span> <span class='ocrx_word' id='word_1_243' title='bbox 1640 2682 1690 2745; x_wconf 93' lang='lat' dir='ltr'><strong>die</strong></span> 
     </span>
     <span class='ocr_line' id='line_1_25' title="bbox 371 2768 1690 2851; baseline -0.002 -19"><span class='ocrx_word' id='word_1_244' title='bbox 371 2788 445 2832; x_wconf 77' lang='lat' dir='ltr'><strong>urm</strong></span> <span class='ocrx_word' id='word_1_245' title='bbox 471 2769 632 2851; x_wconf 74' lang='lat' dir='ltr'><strong>specialem</strong></span> <span class='ocrx_word' id='word_1_246' title='bbox 653 2772 787 2832; x_wconf 83' lang='lat' dir='ltr'><strong>etebilire</strong></span> <span class='ocrx_word' id='word_1_247' title='bbox 808 2791 868 2831; x_wconf 90' lang='lat' dir='ltr'><strong>nou</strong></span> <span class='ocrx_word' id='word_1_248' title='bbox 890 2790 941 2830; x_wconf 86' lang='lat' dir='ltr'><strong>ve·</strong></span> <span class='ocrx_word' id='word_1_249' title='bbox 992 2770 1079 2843; x_wconf 79' lang='lat' dir='ltr'><strong>ferto,</strong></span> <span class='ocrx_word' id='word_1_250' title='bbox 1101 2772 1129 2830; x_wconf 78' lang='lat' dir='ltr'><strong>ti</strong></span> <span class='ocrx_word' id='word_1_251' title='bbox 1150 2786 1255 2832; x_wconf 76' lang='lat' dir='ltr'><strong>vocem</strong></span> <span class='ocrx_word' id='word_1_252' title='bbox 1279 2773 1345 2844; x_wconf 70' lang='lat' dir='ltr'><strong>ejus</strong></span> <span class='ocrx_word' id='word_1_253' title='bbox 1367 2778 1424 2831; x_wconf 89' lang='lat' dir='ltr'><strong>ete.</strong></span> <span class='ocrx_word' id='word_1_254' title='bbox 1447 2768 1499 2832; x_wconf 77' lang='lat' dir='ltr'><strong>sie</strong></span> <span class='ocrx_word' id='word_1_255' title='bbox 1519 2770 1599 2832; x_wconf 90' lang='lat' dir='ltr'><strong>euim</strong></span> <span class='ocrx_word' id='word_1_256' title='bbox 1621 2777 1690 2851; x_wconf 81' lang='lat' dir='ltr'><strong>port</strong></span> 
     </span>
     <span class='ocr_line' id='line_1_26' title="bbox 386 2854 1689 2939; baseline -0.002 -20"><span class='ocrx_word' id='word_1_257' title='bbox 386 2859 490 2939; x_wconf 80' lang='lat' dir='ltr'><strong>quusi,</strong></span> <span class='ocrx_word' id='word_1_258' title='bbox 511 2859 695 2938; x_wconf 80' lang='lat' dir='ltr'><strong>quicumque</strong></span> <span class='ocrx_word' id='word_1_259' title='bbox 716 2869 798 2922; x_wconf 85' lang='lat' dir='ltr'><strong>reete</strong></span> <span class='ocrx_word' id='word_1_260' title='bbox 822 2856 942 2919; x_wconf 81' lang='lat' dir='ltr'><strong>contidit</strong></span> <span class='ocrx_word' id='word_1_261' title='bbox 992 2855 1164 2919; x_wconf 85' lang='lat' dir='ltr'><strong>Heeeelium</strong></span> <span class='ocrx_word' id='word_1_262' title='bbox 1188 2858 1314 2938; x_wconf 81' lang='lat' dir='ltr'><strong>exponit</strong></span> <span class='ocrx_word' id='word_1_263' title='bbox 1328 2854 1472 2919; x_wconf 81' lang='lat' dir='ltr'><strong>Ademuu.</strong></span> <span class='ocrx_word' id='word_1_264' title='bbox 1497 2855 1689 2939; x_wconf 69' lang='lat' dir='ltr'><strong>Quemquam</strong></span> 
     </span>
     <span class='ocr_line' id='line_1_27' title="bbox 371 2942 1688 3025; baseline -0.002 -20"><span class='ocrx_word' id='word_1_265' title='bbox 371 2953 518 3018; x_wconf 77' lang='lat' dir='ltr'><strong>tteertuu</strong></span> <span class='ocrx_word' id='word_1_266' title='bbox 534 2963 600 3005; x_wconf 80' lang='lat' dir='ltr'><strong>erue</strong></span> <span class='ocrx_word' id='word_1_267' title='bbox 614 2944 731 3020; x_wconf 75' lang='lat' dir='ltr'><strong>debeat,</strong></span> <span class='ocrx_word' id='word_1_268' title='bbox 752 2966 786 3008; x_wconf 78' lang='lat' dir='ltr'><strong>se</strong></span> <span class='ocrx_word' id='word_1_269' title='bbox 799 2945 838 3019; x_wconf 86' lang='lat' dir='ltr'><strong>id,</strong></span> <span class='ocrx_word' id='word_1_270' title='bbox 861 2944 941 3025; x_wconf 92' lang='lat' dir='ltr'><strong>quod</strong></span> <span class='ocrx_word' id='word_1_271' title='bbox 993 2943 1157 3025; x_wconf 74' lang='lat' dir='ltr'><strong>Apostolus</strong></span> <span class='ocrx_word' id='word_1_272' title='bbox 1185 2946 1217 3005; x_wconf 89' lang='lat' dir='ltr'><strong>iu</strong></span> <span class='ocrx_word' id='word_1_273' title='bbox 1242 2942 1454 3024; x_wconf 68' lang='lat' dir='ltr'><strong>sequentibus,</strong></span> <span class='ocrx_word' id='word_1_274' title='bbox 1479 2944 1557 3005; x_wconf 82' lang='lat' dir='ltr'><strong>bueo</strong></span> <span class='ocrx_word' id='word_1_275' title='bbox 1582 2943 1688 3005; x_wconf 76' lang='lat' dir='ltr'><strong>eadem</strong></span> 
     </span>
    </p>

    <p class='ocr_par' dir='ltr' id='par_1_7' title="bbox 371 3029 1690 3283">
     <span class='ocr_line' id='line_1_28' title="bbox 383 3029 1690 3111; baseline -0.005 -17"><span class='ocrx_word' id='word_1_276' title='bbox 383 3032 584 3094; x_wconf 75' lang='lat' dir='ltr'><strong>iutelldtiliter</strong></span> <span class='ocrx_word' id='word_1_277' title='bbox 604 3041 845 3105; x_wconf 84' lang='lat' dir='ltr'><strong>eoneeouturum,</strong></span> <span class='ocrx_word' id='word_1_278' title='bbox 874 3051 941 3091; x_wconf 92' lang='lat' dir='ltr'><strong>eum</strong></span> <span class='ocrx_word' id='word_1_279' title='bbox 993 3031 1156 3111; x_wconf 78' lang='lat' dir='ltr'><strong>allegorice</strong></span> <span class='ocrx_word' id='word_1_280' title='bbox 1171 3038 1311 3103; x_wconf 72' lang='lat' dir='ltr'><strong>uremur,</strong></span> <span class='ocrx_word' id='word_1_281' title='bbox 1334 3029 1372 3091; x_wconf 81' lang='lat' dir='ltr'><strong>ed</strong></span> <span class='ocrx_word' id='word_1_282' title='bbox 1395 3049 1498 3092; x_wconf 76' lang='lat' dir='ltr'><strong>omnen</strong></span> <span class='ocrx_word' id='word_1_283' title='bbox 1522 3029 1637 3104; x_wconf 83' lang='lat' dir='ltr'><strong>lideleu,</strong></span> <span class='ocrx_word' id='word_1_284' title='bbox 1659 3036 1690 3090; x_wconf 94' lang='lat' dir='ltr'><strong>et</strong></span> 
     </span>
     <span class='ocr_line' id='line_1_29' title="bbox 372 3115 1689 3199; baseline -0.003 -19"><span class='ocrx_word' id='word_1_285' title='bbox 372 3139 410 3180; x_wconf 91' lang='lat' dir='ltr'><strong>uo</strong></span> <span class='ocrx_word' id='word_1_286' title='bbox 425 3120 501 3180; x_wconf 79' lang='lat' dir='ltr'><strong>vitio</strong></span> <span class='ocrx_word' id='word_1_287' title='bbox 517 3138 550 3179; x_wconf 89' lang='lat' dir='ltr'><strong>re</strong></span> <span class='ocrx_word' id='word_1_288' title='bbox 565 3126 686 3196; x_wconf 78' lang='lat' dir='ltr'><strong>operate</strong></span> <span class='ocrx_word' id='word_1_289' title='bbox 700 3118 846 3181; x_wconf 75' lang='lat' dir='ltr'><strong>fruetnri.</strong></span> <span class='ocrx_word' id='word_1_290' title='bbox 993 3116 1031 3178; x_wconf 81' lang='lat' dir='ltr'><strong>ed</strong></span> <span class='ocrx_word' id='word_1_291' title='bbox 1047 3136 1135 3178; x_wconf 90' lang='lat' dir='ltr'><strong>omne</strong></span> <span class='ocrx_word' id='word_1_292' title='bbox 1148 3126 1267 3199; x_wconf 80' lang='lat' dir='ltr'><strong>tempus</strong></span> <span class='ocrx_word' id='word_1_293' title='bbox 1278 3118 1367 3198; x_wconf 83' lang='lat' dir='ltr'><strong>bujue</strong></span> <span class='ocrx_word' id='word_1_294' title='bbox 1379 3119 1462 3179; x_wconf 71' lang='lat' dir='ltr'><strong>vitae</strong></span> <span class='ocrx_word' id='word_1_295' title='bbox 1473 3115 1689 3179; x_wconf 71' lang='lat' dir='ltr'><strong>accommodet.</strong></span> 
     </span>
     <span class='ocr_line' id='line_1_30' title="bbox 371 3201 1687 3283; baseline -0.003 -16"><span class='ocrx_word' id='word_1_296' title='bbox 371 3208 560 3283; x_wconf 63' lang='grc' dir='ltr'><strong>Μαμορίου·</strong></span> <span class='ocrx_word' id='word_1_297' title='bbox 586 3207 667 3265; x_wconf 82' lang='lat' dir='ltr'><strong>tiuut</strong></span> <span class='ocrx_word' id='word_1_298' title='bbox 696 3206 774 3267; x_wconf 81' lang='lat' dir='ltr'><strong>dicit</strong></span> <span class='ocrx_word' id='word_1_299' title='bbox 802 3206 942 3282; x_wconf 73' lang='lat' dir='ltr'><strong>spiritur</strong></span> <span class='ocrx_word' id='word_1_300' title='bbox 1035 3203 1095 3265; x_wconf 86' lang='lat' dir='ltr'><strong>Sed</strong></span> <span class='ocrx_word' id='word_1_301' title='bbox 1117 3201 1191 3283; x_wconf 91' lang='lat' dir='ltr'><strong>quid</strong></span> <span class='ocrx_word' id='word_1_302' title='bbox 1213 3205 1270 3266; x_wconf 81' lang='lat' dir='ltr'><strong>eibi</strong></span> <span class='ocrx_word' id='word_1_303' title='bbox 1290 3204 1357 3265; x_wconf 88' lang='lat' dir='ltr'><strong>vult</strong></span> <span class='ocrx_word' id='word_1_304' title='bbox 1379 3204 1547 3265; x_wconf 77' lang='lat' dir='ltr'><strong>exhortatio</strong></span> <span class='ocrx_word' id='word_1_305' title='bbox 1563 3202 1687 3265; x_wconf 80' lang='lat' dir='ltr'><strong>Pexlmi·</strong></span> 
     </span>
    </p>

    <p class='ocr_par' dir='ltr' id='par_1_8' title="bbox 372 3289 1689 3456">
     <span class='ocr_line' id='line_1_31' title="bbox 372 3289 1689 3372; baseline -0.002 -22"><span class='ocrx_word' id='word_1_306' title='bbox 372 3337 378 3350; x_wconf 94' lang='lat'>.</span> <span class='ocrx_word' id='word_1_307' title='bbox 410 3289 559 3372; x_wconf 72' lang='lat' dir='ltr'><strong>(ineptum</strong></span> <span class='ocrx_word' id='word_1_308' title='bbox 583 3290 816 3355; x_wconf 70' lang='lat' dir='ltr'><strong>exhortationem</strong></span> <span class='ocrx_word' id='word_1_309' title='bbox 839 3310 941 3371; x_wconf 83' lang='lat' dir='ltr'><strong>prose·</strong></span> <span class='ocrx_word' id='word_1_310' title='bbox 992 3299 1075 3351; x_wconf 83' lang='lat' dir='ltr'><strong>etue:</strong></span> <span class='ocrx_word' id='word_1_311' title='bbox 1098 3291 1134 3351; x_wconf 76' lang='lat' dir='ltr'><strong>Si</strong></span> <span class='ocrx_word' id='word_1_312' title='bbox 1156 3307 1261 3351; x_wconf 79' lang='lat' dir='ltr'><strong>vocem</strong></span> <span class='ocrx_word' id='word_1_313' title='bbox 1283 3292 1365 3365; x_wconf 67' lang='lat' dir='ltr'><strong>Elui</strong></span> <span class='ocrx_word' id='word_1_314' title='bbox 1387 3290 1563 3366; x_wconf 70' lang='lat' dir='ltr'><strong>audieritis,</strong></span> <span class='ocrx_word' id='word_1_315' title='bbox 1590 3291 1689 3352; x_wconf 78' lang='lat' dir='ltr'><strong>nolite</strong></span> 
     </span>
     <span class='ocr_line' id='line_1_32' title="bbox 377 3377 1688 3456; baseline -0.003 -17"><span class='ocrx_word' id='word_1_316' title='bbox 377 3377 558 3439; x_wconf 74' lang='lat' dir='ltr'><strong>denuntiant</strong></span> <span class='ocrx_word' id='word_1_317' title='bbox 581 3379 729 3440; x_wconf 81' lang='lat' dir='ltr'><strong>interitum</strong></span> <span class='ocrx_word' id='word_1_318' title='bbox 746 3388 776 3439; x_wconf 89' lang='lat' dir='ltr'><strong>et</strong></span> <span class='ocrx_word' id='word_1_319' title='bbox 791 3377 940 3441; x_wconf 75' lang='lat' dir='ltr'><strong>exclusio·</strong></span> <span class='ocrx_word' id='word_1_320' title='bbox 993 3377 1155 3438; x_wconf 80' lang='lat' dir='ltr'><strong>obdurare</strong></span> <span class='ocrx_word' id='word_1_321' title='bbox 1184 3377 1282 3437; x_wconf 83' lang='lat' dir='ltr'><strong>cordo</strong></span> <span class='ocrx_word' id='word_1_322' title='bbox 1312 3384 1435 3454; x_wconf 76' lang='lat' dir='ltr'><strong>vertru3</strong></span> <span class='ocrx_word' id='word_1_323' title='bbox 1468 3396 1534 3437; x_wconf 85' lang='lat' dir='ltr'><strong>uum</strong></span> <span class='ocrx_word' id='word_1_324' title='bbox 1561 3396 1595 3436; x_wconf 91' lang='lat' dir='ltr'><strong>eo</strong></span> <span class='ocrx_word' id='word_1_325' title='bbox 1621 3377 1688 3456; x_wconf 80' lang='lat' dir='ltr'><strong>ipso</strong></span> 
     </span>
    </p>

    <p class='ocr_par' dir='ltr' id='par_1_9' title="bbox 372 3461 1689 3546">
     <span class='ocr_line' id='line_1_33' title="bbox 372 3461 1689 3546; baseline -0.002 -22"><span class='ocrx_word' id='word_1_326' title='bbox 372 3467 472 3546; x_wconf 64' lang='lat' dir='ltr'><strong>requie</strong></span> <span class='ocrx_word' id='word_1_327' title='bbox 486 3466 641 3545; x_wconf 79' lang='lat' dir='ltr'><strong>premiere,</strong></span> <span class='ocrx_word' id='word_1_328' title='bbox 667 3467 693 3525; x_wconf 83' lang='lat' dir='ltr'><strong>ei</strong></span> <span class='ocrx_word' id='word_1_329' title='bbox 709 3486 770 3527; x_wconf 91' lang='lat' dir='ltr'><strong>non</strong></span> <span class='ocrx_word' id='word_1_330' title='bbox 786 3468 816 3527; x_wconf 92' lang='lat' dir='ltr'><strong>in</strong></span> <span class='ocrx_word' id='word_1_331' title='bbox 837 3463 897 3527; x_wconf 86' lang='lat' dir='ltr'><strong>lide</strong></span> <span class='ocrx_word' id='word_1_332' title='bbox 911 3473 941 3525; x_wconf 91' lang='lat' dir='ltr'><strong>et</strong></span> <span class='ocrx_word' id='word_1_333' title='bbox 994 3462 1084 3525; x_wconf 83' lang='lat' dir='ltr'><strong>eorde</strong></span> <span class='ocrx_word' id='word_1_334' title='bbox 1106 3481 1162 3524; x_wconf 81' lang='lat' dir='ltr'><strong>rue</strong></span> <span class='ocrx_word' id='word_1_335' title='bbox 1185 3484 1245 3524; x_wconf 91' lang='lat' dir='ltr'><strong>non</strong></span> <span class='ocrx_word' id='word_1_336' title='bbox 1267 3461 1427 3535; x_wconf 89' lang='lat' dir='ltr'><strong>obdurent,</strong></span> <span class='ocrx_word' id='word_1_337' title='bbox 1450 3464 1476 3522; x_wconf 84' lang='lat' dir='ltr'><strong>ui</strong></span> <span class='ocrx_word' id='word_1_338' title='bbox 1497 3483 1600 3525; x_wconf 76' lang='lat' dir='ltr'><strong>vocem</strong></span> <span class='ocrx_word' id='word_1_339' title='bbox 1622 3461 1689 3542; x_wconf 76' lang='lat' dir='ltr'><strong>ejus</strong></span> 
     </span>
    </p>

    <p class='ocr_par' dir='ltr' id='par_1_10' title="bbox 372 3547 1690 3716">
     <span class='ocr_line' id='line_1_34' title="bbox 372 3547 1690 3632; baseline -0.002 -20"><span class='ocrx_word' id='word_1_340' title='bbox 372 3551 418 3612; x_wconf 77' lang='lat' dir='ltr'><strong>‚tir</strong></span> <span class='ocrx_word' id='word_1_341' title='bbox 433 3550 545 3612; x_wconf 74' lang='lat' dir='ltr'><strong>Obrieti</strong></span> <span class='ocrx_word' id='word_1_342' title='bbox 560 3561 764 3632; x_wconf 76' lang='lat' dir='ltr'><strong>permaneant.</strong></span> <span class='ocrx_word' id='word_1_343' title='bbox 787 3552 875 3613; x_wconf 79' lang='lat' dir='ltr'><strong>Fecit</strong></span> <span class='ocrx_word' id='word_1_344' title='bbox 889 3572 940 3613; x_wconf 79' lang='lat' dir='ltr'><strong>uu·</strong></span> <span class='ocrx_word' id='word_1_345' title='bbox 993 3547 1140 3612; x_wconf 81' lang='lat' dir='ltr'><strong>audient?</strong></span> <span class='ocrx_word' id='word_1_346' title='bbox 1165 3548 1278 3610; x_wconf 76' lang='lat' dir='ltr'><strong>Audire</strong></span> <span class='ocrx_word' id='word_1_347' title='bbox 1293 3551 1380 3623; x_wconf 89' lang='lat' dir='ltr'><strong>enim,</strong></span> <span class='ocrx_word' id='word_1_348' title='bbox 1400 3551 1592 3611; x_wconf 72' lang='lat' dir='ltr'><strong>usitatissimo</strong></span> <span class='ocrx_word' id='word_1_349' title='bbox 1607 3567 1690 3609; x_wconf 89' lang='lat' dir='ltr'><strong>more</strong></span> 
     </span>
     <span class='ocr_line' id='line_1_35' title="bbox 372 3635 1688 3716; baseline -0.002 -18"><span class='ocrx_word' id='word_1_350' title='bbox 372 3636 505 3698; x_wconf 82' lang='lat' dir='ltr'><strong>tdduetie</strong></span> <span class='ocrx_word' id='word_1_351' title='bbox 528 3640 560 3698; x_wconf 90' lang='lat' dir='ltr'><strong>iu</strong></span> <span class='ocrx_word' id='word_1_352' title='bbox 575 3637 707 3699; x_wconf 92' lang='lat' dir='ltr'><strong>medium</strong></span> <span class='ocrx_word' id='word_1_353' title='bbox 729 3638 830 3701; x_wconf 80' lang='lat' dir='ltr'><strong>verbis</strong></span> <span class='ocrx_word' id='word_1_354' title='bbox 845 3638 940 3700; x_wconf 75' lang='lat' dir='ltr'><strong>Davi·</strong></span> <span class='ocrx_word' id='word_1_355' title='bbox 994 3638 1176 3716; x_wconf 83' lang='lat' dir='ltr'><strong>Suripturue,</strong></span> <span class='ocrx_word' id='word_1_356' title='bbox 1199 3646 1247 3697; x_wconf 85' lang='lat' dir='ltr'><strong>eet</strong></span> <span class='ocrx_word' id='word_1_357' title='bbox 1265 3636 1395 3697; x_wconf 90' lang='lat' dir='ltr'><strong>obedire.</strong></span> <span class='ocrx_word' id='word_1_358' title='bbox 1418 3635 1507 3698; x_wconf 86' lang='lat' dir='ltr'><strong>Unde</strong></span> <span class='ocrx_word' id='word_1_359' title='bbox 1530 3644 1561 3697; x_wconf 91' lang='lat' dir='ltr'><strong>et</strong></span> <span class='ocrx_word' id='word_1_360' title='bbox 1578 3635 1688 3716; x_wconf 72' lang='lat' dir='ltr'><strong>Pugni-</strong></span> 
     </span>
    </p>

    <p class='ocr_par' dir='ltr' id='par_1_11' title="bbox 372 3722 1688 3805">
     <span class='ocr_line' id='line_1_36' title="bbox 372 3722 1688 3805; baseline -0.002 -20"><span class='ocrx_word' id='word_1_361' title='bbox 372 3723 450 3785; x_wconf 77' lang='lat' dir='ltr'><strong>trlm.</strong></span> <span class='ocrx_word' id='word_1_362' title='bbox 463 3728 523 3799; x_wconf 78' lang='lat' dir='ltr'><strong>et,</strong></span> <span class='ocrx_word' id='word_1_363' title='bbox 539 3723 651 3805; x_wconf 82' lang='lat' dir='ltr'><strong>quibur</strong></span> <span class='ocrx_word' id='word_1_364' title='bbox 663 3725 714 3786; x_wconf 92' lang='lat' dir='ltr'><strong>ille</strong></span> <span class='ocrx_word' id='word_1_365' title='bbox 725 3732 829 3804; x_wconf 81' lang='lat' dir='ltr'><strong>putres</strong></span> <span class='ocrx_word' id='word_1_366' title='bbox 840 3745 941 3787; x_wconf 90' lang='lat' dir='ltr'><strong>eorum</strong></span> <span class='ocrx_word' id='word_1_367' title='bbox 993 3744 1050 3785; x_wconf 82' lang='lat' dir='ltr'><strong>uuo</strong></span> <span class='ocrx_word' id='word_1_368' title='bbox 1062 3725 1168 3785; x_wconf 85' lang='lat' dir='ltr'><strong>vertit:</strong></span> <span class='ocrx_word' id='word_1_369' title='bbox 1191 3723 1223 3786; x_wconf 87' lang='lat' dir='ltr'><strong>Si</strong></span> <span class='ocrx_word' id='word_1_370' title='bbox 1235 3724 1302 3784; x_wconf 83' lang='lat' dir='ltr'><strong>roei</strong></span> <span class='ocrx_word' id='word_1_371' title='bbox 1313 3725 1390 3803; x_wconf 77' lang='lat' dir='ltr'><strong>Ejus</strong></span> <span class='ocrx_word' id='word_1_372' title='bbox 1400 3722 1688 3805; x_wconf 71' lang='lat' dir='ltr'><strong>obtemperaveritis.</strong></span> 
     </span>
    </p>

    <p class='ocr_par' dir='ltr' id='par_1_12' title="bbox 372 3809 1688 3892">
     <span class='ocr_line' id='line_1_37' title="bbox 372 3809 1688 3892; baseline 0 -22"><span class='ocrx_word' id='word_1_373' title='bbox 372 3809 492 3892; x_wconf 71' lang='lat' dir='ltr'><strong>[oudam</strong></span> <span class='ocrx_word' id='word_1_374' title='bbox 516 3810 605 3871; x_wconf 91' lang='lat' dir='ltr'><strong>modo</strong></span> <span class='ocrx_word' id='word_1_375' title='bbox 629 3812 801 3873; x_wconf 83' lang='lat' dir='ltr'><strong>eohortutue</strong></span> <span class='ocrx_word' id='word_1_376' title='bbox 825 3811 881 3872; x_wconf 83' lang='lat' dir='ltr'><strong>fuit</strong></span> <span class='ocrx_word' id='word_1_377' title='bbox 904 3810 941 3872; x_wconf 82' lang='lat' dir='ltr'><strong>ud</strong></span> <span class='ocrx_word' id='word_1_378' title='bbox 994 3811 1045 3873; x_wconf 83' lang='lat' dir='ltr'><strong>Sie</strong></span> <span class='ocrx_word' id='word_1_379' title='bbox 1063 3812 1095 3870; x_wconf 92' lang='lat' dir='ltr'><strong>iu</strong></span> <span class='ocrx_word' id='word_1_380' title='bbox 1108 3809 1221 3871; x_wconf 82' lang='lat' dir='ltr'><strong>Pselm.</strong></span> <span class='ocrx_word' id='word_1_381' title='bbox 1238 3812 1304 3871; x_wconf 84' lang='lat'><strong>80.:</strong></span> <span class='ocrx_word' id='word_1_382' title='bbox 1327 3812 1371 3872; x_wconf 75' lang='lat' dir='ltr'><strong>et</strong></span> <span class='ocrx_word' id='word_1_383' title='bbox 1393 3828 1460 3871; x_wconf 81' lang='lat' dir='ltr'><strong>non</strong></span> <span class='ocrx_word' id='word_1_384' title='bbox 1482 3810 1607 3872; x_wconf 78' lang='lat' dir='ltr'><strong>audiuit</strong></span> <span class='ocrx_word' id='word_1_385' title='bbox 1627 3827 1688 3886; x_wconf 84' lang='lat' dir='ltr'><strong>pe·</strong></span> 
     </span>
    </p>

    <p class='ocr_par' dir='ltr' id='par_1_13' title="bbox 373 3895 1689 3978">
     <span class='ocr_line' id='line_1_38' title="bbox 373 3895 1689 3978; baseline 0.001 -22"><span class='ocrx_word' id='word_1_386' title='bbox 373 3899 437 3958; x_wconf 69' lang='lat' dir='ltr'><strong>lium</strong></span> <span class='ocrx_word' id='word_1_387' title='bbox 445 3917 551 3959; x_wconf 79' lang='lat' dir='ltr'><strong>vocem</strong></span> <span class='ocrx_word' id='word_1_388' title='bbox 560 3897 692 3960; x_wconf 85' lang='lat' dir='ltr'><strong>Domini.</strong></span> <span class='ocrx_word' id='word_1_389' title='bbox 704 3897 942 3978; x_wconf 77' lang='lat' dir='ltr'><strong>Caeterumpen·</strong></span> <span class='ocrx_word' id='word_1_390' title='bbox 991 3898 1089 3973; x_wconf 78' lang='lat' dir='ltr'><strong>putot</strong></span> <span class='ocrx_word' id='word_1_391' title='bbox 1110 3915 1197 3958; x_wconf 72' lang='lat' dir='ltr'><strong>meur</strong></span> <span class='ocrx_word' id='word_1_392' title='bbox 1223 3915 1328 3958; x_wconf 82' lang='lat' dir='ltr'><strong>vocem</strong></span> <span class='ocrx_word' id='word_1_393' title='bbox 1352 3916 1471 3972; x_wconf 82' lang='lat' dir='ltr'><strong>meum,</strong></span> <span class='ocrx_word' id='word_1_394' title='bbox 1499 3895 1531 3957; x_wconf 90' lang='lat' dir='ltr'><strong>id</strong></span> <span class='ocrx_word' id='word_1_395' title='bbox 1556 3905 1599 3957; x_wconf 85' lang='lat' dir='ltr'><strong>eet</strong></span> <span class='ocrx_word' id='word_1_396' title='bbox 1629 3916 1689 3957; x_wconf 89' lang='lat' dir='ltr'><strong>nou</strong></span> 
     </span>
    </p>

    <p class='ocr_par' dir='ltr' id='par_1_14' title="bbox 373 3981 1689 4065">
     <span class='ocr_line' id='line_1_39' title="bbox 373 3981 1689 4065; baseline -0.001 -20"><span class='ocrx_word' id='word_1_397' title='bbox 373 3986 502 4065; x_wconf 75' lang='lat' dir='ltr'><strong>bneque</strong></span> <span class='ocrx_word' id='word_1_398' title='bbox 510 3983 549 4045; x_wconf 79' lang='lat' dir='ltr'><strong>td</strong></span> <span class='ocrx_word' id='word_1_399' title='bbox 557 4003 622 4044; x_wconf 88' lang='lat' dir='ltr'><strong>eum</strong></span> <span class='ocrx_word' id='word_1_400' title='bbox 631 3984 746 4045; x_wconf 89' lang='lat' dir='ltr'><strong>loeum:</strong></span> <span class='ocrx_word' id='word_1_401' title='bbox 760 3985 867 4047; x_wconf 74' lang='lat' dir='ltr'><strong>Videte</strong></span> <span class='ocrx_word' id='word_1_402' title='bbox 874 3986 943 4063; x_wconf 74' lang='lat' dir='ltr'><strong>fra·</strong></span> <span class='ocrx_word' id='word_1_403' title='bbox 996 3982 1136 4043; x_wconf 83' lang='lat' dir='ltr'><strong>obedivit</strong></span> <span class='ocrx_word' id='word_1_404' title='bbox 1160 3984 1200 4045; x_wconf 80' lang='lat' dir='ltr'><strong>Et</strong></span> <span class='ocrx_word' id='word_1_405' title='bbox 1222 3981 1303 4063; x_wconf 81' lang='lat' dir='ltr'><strong>apud</strong></span> <span class='ocrx_word' id='word_1_406' title='bbox 1318 3982 1543 4062; x_wconf 74' lang='lat' dir='ltr'><strong>Evangelieteu:</strong></span> <span class='ocrx_word' id='word_1_407' title='bbox 1567 3984 1629 4044; x_wconf 80' lang='lat' dir='ltr'><strong>Hic</strong></span> <span class='ocrx_word' id='word_1_408' title='bbox 1644 3990 1689 4044; x_wconf 74' lang='lat' dir='ltr'><strong>ert</strong></span> 
     </span>
    </p>

    <p class='ocr_par' dir='ltr' id='par_1_15' title="bbox 373 4069 1689 4237">
     <span class='ocr_line' id='line_1_40' title="bbox 373 4069 1689 4237; baseline -0.002 -18"><span class='ocrx_word' id='word_1_409' title='bbox 373 4069 943 4237; x_wconf 56' lang='lat' dir='ltr'><strong>tttttttlltltttttt</strong></span> <span class='ocrx_word' id='word_1_410' title='bbox 994 4069 1344 4236; x_wconf 56' lang='lat' dir='ltr'><strong>litttdtf‘tt</strong></span> <span class='ocrx_word' id='word_1_411' title='bbox 1366 4088 1472 4218; x_wconf 66' lang='lat' dir='ltr'><strong>iiii?</strong></span> <span class='ocrx_word' id='word_1_412' title='bbox 1488 4070 1689 4237; x_wconf 60' lang='lat' dir='ltr'><strong>“dliii</strong></span> 
     </span>
    </p>

    <p class='ocr_par' dir='ltr' id='par_1_16' title="bbox 373 4243 1688 4324">
     <span class='ocr_line' id='line_1_41' title="bbox 373 4243 1688 4324; baseline -0.001 -19"><span class='ocrx_word' id='word_1_413' title='bbox 373 4244 530 4306; x_wconf 83' lang='lat' dir='ltr'><strong>ludendum</strong></span> <span class='ocrx_word' id='word_1_414' title='bbox 541 4243 940 4324; x_wconf 80' lang='lat' dir='ltr'><strong>eorepureutheoi.Sieenim</strong></span> <span class='ocrx_word' id='word_1_415' title='bbox 993 4264 1053 4303; x_wconf 91' lang='lat' dir='ltr'><strong>uon</strong></span> <span class='ocrx_word' id='word_1_416' title='bbox 1079 4243 1175 4303; x_wconf 81' lang='lat' dir='ltr'><strong>minue</strong></span> <span class='ocrx_word' id='word_1_417' title='bbox 1201 4244 1343 4304; x_wconf 71' lang='lat' dir='ltr'><strong>usitatum</strong></span> <span class='ocrx_word' id='word_1_418' title='bbox 1371 4263 1436 4305; x_wconf 78' lang='lat' dir='ltr'><strong>eure</strong></span> <span class='ocrx_word' id='word_1_419' title='bbox 1466 4244 1497 4304; x_wconf 90' lang='lat' dir='ltr'><strong>in</strong></span> <span class='ocrx_word' id='word_1_420' title='bbox 1524 4244 1688 4323; x_wconf 73' lang='lat' dir='ltr'><strong>seripturis</strong></span> 
     </span>
    </p>

    <p class='ocr_par' dir='ltr' id='par_1_17' title="bbox 373 4327 1688 4411">
     <span class='ocr_line' id='line_1_42' title="bbox 373 4327 1688 4411; baseline -0.003 -18"><span class='ocrx_word' id='word_1_421' title='bbox 373 4351 403 4393; x_wconf 82' lang='lat' dir='ltr'><strong>tx</strong></span> <span class='ocrx_word' id='word_1_422' title='bbox 417 4330 552 4392; x_wconf 85' lang='lat' dir='ltr'><strong>redditur</strong></span> <span class='ocrx_word' id='word_1_423' title='bbox 566 4332 662 4411; x_wconf 72' lang='lat' dir='ltr'><strong>mugio</strong></span> <span class='ocrx_word' id='word_1_424' title='bbox 677 4330 835 4391; x_wconf 83' lang='lat' dir='ltr'><strong>dilucidus.</strong></span> <span class='ocrx_word' id='word_1_425' title='bbox 859 4330 942 4390; x_wconf 80' lang='lat' dir='ltr'><strong>(litut</strong></span> <span class='ocrx_word' id='word_1_426' title='bbox 994 4328 1157 4408; x_wconf 81' lang='lat' dir='ltr'><strong>simplicem</strong></span> <span class='ocrx_word' id='word_1_427' title='bbox 1184 4338 1215 4389; x_wconf 88' lang='lat' dir='ltr'><strong>et</strong></span> <span class='ocrx_word' id='word_1_428' title='bbox 1240 4329 1279 4391; x_wconf 85' lang='lat' dir='ltr'><strong>ub</strong></span> <span class='ocrx_word' id='word_1_429' title='bbox 1310 4327 1481 4393; x_wconf 74' lang='lat' dir='ltr'><strong>obedientie</strong></span> <span class='ocrx_word' id='word_1_430' title='bbox 1507 4329 1688 4391; x_wconf 77' lang='lat' dir='ltr'><strong>obstructum</strong></span> 
     </span>
    </p>

    <p class='ocr_par' dir='ltr' id='par_1_18' title="bbox 384 4413 1688 4499">
     <span class='ocr_line' id='line_1_43' title="bbox 384 4413 1688 4499; baseline -0.004 -20"><span class='ocrx_word' id='word_1_431' title='bbox 384 4417 551 4499; x_wconf 68' lang='lat' dir='ltr'><strong>Apostolus</strong></span> <span class='ocrx_word' id='word_1_432' title='bbox 588 4426 739 4478; x_wconf 76' lang='lat' dir='ltr'><strong>auctorem</strong></span> <span class='ocrx_word' id='word_1_433' title='bbox 776 4417 941 4478; x_wconf 87' lang='lat' dir='ltr'><strong>testimonii</strong></span> <span class='ocrx_word' id='word_1_434' title='bbox 994 4413 1131 4495; x_wconf 72' lang='lat' dir='ltr'><strong>ejusdem</strong></span> <span class='ocrx_word' id='word_1_435' title='bbox 1145 4415 1229 4476; x_wconf 86' lang='lat' dir='ltr'><strong>verbi</strong></span> <span class='ocrx_word' id='word_1_436' title='bbox 1245 4415 1505 4497; x_wconf 73' lang='lat' dir='ltr'><strong>significationem,</strong></span> <span class='ocrx_word' id='word_1_437' title='bbox 1520 4414 1688 4478; x_wconf 79' lang='lat' dir='ltr'><strong>seeundum</strong></span> 
     </span>
    </p>

    <p class='ocr_par' dir='ltr' id='par_1_19' title="bbox 374 4500 1688 4583">
     <span class='ocr_line' id='line_1_44' title="bbox 374 4500 1688 4583; baseline -0.002 -17"><span class='ocrx_word' id='word_1_438' title='bbox 374 4525 389 4566; x_wconf 88' lang='lat' dir='ltr'><strong>u</strong></span> <span class='ocrx_word' id='word_1_439' title='bbox 415 4513 569 4576; x_wconf 75' lang='lat' dir='ltr'><strong>tanetum,</strong></span> <span class='ocrx_word' id='word_1_440' title='bbox 599 4524 659 4563; x_wconf 91' lang='lat' dir='ltr'><strong>uon</strong></span> <span class='ocrx_word' id='word_1_441' title='bbox 686 4503 850 4578; x_wconf 75' lang='lat' dir='ltr'><strong>Davidem,</strong></span> <span class='ocrx_word' id='word_1_442' title='bbox 879 4514 939 4565; x_wconf 82' lang='lat' dir='ltr'><strong>non</strong></span> <span class='ocrx_word' id='word_1_443' title='bbox 994 4521 1083 4582; x_wconf 80' lang='lat' dir='ltr'><strong>quum</strong></span> <span class='ocrx_word' id='word_1_444' title='bbox 1105 4500 1251 4563; x_wconf 78' lang='lat' dir='ltr'><strong>facillime</strong></span> <span class='ocrx_word' id='word_1_445' title='bbox 1274 4512 1321 4564; x_wconf 86' lang='lat' dir='ltr'><strong>eet</strong></span> <span class='ocrx_word' id='word_1_446' title='bbox 1338 4504 1502 4583; x_wconf 77' lang='lat' dir='ltr'><strong>expositio:</strong></span> <span class='ocrx_word' id='word_1_447' title='bbox 1525 4505 1560 4566; x_wconf 77' lang='lat' dir='ltr'><strong>et</strong></span> <span class='ocrx_word' id='word_1_448' title='bbox 1574 4502 1688 4563; x_wconf 71' lang='lat' dir='ltr'><strong>audie·</strong></span> 
     </span>
    </p>

    <p class='ocr_par' dir='ltr' id='par_1_20' title="bbox 374 4586 1688 4671">
     <span class='ocr_line' id='line_1_45' title="bbox 374 4586 1688 4671; baseline -0.002 -19"><span class='ocrx_word' id='word_1_449' title='bbox 374 4590 477 4653; x_wconf 89' lang='lat' dir='ltr'><strong>ubium</strong></span> <span class='ocrx_word' id='word_1_450' title='bbox 499 4592 548 4664; x_wconf 75' lang='lat' dir='ltr'><strong>eit,</strong></span> <span class='ocrx_word' id='word_1_451' title='bbox 574 4609 613 4651; x_wconf 81' lang='lat' dir='ltr'><strong>on</strong></span> <span class='ocrx_word' id='word_1_452' title='bbox 635 4588 790 4651; x_wconf 77' lang='lat' dir='ltr'><strong>uDevide</strong></span> <span class='ocrx_word' id='word_1_453' title='bbox 811 4591 939 4652; x_wconf 82' lang='lat' dir='ltr'><strong>ooneeri-</strong></span> <span class='ocrx_word' id='word_1_454' title='bbox 993 4592 1074 4665; x_wconf 68' lang='lat' dir='ltr'><strong>ritis,</strong></span> <span class='ocrx_word' id='word_1_455' title='bbox 1102 4586 1135 4648; x_wconf 91' lang='lat' dir='ltr'><strong>id</strong></span> <span class='ocrx_word' id='word_1_456' title='bbox 1157 4599 1210 4661; x_wconf 84' lang='lat' dir='ltr'><strong>eet,</strong></span> <span class='ocrx_word' id='word_1_457' title='bbox 1237 4589 1342 4650; x_wconf 76' lang='lat' dir='ltr'><strong>ruditu</strong></span> <span class='ocrx_word' id='word_1_458' title='bbox 1364 4589 1559 4671; x_wconf 79' lang='lat' dir='ltr'><strong>perceperitit</strong></span> <span class='ocrx_word' id='word_1_459' title='bbox 1580 4606 1688 4650; x_wconf 79' lang='lat' dir='ltr'><strong>vorem</strong></span> 
     </span>
    </p>

    <p class='ocr_par' dir='ltr' id='par_1_21' title="bbox 392 4675 1688 4757">
     <span class='ocr_line' id='line_1_46' title="bbox 392 4675 1688 4757; baseline -0.002 -18"><span class='ocrx_word' id='word_1_460' title='bbox 392 4677 548 4754; x_wconf 57' lang='lat' dir='ltr'><strong>Paululum</strong></span> <span class='ocrx_word' id='word_1_461' title='bbox 570 4675 601 4736; x_wconf 94' lang='lat' dir='ltr'><strong>id</strong></span> <span class='ocrx_word' id='word_1_462' title='bbox 624 4678 704 4737; x_wconf 88' lang='lat' dir='ltr'><strong>euim</strong></span> <span class='ocrx_word' id='word_1_463' title='bbox 727 4677 854 4737; x_wconf 86' lang='lat' dir='ltr'><strong>uhirmut</strong></span> <span class='ocrx_word' id='word_1_464' title='bbox 875 4697 939 4757; x_wconf 83' lang='lat' dir='ltr'><strong>cup.</strong></span> <span class='ocrx_word' id='word_1_465' title='bbox 993 4677 1128 4737; x_wconf 78' lang='lat' dir='ltr'><strong>Domini</strong></span> <span class='ocrx_word' id='word_1_466' title='bbox 1147 4684 1302 4737; x_wconf 80' lang='lat' dir='ltr'><strong>uouentem</strong></span> <span class='ocrx_word' id='word_1_467' title='bbox 1319 4678 1351 4737; x_wconf 91' lang='lat' dir='ltr'><strong>in</strong></span> <span class='ocrx_word' id='word_1_468' title='bbox 1367 4675 1489 4737; x_wconf 74' lang='lat' dir='ltr'><strong>auribus</strong></span> <span class='ocrx_word' id='word_1_469' title='bbox 1510 4677 1619 4736; x_wconf 75' lang='lat' dir='ltr'><strong>ventrio</strong></span> <span class='ocrx_word' id='word_1_470' title='bbox 1634 4695 1688 4757; x_wconf 87' lang='lat' dir='ltr'><strong>por</strong></span> 
     </span>
    </p>

    <p class='ocr_par' dir='ltr' id='par_1_22' title="bbox 374 4761 1687 4845">
     <span class='ocr_line' id='line_1_47' title="bbox 374 4761 1687 4845; baseline -0.002 -19"><span class='ocrx_word' id='word_1_471' title='bbox 374 4765 398 4844; x_wconf 85' lang='lat' dir='ltr'><strong>l;</strong></span> <span class='ocrx_word' id='word_1_472' title='bbox 412 4763 468 4826; x_wconf 78' lang='lat' dir='ltr'><strong>ord</strong></span> <span class='ocrx_word' id='word_1_473' title='bbox 487 4783 548 4845; x_wconf 91' lang='lat' dir='ltr'><strong>quo</strong></span> <span class='ocrx_word' id='word_1_474' title='bbox 569 4764 675 4838; x_wconf 80' lang='lat' dir='ltr'><strong>mejeri</strong></span> <span class='ocrx_word' id='word_1_475' title='bbox 691 4783 755 4823; x_wconf 88' lang='lat' dir='ltr'><strong>eum</strong></span> <span class='ocrx_word' id='word_1_476' title='bbox 770 4763 941 4824; x_wconf 79' lang='lat' dir='ltr'><strong>reverentie</strong></span> <span class='ocrx_word' id='word_1_477' title='bbox 993 4782 1044 4822; x_wconf 81' lang='lat' dir='ltr'><strong>ore</strong></span> <span class='ocrx_word' id='word_1_478' title='bbox 1069 4761 1288 4841; x_wconf 73' lang='lat' dir='ltr'><strong>Prophetarum</strong></span> <span class='ocrx_word' id='word_1_479' title='bbox 1317 4782 1354 4823; x_wconf 81' lang='lat' dir='ltr'><strong>eu</strong></span> <span class='ocrx_word' id='word_1_480' title='bbox 1382 4762 1582 4823; x_wconf 75' lang='lat' dir='ltr'><strong>ministrorum</strong></span> <span class='ocrx_word' id='word_1_481' title='bbox 1611 4763 1687 4841; x_wconf 72' lang='lat' dir='ltr'><strong>ejus,</strong></span> 
     </span>
    </p>

    <p class='ocr_par' dir='ltr' id='par_1_23' title="bbox 374 4848 1686 4932">
     <span class='ocr_line' id='line_1_48' title="bbox 374 4848 1686 4932; baseline -0.002 -19"><span class='ocrx_word' id='word_1_482' title='bbox 374 4851 443 4913; x_wconf 76' lang='lat' dir='ltr'><strong>ilum</strong></span> <span class='ocrx_word' id='word_1_483' title='bbox 469 4849 667 4931; x_wconf 80' lang='lat' dir='ltr'><strong>meeipiotur,</strong></span> <span class='ocrx_word' id='word_1_484' title='bbox 697 4850 855 4930; x_wconf 67' lang='lat' dir='ltr'><strong>magisque</strong></span> <span class='ocrx_word' id='word_1_485' title='bbox 880 4870 939 4909; x_wconf 90' lang='lat' dir='ltr'><strong>mo·</strong></span> <span class='ocrx_word' id='word_1_486' title='bbox 991 4849 1091 4910; x_wconf 80' lang='lat' dir='ltr'><strong>nolite</strong></span> <span class='ocrx_word' id='word_1_487' title='bbox 1106 4848 1252 4910; x_wconf 78' lang='lat' dir='ltr'><strong>edvereuu</strong></span> <span class='ocrx_word' id='word_1_488' title='bbox 1269 4848 1451 4932; x_wconf 24' lang='lat' dir='ltr'><strong>eemteordu</strong></span> <span class='ocrx_word' id='word_1_489' title='bbox 1467 4854 1568 4909; x_wconf 79' lang='lat' dir='ltr'><strong>uertm</strong></span> <span class='ocrx_word' id='word_1_490' title='bbox 1585 4848 1686 4911; x_wconf 81' lang='lat' dir='ltr'><strong>obdu·</strong></span> 
     </span>
    </p>

    <p class='ocr_par' dir='ltr' id='par_1_24' title="bbox 375 4931 1685 5020">
     <span class='ocr_line' id='line_1_49' title="bbox 375 4931 1685 5020; baseline -0.002 -22"><span class='ocrx_word' id='word_1_491' title='bbox 375 4955 527 5020; x_wconf 82' lang='lat' dir='ltr'><strong>,quorum</strong></span> <span class='ocrx_word' id='word_1_492' title='bbox 535 4955 627 4997; x_wconf 74' lang='lat' dir='ltr'><strong>otuu</strong></span> <span class='ocrx_word' id='word_1_493' title='bbox 639 4934 804 4997; x_wconf 73' lang='lat' dir='ltr'><strong>adducitur.</strong></span> <span class='ocrx_word' id='word_1_494' title='bbox 817 4935 939 4997; x_wconf 88' lang='lat' dir='ltr'><strong>Utrum·</strong></span> <span class='ocrx_word' id='word_1_495' title='bbox 991 4954 1084 5012; x_wconf 58' lang='grc' dir='ltr'><strong>νοω</strong></span> <span class='ocrx_word' id='word_1_496' title='bbox 1107 4936 1196 4996; x_wconf 78' lang='lat' dir='ltr'><strong>eiouti</strong></span> <span class='ocrx_word' id='word_1_497' title='bbox 1217 4933 1377 5017; x_wconf 80' lang='lat' dir='ltr'><strong>quondum,</strong></span> <span class='ocrx_word' id='word_1_498' title='bbox 1399 4931 1505 4994; x_wconf 76' lang='lat' dir='ltr'><strong>ruditu</strong></span> <span class='ocrx_word' id='word_1_499' title='bbox 1526 4953 1602 4997; x_wconf 80' lang='lat' dir='ltr'><strong>voce</strong></span> <span class='ocrx_word' id='word_1_500' title='bbox 1623 4935 1685 4997; x_wconf 93' lang='lat' dir='ltr'><strong>Do·</strong></span> 
     </span>
    </p>
   </div>
   <div class='ocr_carea' id='block_1_3' title="bbox 374 5019 1687 5104">
    <p class='ocr_par' dir='ltr' id='par_1_25' title="bbox 374 5019 1687 5104">
     <span class='ocr_line' id='line_1_50' title="bbox 374 5019 1687 5104; baseline -0.006 -16"><span class='ocrx_word' id='word_1_501' title='bbox 374 5025 457 5088; x_wconf 74' lang='lat' dir='ltr'><strong>tutu·</strong></span> <span class='ocrx_word' id='word_1_502' title='bbox 477 5024 626 5104; x_wconf 75' lang='lat' dir='ltr'><strong>expremit</strong></span> <span class='ocrx_word' id='word_1_503' title='bbox 640 5024 871 5103; x_wconf 73' lang='lat' dir='ltr'><strong>interrogetione</strong></span> <span class='ocrx_word' id='word_1_504' title='bbox 885 5041 941 5085; x_wconf 79' lang='lat' dir='ltr'><strong>tux</strong></span> <span class='ocrx_word' id='word_1_505' title='bbox 990 5023 1064 5082; x_wconf 91' lang='lat' dir='ltr'><strong>mini</strong></span> <span class='ocrx_word' id='word_1_506' title='bbox 1078 5020 1177 5102; x_wconf 75' lang='lat' dir='ltr'><strong>legem</strong></span> <span class='ocrx_word' id='word_1_507' title='bbox 1192 5020 1299 5095; x_wconf 74' lang='lat' dir='ltr'><strong>dentis,</strong></span> <span class='ocrx_word' id='word_1_508' title='bbox 1323 5019 1414 5081; x_wconf 79' lang='lat' dir='ltr'><strong>eorde</strong></span> <span class='ocrx_word' id='word_1_509' title='bbox 1433 5040 1490 5083; x_wconf 81' lang='lat' dir='ltr'><strong>eue</strong></span> <span class='ocrx_word' id='word_1_510' title='bbox 1503 5021 1687 5083; x_wconf 75' lang='lat' dir='ltr'><strong>obduruuut</strong></span> 
     </span>
    </p>
   </div>
   <div class='ocr_carea' id='block_1_4' title="bbox 0 0 2232 5825">
    <p class='ocr_par' dir='ltr' id='par_1_26' title="bbox 0 0 2232 5825">
     <span class='ocr_line' id='line_1_51' title="bbox 0 0 2232 5825; baseline 0 0"><span class='ocrx_word' id='word_1_511' title='bbox 0 0 2232 5825; x_wconf 95' lang='lat' dir='ltr'><strong> </strong></span> 
     </span>
    </p>
   </div>
  </div>
 </body>
</html>
