4442 5825
401 619 472 689 110
915 609 1154 669 comitumue
1169 610 1201 667 llt
1218 611 1284 667 cst.
1301 611 1342 667 st.

396 795 428 851 et
448 793 699 849 commentatores
718 805 821 849 omnes
844 793 1008 866 exponunt,
1031 807 1092 849 om·
1144 790 1234 850 ratim
1256 789 1330 867 lagi,
1352 786 1437 849 volnt
1458 786 1519 848 duo
1540 785 1690 860 membra,

397 877 468 936 nino
493 874 650 937 retinenda
670 882 716 934 est
737 893 774 935 ea
796 875 896 936 lectio.
927 873 1039 935 Verum
1062 878 1092 936 in
1145 873 1627 956 utrumqneregaturavocsbnlo
1640 875 1714 952 fuat

396 961 550 1023 reddenda
571 961 683 1022 numeri
710 962 826 1024 ratione
849 964 926 1022 mira
951 963 1091 1024 seusus.
1145 970 1224 1037 tum,
1248 965 1327 1022 sicut
1341 964 1454 1024 caeteri
1475 962 1601 1042 genitivi
1616 979 1714 1041 praec

335 1050 338 1058 '
396 1048 685 1111 nutrimentorum
710 1048 872 1128 significari
898 1056 1007 1128 putant
1033 1052 1093 1111 tria
1144 1049 1200 1110 Cui
1225 1048 1346 1130 quidem
1368 1048 1552 1109 distinctioni
1574 1047 1694 1110 Graeca

397 1133 585 1216 baptismata,
596 1134 733 1210 fluminis,
744 1135 874 1196 flaminis
886 1143 917 1195 et
928 1137 1090 1214 sanguinis.
1143 1145 1321 1216 repugnant.
1344 1136 1394 1196 Ita
1406 1135 1547 1197 dividunt
1557 1133 1713 1197 Oecnmsn

396 1222 458 1284 ssd
487 1242 547 1283 non
576 1231 622 1283 est
649 1222 820 1283 verisimile.
858 1220 1091 1303 chrysostomus
1139 1221 1501 1303 jetanusetGaignaeus,
1516 1222 1714 1301 necimprobs

396 1317 497 1390 putat,
519 1307 699 1389 Apostolum
714 1310 758 1369 sic
772 1310 910 1382 locutum,
933 1329 994 1370 non
1008 1309 1091 1390 quod
1143 1329 1217 1370 mus.
1240 1308 1301 1371 Sed
1323 1311 1395 1389 qnia
1416 1312 1581 1390 praecessit
1600 1308 1714 1369 doctrin

395 1416 466 1458 sere
480 1396 568 1478 plura
582 1396 853 1475 sintbsptismata3
869 1395 924 1456 sed
934 1398 1007 1476 quia
1018 1397 1092 1458 baec
1144 1397 1214 1458 dam
1228 1397 1284 1457 sub
1298 1400 1421 1458 nomine
1441 1395 1516 1473 fidei
1531 1400 1568 1458 iss
1582 1398 1699 1472 Deum,

396 1483 566 1545 absurditas
586 1492 770 1563 sequeretur,
792 1485 820 1544 si
834 1502 937 1545 rursus
951 1483 990 1544 ab
1006 1485 1090 1544 initio
1143 1485 1307 1545 doctrinam
1337 1485 1368 1544 in
1397 1485 1454 1544 bac
1487 1493 1573 1563 parte
1602 1485 1714 1563 interpr

395 1569 604 1633 catechizandi
631 1579 732 1630 essent
753 1570 895 1631 Hebraei.
933 1569 986 1632 sie
1012 1572 1091 1631 enim
1144 1571 1368 1652 Evangelicam,
1383 1590 1446 1651 qua
1456 1570 1571 1631 scilicet
1583 1569 1714 1631 imbutis

395 1657 501 1719 iterum
523 1677 575 1718 eos
597 1656 742 1738 baptisari
763 1665 923 1737 oporteret,
946 1659 1021 1738 quia
1041 1678 1089 1718 ca-
1143 1657 1344 1738 Esangelinm
1360 1677 1428 1718 esse
1443 1680 1462 1719 a
1477 1659 1552 1718 Deo.

395 1745 559 1806 lechismns
585 1752 631 1804 est
657 1745 807 1805 institutio
833 1744 872 1804 sd
900 1745 1089 1825 baptismum.
1187 1745 1264 1805 Mihi
1279 1744 1398 1806 videtur
1409 1744 1538 1825 intelligi
1549 1763 1638 1825 posse
1654 1742 1714 1824 pler

387 1831 645 1912 'Theophylactns
671 1840 701 1892 st
723 1830 926 1893 Oecnmenius
950 1829 1092 1891 adierunt
1144 1832 1266 1911 plicatio
1282 1831 1471 1893 Christianae
1485 1832 1612 1911 legisse
1627 1838 1714 1911 myst

394 1926 425 1981 st
439 1919 528 1980 aliam
543 1920 699 1992 rationem,
720 1938 798 1999 quae
814 1921 906 1980 etism
921 1917 1005 1999 apud
1018 1919 1089 1978 Am·
1144 1920 1220 1998 ejus,
1243 1938 1324 1999 qnae
1344 1917 1572 1980 catechumenis
1592 1938 1653 1979 non
1676 1938 1713 1979 oo*

393 2003 525 2066 brosinm
550 2007 701 2066 invenitur
725 2005 775 2066 lib.
804 2009 831 2068 2.
860 2006 899 2066 de
926 2007 1089 2086 poenitent.
1144 2006 1239 2080 batur,
1256 2004 1308 2065 ssd
1319 2006 1385 2084 jam
1399 2007 1570 2086 baptisatis.
1593 2005 1714 2068 Undae

394 2112 461 2173 cap.
475 2097 503 2154 2.
520 2092 672 2173 Quoniam
684 2095 762 2155 enim
777 2092 871 2153 multa
882 2101 969 2154 erant
982 2095 1013 2153 in
1024 2092 1091 2172 lege
1143 2092 1227 2173 apud
1262 2094 1465 2172 Augustinum
1505 2093 1665 2174 frequens:
1710 2144 1714 2154 .

394 2178 594 2262 baptismata,
620 2189 650 2241 et
671 2181 813 2261 frequens
834 2201 935 2242 eornm
963 2180 1091 2253 iteratio,
1144 2180 1258 2257 fideles.
1304 2182 1404 2261 Atque
1434 2181 1512 2241 hunc
1541 2179 1675 2241 ordinem

394 2270 596 2349 suspicantur,
618 2268 776 2329 Hebraeos
791 2270 986 2342 existimasse,
1009 2266 1088 2348 qnod
1144 2270 1242 2342 trium,
1266 2267 1337 2328 fidei
1353 2269 1383 2327 in
1398 2267 1507 2341 Deum,
1530 2267 1714 2348 baptismatis

393 2357 534 2420 similiter
555 2375 654 2417 novas
675 2356 752 2435 legis
775 2356 955 2436 baptismate
970 2357 1089 2436 saepius
1143 2357 1266 2429 ctrinse,
1289 2355 1375 2415 nobis
1398 2355 1530 2415 insinuat
1549 2355 1714 2434 Hieronym

395 2454 497 2509 essent
514 2443 667 2517 abluendi,
688 2447 804 2522 quoties
827 2444 946 2504 scilicet
966 2445 998 2504 in
1019 2463 1089 2523 pec·
1142 2461 1257 2524 ponens
1284 2440 1358 2502 illud
1381 2441 1488 2502 Mattb.
1513 2442 1581 2502 ult:
1608 2444 1714 2503 Doeen

395 2542 463 2596 eata
476 2532 589 2613 relapsi
604 2538 713 2593 essent.
736 2531 823 2590 Haec
838 2533 914 2591 ratio
929 2529 1090 2613 probabili·
1142 2547 1269 2590 sessore
1294 2531 1421 2604 omnio,
1449 2547 1663 2606 quoecumque
1684 2549 1714 2589 m

394 2629 487 2682 tatem
503 2620 612 2701 accipit
627 2638 666 2680 ex
681 2637 725 2689 eo,
749 2617 831 2697 qnod
853 2617 947 2698 paulo
961 2626 1030 2698 post
1044 2636 1089 2676 se·
1143 2617 1238 2677 vobis.
1261 2620 1366 2680 Jussit
1388 2617 1558 2692 Apostolis,
1581 2618 1688 2696 inquit,
1712 2643 1714 2654 >

394 2709 513 2788 quitur:
541 2704 738 2783 Impossibile
764 2712 808 2765 est
837 2707 921 2765 enim
949 2723 999 2766 eos
1024 2711 1090 2776 etc,
1142 2722 1229 2764 mum
1245 2703 1394 2764 docerent
1408 2707 1575 2764 universas
1590 2711 1707 2778 pensa,

393 2795 446 2855 nbi
461 2793 499 2854 do
513 2793 662 2874 baptismo
677 2809 736 2851 non
752 2791 918 2871 repetendo
933 2793 1089 2872 agiturne·
1143 2790 1218 2867 tides·
1243 2792 1439 2866 iestisspereat
1463 2797 1663 2851 sacramento
1671 2833 1681 2863 ,
1712 2832 1713 2836 ,

394 2878 526 2943 eundum
541 2881 659 2942 multos.
1141 2877 1237 2956 fldem
1258 2896 1296 2939 uo
1320 2877 1487 2956 baptisma,
1511 2897 1593 2955 quoe
1615 2884 1714 2939 esseest

438 2967 499 3030 Sed
514 2976 615 3028 tamen
638 2964 811 3027 refelluntur
827 2965 994 3045 hujusmodi
1012 2986 1088 3026 com·
1143 2965 1265 3039 vando,
1279 2968 1511 3042 praeciperent.
1534 2966 1620 3025 Haec
1636 2963 1696 3025 ille

394 3055 546 3125 memorii,
575 3055 647 3135 qnia
669 3053 785 3113 Paulus
809 3052 868 3114 boc
893 3053 960 3115 loco
982 3052 1086 3114 funda·
1185 3054 1403 3128 Impositioais
1423 3070 1547 3129 quoque
1568 3069 1714 3111 monson

393 3148 495 3202 menta
509 3149 643 3202 recenset
657 3139 809 3201 doctrinas
824 3138 1023 3213 Christianae,
1046 3141 1089 3199 in·
1143 3140 1207 3199 sine
1233 3138 1326 3200 dubio
1352 3156 1508 3201 montium
1534 3141 1714 3215 imposition

395 3234 442 3289 ier
456 3247 534 3310 quae
556 3229 644 3308 plura
666 3227 858 3306 baptismata,
880 3226 919 3288 de
934 3227 1042 3306 quibus
1057 3226 1090 3286 hi
1142 3223 1260 3304 telligit,
1284 3245 1364 3305 qnae
1381 3224 1523 3287 fidelibus
1538 3227 1638 3286 statim
1655 3245 1674 3285 a
1689 3223 1714 3285 b

395 3313 568 3396 loquuntur,
589 3315 660 3396 poni
683 3333 744 3375 non
758 3322 891 3395 possunt
916 3314 1089 3375 Theodoro·
1143 3330 1196 3390 per
1210 3313 1376 3392 Episcopus
1399 3311 1476 3373 solet
1498 3311 1652 3386 adbiberi,
1676 3309 1714 3372 de

393 3410 442 3463 tus
458 3401 631 3482 respondet,
655 3401 833 3482 Apostolum
850 3400 961 3463 dixisse
976 3401 1089 3483 baptis·
1143 3397 1242 3458 Lucas
1257 3399 1324 3459 Act
1337 3402 1366 3461 8.
1378 3408 1408 3460 et
1421 3402 1485 3475 19.;
1501 3399 1531 3458 id
1548 3407 1602 3473 est,
1618 3417 1714 3461 sacres

393 3498 475 3551 mata
500 3508 624 3552 numero
650 3488 866 3559 multitudinis,
893 3490 968 3568 quia
993 3486 1088 3558 multi,
1143 3486 1377 3566 consignationis
1413 3505 1468 3546 sen
1497 3486 1714 3547 confirmationi

393 3577 510 3656 inquit,
539 3574 680 3655 baptismi
704 3575 834 3655 gratiam
858 3582 1088 3656 consequuntur.
1143 3572 1226 3653 quod
1253 3571 1340 3634 datur
1365 3573 1525 3654 baptisatis
1550 3573 1683 3652 Spiritus
1710 3597 1714 3634 t

394 3661 539 3723 Nonnulli
564 3664 743 3723 recentiores
772 3679 930 3721 numerum
955 3659 1090 3721 referunt
1142 3677 1202 3741 quo
1214 3660 1344 3720 roborati
1356 3659 1504 3739 intrepide
1512 3657 1624 3720 Christi
1635 3679 1714 3720 nomi

395 3747 434 3809 ad
457 3750 640 3809 ceremonias
659 3746 710 3809 vel
733 3746 774 3807 ad
796 3755 892 3807 statos
915 3745 1089 3827 baptizandi
1142 3748 1243 3807 hostes
1271 3747 1342 3808 tidei
1370 3747 1575 3807 confiteantur.
1605 3746 1713 3807 Calvin

394 3834 467 3896 dies.
493 3833 572 3896 Aliis
586 3836 690 3915 placet
704 3832 844 3913 enallage
859 3834 992 3895 numeri:
1020 3836 1089 3895 Bo·
1143 3833 1211 3893 dem
1227 3833 1307 3893 bunc
1330 3833 1427 3894 locum
1453 3835 1615 3915 detorquet
1629 3833 1669 3893 ad
1684 3834 1714 3895 u

389 3924 590 3999 piissstuttem,
611 3921 703 3984 idest
718 3922 924 3998 baptismatis.
947 3922 1023 3983 Aliie
1038 3919 1087 3980 de·
1142 3919 1305 3981 iussionem
1330 3922 1412 4001 exigi
1434 3918 1562 3995 solitam,
1585 3929 1620 3981 nt
1635 3921 1687 3991 ait,
1709 3964 1714 3979 .

392 4010 500 4089 nique,
527 4008 712 4089 baptismata
737 4006 798 4069 dici
828 4017 951 4090 propter
980 4009 1088 4069 minam
1142 4008 1324 4068 lescentibns
1335 4009 1494 4087 pueritiam
1505 4009 1647 4087 egressis,
1659 4009 1712 4089 qui

392 4097 578 4169 mersionem,
606 4116 685 4176 qnae
707 4103 772 4156 erat
788 4094 983 4175 Apostolicas
1005 4096 1087 4156 insti·
1142 4093 1269 4155 infantes
1293 4094 1445 4174 baptizati.
1475 4092 1574 4174 Quam
1598 4113 1703 4156 eorum

391 4182 526 4244 tutionis.
562 4183 613 4244 Ex
638 4183 683 4243 bis
711 4182 809 4268 eliget,
831 4183 978 4263 quisque,
1006 4180 1089 4263 quod
1142 4183 1257 4241 sionem
1287 4180 1361 4241 dicit
1386 4180 1566 4262 Apostolum
1593 4181 1714 4263 approbr

390 4266 546 4351 placuerit
1143 4267 1234 4329 luisse
1249 4267 1421 4347 hujusmodi
1436 4266 1574 4349 symbolo
1586 4288 1714 4329 manntm

435 4358 594 4417 Doctrina
621 4355 863 4434 baptismatum,
895 4374 949 4418 seu
974 4355 1087 4436 baptis·
1141 4357 1270 4415 sitionis.
1293 4354 1354 4415 Sed
1365 4355 1422 4415 hoe
1436 4374 1551 4415 merum
1567 4364 1714 4417 comment

391 4445 502 4517 mstis,
527 4442 693 4505 secundnm
727 4444 874 4525 quosdam
905 4441 1088 4523 periphrasis
1142 4443 1316 4523 antiquitati
1332 4443 1516 4521 incognitum
1529 4441 1611 4502 etad
1626 4442 1714 4504 offunt

392 4538 437 4593 cst
453 4529 641 4608 catechismi3
663 4528 828 4592 secundnm
850 4529 926 4591 alios
942 4529 1086 4601 doctrina,
1141 4531 1265 4591 veritati
1287 4529 1427 4590 tenebras
1451 4531 1661 4608 excogitatum.
1685 4528 1714 4590 N

391 4636 471 4699 qnae
492 4616 531 4679 sle
553 4618 716 4697 baptismo,
740 4618 865 4698 ejusque
888 4618 1008 4690 virtuts,
1034 4635 1085 4675 ne·
1140 4618 1263 4695 ptinetis
1275 4617 1372 4677 solere
1383 4635 1486 4677 manns
1498 4618 1612 4696 imponi
1620 4616 1659 4677 ab
1667 4616 1714 4699 np

391 4706 550 4780 cessitate,
580 4704 799 4785 significatione
824 4703 958 4766 traditur.
997 4701 1087 4782 Quod
1141 4704 1281 4783 exemplo
1293 4701 1514 4782 Apostolorum,
1530 4705 1674 4764 universa
1686 4701 1714 4770 ds

390 4800 437 4853 est
450 4790 653 4853 verisimilius.
675 4790 753 4852 Nem
768 4789 975 4851 Catecbismus
990 4789 1021 4850 in
1036 4808 1086 4868 ge·
1139 4790 1270 4870 tiquitas.
1297 4791 1392 4870 Atqui
1416 4791 1571 4870 Scriptura
1595 4795 1713 4852 tantum

390 4896 463 4940 nese
478 4879 662 4957 significatus
678 4886 725 4940 est
739 4884 826 4958 parte
841 4875 1043 4957 praecedenti.
1138 4877 1301 4956 Apostolos
1324 4879 1362 4937 iis
1381 4878 1561 4957 imposuisse
1576 4897 1694 4953 manus,

433 4965 528 5026 Porro
549 4975 620 5028 sunt
641 4964 703 5039 alii,
726 4966 836 5047 quibus
859 4964 957 5043 placet
972 4962 1026 5023 bas
1041 4960 1084 5023 di·
1138 4964 1281 5043 ptismum
1297 4963 1392 5024 adulti
1406 4974 1594 5043 receperant,
1610 4963 1707 5044 idque

390 5052 521 5117 stiones:
547 5052 772 5131 capessam
792 5052 976 5127 domna,
997 5067 1084 5131 sapa·
1138 5049 1368 5132 approbandam
1391 5068 1493 5111 sorum
1516 5048 1586 5112 fidei
1609 5046 1714 5134 proles
