4442 5825
394 594 468 663 ιη
909 581 1197 638 commisimus
1215 580 1339 635 cunm

392 762 474 841 quod
489 762 658 842 hujusmodi
680 781 778 822 sermo
792 781 854 822 non
868 757 1012 820 excludat
1025 760 1086 820 Dei
1112 759 1118 853 Ι
1140 757 1307 837 ηεςιδωῑς
1328 757 1580 838 quemadmodum
1602 766 1633 818 et
1647 756 1708 818 slts

391 849 588 921 voluntatem,
612 849 740 928 ideoque
761 868 820 908 nes
841 845 1028 907 efficientiam
1046 845 1086 905 sb
1112 866 1118 943 q
1141 865 1207 904 eum
1222 844 1291 905 huie
1310 845 1447 913 similem,
1471 846 1524 924 qui
1538 852 1586 906 est
1600 845 1708 904 iuirso

392 956 442 1008 eo,
466 934 546 1016 qnod
571 938 745 1016 permittere
769 935 895 1003 dieitur,
925 931 1089 992 ostendunt
1112 972 1117 993 ·.
1140 931 1328 992 ubidicitur:
1358 933 1544 992 Voluntarie
1556 932 1708 1008 pereunti

391 1021 527 1102 ejusdem
541 1025 678 1103 Apostoli
692 1024 862 1082 senteutise
877 1019 1000 1092 similes,
1023 1021 1086 1100 qni·
1141 1019 1186 1078 bis
1210 1027 1281 1093 post
1311 1028 1469 1094 arreptum
1499 1022 1650 1079 notitiam
1683 1037 1708 1078 o·

391 1109 448 1169 bus
469 1110 653 1172 voluntstem
676 1111 827 1181 nominat,
850 1118 883 1167 ut
908 1113 923 1166 l
949 1106 1018 1166 Cor.
1040 1108 1086 1165 L:
1136 1110 1206 1179 jem
1219 1124 1285 1165 non
1297 1107 1490 1182 relinquitur
1500 1124 1561 1182 pro
1574 1108 1708 1182 peccatis

397 1199 532 1257 Verrium
552 1198 596 1257 od
620 1216 674 1257 vos
696 1200 776 1270 cito,
798 1199 826 1256 si
849 1196 1007 1253 Dominus
1030 1211 1086 1252 so-
1141 1193 1290 1253 terribilir
1318 1200 1424 1252 sutem
1454 1192 1611 1269 quaedum
1646 1211 1708 1269 exsp

390 1285 497 1357 luerit,
523 1296 555 1344 et
575 1284 644 1344 Act.
669 1284 735 1344 18.:
768 1285 926 1343 Reuertar
950 1281 994 1340 od
1021 1298 1086 1352 uos,
1135 1279 1252 1353 judieii
1266 1294 1323 1340 eto.
1354 1279 1423 1358 Quo
1444 1278 1483 1340 de
1498 1290 1626 1359 utroque
1648 1279 1708 1339 los<

391 1371 461 1433 Deo
483 1372 616 1432 volente
640 1368 730 1431 Unde
745 1378 775 1429 et
788 1366 1086 1448 generalitersdmo·
1140 1376 1274 1446 possunt,
1296 1386 1373 1445 quse
1388 1365 1520 1426 diximus
1536 1369 1567 1426 in
1582 1370 1612 1427 4.
1629 1366 1658 1426 d.
1676 1371 1708 1426 14

390 1466 442 1518 nst
462 1458 628 1537 Apostolus
650 1455 785 1518 Jaoobus
804 1456 902 1530 Epist
926 1473 1000 1514 snae
1021 1473 1086 1532 esp.
1142 1454 1194 1512 lut
1210 1473 1324 1531 srgum.
1341 1455 1381 1513 Et
1393 1455 1536 1532 quoniam
1548 1452 1708 1513 baeresisi

390 1545 437 1618 4.,
456 1554 491 1604 ut
510 1547 542 1606 in
563 1544 676 1605 talibus
697 1542 847 1602 dieamus:
870 1542 905 1602 Si
927 1542 1087 1600 Dominus
1140 1559 1209 1599 mse
1234 1551 1357 1612 exora,
1384 1541 1570 1619 potissimum
1596 1560 1708 1618 pervsg

391 1631 536 1692 voluerit.
559 1633 670 1692 Verum
685 1632 809 1708 insuper
822 1626 1088 1706 respondebamus,
1141 1625 1356 1687 occidentslem
1372 1627 1550 1698 Ecclesiam,
1570 1627 1641 1686 iude
1656 1626 1705 1687 ise

391 1716 511 1779 Graeco
531 1718 624 1779 verbo
643 1707 811 1792 ἐπιτρέπειν
831 1736 889 1776 non
912 1713 1026 1773 nudam
1047 1715 1086 1773 si·
1140 1724 1213 1787 tant,
1230 1726 1263 1772 nt
1274 1714 1348 1772 haee
1360 1714 1497 1792 Epistola
1507 1712 1590 1794 spud
1601 1714 1708 1774 Lstino

389 1804 525 1884 gnifirsri
547 1805 782 1884 permissionem,
807 1801 862 1863 sed
883 1801 1010 1880 smplius
1031 1799 1086 1860 sli·
1142 1803 1171 1860 in
1184 1803 1394 1860 suctoritstem
1406 1810 1528 1880 resepts
1542 1799 1642 1873 fuerit,
1657 1799 1708 1861 vel

392 1889 478 1969 quid,
492 1892 550 1951 hoe
560 1901 616 1963 est,
630 1894 862 1960 eoncessionem,
875 1907 936 1968 que
945 1889 1087 1948 nimirum
1141 1887 1318 1946 Novatianis
1335 1887 1366 1946 in
1380 1889 1511 1966 speeiem
1525 1887 1707 1965 suffragsret

391 1979 521 2055 oaipism
543 1978 597 2037 fist
611 1977 663 2037 rel
685 1978 856 2046 suetoritss,
878 1974 928 2036 rel
953 1982 1087 2053 potestus
1140 1973 1178 2034 de
1200 1995 1234 2036 re
1255 1973 1391 2034 nonnihil
1414 1973 1546 2034 diximus
1562 1975 1593 2033 in
1609 1973 1708 2052 Proleq

392 2062 509 2142 aliquid
524 2063 651 2143 agendi;
667 2059 917 2142 quemsdmodum
933 2069 964 2122 st
978 2060 1088 2121 Latine
1139 2061 1306 2140 Epistolse.

391 2152 461 2230 quis
482 2149 542 2211 diei
563 2152 639 2211 solet
665 2158 716 2209 snt
740 2168 811 2221 rex,
837 2157 892 2208 sut
912 2148 1087 2226 Episcopus
1182 2146 1509 2220 Nnnoostsudeudum,
1522 2146 1708 2209 frustraNor

390 2239 590 2318 permissione
618 2237 739 2310 divins3
768 2248 802 2296 ut
827 2233 972 2316 proinde,
1004 2233 1088 2314 qued
1140 2254 1179 2294 ex
1192 2234 1251 2294 boe
1272 2234 1340 2295 loeo
1361 2233 1544 2314 prsesidium
1563 2253 1708 2314 quaerere

391 2324 557 2403 Apostolus
564 2323 795 2400 aitzsiqaidem
804 2324 985 2399 permiserit
992 2322 1088 2395 Deus,
1140 2323 1226 2383 roris.
1250 2321 1341 2400 Quod
1352 2332 1387 2380 ut
1396 2323 1589 2401 perspicuum
1604 2322 1666 2392 fist
1679 2341 1708 2381 v«

391 2409 453 2473 tsls
474 2413 520 2484 sit,
542 2431 580 2470 so
602 2413 628 2471 si
651 2409 794 2470 dixisset:
817 2409 851 2471 Si
864 2408 952 2469 Deus
965 2427 1087 2468 eonces-
1140 2427 1313 2487 gurmsnum
1328 2409 1395 2484 ejus
1410 2427 1531 2469 sensum
1546 2410 1708 2487 investigor

391 2500 483 2573 sorit;
504 2505 540 2559 nt
557 2499 686 2577 exponit
699 2494 779 2556 idem
795 2495 972 2573 (lsjstanus.
1139 2497 1268 2575 primum
1297 2504 1368 2555 sunt
1392 2495 1469 2555 iuter
1494 2494 1692 2569 orthodoxos,

434 2586 465 2645 4,
488 2584 686 2660 Impossibile
708 2590 754 2643 ert
771 2585 869 2656 esim,
884 2600 946 2654 eos,
968 2583 1025 2657 qui
1039 2598 1088 2642 te·
1141 2583 1334 2661 poenitentis,
1352 2600 1433 2660 quse
1446 2593 1515 2661 post
1529 2583 1708 2664 baptismum

393 2671 457 2731 mel
471 2679 546 2732 stent
562 2671 749 2731 illuminati.
772 2668 928 2729 Laborsnt
943 2670 1088 2746 interprs
1140 2668 1319 2748 Apostolum
1344 2668 1394 2728 bie
1419 2667 1506 2747 loqui
1531 2667 1701 2744 istesutur;

392 2766 439 2818 tes
453 2758 485 2819 iu
499 2754 705 2819 eonneotends
727 2755 785 2816 bae
808 2764 893 2833 parte
915 2774 983 2817 oum
1000 2773 1087 2833 supe
1141 2755 1332 2832 impossibile
1346 2775 1400 2834 per
1415 2753 1535 2816 difficile
1548 2758 1708 2834 interpreti

392 2842 529 2904 rioribus
550 2842 661 2923 Neque
675 2845 753 2904 enim
769 2861 838 2902 oum
856 2861 902 2914 eu,
924 2839 1006 2923 quod
1021 2861 1086 2922 pro
1141 2862 1247 2904 sensus
1269 2842 1409 2922 Apostoli
1430 2843 1479 2916 sit,
1505 2842 1597 2904 vslde
1619 2841 1708 2903 diffisi

391 2932 474 2993 xime
492 2930 666 3010 praesedit,
688 2930 850 2991 eobserere
869 2927 1008 3001 videtur,
1029 2929 1089 2988 nisi
1142 2938 1183 3002 nt,
1205 2932 1256 3011 qui
1271 2940 1340 3010 post
1360 2930 1543 3009 bsptismum
1566 2929 1701 3010 prolapsi

392 3015 466 3078 illud
488 3037 674 3098 exponamus
696 3014 735 3077 de
754 3015 932 3077 rudimentis
945 3014 1016 3077 fidei
1032 3016 1086 3075 its·
1142 3018 1273 3090 seelera,
1302 3036 1356 3097 per
1381 3017 1596 3097 poenitentism
1620 3017 1708 3077 restit

393 3123 459 3166 rum
484 3104 655 3176 medendis,
681 3104 760 3165 iuter
782 3122 862 3183 quse
884 3113 932 3163 est
953 3101 1089 3163 doctrine
1142 3115 1207 3165 tum
1229 3104 1303 3184 quis
1324 3102 1445 3164 difficile
1466 3114 1521 3178 est,
1541 3113 1576 3165 nt
1596 3123 1701 3166 versm

393 3191 535 3269 baptismi
556 3212 617 3253 nou
643 3188 805 3270 repetendi.
826 3188 889 3250 Sed
909 3188 957 3249 hio
983 3208 1090 3251 seusus
1143 3211 1242 3252 oersm
1263 3200 1358 3270 agant
1378 3192 1613 3268 poenitentism,
1635 3192 1689 3270 qui

390 3277 455 3355 jsm
471 3278 658 3357 improbstus
669 3286 725 3338 est
748 3276 891 3355 Plerique
902 3274 1038 3338 referunt
1048 3276 1090 3338 sd
1143 3277 1236 3338 semel
1249 3285 1405 3356 sossptsm
1419 3278 1668 3356 repudisveruut3
1691 3287 1708 3338 t

393 3362 471 3425 illud
485 3367 634 3437 remotius
656 3363 708 3424 ubi
723 3363 808 3437 dixit
827 3381 861 3424 ss
875 3362 957 3423 nolle
970 3383 1089 3424 rursum
1144 3365 1250 3426 dursm
1276 3384 1313 3425 so
1338 3362 1490 3425 difficilem
1515 3365 1708 3445 poenitentis·

390 3450 493 3529 jsome
507 3450 736 3513 iundsmentum
746 3451 953 3530 poenitentise
966 3450 1006 3511 sb
1018 3470 1088 3529 ope·
1143 3471 1210 3512 nem
1225 3472 1245 3510 s
1261 3450 1373 3512 talibus
1388 3452 1483 3531 exigit
1498 3453 1646 3513 severius
1661 3450 1708 3514 dis

393 3537 476 3598 ribus
501 3540 626 3604 mortuis
646 3546 702 3600 etc.
735 3536 909 3598 Secundum
934 3557 1012 3617 quos
1036 3537 1090 3599 ills
1144 3536 1344 3601 Obristisnse.
1367 3537 1429 3600 Sed
1443 3539 1516 3600 huie
1530 3538 1698 3602 intellectui

394 3625 535 3703 pericope
560 3625 673 3684 medis:
710 3624 754 3685 Et
782 3625 839 3683 loc
863 3626 1036 3702 fudimus,
1062 3629 1090 3688 si
1144 3625 1264 3687 obsiste
1290 3624 1427 3699 videtur,
1455 3625 1539 3706 quod
1563 3646 1613 3688 res
1638 3626 1705 3706 freq

393 3709 520 3786 quidem
541 3712 722 3785 permiserit
736 3712 839 3783 Deus,
861 3710 1091 3774 intercludenda
1143 3712 1330 3792 quotidiano,
1344 3713 1445 3792 qualis
1459 3723 1505 3775 est
1515 3733 1626 3785 eorum,
1642 3714 1707 3792 quiq

395 3805 476 3857 esset
490 3797 672 3876 parenthesi.
695 3794 757 3857 Sed
776 3817 836 3857 non
851 3806 897 3859 est
914 3818 1036 3861 neeesse
1052 3819 1089 3861 eo
1144 3808 1214 3879 post
1235 3799 1416 3880 baptismum
1437 3800 1639 3880 deliquerunt,
1660 3819 1708 3862 res

394 3880 566 3961 ouufugere
594 3884 701 3944 Potest
726 3884 805 3944 enim
824 3883 903 3945 haee
925 3905 996 3963 para
1021 3906 1090 3947 oum
1144 3888 1196 3958 tis,
1217 3895 1309 3964 atque
1323 3885 1484 3948 eorundem
1506 3888 1708 3967 poeniteutiuu

394 3970 531 4049 proxima
546 3969 701 4030 commode
715 3969 855 4043 ordinari,
870 3972 894 4030 si
908 3980 1010 4033 tamen
1024 3993 1090 4034 sen·
1145 3972 1268 4046 eilistio,
1287 3974 1428 4055 quamvis
1443 3973 1645 4036 difficultatem
1660 3976 1707 4035 etl

394 4074 447 4116 sus
461 4054 671 4133 supplemento
683 4056 851 4135 adjuvetur,
865 4057 924 4119 boo
936 4068 989 4120 sut
999 4059 1090 4122 simili
1144 4059 1264 4133 habest,
1280 4080 1340 4119 non
1354 4069 1456 4121 tsmsu
1466 4061 1564 4121 solest
1575 4060 1708 4138 impossil

393 4139 497 4201 modo:
520 4141 635 4204 mooe
654 4144 821 4221 faeiem,
844 4142 945 4217 idest,
967 4145 1089 4226 adper
1144 4148 1222 4220 osri3
1247 4145 1373 4208 sedboe
1387 4144 1708 4210 denrsetdiffiaillb

394 4228 553 4289 fertionem
578 4227 725 4303 sesemen
758 4249 818 4290 nou
846 4240 948 4292 sutem
973 4252 1090 4292 rursum
1144 4240 1207 4292 tum
1230 4230 1349 4293 dieitur.
1378 4230 1486 4294 Obrue
1510 4236 1601 4295 etism
1625 4232 1708 4294 loeus

390 4315 541 4392 jaciemus
547 4310 772 4376 fundamentum
787 4319 998 4394 poenitentiae
1010 4318 1091 4390 fidei,
1144 4339 1211 4398 esp.
1226 4319 1284 4391 10.,
1300 4321 1363 4399 qui,
1377 4319 1543 4381 secundum
1554 4340 1659 4381 reram
1669 4320 1708 4386 iul

393 4400 593 4479 bsptismstis,
616 4421 653 4462 so
667 4411 861 4476 osetorornm,
882 4424 921 4465 ne
934 4403 1091 4465 videamur
1144 4406 1228 4478 tiam,
1244 4425 1333 4484 qusm
1348 4405 1412 4467 illio
1422 4404 1581 4480 trsdemus,
1597 4405 1708 4487 simplis

395 4486 477 4549 velle
486 4505 543 4546 ros
555 4488 661 4548 iterum
676 4488 871 4565 mtecbissre
886 4489 967 4552 etad
976 4492 1090 4570 bsptis-
1145 4501 1205 4572 get,
1217 4490 1386 4554 soluntsrie
1396 4494 1593 4573 psscrnubm
1604 4502 1672 4573 post
1681 4514 1708 4556 s·

394 4592 476 4634 mum
491 4574 655 4635 instituere
677 4572 756 4636 Nem
771 4576 957 4655 impossibile
972 4586 1028 4649 est,
1044 4597 1090 4638 se·
1145 4579 1282 4639 notitism
1311 4579 1448 4639 veritstis
1473 4580 1601 4650 hostiam
1626 4600 1681 4659 pro

395 4659 454 4720 mel
476 4658 644 4738 bsptisstos
667 4662 776 4724 iterum
799 4665 937 4726 renovari
957 4664 999 4725 sd
1018 4683 1090 4745 poe·
1144 4664 1284 4745 relinqui.
1310 4663 1401 4726 Certe
1422 4664 1514 4745 hujus
1534 4666 1693 4746 Epistulae

395 4746 559 4808 nitentium
1144 4752 1335 4829 inpossibile
1357 4774 1418 4814 uou
1432 4754 1519 4815 slitsr
1531 4755 1651 4834 seoipit,
1672 4772 1708 4833 qu

437 4830 549 4892 Lusum
572 4832 652 4896 buno
672 4833 745 4895 olim
766 4835 911 4897 Novstiui
932 4835 1092 4898 trebebsnt
1145 4857 1190 4911 eo,
1204 4838 1287 4919 quod
1299 4838 1440 4902 absolute
1450 4840 1573 4914 taleest,
1585 4850 1620 4901 ut
1632 4839 1708 4904 intr·

394 4914 436 4977 sd
448 4919 645 4997 petrosinium
659 4922 707 4984 sui
723 4919 879 5001 dogmatis,
894 4941 953 5003 quo
967 4921 1092 5003 lspsiss
1145 4924 1705 5007 dennp,:1mpoutbstemmoatirt

393 5002 538 5087 bspt‘sud
561 5002 683 5072 lamere
703 5007 906 5092 pomiteuu'ss
926 5007 1092 5076 modium
1145 5019 1175 5074 et
1199 5030 1265 5094 esp.
1293 5013 1357 5076 10.=
1387 5013 1584 5094 Impossibile
1611 5022 1659 5080 es
1684 5033 1708 5079 s
