4442 5825
677 639 838 695 melotae
864 640 953 697 lilldl'l
969 640 1082 696 secem.
1120 641 1204 696 Vilis.
1225 642 1265 695 12.
1286 641 1326 695 ld·
1612 646 1683 716 421

371 809 586 893 ιςιιρίνιοθαι,
599 814 937 897 ideatadverbum,{u·
991 819 1124 882 Sentent.
1153 818 1235 880 Hinc
1255 819 1344 879 etiam
1368 825 1510 898 apparet,
1528 818 1688 893 judicium

371 903 467 962 liceri.
497 903 636 964 Latiniue
659 924 720 965 uua
735 923 827 964 voce:
844 905 937 980 judi·
990 905 1126 966 hocloco
1142 926 1201 965 non
1217 904 1387 984 significare
1402 905 1640 979 damnationem,
1656 913 1689 965 ιιι

371 988 700 1070 leutetBedaexponit.
717 992 937 1066 Lepemlider·
990 993 1061 1052 alibi
1076 1011 1183 1073 caepe,
1210 994 1289 1052 sicut
1312 990 1448 1053 nonnulli
1462 990 1585 1069 volunt;
1613 999 1686 1052 tam·

371 1073 452 1137 odom
465 1075 512 1136 hic
522 1077 674 1157 intelligit,
691 1097 781 1157 qnam
790 1080 937 1158 superiori
990 1098 1079 1159 quam
1095 1078 1208 1158 duplex
1223 1077 1327 1139 futura
1342 1079 1381 1138 eit
1400 1078 1569 1151 damnatio,
1591 1076 1687 1140 altera

383 1180 491 1242 nempe
513 1161 610 1242 legem
629 1165 778 1236 caritatis,
801 1184 891 1243 qnam
907 1173 938 1226 et
989 1167 1054 1225 aine
1069 1166 1290 1239 misericordia,
1316 1164 1413 1226 altera
1435 1184 1503 1225 cnm
1522 1165 1686 1225 mirericor-

371 1255 416 1308 nte
430 1249 536 1308 citavit
550 1252 727 1330 scripturae
741 1251 857 1312 verbis:
874 1253 936 1312 Di·
990 1251 1056 1328 dia;
1085 1249 1139 1312 eod
1165 1270 1233 1313 ecee
1266 1251 1444 1313 vocobulum
1479 1249 1627 1324 medium,
1657 1259 1689 1312 et

371 1338 525 1396 commum
548 1344 640 1398 tuom
665 1341 745 1398 eleut
770 1344 799 1397 te
822 1341 936 1414 iprum.
990 1357 1145 1399 commune
1160 1337 1199 1400 ad
1217 1337 1368 1416 judicium
1389 1340 1454 1399 eine
1469 1335 1686 1411 mirericordia,

371 1439 459 1482 onena
474 1429 537 1481 eut:
563 1424 718 1505 Deinceps
740 1443 890 1485 cormones
907 1435 937 1486 et
989 1423 1071 1507 qnod
1097 1434 1144 1486 eet
1173 1426 1389 1500 damnationis,
1419 1432 1450 1484 et
1475 1423 1514 1484 ad
1536 1422 1686 1504 judicium

371 1529 375 1566 ι
403 1518 523 1568 veetrae
549 1511 714 1584 instituite,
742 1520 937 1592 tamqname
990 1531 1054 1573 cnm
1074 1512 1292 1586 misericordia,
1319 1509 1401 1591 qnod
1423 1518 1470 1570 eet
1492 1510 1687 1588 calvationia3

371 1593 492 1656 dicandi
518 1595 681 1657 coeundum
709 1598 807 1677 legem
833 1598 935 1678 ipsine,
990 1598 1026 1659 de
1042 1618 1101 1679 quo
1118 1602 1179 1674 jam
1195 1600 1344 1679 seqnitur:

371 1683 481 1761 acipit,
507 1691 541 1742 ιιι
554 1684 707 1764 proximor
728 1688 808 1744 eicut
822 1705 876 1745 noe
891 1688 935 1766 ip·
1032 1686 1256 1761 superexultat
1270 1692 1378 1746 autam
1399 1685 1617 1746 misericordia
1627 1688 1684 1760 ju·

371 1787 473 1846 gamon
512 1769 590 1830 Nem
605 1772 630 1831 ei
642 1772 790 1850 judicium
806 1771 863 1831 hoo
879 1774 938 1834 Dei
989 1772 1118 1833 dicium.
1141 1770 1275 1833 Graece:
1291 1773 1686 1849 Eteontroplorioturmi·
1749 1844 1760 1856 ἱ

383 1855 563 1916 laboremus
597 1867 667 1919 ante
693 1857 809 1933 oouloe,
839 1878 937 1940 neque
988 1859 1163 1921 aericordio
1180 1859 1321 1934 judicio,
1349 1858 1380 1919 id
1404 1866 1450 1919 eet
1471 1858 1620 1939 gloriatur
1634 1856 1685 1919 ad-

371 1940 512 2003 afratrea
533 1952 654 2006 nostroe
677 1944 768 2006 verbo
788 1955 840 2006 aut
854 1944 936 2008 iacto
989 1965 1094 2007 verene
1106 1944 1263 2026 judicium.
1287 1947 1339 2006 Sic
1353 1944 1429 2006 inira
1441 1964 1505 2027 cap.
1519 1949 1564 2009 3.:
1580 1946 1685 2007 Nolite

371 2046 514 2104 remmne,
529 2033 869 2111 nequeeuepiceremue,
885 2042 937 2094 aut
988 2033 1126 2109 pleniori
1144 2032 1296 2094 odoenus
1318 2035 1502 2107 veritatem,
1526 2040 1557 2093 et
1571 2031 1687 2092 Panlur

371 2134 456 2176 emur
478 2115 589 2178 diriter
611 2138 678 2179 eum
697 2119 808 2198 injuria
823 2139 933 2200 paupe·
989 2121 1075 2180 Rom.
1090 2124 1156 2180 11.:
1172 2120 1247 2181 Noli
1257 2120 1396 2196 ploriori
1406 2119 1558 2180 odoerana
1569 2137 1683 2181 rornoa.

371 2203 491 2283 cinoque
509 2202 676 2267 Ecclesiae.
699 2205 828 2267 Rursum
844 2208 869 2267 ei
887 2226 934 2267 co·
990 2207 1046 2266 liet
1061 2209 1141 2268 enim
1156 2207 1187 2267 in
1202 2205 1247 2267 hia
1261 2207 1336 2267 loeis
1351 2206 1429 2266 idem
1446 2206 1572 2267 verbum
1587 2221 1684 2268 κατα·

371 2308 417 2361 ua,
441 2310 497 2351 noe
511 2291 675 2352 emendum
695 2313 761 2354 eam
777 2293 875 2372 legem
886 2295 935 2373 ju·
989 2291 1185 2372 καυχᾶσθαι,
1203 2293 1235 2353 id
1251 2301 1298 2355 eet
1312 2291 1459 2353 adversor
1475 2292 1607 2373 aliquem
1621 2292 1685 2371 glo·

371 2394 398 2450 r,
413 2396 474 2437 uon
490 2387 572 2439 earet
585 2378 664 2440 fider
678 2389 782 2442 nostre
796 2381 891 2441 otioea
906 2388 936 2440 et
988 2383 1058 2441 riori
1074 2399 1129 2442 eeu
1145 2380 1304 2441 excultare
1341 2379 1406 2440 Nec
1422 2387 1535 2439 temere
1550 2378 1684 2459 suspica·

390 2465 614 2527 misericordiae
633 2486 747 2540 vacua,
772 2486 830 2527 nec
856 2466 937 2528 dicta
989 2476 1037 2527 tur
1065 2468 1224 2539 Erasmus,
1242 2467 1365 2528 vitiatos
1392 2484 1457 2526 eece
1486 2463 1620 2539 codices,
1650 2484 1687 2525 ao

371 2558 460 2611 erent
474 2571 493 2611 a
506 2550 598 2613 iactir
608 2551 738 2615 diacono.
762 2551 822 2615 cni
836 2555 936 2614 eeneui
988 2553 1165 2634 legendnm:
1187 2553 1428 2631 superexcellat.
1458 2551 1539 2614 Nam
1553 2553 1598 2613 ita
1612 2552 1688 2632 logi·

374 2640 516 2699 eonvenit
538 2639 677 2720 probatio
701 2659 848 2720 eequene,
875 2660 936 2721 qua
988 2649 1036 2700 tur
1051 2662 1085 2702 eo
1103 2642 1192 2701 tertio
1214 2642 1363 2721 repetitur
1384 2637 1466 2720 apud
1481 2639 1685 2719 Augustinum

371 2742 375 2783 ;
385 2723 549 2803 judicium,
565 2725 603 2786 de
619 2746 678 2807 quo
695 2727 814 2789 loeutus
829 2736 885 2788 ert.
988 2729 1086 2808 Epist.
1115 2730 1164 2790 29.
1191 2726 1229 2788 ed
1255 2726 1490 2807 Hieronymum,
1520 2735 1549 2787 et
1578 2727 1685 2788 iterum

371 2811 526 2873 indiciam
537 2816 621 2874 enim
637 2817 706 2878 eine
717 2815 936 2876 misericordia
988 2816 1085 2896 Epist.
1102 2816 1152 2877 89.
1168 2812 1208 2874 ed
1223 2812 1391 2886 Hilarium,
1407 2821 1524 2893 quaeat
1540 2814 1569 2873 4„
1595 2813 1686 2875 Elam·

372 2900 794 2977 mosacitmirerioordiom.
818 2901 933 2964 Subau·
988 2922 1050 2982 que
1071 2902 1232 2963 lectionem
1253 2902 1353 2982 arguit
1376 2901 1466 2962 etiam
1493 2901 1578 2963 locne
1603 2897 1686 2981 apud

371 2989 427 3046 rit.
461 2987 556 3063 Nam,
581 2990 694 3070 inquit,
718 2990 785 3062 ille,
807 2992 936 3070 quinon
988 2987 1512 3053 eundeminenarrotPeulm.143.
1534 2986 1613 3049 Nam
1627 2987 1684 3051 Ja-

371 3074 421 3134 trit
441 3076 587 3154 proximis
610 3080 672 3137 euie
696 3074 936 3151 mirericordiam,
988 3077 1056 3137 oobi
1071 3078 1249 3138 sententiam
1272 3078 1400 3155 exponit
1420 3074 1478 3135 hoc
1492 3072 1597 3135 modo:
1623 3075 1686 3137 Su·

371 3162 512 3240 omapia,
528 3163 582 3241 qni
596 3162 701 3225 iecerit
715 3165 869 3243 injuriam,
885 3183 936 3224 ex·
987 3161 1545 3242 parponiturmirericordioludioio.
1569 3162 1686 3223 llodem

393 3248 426 3308 in
446 3247 559 3326 judicio
581 3268 635 3311 eno
654 3252 753 3313 Deum
771 3250 884 3330 justum
900 3269 937 3311 ac
987 3253 1077 3312 modo
1093 3252 1125 3312 in
1140 3250 1226 3312 boni·
1242 3248 1466 3328 exemplaribus
1480 3249 1590 3329 legitur
1604 3246 1687 3327 apud

371 3331 652 3411 iot(utitadioam)
665 3336 936 3399 immisericordem.
989 3336 1117 3399 eundem
1138 3335 1177 3397 de
1198 3346 1313 3416 peceat.
1333 3354 1404 3396 mer.
1428 3342 1459 3395 et
1478 3354 1552 3396 rem.
1576 3334 1628 3395 lib.
1656 3335 1685 3395 2.

371 3439 453 3482 raeco
467 3430 529 3482 eat:
545 3413 682 3493 delicto<
696 3422 881 3501 (Teutonico
892 3422 935 3483 di·
989 3444 1054 3504 cap.
1071 3428 1100 3485 3.
1116 3433 1148 3484 et
1168 3424 1213 3500 ⁷·3
1235 3431 1266 3483 et
1288 3429 1392 3483 eontra
1406 3420 1565 3484 Judaeum
1587 3420 1639 3483 lib.
1655 3423 1684 3481 4.

371 3506 438 3568 alde
466 3510 686 3588 eignidcanter:
716 3506 935 3587 onycnodielr).
989 3531 1056 3591 cap.
1082 3514 1128 3588 Β.;
1153 3511 1225 3571 item
1252 3507 1389 3571 Oouieaa.
1419 3508 1470 3568 lib.
1494 3511 1523 3571 9.
1547 3528 1612 3589 cap.
1636 3507 1685 3568 13.

371 3595 410 3655 im
432 3596 638 3658 mirericordia
664 3598 771 3678 dignm
797 3607 858 3672 eet,
885 3597 937 3675 qui
988 3597 1038 3659 Sic
1054 3616 1176 3677 quoque
1192 3597 1307 3659 Bedum
1329 3597 1360 3657 in
1384 3604 1542 3657 comment.
1565 3593 1685 3675 legione,

371 3680 671 3746 ›rdiamnouiecerit
694 3686 792 3747 Docet
806 3683 836 3745 id
849 3682 935 3744 Chri·
988 3685 1127 3765 quamvie
1156 3683 1311 3762 depravati
1340 3683 1401 3743 rint
1426 3681 1559 3755 codicee,
1583 3680 1685 3761 palam

371 3766 456 3829 tando
468 3779 592 3850 propter
606 3791 698 3852 opera
710 3769 936 3833 misericordiae
988 3770 1151 3832 ostendunt
1172 3771 1249 3831 haec
1271 3770 1469 3849 exporitionia
1491 3770 1557 3846 ejue
1575 3766 1685 3830 verba:

371 3879 377 3917 ι
390 3859 570 3919 coutentium
581 3866 721 3920 aeternae
735 3858 936 3919 damnationis
989 3861 1088 3938 Quia,
1110 3856 1376 3934 quemadmodum
1392 3857 1566 3916 damnetur
1580 3856 1616 3914 in
1627 3857 1684 3928 ju·

371 3961 427 4003 uuo
444 3942 559 4020 jndicio
586 3964 620 4005 ee
641 3944 770 4006 laturum
797 3942 936 4016 orteudit,
988 3946 1071 4006 dicio
1087 3947 1149 4006 Dei
1164 3944 1298 4019 dolebit,
1314 3945 1370 4019 qui
1385 3961 1453 4004 non
1466 3943 1544 4019 fecit
1558 3942 1684 4003 mireri-

371 4028 490 4090 modnm
513 4040 544 4092 et
564 4039 687 4112 propter
708 4051 798 4112 opera
820 4031 935 4091 mireri-
988 4032 1151 4093 cordium:
1176 4034 1242 4104 itu,
1270 4033 1325 4108 qui
1338 4031 1433 4107 feeit,
1463 4035 1686 4090 remuneretur

372 4118 505 4177 exercita
528 4120 705 4179 uenientium
722 4129 862 4179 aeternae
877 4116 935 4178 eal·
989 4118 1159 4181 concitabit
1173 4125 1203 4179 et
1216 4117 1374 4194 pandebit.

377 4202 507 4277 ,Mettlu
524 4206 574 4267 25.
609 4204 798 4287 Quamquam
814 4204 862 4264 hie
876 4224 936 4264 non
1031 4205 1103 4266 Jum
1119 4225 1176 4267 neo
1190 4206 1248 4265 erit
1262 4223 1370 4265 eeneua
1385 4201 1575 4277 commodua,
1601 4202 1628 4264 ei
1644 4202 1684 4264 le-

371 4289 536 4370 lgniioatur
551 4291 719 4366 damnatio,
735 4290 790 4352 eed
805 4289 935 4352 excludi·
989 4311 1111 4373 gamno:
1127 4292 1347 4370 superexaltat
1355 4335 1365 4367 ,
1381 4292 1441 4351 niel
1453 4288 1596 4369 roppleaa
1610 4291 1685 4350 reci·

371 4377 627 4439 inmisericordia.
989 4398 1127 4458 procum:
1157 4398 1206 4458 εις
1236 4381 1324 4457 quael
1351 4376 1448 4441 dicat:
1477 4374 1686 4438 Misericordia

392 4463 484 4524 valde
504 4464 702 4545 probabiliter
727 4483 766 4525 ex
789 4465 846 4525 hoo
870 4465 936 4524 loco
989 4465 1103 4527 exaltat
1118 4487 1151 4529 ee
1165 4485 1257 4546 cupre
1275 4464 1437 4545 judicium,
1463 4462 1495 4524 itl
1517 4472 1562 4525 ert
1582 4481 1684 4542 euper-

371 4571 382 4612 r
404 4546 502 4632 (quod
523 4551 604 4631 apud
625 4551 799 4631 Theologoe
820 4560 936 4612 coutro-
988 4555 1074 4634 ponit
1095 4573 1132 4615 ac
1155 4551 1288 4635 praefert
1309 4572 1342 4612 re
1367 4551 1489 4630 judicio.
1527 4551 1583 4610 Est
1604 4546 1686 4629 apud

371 4633 436 4714 lat),
457 4638 603 4717 reprobos
626 4659 686 4699 non
701 4640 779 4699 infra
793 4638 937 4712 meritum,
988 4639 1182 4721 Fulgentium
1211 4639 1296 4699 locne
1320 4638 1373 4699 lib.
1399 4642 1427 4699 1.
1452 4635 1490 4698 ad
1512 4635 1687 4711 Monimum,

371 4725 481 4785 nudum
502 4734 642 4786 exactam
666 4733 697 4786 et
723 4724 852 4803 rigidam
877 4724 938 4785 Dei
989 4747 1055 4805 cap.
1074 4727 1140 4801 25.,
1169 4727 1220 4788 ubi
1243 4727 1288 4786 eie
1306 4726 1432 4804 legitur:
1462 4724 1586 4785 Sciebat
1600 4725 1686 4784 enim

371 4831 385 4872 ι
406 4829 476 4873 aare
498 4811 678 4890 puniendos.
712 4812 838 4892 Alioqui
857 4813 936 4873 enim
990 4811 1183 4893 (Propheta),
1198 4819 1325 4874 cuncter
1338 4810 1608 4888 periretinendoa
1621 4827 1686 4886 pte·

371 4917 427 4978 pua
440 4897 644 4960 misericordia
650 4898 868 4979 judicarentur,
884 4898 936 4979 qui
988 4903 1123 4962 nitionia
1138 4901 1287 4976 vinoul05
1311 4901 1373 4960 nm
1394 4900 1498 4972 Deua,
1521 4900 1557 4959 in
1573 4896 1687 4975 quibu·

371 4982 472 5046 rdiam
487 5005 547 5047 non
563 4984 715 5048 iecieeent
748 4987 787 5048 Se
802 4984 891 5047 deca
904 5003 938 5046 re
987 4988 1081 5050 callet
1095 4987 1346 5050 mirericordiam
1358 4986 1477 5062 serim,
1498 4983 1685 5062 repererat-

372 5089 413 5134 ex
430 5070 567 5155 prolem
596 5072 635 5134 ad
666 5071 734 5135 diat
757 5074 809 5136 46.
832 5072 883 5136 lib.
906 5072 940 5136 4.
988 5075 1205 5152 toretjedicto.
1227 5069 1691 5145 Iaoouaeinedubiomendoana'·
