<?xml version="1.0" encoding="UTF-8"?>
<!DOCTYPE html PUBLIC "-//W3C//DTD XHTML 1.0 Transitional//EN"
    "http://www.w3.org/TR/xhtml1/DTD/xhtml1-transitional.dtd">
<html xmlns="http://www.w3.org/1999/xhtml" xml:lang="en" lang="en">
 <head>
  <title>
</title>
<meta http-equiv="Content-Type" content="text/html;charset=utf-8" />
  <meta name='ocr-system' content='tesseract 3.04.00' />
  <meta name='ocr-capabilities' content='ocr_page ocr_carea ocr_par ocr_line ocrx_word'/>
</head>
<body>
  <div class='ocr_page' id='page_1' title='image "./guilielmiestiii01estigoog_0689.png"; bbox 0 0 4442 5825; ppageno 0'>
   <div class='ocr_carea' id='block_1_1' title="bbox 706 560 1755 638">
    <p class='ocr_par' dir='ltr' id='par_1_1' title="bbox 706 560 1755 638">
     <span class='ocr_line' id='line_1_1' title="bbox 706 560 1755 638; baseline 0.007 -22"><span class='ocrx_word' id='word_1_1' title='bbox 706 562 869 618; x_wconf 72' lang='lat' dir='ltr'><strong>tristem</strong></span> <span class='ocrx_word' id='word_1_2' title='bbox 885 564 903 617; x_wconf 89' lang='lat' dir='ltr'><strong>l.</strong></span> <span class='ocrx_word' id='word_1_3' title='bbox 920 561 1010 618; x_wconf 71' lang='lat' dir='ltr'><strong>de&#39;ll</strong></span> <span class='ocrx_word' id='word_1_4' title='bbox 1024 560 1158 617; x_wconf 76' lang='lat' dir='ltr'><strong>tostttta</strong></span> <span class='ocrx_word' id='word_1_5' title='bbox 1191 561 1275 616; x_wconf 70' lang='lat' dir='ltr'><strong>ms.</strong></span> <span class='ocrx_word' id='word_1_6' title='bbox 1293 560 1378 617; x_wconf 72' lang='grc'><strong>8.-5.</strong></span> <span class='ocrx_word' id='word_1_7' title='bbox 1681 569 1755 638; x_wconf 60' lang='grc'><strong>079</strong></span> 
     </span>
    </p>
   </div>
   <div class='ocr_carea' id='block_1_2' title="bbox 355 735 1753 927">
    <p class='ocr_par' dir='ltr' id='par_1_2' title="bbox 355 735 1753 927">
     <span class='ocr_line' id='line_1_2' title="bbox 355 735 1749 816; baseline -0.002 -15"><span class='ocrx_word' id='word_1_8' title='bbox 355 742 440 801; x_wconf 86' lang='lat' dir='ltr'><strong>sicsss</strong></span> <span class='ocrx_word' id='word_1_9' title='bbox 454 745 559 800; x_wconf 76' lang='lat' dir='ltr'><strong>certem</strong></span> <span class='ocrx_word' id='word_1_10' title='bbox 574 742 697 815; x_wconf 84' lang='lat' dir='ltr'><strong>sponsi,</strong></span> <span class='ocrx_word' id='word_1_11' title='bbox 721 743 777 816; x_wconf 78' lang='lat' dir='ltr'><strong>qni</strong></span> <span class='ocrx_word' id='word_1_12' title='bbox 790 747 852 800; x_wconf 82' lang='lat' dir='ltr'><strong>stat</strong></span> <span class='ocrx_word' id='word_1_13' title='bbox 867 747 897 800; x_wconf 86' lang='lat' dir='ltr'><strong>st</strong></span> <span class='ocrx_word' id='word_1_14' title='bbox 911 738 1006 799; x_wconf 81' lang='lat' dir='ltr'><strong>ondit</strong></span> <span class='ocrx_word' id='word_1_15' title='bbox 1054 738 1102 798; x_wconf 89' lang='lat' dir='ltr'><strong>nie</strong></span> <span class='ocrx_word' id='word_1_16' title='bbox 1113 736 1276 815; x_wconf 80' lang='lat' dir='ltr'><strong>duntaxat3</strong></span> <span class='ocrx_word' id='word_1_17' title='bbox 1289 758 1359 799; x_wconf 86' lang='lat' dir='ltr'><strong>uam</strong></span> <span class='ocrx_word' id='word_1_18' title='bbox 1367 735 1485 798; x_wconf 79' lang='lat' dir='ltr'><strong>Graeca</strong></span> <span class='ocrx_word' id='word_1_19' title='bbox 1497 755 1533 798; x_wconf 90' lang='lat' dir='ltr'><strong>eo</strong></span> <span class='ocrx_word' id='word_1_20' title='bbox 1545 736 1612 798; x_wconf 93' lang='lat' dir='ltr'><strong>loco</strong></span> <span class='ocrx_word' id='word_1_21' title='bbox 1621 736 1749 800; x_wconf 82' lang='lat' dir='ltr'><strong>babent:</strong></span> 
     </span>
     <span class='ocr_line' id='line_1_3' title="bbox 355 823 1753 927; baseline 0 -40"><span class='ocrx_word' id='word_1_22' title='bbox 355 844 419 927; x_wconf 44' lang='lat' dir='ltr'><strong>ss,</strong></span> <span class='ocrx_word' id='word_1_23' title='bbox 431 827 553 903; x_wconf 75' lang='lat' dir='ltr'><strong>paodso</strong></span> <span class='ocrx_word' id='word_1_24' title='bbox 581 825 698 902; x_wconf 80' lang='lat' dir='ltr'><strong>pandet</strong></span> <span class='ocrx_word' id='word_1_25' title='bbox 731 835 864 902; x_wconf 81' lang='lat' dir='ltr'><strong>propter</strong></span> <span class='ocrx_word' id='word_1_26' title='bbox 897 843 1004 887; x_wconf 84' lang='lat' dir='ltr'><strong>vocem</strong></span> <span class='ocrx_word' id='word_1_27' title='bbox 1055 832 1211 899; x_wconf 80' lang='lat' dir='ltr'><strong>nostrum,</strong></span> <span class='ocrx_word' id='word_1_28' title='bbox 1235 833 1270 884; x_wconf 93' lang='lat' dir='ltr'><strong>ut</strong></span> <span class='ocrx_word' id='word_1_29' title='bbox 1291 823 1404 886; x_wconf 88' lang='lat' dir='ltr'><strong>habeut</strong></span> <span class='ocrx_word' id='word_1_30' title='bbox 1425 823 1571 904; x_wconf 84' lang='lat' dir='ltr'><strong>hocloco</strong></span> <span class='ocrx_word' id='word_1_31' title='bbox 1593 824 1753 902; x_wconf 72' lang='lat' dir='ltr'><strong>permulta</strong></span> 
     </span>
    </p>
   </div>
   <div class='ocr_carea' id='block_1_3' title="bbox 353 910 1797 5080">
    <p class='ocr_par' dir='ltr' id='par_1_3' title="bbox 355 910 1753 3068">
     <span class='ocr_line' id='line_1_4' title="bbox 355 910 1753 992; baseline -0.001 -19"><span class='ocrx_word' id='word_1_32' title='bbox 355 930 427 973; x_wconf 83' lang='lat' dir='ltr'><strong>mss.</strong></span> <span class='ocrx_word' id='word_1_33' title='bbox 1054 910 1152 991; x_wconf 82' lang='lat' dir='ltr'><strong>Syrus</strong></span> <span class='ocrx_word' id='word_1_34' title='bbox 1168 912 1316 992; x_wconf 72' lang='lat' dir='ltr'>interpres</span> <span class='ocrx_word' id='word_1_35' title='bbox 1331 920 1493 990; x_wconf 86' lang='lat' dir='ltr'><strong>utramque</strong></span> <span class='ocrx_word' id='word_1_36' title='bbox 1503 929 1662 992; x_wconf 88' lang='lat' dir='ltr'><strong>personam</strong></span> <span class='ocrx_word' id='word_1_37' title='bbox 1674 930 1753 972; x_wconf 92' lang='lat' dir='ltr'><strong>com·</strong></span> 
     </span>
     <span class='ocr_line' id='line_1_5' title="bbox 355 996 1752 1077; baseline -0.001 -17"><span class='ocrx_word' id='word_1_38' title='bbox 355 998 447 1060; x_wconf 89' lang='lat' dir='ltr'><strong>Porro</strong></span> <span class='ocrx_word' id='word_1_39' title='bbox 469 998 608 1060; x_wconf 88' lang='lat' dir='ltr'><strong>consistit</strong></span> <span class='ocrx_word' id='word_1_40' title='bbox 627 997 702 1058; x_wconf 84' lang='lat' dir='ltr'><strong>haec</strong></span> <span class='ocrx_word' id='word_1_41' title='bbox 717 999 845 1058; x_wconf 86' lang='lat' dir='ltr'><strong>societas</strong></span> <span class='ocrx_word' id='word_1_42' title='bbox 860 1005 890 1057; x_wconf 90' lang='lat' dir='ltr'><strong>et</strong></span> <span class='ocrx_word' id='word_1_43' title='bbox 905 996 1004 1056; x_wconf 86' lang='lat' dir='ltr'><strong>surici·</strong></span> <span class='ocrx_word' id='word_1_44' title='bbox 1054 996 1167 1077; x_wconf 86' lang='lat' dir='ltr'><strong>plexus</strong></span> <span class='ocrx_word' id='word_1_45' title='bbox 1182 1006 1235 1072; x_wconf 89' lang='lat' dir='ltr'><strong>est,</strong></span> <span class='ocrx_word' id='word_1_46' title='bbox 1258 997 1330 1057; x_wconf 92' lang='lat' dir='ltr'><strong>dum</strong></span> <span class='ocrx_word' id='word_1_47' title='bbox 1346 1000 1390 1058; x_wconf 86' lang='lat' dir='ltr'><strong>its</strong></span> <span class='ocrx_word' id='word_1_48' title='bbox 1404 997 1510 1058; x_wconf 84' lang='lat' dir='ltr'><strong>vertit:</strong></span> <span class='ocrx_word' id='word_1_49' title='bbox 1543 999 1583 1060; x_wconf 86' lang='lat' dir='ltr'><strong>Ut</strong></span> <span class='ocrx_word' id='word_1_50' title='bbox 1596 997 1752 1072; x_wconf 67' lang='lat' dir='ltr'><strong>caudium</strong></span> 
     </span>
     <span class='ocr_line' id='line_1_6' title="bbox 365 1082 1753 1165; baseline -0.001 -18"><span class='ocrx_word' id='word_1_51' title='bbox 365 1086 399 1147; x_wconf 91' lang='lat' dir='ltr'><strong>in</strong></span> <span class='ocrx_word' id='word_1_52' title='bbox 413 1084 648 1165; x_wconf 82' lang='lat' dir='ltr'><strong>participatione</strong></span> <span class='ocrx_word' id='word_1_53' title='bbox 662 1083 807 1145; x_wconf 88' lang='lat' dir='ltr'><strong>bonorum</strong></span> <span class='ocrx_word' id='word_1_54' title='bbox 823 1082 863 1144; x_wconf 91' lang='lat' dir='ltr'><strong>ad</strong></span> <span class='ocrx_word' id='word_1_55' title='bbox 879 1082 1004 1144; x_wconf 83' lang='lat' dir='ltr'><strong>salutem</strong></span> <span class='ocrx_word' id='word_1_56' title='bbox 1054 1091 1210 1159; x_wconf 75' lang='lat' dir='ltr'><strong>nostsnm,</strong></span> <span class='ocrx_word' id='word_1_57' title='bbox 1230 1085 1316 1161; x_wconf 85' lang='lat' dir='ltr'><strong>qnod</strong></span> <span class='ocrx_word' id='word_1_58' title='bbox 1336 1087 1430 1146; x_wconf 81' lang='lat' dir='ltr'><strong>estin</strong></span> <span class='ocrx_word' id='word_1_59' title='bbox 1447 1083 1543 1159; x_wconf 87' lang='lat' dir='ltr'><strong>vobis,</strong></span> <span class='ocrx_word' id='word_1_60' title='bbox 1559 1086 1600 1144; x_wconf 87' lang='lat' dir='ltr'><strong>sit</strong></span> <span class='ocrx_word' id='word_1_61' title='bbox 1614 1086 1753 1162; x_wconf 87' lang='lat' dir='ltr'><strong>comple-</strong></span> 
     </span>
     <span class='ocr_line' id='line_1_7' title="bbox 355 1167 1753 1251; baseline -0.001 -18"><span class='ocrx_word' id='word_1_62' title='bbox 355 1180 443 1233; x_wconf 85' lang='lat' dir='ltr'><strong>strsm</strong></span> <span class='ocrx_word' id='word_1_63' title='bbox 456 1171 682 1251; x_wconf 87' lang='lat' dir='ltr'><strong>pertinentium,</strong></span> <span class='ocrx_word' id='word_1_64' title='bbox 706 1189 787 1251; x_wconf 84' lang='lat' dir='ltr'><strong>quae</strong></span> <span class='ocrx_word' id='word_1_65' title='bbox 803 1170 887 1229; x_wconf 89' lang='lat' dir='ltr'><strong>Deus</strong></span> <span class='ocrx_word' id='word_1_66' title='bbox 909 1167 1004 1241; x_wconf 88' lang='lat' dir='ltr'><strong>nobis,</strong></span> <span class='ocrx_word' id='word_1_67' title='bbox 1054 1177 1131 1231; x_wconf 79' lang='lat' dir='ltr'><strong>tum.</strong></span> <span class='ocrx_word' id='word_1_68' title='bbox 1154 1169 1204 1231; x_wconf 83' lang='lat' dir='ltr'><strong>Sic</strong></span> <span class='ocrx_word' id='word_1_69' title='bbox 1218 1172 1296 1231; x_wconf 92' lang='lat' dir='ltr'><strong>enim</strong></span> <span class='ocrx_word' id='word_1_70' title='bbox 1313 1179 1345 1231; x_wconf 91' lang='lat' dir='ltr'><strong>et</strong></span> <span class='ocrx_word' id='word_1_71' title='bbox 1358 1170 1507 1231; x_wconf 88' lang='lat' dir='ltr'><strong>Dominus</strong></span> <span class='ocrx_word' id='word_1_72' title='bbox 1523 1173 1554 1231; x_wconf 91' lang='lat' dir='ltr'><strong>in</strong></span> <span class='ocrx_word' id='word_1_73' title='bbox 1567 1171 1753 1249; x_wconf 79' lang='lat' dir='ltr'><strong>Evangelio:</strong></span> 
     </span>
     <span class='ocr_line' id='line_1_8' title="bbox 367 1256 1731 1332; baseline 0 -13"><span class='ocrx_word' id='word_1_74' title='bbox 367 1259 461 1319; x_wconf 88' lang='lat' dir='ltr'><strong>sociis</strong></span> <span class='ocrx_word' id='word_1_75' title='bbox 486 1257 551 1317; x_wconf 88' lang='lat' dir='ltr'><strong>suis</strong></span> <span class='ocrx_word' id='word_1_76' title='bbox 576 1265 607 1316; x_wconf 87' lang='lat' dir='ltr'><strong>et</strong></span> <span class='ocrx_word' id='word_1_77' title='bbox 632 1258 756 1330; x_wconf 90' lang='lat' dir='ltr'><strong>amicis,</strong></span> <span class='ocrx_word' id='word_1_78' title='bbox 789 1257 1004 1332; x_wconf 79' lang='lat' dir='ltr'><strong>communicat3</strong></span> <span class='ocrx_word' id='word_1_79' title='bbox 1061 1258 1100 1318; x_wconf 87' lang='lat' dir='ltr'><strong>Ut</strong></span> <span class='ocrx_word' id='word_1_80' title='bbox 1114 1256 1269 1332; x_wconf 79' lang='lat' dir='ltr'><strong>pendium</strong></span> <span class='ocrx_word' id='word_1_81' title='bbox 1285 1276 1390 1318; x_wconf 82' lang='lat' dir='ltr'><strong>mcum</strong></span> <span class='ocrx_word' id='word_1_82' title='bbox 1405 1259 1442 1317; x_wconf 89' lang='lat' dir='ltr'><strong>in</strong></span> <span class='ocrx_word' id='word_1_83' title='bbox 1456 1257 1554 1332; x_wconf 84' lang='lat' dir='ltr'><strong>vobis,</strong></span> <span class='ocrx_word' id='word_1_84' title='bbox 1572 1256 1662 1317; x_wconf 83' lang='lat' dir='ltr'><strong>Josu.</strong></span> <span class='ocrx_word' id='word_1_85' title='bbox 1680 1257 1731 1320; x_wconf 83' lang='lat' dir='ltr'><strong>lb.</strong></span> 
     </span>
     <span class='ocr_line' id='line_1_9' title="bbox 355 1341 1753 1416; baseline 0 -10"><span class='ocrx_word' id='word_1_86' title='bbox 355 1363 390 1407; x_wconf 86' lang='lat' dir='ltr'><strong>ss</strong></span> <span class='ocrx_word' id='word_1_87' title='bbox 411 1363 478 1404; x_wconf 91' lang='lat' dir='ltr'><strong>cum</strong></span> <span class='ocrx_word' id='word_1_88' title='bbox 499 1342 596 1404; x_wconf 85' lang='lat' dir='ltr'><strong>mults</strong></span> <span class='ocrx_word' id='word_1_89' title='bbox 616 1346 690 1416; x_wconf 88' lang='lat' dir='ltr'><strong>sint,</strong></span> <span class='ocrx_word' id='word_1_90' title='bbox 713 1344 845 1403; x_wconf 90' lang='lat' dir='ltr'><strong>omnium</strong></span> <span class='ocrx_word' id='word_1_91' title='bbox 868 1361 1003 1403; x_wconf 90' lang='lat' dir='ltr'><strong>consum·</strong></span> <span class='ocrx_word' id='word_1_92' title='bbox 1098 1342 1230 1404; x_wconf 76' lang='lat' dir='ltr'><strong>Nostrae</strong></span> <span class='ocrx_word' id='word_1_93' title='bbox 1246 1343 1383 1404; x_wconf 86' lang='lat' dir='ltr'><strong>lectionis</strong></span> <span class='ocrx_word' id='word_1_94' title='bbox 1399 1342 1479 1405; x_wconf 91' lang='lat' dir='ltr'><strong>huuc</strong></span> <span class='ocrx_word' id='word_1_95' title='bbox 1491 1362 1610 1405; x_wconf 86' lang='lat' dir='ltr'><strong>sensum</strong></span> <span class='ocrx_word' id='word_1_96' title='bbox 1622 1341 1753 1407; x_wconf 89' lang='lat' dir='ltr'><strong>reddere</strong></span> 
     </span>
     <span class='ocr_line' id='line_1_10' title="bbox 355 1427 1752 1510; baseline -0.001 -18"><span class='ocrx_word' id='word_1_97' title='bbox 355 1432 401 1492; x_wconf 88' lang='lat' dir='ltr'><strong>tio</strong></span> <span class='ocrx_word' id='word_1_98' title='bbox 423 1438 471 1492; x_wconf 90' lang='lat' dir='ltr'><strong>est</strong></span> <span class='ocrx_word' id='word_1_99' title='bbox 492 1431 524 1490; x_wconf 93' lang='lat' dir='ltr'><strong>in</strong></span> <span class='ocrx_word' id='word_1_100' title='bbox 546 1431 651 1489; x_wconf 86' lang='lat' dir='ltr'><strong>intima</strong></span> <span class='ocrx_word' id='word_1_101' title='bbox 666 1429 919 1509; x_wconf 74' lang='lat' dir='ltr'><strong>contemplatione</strong></span> <span class='ocrx_word' id='word_1_102' title='bbox 933 1428 1002 1488; x_wconf 88' lang='lat' dir='ltr'><strong>bea·</strong></span> <span class='ocrx_word' id='word_1_103' title='bbox 1053 1429 1141 1490; x_wconf 88' lang='lat' dir='ltr'><strong>licet:</strong></span> <span class='ocrx_word' id='word_1_104' title='bbox 1173 1430 1280 1504; x_wconf 89' lang='lat' dir='ltr'><strong>Haec,</strong></span> <span class='ocrx_word' id='word_1_105' title='bbox 1307 1449 1386 1510; x_wconf 87' lang='lat' dir='ltr'><strong>quas</strong></span> <span class='ocrx_word' id='word_1_106' title='bbox 1417 1429 1480 1490; x_wconf 87' lang='lat' dir='ltr'>dixi</span> <span class='ocrx_word' id='word_1_107' title='bbox 1506 1428 1546 1492; x_wconf 92' lang='lat' dir='ltr'><strong>de</strong></span> <span class='ocrx_word' id='word_1_108' title='bbox 1567 1427 1668 1490; x_wconf 87' lang='lat' dir='ltr'><strong>Verbo</strong></span> <span class='ocrx_word' id='word_1_109' title='bbox 1691 1430 1752 1493; x_wconf 90' lang='lat' dir='ltr'><strong>Dei</strong></span> 
     </span>
     <span class='ocr_line' id='line_1_11' title="bbox 355 1514 1752 1597; baseline -0.001 -18"><span class='ocrx_word' id='word_1_110' title='bbox 355 1519 445 1579; x_wconf 79' lang='lat' dir='ltr'><strong>siurac</strong></span> <span class='ocrx_word' id='word_1_111' title='bbox 473 1516 652 1588; x_wconf 74' lang='lat' dir='ltr'><strong>Trinitatis,</strong></span> <span class='ocrx_word' id='word_1_112' title='bbox 687 1517 784 1577; x_wconf 85' lang='lat' dir='ltr'><strong>Patris</strong></span> <span class='ocrx_word' id='word_1_113' title='bbox 815 1523 845 1575; x_wconf 89' lang='lat' dir='ltr'><strong>et</strong></span> <span class='ocrx_word' id='word_1_114' title='bbox 874 1514 944 1575; x_wconf 81' lang='lat' dir='ltr'><strong>Filii</strong></span> <span class='ocrx_word' id='word_1_115' title='bbox 975 1520 1005 1574; x_wconf 91' lang='lat' dir='ltr'><strong>et</strong></span> <span class='ocrx_word' id='word_1_116' title='bbox 1053 1522 1178 1576; x_wconf 80' lang='lat' dir='ltr'><strong>aeterno</strong></span> <span class='ocrx_word' id='word_1_117' title='bbox 1204 1523 1234 1576; x_wconf 90' lang='lat' dir='ltr'><strong>et</strong></span> <span class='ocrx_word' id='word_1_118' title='bbox 1260 1518 1428 1591; x_wconf 84' lang='lat' dir='ltr'><strong>incarnato,</strong></span> <span class='ocrx_word' id='word_1_119' title='bbox 1455 1523 1485 1576; x_wconf 91' lang='lat' dir='ltr'><strong>et</strong></span> <span class='ocrx_word' id='word_1_120' title='bbox 1511 1533 1566 1597; x_wconf 89' lang='lat' dir='ltr'><strong>per</strong></span> <span class='ocrx_word' id='word_1_121' title='bbox 1588 1535 1643 1576; x_wconf 93' lang='lat' dir='ltr'><strong>uos</strong></span> <span class='ocrx_word' id='word_1_122' title='bbox 1664 1515 1752 1578; x_wconf 84' lang='lat' dir='ltr'><strong>vobis</strong></span> 
     </span>
     <span class='ocr_line' id='line_1_12' title="bbox 355 1601 1751 1677; baseline 0.002 -14"><span class='ocrx_word' id='word_1_123' title='bbox 355 1604 443 1665; x_wconf 87' lang='lat' dir='ltr'><strong>iritus</strong></span> <span class='ocrx_word' id='word_1_124' title='bbox 464 1603 570 1662; x_wconf 86' lang='lat' dir='ltr'><strong>ssncti.</strong></span> <span class='ocrx_word' id='word_1_125' title='bbox 608 1603 686 1664; x_wconf 82' lang='lat' dir='ltr'><strong>Nam</strong></span> <span class='ocrx_word' id='word_1_126' title='bbox 703 1602 796 1664; x_wconf 86' lang='lat' dir='ltr'><strong>Patre</strong></span> <span class='ocrx_word' id='word_1_127' title='bbox 811 1610 840 1663; x_wconf 92' lang='lat' dir='ltr'><strong>et</strong></span> <span class='ocrx_word' id='word_1_128' title='bbox 855 1601 936 1661; x_wconf 78' lang='lat' dir='ltr'><strong>Filio</strong></span> <span class='ocrx_word' id='word_1_129' title='bbox 952 1618 1002 1660; x_wconf 93' lang='lat' dir='ltr'><strong>uo·</strong></span> <span class='ocrx_word' id='word_1_130' title='bbox 1054 1604 1250 1677; x_wconf 77' lang='lat' dir='ltr'><strong>annuntiato,</strong></span> <span class='ocrx_word' id='word_1_131' title='bbox 1272 1611 1308 1662; x_wconf 90' lang='lat' dir='ltr'><strong>ut</strong></span> <span class='ocrx_word' id='word_1_132' title='bbox 1331 1622 1391 1663; x_wconf 87' lang='lat' dir='ltr'><strong>una</strong></span> <span class='ocrx_word' id='word_1_133' title='bbox 1406 1603 1562 1665; x_wconf 91' lang='lat' dir='ltr'><strong>uobiscum</strong></span> <span class='ocrx_word' id='word_1_134' title='bbox 1578 1601 1751 1666; x_wconf 79' lang='lat' dir='ltr'><strong>societatem</strong></span> 
     </span>
     <span class='ocr_line' id='line_1_13' title="bbox 355 1686 1751 1769; baseline -0.001 -18"><span class='ocrx_word' id='word_1_135' title='bbox 355 1698 440 1762; x_wconf 83' lang='lat' dir='ltr'><strong>usto,</strong></span> <span class='ocrx_word' id='word_1_136' title='bbox 467 1688 599 1768; x_wconf 82' lang='lat' dir='ltr'><strong>Spiritus</strong></span> <span class='ocrx_word' id='word_1_137' title='bbox 620 1697 759 1760; x_wconf 74' lang='lat' dir='ltr'><strong>mucius,</strong></span> <span class='ocrx_word' id='word_1_138' title='bbox 785 1691 838 1769; x_wconf 91' lang='lat' dir='ltr'><strong>qui</strong></span> <span class='ocrx_word' id='word_1_139' title='bbox 860 1688 960 1748; x_wconf 84' lang='lat' dir='ltr'><strong>Patris</strong></span> <span class='ocrx_word' id='word_1_140' title='bbox 975 1693 1005 1745; x_wconf 89' lang='lat' dir='ltr'><strong>et</strong></span> <span class='ocrx_word' id='word_1_141' title='bbox 1053 1687 1188 1750; x_wconf 84' lang='lat' dir='ltr'><strong>babeatis</strong></span> <span class='ocrx_word' id='word_1_142' title='bbox 1211 1709 1275 1750; x_wconf 90' lang='lat' dir='ltr'><strong>oum</strong></span> <span class='ocrx_word' id='word_1_143' title='bbox 1300 1688 1394 1750; x_wconf 86' lang='lat' dir='ltr'><strong>Patre</strong></span> <span class='ocrx_word' id='word_1_144' title='bbox 1417 1696 1447 1750; x_wconf 90' lang='lat' dir='ltr'><strong>et</strong></span> <span class='ocrx_word' id='word_1_145' title='bbox 1469 1689 1562 1763; x_wconf 82' lang='lat' dir='ltr'><strong>Filio,</strong></span> <span class='ocrx_word' id='word_1_146' title='bbox 1593 1686 1751 1751; x_wconf 71' lang='lat' dir='ltr'><strong>scribimus</strong></span> 
     </span>
     <span class='ocr_line' id='line_1_14' title="bbox 355 1774 1750 1854; baseline 0 -17"><span class='ocrx_word' id='word_1_147' title='bbox 355 1776 480 1838; x_wconf 81' lang='lat' dir='ltr'><strong>iiamor</strong></span> <span class='ocrx_word' id='word_1_148' title='bbox 495 1781 554 1848; x_wconf 92' lang='lat' dir='ltr'><strong>est,</strong></span> <span class='ocrx_word' id='word_1_149' title='bbox 577 1780 679 1835; x_wconf 88' lang='lat' dir='ltr'><strong>statim</strong></span> <span class='ocrx_word' id='word_1_150' title='bbox 694 1774 884 1853; x_wconf 80' lang='lat' dir='ltr'><strong>intelligitur.</strong></span> <span class='ocrx_word' id='word_1_151' title='bbox 914 1774 1002 1833; x_wconf 83' lang='lat' dir='ltr'><strong>Prae·</strong></span> <span class='ocrx_word' id='word_1_152' title='bbox 1053 1774 1139 1836; x_wconf 84' lang='lat' dir='ltr'><strong>vobis</strong></span> <span class='ocrx_word' id='word_1_153' title='bbox 1163 1777 1194 1835; x_wconf 93' lang='lat' dir='ltr'><strong>iu</strong></span> <span class='ocrx_word' id='word_1_154' title='bbox 1215 1795 1283 1835; x_wconf 91' lang='lat' dir='ltr'><strong>eum</strong></span> <span class='ocrx_word' id='word_1_155' title='bbox 1299 1774 1398 1850; x_wconf 89' lang='lat' dir='ltr'><strong>finem,</strong></span> <span class='ocrx_word' id='word_1_156' title='bbox 1419 1783 1454 1835; x_wconf 89' lang='lat' dir='ltr'><strong>ut</strong></span> <span class='ocrx_word' id='word_1_157' title='bbox 1467 1776 1625 1854; x_wconf 82' lang='lat' dir='ltr'><strong>gaudestie</strong></span> <span class='ocrx_word' id='word_1_158' title='bbox 1639 1775 1750 1854; x_wconf 80' lang='lat' dir='ltr'><strong>gaudio</strong></span> 
     </span>
     <span class='ocr_line' id='line_1_15' title="bbox 355 1859 1750 1941; baseline 0 -17"><span class='ocrx_word' id='word_1_159' title='bbox 355 1880 391 1924; x_wconf 85' lang='lat' dir='ltr'><strong>sc</strong></span> <span class='ocrx_word' id='word_1_160' title='bbox 416 1862 552 1924; x_wconf 80' lang='lat' dir='ltr'><strong>meminit</strong></span> <span class='ocrx_word' id='word_1_161' title='bbox 585 1861 673 1940; x_wconf 88' lang='lat' dir='ltr'><strong>hujus</strong></span> <span class='ocrx_word' id='word_1_162' title='bbox 698 1870 818 1923; x_wconf 86' lang='lat' dir='ltr'><strong>nostrae</strong></span> <span class='ocrx_word' id='word_1_163' title='bbox 843 1880 911 1921; x_wconf 91' lang='lat' dir='ltr'><strong>cum</strong></span> <span class='ocrx_word' id='word_1_164' title='bbox 936 1859 1003 1919; x_wconf 90' lang='lat' dir='ltr'><strong>Deo</strong></span> <span class='ocrx_word' id='word_1_165' title='bbox 1052 1879 1126 1923; x_wconf 78' lang='lat' dir='ltr'><strong>vero</strong></span> <span class='ocrx_word' id='word_1_166' title='bbox 1148 1880 1184 1922; x_wconf 91' lang='lat' dir='ltr'><strong>ac</strong></span> <span class='ocrx_word' id='word_1_167' title='bbox 1209 1863 1357 1941; x_wconf 70' lang='lat' dir='ltr'><strong>spirituali</strong></span> <span class='ocrx_word' id='word_1_168' title='bbox 1379 1863 1519 1923; x_wconf 84' lang='lat' dir='ltr'><strong>nimirum</strong></span> <span class='ocrx_word' id='word_1_169' title='bbox 1544 1861 1693 1923; x_wconf 89' lang='lat' dir='ltr'><strong>debonis</strong></span> <span class='ocrx_word' id='word_1_170' title='bbox 1720 1863 1750 1924; x_wconf 91' lang='lat' dir='ltr'><strong>iu</strong></span> 
     </span>
     <span class='ocr_line' id='line_1_16' title="bbox 355 1944 1749 2030; baseline -0.002 -19"><span class='ocrx_word' id='word_1_171' title='bbox 355 1950 463 2011; x_wconf 80' lang='lat' dir='ltr'><strong>iststis</strong></span> <span class='ocrx_word' id='word_1_172' title='bbox 476 1948 641 2028; x_wconf 82' lang='lat' dir='ltr'><strong>Apostolus</strong></span> <span class='ocrx_word' id='word_1_173' title='bbox 655 1947 771 2011; x_wconf 87' lang='lat' dir='ltr'><strong>Paulus</strong></span> <span class='ocrx_word' id='word_1_174' title='bbox 793 1952 808 2008; x_wconf 92' lang='lat' dir='ltr'><strong>l</strong></span> <span class='ocrx_word' id='word_1_175' title='bbox 827 1947 893 2009; x_wconf 85' lang='lat' dir='ltr'><strong>Cor.</strong></span> <span class='ocrx_word' id='word_1_176' title='bbox 911 1950 937 2006; x_wconf 91' lang='lat'><strong>1.</strong></span> <span class='ocrx_word' id='word_1_177' title='bbox 959 1944 1002 2006; x_wconf 90' lang='lat' dir='ltr'><strong>di·</strong></span> <span class='ocrx_word' id='word_1_178' title='bbox 1053 1946 1106 2006; x_wconf 86' lang='lat' dir='ltr'><strong>ills</strong></span> <span class='ocrx_word' id='word_1_179' title='bbox 1128 1949 1275 2009; x_wconf 87' lang='lat' dir='ltr'><strong>societate</strong></span> <span class='ocrx_word' id='word_1_180' title='bbox 1297 1949 1428 2029; x_wconf 86' lang='lat' dir='ltr'><strong>acceptis</strong></span> <span class='ocrx_word' id='word_1_181' title='bbox 1444 1956 1477 2009; x_wconf 91' lang='lat' dir='ltr'><strong>et</strong></span> <span class='ocrx_word' id='word_1_182' title='bbox 1490 1946 1681 2030; x_wconf 87' lang='lat' dir='ltr'><strong>accipiendis,</strong></span> <span class='ocrx_word' id='word_1_183' title='bbox 1703 1957 1749 2010; x_wconf 90' lang='lat' dir='ltr'><strong>ut·</strong></span> 
     </span>
     <span class='ocr_line' id='line_1_17' title="bbox 355 2033 1751 2115; baseline 0.001 -19"><span class='ocrx_word' id='word_1_184' title='bbox 355 2054 394 2096; x_wconf 75' lang='lat' dir='ltr'><strong>rs:</strong></span> <span class='ocrx_word' id='word_1_185' title='bbox 426 2034 547 2096; x_wconf 72' lang='lat' dir='ltr'><strong>Fidelis</strong></span> <span class='ocrx_word' id='word_1_186' title='bbox 569 2036 672 2109; x_wconf 77' lang='lat' dir='ltr'><strong>Dmss,</strong></span> <span class='ocrx_word' id='word_1_187' title='bbox 696 2054 757 2112; x_wconf 82' lang='lat' dir='ltr'><strong>psr</strong></span> <span class='ocrx_word' id='word_1_188' title='bbox 782 2054 872 2113; x_wconf 81' lang='lat' dir='ltr'><strong>qnam</strong></span> <span class='ocrx_word' id='word_1_189' title='bbox 899 2033 1004 2095; x_wconf 84' lang='lat' dir='ltr'><strong>vocati</strong></span> <span class='ocrx_word' id='word_1_190' title='bbox 1053 2054 1110 2115; x_wconf 89' lang='lat' dir='ltr'><strong>que</strong></span> <span class='ocrx_word' id='word_1_191' title='bbox 1124 2035 1269 2114; x_wconf 74' lang='lat' dir='ltr'><strong>gaudium</strong></span> <span class='ocrx_word' id='word_1_192' title='bbox 1284 2033 1362 2095; x_wconf 90' lang='lat' dir='ltr'><strong>illud</strong></span> <span class='ocrx_word' id='word_1_193' title='bbox 1376 2043 1510 2097; x_wconf 88' lang='lat' dir='ltr'><strong>vestrum</strong></span> <span class='ocrx_word' id='word_1_194' title='bbox 1527 2044 1701 2115; x_wconf 86' lang='lat' dir='ltr'><strong>perseveret</strong></span> <span class='ocrx_word' id='word_1_195' title='bbox 1714 2055 1751 2097; x_wconf 91' lang='lat' dir='ltr'><strong>sc</strong></span> 
     </span>
     <span class='ocr_line' id='line_1_18' title="bbox 355 2120 1750 2202; baseline 0 -19"><span class='ocrx_word' id='word_1_196' title='bbox 355 2124 429 2183; x_wconf 83' lang='lat' dir='ltr'><strong>isin</strong></span> <span class='ocrx_word' id='word_1_197' title='bbox 445 2122 621 2182; x_wconf 76' lang='lat' dir='ltr'><strong>societatem</strong></span> <span class='ocrx_word' id='word_1_198' title='bbox 637 2121 716 2182; x_wconf 73' lang='lat' dir='ltr'><strong>stlss</strong></span> <span class='ocrx_word' id='word_1_199' title='bbox 731 2126 797 2197; x_wconf 76' lang='lat' dir='ltr'><strong>sius</strong></span> <span class='ocrx_word' id='word_1_200' title='bbox 814 2126 897 2184; x_wconf 81' lang='lat' dir='ltr'><strong>Jcsss</strong></span> <span class='ocrx_word' id='word_1_201' title='bbox 909 2120 1002 2183; x_wconf 79' lang='lat' dir='ltr'><strong>Obsi·</strong></span> <span class='ocrx_word' id='word_1_202' title='bbox 1052 2121 1234 2201; x_wconf 87' lang='lat' dir='ltr'><strong>perficiatur.</strong></span> <span class='ocrx_word' id='word_1_203' title='bbox 1270 2122 1303 2183; x_wconf 84' lang='lat' dir='ltr'><strong>si</strong></span> <span class='ocrx_word' id='word_1_204' title='bbox 1326 2123 1453 2201; x_wconf 90' lang='lat' dir='ltr'><strong>primam</strong></span> <span class='ocrx_word' id='word_1_205' title='bbox 1475 2140 1635 2202; x_wconf 86' lang='lat' dir='ltr'><strong>personam</strong></span> <span class='ocrx_word' id='word_1_206' title='bbox 1657 2120 1750 2200; x_wconf 81' lang='lat' dir='ltr'><strong>leges,</strong></span> 
     </span>
     <span class='ocr_line' id='line_1_19' title="bbox 355 2206 1750 2289; baseline -0.001 -18"><span class='ocrx_word' id='word_1_207' title='bbox 355 2256 358 2275; x_wconf 81' lang='grc'>,</span> <span class='ocrx_word' id='word_1_208' title='bbox 380 2210 517 2271; x_wconf 83' lang='lat' dir='ltr'><strong>Domini</strong></span> <span class='ocrx_word' id='word_1_209' title='bbox 532 2210 641 2269; x_wconf 80' lang='lat' dir='ltr'><strong>nostri</strong></span> <span class='ocrx_word' id='word_1_210' title='bbox 672 2208 763 2281; x_wconf 82' lang='lat' dir='ltr'><strong>Vide,</strong></span> <span class='ocrx_word' id='word_1_211' title='bbox 785 2227 865 2289; x_wconf 89' lang='lat' dir='ltr'><strong>quae</strong></span> <span class='ocrx_word' id='word_1_212' title='bbox 879 2206 917 2266; x_wconf 94' lang='lat' dir='ltr'><strong>ad</strong></span> <span class='ocrx_word' id='word_1_213' title='bbox 934 2225 1003 2267; x_wconf 91' lang='lat' dir='ltr'><strong>eum</strong></span> <span class='ocrx_word' id='word_1_214' title='bbox 1052 2226 1159 2267; x_wconf 91' lang='lat' dir='ltr'><strong>sensus</strong></span> <span class='ocrx_word' id='word_1_215' title='bbox 1183 2210 1255 2268; x_wconf 87' lang='lat' dir='ltr'><strong>erit:</strong></span> <span class='ocrx_word' id='word_1_216' title='bbox 1284 2207 1327 2268; x_wconf 90' lang='lat' dir='ltr'><strong>Ut</strong></span> <span class='ocrx_word' id='word_1_217' title='bbox 1347 2228 1403 2268; x_wconf 93' lang='lat' dir='ltr'><strong>nos</strong></span> <span class='ocrx_word' id='word_1_218' title='bbox 1418 2208 1456 2269; x_wconf 92' lang='lat' dir='ltr'><strong>de</strong></span> <span class='ocrx_word' id='word_1_219' title='bbox 1471 2208 1573 2282; x_wconf 88' lang='lat' dir='ltr'><strong>vobis,</strong></span> <span class='ocrx_word' id='word_1_220' title='bbox 1596 2217 1750 2289; x_wconf 84' lang='lat' dir='ltr'><strong>tamquam</strong></span> 
     </span>
     <span class='ocr_line' id='line_1_20' title="bbox 355 2291 1749 2375; baseline -0.001 -20"><span class='ocrx_word' id='word_1_221' title='bbox 355 2313 406 2355; x_wconf 89' lang='lat' dir='ltr'><strong>um</strong></span> <span class='ocrx_word' id='word_1_222' title='bbox 427 2294 467 2355; x_wconf 90' lang='lat' dir='ltr'><strong>de</strong></span> <span class='ocrx_word' id='word_1_223' title='bbox 488 2293 546 2355; x_wconf 85' lang='lat' dir='ltr'><strong>hoc</strong></span> <span class='ocrx_word' id='word_1_224' title='bbox 567 2294 715 2355; x_wconf 81' lang='lat' dir='ltr'><strong>vocabulo</strong></span> <span class='ocrx_word' id='word_1_225' title='bbox 740 2303 770 2356; x_wconf 92' lang='lat' dir='ltr'><strong>et</strong></span> <span class='ocrx_word' id='word_1_226' title='bbox 789 2314 822 2356; x_wconf 92' lang='lat' dir='ltr'><strong>re</strong></span> <span class='ocrx_word' id='word_1_227' title='bbox 835 2291 1004 2374; x_wconf 83' lang='lat' dir='ltr'><strong>significata</strong></span> <span class='ocrx_word' id='word_1_228' title='bbox 1053 2295 1143 2354; x_wconf 91' lang='lat' dir='ltr'><strong>sociis</strong></span> <span class='ocrx_word' id='word_1_229' title='bbox 1179 2314 1214 2353; x_wconf 87' lang='lat' dir='ltr'><strong>ac</strong></span> <span class='ocrx_word' id='word_1_230' title='bbox 1244 2295 1430 2355; x_wconf 76' lang='lat' dir='ltr'><strong>consortibus</strong></span> <span class='ocrx_word' id='word_1_231' title='bbox 1460 2294 1595 2373; x_wconf 84' lang='lat' dir='ltr'><strong>ejusdem</strong></span> <span class='ocrx_word' id='word_1_232' title='bbox 1624 2296 1749 2375; x_wconf 75' lang='lat' dir='ltr'><strong>gratiae,</strong></span> 
     </span>
     <span class='ocr_line' id='line_1_21' title="bbox 355 2380 1746 2462; baseline 0 -20"><span class='ocrx_word' id='word_1_233' title='bbox 355 2382 528 2443; x_wconf 77' lang='lat' dir='ltr'><strong>notavimus.</strong></span> <span class='ocrx_word' id='word_1_234' title='bbox 1052 2380 1175 2460; x_wconf 88' lang='lat' dir='ltr'><strong>plenum</strong></span> <span class='ocrx_word' id='word_1_235' title='bbox 1190 2389 1222 2442; x_wconf 93' lang='lat' dir='ltr'><strong>et</strong></span> <span class='ocrx_word' id='word_1_236' title='bbox 1236 2381 1405 2461; x_wconf 88' lang='lat' dir='ltr'><strong>perlectum</strong></span> <span class='ocrx_word' id='word_1_237' title='bbox 1424 2382 1578 2460; x_wconf 82' lang='lat' dir='ltr'><strong>capiemus</strong></span> <span class='ocrx_word' id='word_1_238' title='bbox 1594 2380 1746 2462; x_wconf 75' lang='lat' dir='ltr'><strong>gaudium.</strong></span> 
     </span>
     <span class='ocr_line' id='line_1_22' title="bbox 355 2462 1749 2548; baseline 0 -19"><span class='ocrx_word' id='word_1_239' title='bbox 355 2467 402 2529; x_wconf 73' lang='lat' dir='ltr'><strong>tta</strong></span> <span class='ocrx_word' id='word_1_240' title='bbox 423 2467 472 2529; x_wconf 89' lang='lat' dir='ltr'><strong>lris</strong></span> <span class='ocrx_word' id='word_1_241' title='bbox 494 2475 651 2547; x_wconf 83' lang='lat' dir='ltr'><strong>praetores</strong></span> <span class='ocrx_word' id='word_1_242' title='bbox 666 2467 775 2548; x_wconf 80' lang='lat' dir='ltr'><strong>collige</strong></span> <span class='ocrx_word' id='word_1_243' title='bbox 791 2475 895 2528; x_wconf 90' lang='lat' dir='ltr'><strong>contra</strong></span> <span class='ocrx_word' id='word_1_244' title='bbox 910 2462 1001 2524; x_wconf 83' lang='lat' dir='ltr'><strong>echis·</strong></span> <span class='ocrx_word' id='word_1_245' title='bbox 1052 2466 1123 2546; x_wconf 76' lang='lat' dir='ltr'><strong>Qno</strong></span> <span class='ocrx_word' id='word_1_246' title='bbox 1138 2466 1200 2527; x_wconf 84' lang='lat' dir='ltr'><strong>iere</strong></span> <span class='ocrx_word' id='word_1_247' title='bbox 1214 2466 1302 2527; x_wconf 92' lang='lat' dir='ltr'><strong>modo</strong></span> <span class='ocrx_word' id='word_1_248' title='bbox 1310 2466 1397 2527; x_wconf 86' lang='lat' dir='ltr'><strong>Beda</strong></span> <span class='ocrx_word' id='word_1_249' title='bbox 1412 2465 1655 2530; x_wconf 88' lang='lat' dir='ltr'><strong>etOecumeuius</strong></span> <span class='ocrx_word' id='word_1_250' title='bbox 1670 2467 1749 2529; x_wconf 90' lang='lat' dir='ltr'><strong>hunc</strong></span> 
     </span>
     <span class='ocr_line' id='line_1_23' title="bbox 355 2550 1746 2634; baseline -0.001 -18"><span class='ocrx_word' id='word_1_251' title='bbox 355 2556 445 2630; x_wconf 85' lang='lat' dir='ltr'><strong>ticos,</strong></span> <span class='ocrx_word' id='word_1_252' title='bbox 467 2556 614 2616; x_wconf 88' lang='lat' dir='ltr'><strong>nemiuem</strong></span> <span class='ocrx_word' id='word_1_253' title='bbox 637 2573 729 2633; x_wconf 89' lang='lat' dir='ltr'><strong>posse</strong></span> <span class='ocrx_word' id='word_1_254' title='bbox 747 2575 813 2616; x_wconf 88' lang='lat' dir='ltr'><strong>cum</strong></span> <span class='ocrx_word' id='word_1_255' title='bbox 827 2556 895 2614; x_wconf 92' lang='lat' dir='ltr'><strong>Deo</strong></span> <span class='ocrx_word' id='word_1_256' title='bbox 911 2550 1002 2611; x_wconf 90' lang='lat' dir='ltr'><strong>socie·</strong></span> <span class='ocrx_word' id='word_1_257' title='bbox 1052 2554 1149 2614; x_wconf 88' lang='lat' dir='ltr'><strong>locum</strong></span> <span class='ocrx_word' id='word_1_258' title='bbox 1165 2561 1328 2634; x_wconf 84' lang='lat' dir='ltr'><strong>exponunt</strong></span> <span class='ocrx_word' id='word_1_259' title='bbox 1355 2553 1454 2614; x_wconf 84' lang='lat' dir='ltr'><strong>Simili</strong></span> <span class='ocrx_word' id='word_1_260' title='bbox 1470 2572 1561 2614; x_wconf 89' lang='lat' dir='ltr'><strong>sensu</strong></span> <span class='ocrx_word' id='word_1_261' title='bbox 1577 2553 1655 2615; x_wconf 86' lang='lat' dir='ltr'><strong>dixit</strong></span> <span class='ocrx_word' id='word_1_262' title='bbox 1668 2555 1746 2616; x_wconf 86' lang='lat' dir='ltr'><strong>Pan·</strong></span> 
     </span>
     <span class='ocr_line' id='line_1_24' title="bbox 355 2637 1747 2720; baseline -0.002 -17"><span class='ocrx_word' id='word_1_263' title='bbox 355 2660 399 2703; x_wconf 85' lang='lat' dir='ltr'><strong>em</strong></span> <span class='ocrx_word' id='word_1_264' title='bbox 413 2639 533 2714; x_wconf 82' lang='lat' dir='ltr'><strong>babere,</strong></span> <span class='ocrx_word' id='word_1_265' title='bbox 548 2642 601 2720; x_wconf 93' lang='lat' dir='ltr'><strong>qui</strong></span> <span class='ocrx_word' id='word_1_266' title='bbox 617 2643 796 2703; x_wconf 78' lang='lat' dir='ltr'><strong>sdcietstsm</strong></span> <span class='ocrx_word' id='word_1_267' title='bbox 817 2661 878 2702; x_wconf 90' lang='lat' dir='ltr'><strong>nou</strong></span> <span class='ocrx_word' id='word_1_268' title='bbox 891 2637 1003 2700; x_wconf 88' lang='lat' dir='ltr'><strong>habeat</strong></span> <span class='ocrx_word' id='word_1_269' title='bbox 1050 2642 1116 2701; x_wconf 86' lang='lat' dir='ltr'><strong>lus:</strong></span> <span class='ocrx_word' id='word_1_270' title='bbox 1146 2640 1279 2716; x_wconf 86' lang='lat' dir='ltr'><strong>Implsts</strong></span> <span class='ocrx_word' id='word_1_271' title='bbox 1294 2640 1450 2717; x_wconf 79' lang='lat' dir='ltr'><strong>pendium</strong></span> <span class='ocrx_word' id='word_1_272' title='bbox 1467 2658 1590 2716; x_wconf 78' lang='lat' dir='ltr'><strong>mcum,</strong></span> <span class='ocrx_word' id='word_1_273' title='bbox 1612 2648 1649 2702; x_wconf 76' lang='lat' dir='ltr'><strong>cst</strong></span> <span class='ocrx_word' id='word_1_274' title='bbox 1663 2641 1747 2701; x_wconf 83' lang='lat' dir='ltr'><strong>idem</strong></span> 
     </span>
     <span class='ocr_line' id='line_1_25' title="bbox 355 2725 1747 2806; baseline 0 -17"><span class='ocrx_word' id='word_1_275' title='bbox 355 2747 372 2789; x_wconf 87' lang='lat' dir='ltr'><strong>u</strong></span> <span class='ocrx_word' id='word_1_276' title='bbox 404 2726 546 2789; x_wconf 79' lang='lat' dir='ltr'><strong>Ecclesia</strong></span> <span class='ocrx_word' id='word_1_277' title='bbox 579 2726 738 2789; x_wconf 82' lang='lat' dir='ltr'><strong>Ostholica</strong></span> <span class='ocrx_word' id='word_1_278' title='bbox 764 2739 796 2789; x_wconf 92' lang='lat' dir='ltr'><strong>et</strong></span> <span class='ocrx_word' id='word_1_279' title='bbox 817 2725 1002 2806; x_wconf 78' lang='lat' dir='ltr'><strong>Apostolica,</strong></span> <span class='ocrx_word' id='word_1_280' title='bbox 1051 2728 1201 2804; x_wconf 83' lang='lat' dir='ltr'><strong>sopiatis,</strong></span> <span class='ocrx_word' id='word_1_281' title='bbox 1225 2727 1303 2788; x_wconf 91' lang='lat' dir='ltr'><strong>Phil.</strong></span> <span class='ocrx_word' id='word_1_282' title='bbox 1327 2729 1356 2787; x_wconf 79' lang='lat'><strong>2.</strong></span> <span class='ocrx_word' id='word_1_283' title='bbox 1382 2726 1464 2787; x_wconf 82' lang='lat' dir='ltr'><strong>Dicit</strong></span> <span class='ocrx_word' id='word_1_284' title='bbox 1486 2735 1588 2788; x_wconf 86' lang='lat' dir='ltr'><strong>autem</strong></span> <span class='ocrx_word' id='word_1_285' title='bbox 1610 2729 1747 2789; x_wconf 75' lang='lat' dir='ltr'><strong>ioannes</strong></span> 
     </span>
     <span class='ocr_line' id='line_1_26' title="bbox 355 2811 1747 2895; baseline -0.001 -20"><span class='ocrx_word' id='word_1_286' title='bbox 355 2832 416 2875; x_wconf 86' lang='lat' dir='ltr'><strong>uss</strong></span> <span class='ocrx_word' id='word_1_287' title='bbox 437 2813 547 2894; x_wconf 88' lang='lat' dir='ltr'><strong>ntique</strong></span> <span class='ocrx_word' id='word_1_288' title='bbox 568 2812 691 2877; x_wconf 82' lang='lat' dir='ltr'><strong>Christi.</strong></span> <span class='ocrx_word' id='word_1_289' title='bbox 722 2815 792 2895; x_wconf 79' lang='lat' dir='ltr'><strong>Qua</strong></span> <span class='ocrx_word' id='word_1_290' title='bbox 813 2814 850 2875; x_wconf 90' lang='lat' dir='ltr'><strong>de</strong></span> <span class='ocrx_word' id='word_1_291' title='bbox 871 2833 905 2874; x_wconf 89' lang='lat' dir='ltr'><strong>re</strong></span> <span class='ocrx_word' id='word_1_292' title='bbox 918 2829 1000 2892; x_wconf 83' lang='lat' dir='ltr'><strong>prae·</strong></span> <span class='ocrx_word' id='word_1_293' title='bbox 1050 2813 1161 2894; x_wconf 84' lang='lat' dir='ltr'><strong>plurali</strong></span> <span class='ocrx_word' id='word_1_294' title='bbox 1184 2833 1321 2874; x_wconf 85' lang='lat' dir='ltr'><strong>numero:</strong></span> <span class='ocrx_word' id='word_1_295' title='bbox 1343 2813 1524 2889; x_wconf 76' lang='lat' dir='ltr'><strong>scribimus,</strong></span> <span class='ocrx_word' id='word_1_296' title='bbox 1554 2815 1641 2893; x_wconf 87' lang='lat' dir='ltr'><strong>quia,</strong></span> <span class='ocrx_word' id='word_1_297' title='bbox 1665 2811 1747 2894; x_wconf 89' lang='lat' dir='ltr'><strong>quod</strong></span> 
     </span>
     <span class='ocr_line' id='line_1_27' title="bbox 355 2898 1743 2982; baseline -0.001 -18"><span class='ocrx_word' id='word_1_298' title='bbox 355 2921 384 2964; x_wconf 87' lang='lat' dir='ltr'><strong>rs</strong></span> <span class='ocrx_word' id='word_1_299' title='bbox 415 2898 609 2982; x_wconf 81' lang='lat' dir='ltr'><strong>Cyprianus:</strong></span> <span class='ocrx_word' id='word_1_300' title='bbox 658 2903 731 2965; x_wconf 87' lang='lat' dir='ltr'><strong>Non</strong></span> <span class='ocrx_word' id='word_1_301' title='bbox 758 2908 861 2979; x_wconf 81' lang='lat' dir='ltr'><strong>potest</strong></span> <span class='ocrx_word' id='word_1_302' title='bbox 889 2899 1002 2960; x_wconf 77' lang='lat' dir='ltr'><strong>nabere</strong></span> <span class='ocrx_word' id='word_1_303' title='bbox 1051 2900 1209 2974; x_wconf 85' lang='lat' dir='ltr'><strong>scribebst,</strong></span> <span class='ocrx_word' id='word_1_304' title='bbox 1231 2920 1272 2962; x_wconf 85' lang='lat' dir='ltr'><strong>ex</strong></span> <span class='ocrx_word' id='word_1_305' title='bbox 1287 2901 1436 2962; x_wconf 88' lang='lat' dir='ltr'><strong>communi</strong></span> <span class='ocrx_word' id='word_1_306' title='bbox 1450 2900 1602 2962; x_wconf 90' lang='lat' dir='ltr'><strong>scribebat</strong></span> <span class='ocrx_word' id='word_1_307' title='bbox 1615 2902 1743 2982; x_wconf 78' lang='lat' dir='ltr'><strong>sporto-</strong></span> 
     </span>
     <span class='ocr_line' id='line_1_28' title="bbox 355 2986 1575 3068; baseline -0.002 -18"><span class='ocrx_word' id='word_1_308' title='bbox 355 3007 410 3050; x_wconf 83' lang='lat' dir='ltr'><strong>sssss</strong></span> <span class='ocrx_word' id='word_1_309' title='bbox 429 2989 572 3064; x_wconf 75' lang='lat' dir='ltr'><strong>Patrem,</strong></span> <span class='ocrx_word' id='word_1_310' title='bbox 595 2991 652 3065; x_wconf 86' lang='lat' dir='ltr'><strong>qni</strong></span> <span class='ocrx_word' id='word_1_311' title='bbox 670 2990 844 3051; x_wconf 79' lang='lat' dir='ltr'><strong>Ecclesium</strong></span> <span class='ocrx_word' id='word_1_312' title='bbox 862 2988 1003 3049; x_wconf 80' lang='lat' dir='ltr'><strong>nolucrit</strong></span> <span class='ocrx_word' id='word_1_313' title='bbox 1051 2988 1147 3048; x_wconf 90' lang='lat' dir='ltr'><strong>lorum</strong></span> <span class='ocrx_word' id='word_1_314' title='bbox 1162 2990 1311 3049; x_wconf 87' lang='lat' dir='ltr'><strong>sententia</strong></span> <span class='ocrx_word' id='word_1_315' title='bbox 1325 2996 1419 3068; x_wconf 87' lang='lat' dir='ltr'><strong>atque</strong></span> <span class='ocrx_word' id='word_1_316' title='bbox 1434 2986 1575 3049; x_wconf 82' lang='lat' dir='ltr'><strong>doctrina</strong></span> 
     </span>
    </p>

    <p class='ocr_par' dir='ltr' id='par_1_4' title="bbox 353 3074 1797 5080">
     <span class='ocr_line' id='line_1_29' title="bbox 355 3074 1746 3153; baseline -0.001 -17"><span class='ocrx_word' id='word_1_317' title='bbox 355 3076 418 3136; x_wconf 80' lang='lat' dir='ltr'><strong>isse</strong></span> <span class='ocrx_word' id='word_1_318' title='bbox 433 3082 578 3136; x_wconf 80' lang='lat' dir='ltr'><strong>matrem.</strong></span> <span class='ocrx_word' id='word_1_319' title='bbox 601 3074 670 3135; x_wconf 88' lang='lat' dir='ltr'><strong>Hoc</strong></span> <span class='ocrx_word' id='word_1_320' title='bbox 685 3075 780 3139; x_wconf 88' lang='lat' dir='ltr'><strong>illein</strong></span> <span class='ocrx_word' id='word_1_321' title='bbox 795 3076 870 3136; x_wconf 89' lang='lat' dir='ltr'><strong>libro</strong></span> <span class='ocrx_word' id='word_1_322' title='bbox 886 3074 924 3134; x_wconf 91' lang='lat' dir='ltr'><strong>de</strong></span> <span class='ocrx_word' id='word_1_323' title='bbox 939 3074 1001 3133; x_wconf 91' lang='lat' dir='ltr'><strong>uni·</strong></span> <span class='ocrx_word' id='word_1_324' title='bbox 1095 3074 1123 3134; x_wconf 89' lang='lat'><strong>5.</strong></span> <span class='ocrx_word' id='word_1_325' title='bbox 1154 3077 1198 3137; x_wconf 80' lang='lat' dir='ltr'><strong>Et</strong></span> <span class='ocrx_word' id='word_1_326' title='bbox 1222 3075 1297 3136; x_wconf 82' lang='lat' dir='ltr'><strong>bose</strong></span> <span class='ocrx_word' id='word_1_327' title='bbox 1324 3083 1367 3135; x_wconf 80' lang='lat' dir='ltr'><strong>est</strong></span> <span class='ocrx_word' id='word_1_328' title='bbox 1393 3077 1620 3151; x_wconf 79' lang='lat' dir='ltr'><strong>annuntiatio,</strong></span> <span class='ocrx_word' id='word_1_329' title='bbox 1648 3094 1746 3153; x_wconf 82' lang='lat' dir='ltr'><strong>qnam</strong></span> 
     </span>
     <span class='ocr_line' id='line_1_30' title="bbox 355 3159 1744 3240; baseline 0.001 -18"><span class='ocrx_word' id='word_1_330' title='bbox 355 3160 510 3223; x_wconf 79' lang='lat' dir='ltr'><strong>cEccles.</strong></span> <span class='ocrx_word' id='word_1_331' title='bbox 540 3162 656 3222; x_wconf 84' lang='lat' dir='ltr'><strong>Eadem</strong></span> <span class='ocrx_word' id='word_1_332' title='bbox 679 3163 828 3225; x_wconf 86' lang='lat' dir='ltr'><strong>sententis</strong></span> <span class='ocrx_word' id='word_1_333' title='bbox 852 3169 898 3223; x_wconf 90' lang='lat' dir='ltr'><strong>est</strong></span> <span class='ocrx_word' id='word_1_334' title='bbox 920 3159 1001 3240; x_wconf 87' lang='lat' dir='ltr'><strong>apud</strong></span> <span class='ocrx_word' id='word_1_335' title='bbox 1050 3161 1234 3223; x_wconf 79' lang='lat' dir='ltr'><strong>andivimus</strong></span> <span class='ocrx_word' id='word_1_336' title='bbox 1247 3162 1346 3236; x_wconf 82' lang='lat' dir='ltr'><strong>abso,</strong></span> <span class='ocrx_word' id='word_1_337' title='bbox 1363 3162 1744 3224; x_wconf 81' lang='lat' dir='ltr'><strong>stannuntiomtssvobis.</strong></span> 
     </span>
     <span class='ocr_line' id='line_1_31' title="bbox 355 3248 1746 3330; baseline 0.001 -21"><span class='ocrx_word' id='word_1_338' title='bbox 355 3249 547 3328; x_wconf 75' lang='lat' dir='ltr'><strong>ingustinum</strong></span> <span class='ocrx_word' id='word_1_339' title='bbox 563 3260 688 3310; x_wconf 80' lang='lat' dir='ltr'><strong>enarrat</strong></span> <span class='ocrx_word' id='word_1_340' title='bbox 703 3250 875 3311; x_wconf 77' lang='lat' dir='ltr'><strong>Psalmssd.</strong></span> <span class='ocrx_word' id='word_1_341' title='bbox 893 3249 923 3308; x_wconf 91' lang='lat' dir='ltr'><strong>in</strong></span> <span class='ocrx_word' id='word_1_342' title='bbox 935 3248 1000 3308; x_wconf 85' lang='lat' dir='ltr'><strong>fine</strong></span> <span class='ocrx_word' id='word_1_343' title='bbox 1050 3248 1205 3309; x_wconf 73' lang='lat' dir='ltr'><strong>Hactenus</strong></span> <span class='ocrx_word' id='word_1_344' title='bbox 1238 3249 1424 3329; x_wconf 86' lang='lat' dir='ltr'><strong>prooemium</strong></span> <span class='ocrx_word' id='word_1_345' title='bbox 1452 3250 1628 3330; x_wconf 74' lang='lat' dir='ltr'><strong>Epistolse,</strong></span> <span class='ocrx_word' id='word_1_346' title='bbox 1664 3248 1746 3329; x_wconf 90' lang='lat' dir='ltr'><strong>quod</strong></span> 
     </span>
     <span class='ocr_line' id='line_1_32' title="bbox 355 3335 1745 3416; baseline -0.001 -18"><span class='ocrx_word' id='word_1_347' title='bbox 355 3336 446 3398; x_wconf 60' lang='lat' dir='ltr'><strong>LE!</strong></span> <span class='ocrx_word' id='word_1_348' title='bbox 466 3336 542 3396; x_wconf 75' lang='lat' dir='ltr'><strong>irasc</strong></span> <span class='ocrx_word' id='word_1_349' title='bbox 556 3336 721 3398; x_wconf 78' lang='lat' dir='ltr'><strong>scribimus</strong></span> <span class='ocrx_word' id='word_1_350' title='bbox 736 3336 841 3410; x_wconf 85' lang='lat' dir='ltr'><strong>vobis,</strong></span> <span class='ocrx_word' id='word_1_351' title='bbox 863 3343 900 3397; x_wconf 76' lang='lat' dir='ltr'><strong>cst</strong></span> <span class='ocrx_word' id='word_1_352' title='bbox 919 3352 1001 3409; x_wconf 73' lang='lat' dir='ltr'><strong>poss·</strong></span> <span class='ocrx_word' id='word_1_353' title='bbox 1050 3344 1115 3394; x_wconf 90' lang='lat' dir='ltr'><strong>crat</strong></span> <span class='ocrx_word' id='word_1_354' title='bbox 1139 3336 1330 3396; x_wconf 76' lang='lat' dir='ltr'><strong>salutationis</strong></span> <span class='ocrx_word' id='word_1_355' title='bbox 1353 3335 1428 3395; x_wconf 86' lang='lat' dir='ltr'><strong>loco.</strong></span> <span class='ocrx_word' id='word_1_356' title='bbox 1465 3337 1555 3397; x_wconf 87' lang='lat' dir='ltr'><strong>Nunc</strong></span> <span class='ocrx_word' id='word_1_357' title='bbox 1578 3338 1745 3416; x_wconf 74' lang='lat' dir='ltr'><strong>ingressum</strong></span> 
     </span>
     <span class='ocr_line' id='line_1_33' title="bbox 355 3420 1745 3503; baseline -0.001 -19"><span class='ocrx_word' id='word_1_358' title='bbox 355 3423 417 3497; x_wconf 81' lang='lat' dir='ltr'><strong>stis,</strong></span> <span class='ocrx_word' id='word_1_359' title='bbox 433 3429 465 3482; x_wconf 87' lang='lat' dir='ltr'><strong>st</strong></span> <span class='ocrx_word' id='word_1_360' title='bbox 477 3423 633 3498; x_wconf 78' lang='lat' dir='ltr'><strong>pendium</strong></span> <span class='ocrx_word' id='word_1_361' title='bbox 648 3431 789 3485; x_wconf 83' lang='lat' dir='ltr'><strong>vcstsssm</strong></span> <span class='ocrx_word' id='word_1_362' title='bbox 803 3426 844 3484; x_wconf 89' lang='lat' dir='ltr'><strong>sit</strong></span> <span class='ocrx_word' id='word_1_363' title='bbox 856 3423 999 3499; x_wconf 80' lang='lat' dir='ltr'><strong>plenum.</strong></span> <span class='ocrx_word' id='word_1_364' title='bbox 1049 3420 1122 3482; x_wconf 87' lang='lat' dir='ltr'><strong>facit</strong></span> <span class='ocrx_word' id='word_1_365' title='bbox 1145 3421 1184 3481; x_wconf 87' lang='lat' dir='ltr'><strong>ad</strong></span> <span class='ocrx_word' id='word_1_366' title='bbox 1208 3421 1459 3495; x_wconf 86' lang='lat' dir='ltr'><strong>exhortationem,</strong></span> <span class='ocrx_word' id='word_1_367' title='bbox 1488 3443 1547 3503; x_wconf 92' lang='lat' dir='ltr'><strong>qua</strong></span> <span class='ocrx_word' id='word_1_368' title='bbox 1570 3421 1691 3496; x_wconf 86' lang='lat' dir='ltr'><strong>doceat,</strong></span> <span class='ocrx_word' id='word_1_369' title='bbox 1714 3424 1745 3483; x_wconf 89' lang='lat' dir='ltr'><strong>in</strong></span> 
     </span>
     <span class='ocr_line' id='line_1_34' title="bbox 355 3507 1745 3589; baseline -0.001 -19"><span class='ocrx_word' id='word_1_370' title='bbox 355 3527 441 3572; x_wconf 71' lang='lat' dir='ltr'><strong>stum</strong></span> <span class='ocrx_word' id='word_1_371' title='bbox 452 3552 463 3583; x_wconf 89' lang='lat'><strong>,</strong></span> <span class='ocrx_word' id='word_1_372' title='bbox 494 3507 631 3570; x_wconf 78' lang='lat' dir='ltr'><strong>Graece:</strong></span> <span class='ocrx_word' id='word_1_373' title='bbox 669 3511 843 3587; x_wconf 75' lang='lat' dir='ltr'><strong>impletum.</strong></span> <span class='ocrx_word' id='word_1_374' title='bbox 881 3509 1002 3569; x_wconf 82' lang='lat' dir='ltr'><strong>Abeunt</strong></span> <span class='ocrx_word' id='word_1_375' title='bbox 1049 3527 1159 3586; x_wconf 84' lang='lat' dir='ltr'><strong>genere</strong></span> <span class='ocrx_word' id='word_1_376' title='bbox 1180 3507 1325 3588; x_wconf 78' lang='lat' dir='ltr'><strong>fugienda</strong></span> <span class='ocrx_word' id='word_1_377' title='bbox 1347 3528 1412 3568; x_wconf 87' lang='lat' dir='ltr'><strong>esse</strong></span> <span class='ocrx_word' id='word_1_378' title='bbox 1436 3519 1576 3589; x_wconf 83' lang='lat' dir='ltr'><strong>peccata,</strong></span> <span class='ocrx_word' id='word_1_379' title='bbox 1598 3510 1626 3570; x_wconf 92' lang='lat' dir='ltr'><strong>si</strong></span> <span class='ocrx_word' id='word_1_380' title='bbox 1649 3510 1745 3570; x_wconf 83' lang='lat' dir='ltr'><strong>velint</strong></span> 
     </span>
     <span class='ocr_line' id='line_1_35' title="bbox 355 3593 1744 3675; baseline -0.001 -17"><span class='ocrx_word' id='word_1_381' title='bbox 355 3615 407 3658; x_wconf 72' lang='lat' dir='ltr'><strong>ssu</strong></span> <span class='ocrx_word' id='word_1_382' title='bbox 432 3594 511 3657; x_wconf 84' lang='lat' dir='ltr'><strong>duae</strong></span> <span class='ocrx_word' id='word_1_383' title='bbox 537 3615 644 3657; x_wconf 88' lang='lat' dir='ltr'><strong>voces:</strong></span> <span class='ocrx_word' id='word_1_384' title='bbox 669 3598 837 3674; x_wconf 74' lang='lat' dir='ltr'><strong>pendeatis</strong></span> <span class='ocrx_word' id='word_1_385' title='bbox 862 3604 892 3656; x_wconf 88' lang='lat' dir='ltr'><strong>st</strong></span> <span class='ocrx_word' id='word_1_386' title='bbox 902 3640 912 3670; x_wconf 92' lang='lat'><strong>,</strong></span> <span class='ocrx_word' id='word_1_387' title='bbox 939 3616 999 3654; x_wconf 91' lang='lat' dir='ltr'><strong>non</strong></span> <span class='ocrx_word' id='word_1_388' title='bbox 1049 3593 1238 3656; x_wconf 88' lang='lat' dir='ltr'><strong>haberecum</strong></span> <span class='ocrx_word' id='word_1_389' title='bbox 1250 3596 1316 3655; x_wconf 88' lang='lat' dir='ltr'><strong>Deo</strong></span> <span class='ocrx_word' id='word_1_390' title='bbox 1329 3597 1511 3669; x_wconf 84' lang='lat' dir='ltr'><strong>societatem,</strong></span> <span class='ocrx_word' id='word_1_391' title='bbox 1527 3595 1563 3655; x_wconf 88' lang='lat' dir='ltr'><strong>de</strong></span> <span class='ocrx_word' id='word_1_392' title='bbox 1575 3616 1637 3675; x_wconf 90' lang='lat' dir='ltr'><strong>qua</strong></span> <span class='ocrx_word' id='word_1_393' title='bbox 1652 3616 1744 3675; x_wconf 89' lang='lat' dir='ltr'><strong>supra</strong></span> 
     </span>
     <span class='ocr_line' id='line_1_36' title="bbox 355 3674 1743 3765; baseline -0.001 -21"><span class='ocrx_word' id='word_1_394' title='bbox 355 3701 403 3744; x_wconf 82' lang='lat' dir='ltr'><strong>sus</strong></span> <span class='ocrx_word' id='word_1_395' title='bbox 425 3683 456 3744; x_wconf 91' lang='lat' dir='ltr'><strong>in</strong></span> <span class='ocrx_word' id='word_1_396' title='bbox 471 3680 595 3744; x_wconf 83' lang='lat' dir='ltr'><strong>Grsecis</strong></span> <span class='ocrx_word' id='word_1_397' title='bbox 610 3690 639 3742; x_wconf 87' lang='lat' dir='ltr'><strong>et</strong></span> <span class='ocrx_word' id='word_1_398' title='bbox 654 3684 740 3765; x_wconf 80' lang='lat' dir='ltr'><strong>Syris</strong></span> <span class='ocrx_word' id='word_1_399' title='bbox 756 3682 928 3755; x_wconf 90' lang='lat' dir='ltr'><strong>codicibus,</strong></span> <span class='ocrx_word' id='word_1_400' title='bbox 949 3700 998 3740; x_wconf 88' lang='lat' dir='ltr'><strong>ve·</strong></span> <span class='ocrx_word' id='word_1_401' title='bbox 1049 3680 1168 3741; x_wconf 90' lang='lat' dir='ltr'><strong>locutus</strong></span> <span class='ocrx_word' id='word_1_402' title='bbox 1184 3690 1237 3742; x_wconf 88' lang='lat' dir='ltr'><strong>est.</strong></span> <span class='ocrx_word' id='word_1_403' title='bbox 1254 3684 1482 3758; x_wconf 80' lang='lat' dir='ltr'><strong>Annuntiotio,</strong></span> <span class='ocrx_word' id='word_1_404' title='bbox 1499 3683 1631 3743; x_wconf 80' lang='lat' dir='ltr'><strong>Graece:</strong></span> <span class='ocrx_word' id='word_1_405' title='bbox 1647 3674 1743 3760; x_wconf 72' lang='grc' dir='ltr'><strong>ἐπαγ·</strong></span> 
     </span>
     <span class='ocr_line' id='line_1_37' title="bbox 355 3762 1744 3850; baseline 0.001 -20"><span class='ocrx_word' id='word_1_406' title='bbox 355 3789 371 3830; x_wconf 87' lang='lat' dir='ltr'><strong>u</strong></span> <span class='ocrx_word' id='word_1_407' title='bbox 403 3770 495 3830; x_wconf 87' lang='lat' dir='ltr'><strong>etism</strong></span> <span class='ocrx_word' id='word_1_408' title='bbox 528 3770 558 3829; x_wconf 91' lang='lat' dir='ltr'><strong>iu</strong></span> <span class='ocrx_word' id='word_1_409' title='bbox 585 3771 795 3848; x_wconf 80' lang='lat' dir='ltr'><strong>manuscriptis</strong></span> <span class='ocrx_word' id='word_1_410' title='bbox 822 3766 1000 3850; x_wconf 90' lang='lat' dir='ltr'><strong>quibusdam</strong></span> <span class='ocrx_word' id='word_1_411' title='bbox 1050 3762 1140 3843; x_wconf 80' lang='grc' dir='ltr'>γελία</span> <span class='ocrx_word' id='word_1_412' title='bbox 1151 3814 1161 3843; x_wconf 84' lang='grc'><strong><em>,</em></strong></span> <span class='ocrx_word' id='word_1_413' title='bbox 1192 3789 1269 3849; x_wconf 93' lang='lat' dir='ltr'><strong>quae</strong></span> <span class='ocrx_word' id='word_1_414' title='bbox 1294 3789 1354 3829; x_wconf 84' lang='lat' dir='ltr'><strong>vox</strong></span> <span class='ocrx_word' id='word_1_415' title='bbox 1381 3770 1470 3830; x_wconf 89' lang='lat' dir='ltr'><strong>etiam</strong></span> <span class='ocrx_word' id='word_1_416' title='bbox 1500 3772 1744 3847; x_wconf 79' lang='lat' dir='ltr'><strong>promissionem</strong></span> 
     </span>
     <span class='ocr_line' id='line_1_38' title="bbox 355 3854 1745 3935; baseline 0 -18"><span class='ocrx_word' id='word_1_417' title='bbox 355 3855 438 3931; x_wconf 84' lang='lat' dir='ltr'><strong>linis,</strong></span> <span class='ocrx_word' id='word_1_418' title='bbox 455 3863 486 3917; x_wconf 92' lang='lat' dir='ltr'><strong>et</strong></span> <span class='ocrx_word' id='word_1_419' title='bbox 500 3856 531 3916; x_wconf 91' lang='lat' dir='ltr'><strong>in</strong></span> <span class='ocrx_word' id='word_1_420' title='bbox 546 3856 679 3935; x_wconf 85' lang='lat' dir='ltr'><strong>antiquis</strong></span> <span class='ocrx_word' id='word_1_421' title='bbox 694 3855 922 3927; x_wconf 86' lang='lat' dir='ltr'><strong>concordantiis,</strong></span> <span class='ocrx_word' id='word_1_422' title='bbox 945 3872 1000 3913; x_wconf 92' lang='lat' dir='ltr'><strong>uec</strong></span> <span class='ocrx_word' id='word_1_423' title='bbox 1049 3856 1208 3933; x_wconf 81' lang='lat' dir='ltr'><strong>significat.</strong></span> <span class='ocrx_word' id='word_1_424' title='bbox 1224 3854 1312 3915; x_wconf 87' lang='lat' dir='ltr'><strong>Unde</strong></span> <span class='ocrx_word' id='word_1_425' title='bbox 1327 3862 1451 3917; x_wconf 84' lang='lat' dir='ltr'><strong>vertunt</strong></span> <span class='ocrx_word' id='word_1_426' title='bbox 1465 3857 1611 3917; x_wconf 79' lang='lat' dir='ltr'><strong>Erasmus</strong></span> <span class='ocrx_word' id='word_1_427' title='bbox 1627 3855 1745 3918; x_wconf 89' lang='lat' dir='ltr'><strong>etHeu·</strong></span> 
     </span>
     <span class='ocr_line' id='line_1_39' title="bbox 355 3940 1746 4022; baseline -0.001 -18"><span class='ocrx_word' id='word_1_428' title='bbox 355 3941 461 4022; x_wconf 85' lang='lat' dir='ltr'><strong>sspud</strong></span> <span class='ocrx_word' id='word_1_429' title='bbox 474 3940 675 4022; x_wconf 77' lang='lat' dir='ltr'><strong>Augustinum</strong></span> <span class='ocrx_word' id='word_1_430' title='bbox 692 3953 723 4004; x_wconf 88' lang='lat' dir='ltr'><strong>et</strong></span> <span class='ocrx_word' id='word_1_431' title='bbox 736 3942 860 4004; x_wconf 88' lang='lat' dir='ltr'><strong>Bedam.</strong></span> <span class='ocrx_word' id='word_1_432' title='bbox 884 3941 999 4021; x_wconf 77' lang='lat' dir='ltr'><strong>thui-</strong></span> <span class='ocrx_word' id='word_1_433' title='bbox 1050 3943 1161 4002; x_wconf 87' lang='lat' dir='ltr'><strong>tonius:</strong></span> <span class='ocrx_word' id='word_1_434' title='bbox 1186 3943 1229 4003; x_wconf 80' lang='lat' dir='ltr'><strong>lit</strong></span> <span class='ocrx_word' id='word_1_435' title='bbox 1250 3943 1325 4003; x_wconf 82' lang='lat' dir='ltr'><strong>boec</strong></span> <span class='ocrx_word' id='word_1_436' title='bbox 1348 3949 1392 4003; x_wconf 83' lang='lat' dir='ltr'><strong>set</strong></span> <span class='ocrx_word' id='word_1_437' title='bbox 1405 3945 1582 4019; x_wconf 75' lang='lat' dir='ltr'><strong>promissio.</strong></span> <span class='ocrx_word' id='word_1_438' title='bbox 1620 3943 1698 4005; x_wconf 83' lang='lat' dir='ltr'><strong>Nam</strong></span> <span class='ocrx_word' id='word_1_439' title='bbox 1714 3950 1746 4003; x_wconf 92' lang='lat' dir='ltr'><strong>et</strong></span> 
     </span>
     <span class='ocr_line' id='line_1_40' title="bbox 355 4027 1745 4110; baseline 0.002 -21"><span class='ocrx_word' id='word_1_440' title='bbox 355 4047 373 4089; x_wconf 87' lang='lat' dir='ltr'><strong>u</strong></span> <span class='ocrx_word' id='word_1_441' title='bbox 387 4027 471 4108; x_wconf 83' lang='lat' dir='ltr'><strong>apud</strong></span> <span class='ocrx_word' id='word_1_442' title='bbox 484 4028 600 4089; x_wconf 87' lang='lat' dir='ltr'><strong>Bedam</strong></span> <span class='ocrx_word' id='word_1_443' title='bbox 616 4038 647 4089; x_wconf 92' lang='lat' dir='ltr'><strong>et</strong></span> <span class='ocrx_word' id='word_1_444' title='bbox 658 4028 881 4101; x_wconf 91' lang='lat' dir='ltr'><strong>Oecumenium,</strong></span> <span class='ocrx_word' id='word_1_445' title='bbox 897 4047 999 4108; x_wconf 89' lang='lat' dir='ltr'><strong>quem·</strong></span> <span class='ocrx_word' id='word_1_446' title='bbox 1049 4036 1150 4107; x_wconf 87' lang='lat' dir='ltr'><strong>noster</strong></span> <span class='ocrx_word' id='word_1_447' title='bbox 1160 4030 1307 4110; x_wconf 82' lang='lat' dir='ltr'><strong>interpres</strong></span> <span class='ocrx_word' id='word_1_448' title='bbox 1320 4030 1418 4109; x_wconf 85' lang='lat' dir='ltr'><strong>capite</strong></span> <span class='ocrx_word' id='word_1_449' title='bbox 1430 4032 1577 4108; x_wconf 89' lang='lat' dir='ltr'><strong>sequenti,</strong></span> <span class='ocrx_word' id='word_1_450' title='bbox 1593 4049 1670 4091; x_wconf 83' lang='lat' dir='ltr'><strong>vers.</strong></span> <span class='ocrx_word' id='word_1_451' title='bbox 1685 4031 1745 4103; x_wconf 76' lang='lat'><strong>25,</strong></span> 
     </span>
     <span class='ocr_line' id='line_1_41' title="bbox 355 4112 1745 4192; baseline 0.001 -17"><span class='ocrx_word' id='word_1_452' title='bbox 355 4112 468 4176; x_wconf 86' lang='lat' dir='ltr'><strong>nodum</strong></span> <span class='ocrx_word' id='word_1_453' title='bbox 489 4135 592 4176; x_wconf 85' lang='lat' dir='ltr'><strong>eorum</strong></span> <span class='ocrx_word' id='word_1_454' title='bbox 616 4118 814 4177; x_wconf 88' lang='lat' dir='ltr'><strong>commentarii</strong></span> <span class='ocrx_word' id='word_1_455' title='bbox 840 4114 1000 4186; x_wconf 87' lang='lat' dir='ltr'><strong>declarant,</strong></span> <span class='ocrx_word' id='word_1_456' title='bbox 1049 4118 1323 4192; x_wconf 78' lang='lat' dir='ltr'><strong>repromissionem</strong></span> <span class='ocrx_word' id='word_1_457' title='bbox 1350 4115 1511 4176; x_wconf 85' lang='lat' dir='ltr'><strong>transtulit.</strong></span> <span class='ocrx_word' id='word_1_458' title='bbox 1548 4116 1662 4178; x_wconf 85' lang='lat' dir='ltr'><strong>Verum</strong></span> <span class='ocrx_word' id='word_1_459' title='bbox 1687 4117 1745 4178; x_wconf 89' lang='lat' dir='ltr'><strong>lroc</strong></span> 
     </span>
     <span class='ocr_line' id='line_1_42' title="bbox 355 4201 1745 4286; baseline 0.002 -24"><span class='ocrx_word' id='word_1_460' title='bbox 355 4221 403 4262; x_wconf 86' lang='lat' dir='ltr'><strong>urs</strong></span> <span class='ocrx_word' id='word_1_461' title='bbox 438 4221 568 4281; x_wconf 87' lang='lat' dir='ltr'><strong>persona</strong></span> <span class='ocrx_word' id='word_1_462' title='bbox 596 4202 722 4283; x_wconf 80' lang='lat' dir='ltr'><strong>legitur:</strong></span> <span class='ocrx_word' id='word_1_463' title='bbox 778 4204 817 4263; x_wconf 87' lang='lat' dir='ltr'><strong>Ut</strong></span> <span class='ocrx_word' id='word_1_464' title='bbox 844 4201 1000 4277; x_wconf 76' lang='lat' dir='ltr'><strong>pendium</strong></span> <span class='ocrx_word' id='word_1_465' title='bbox 1048 4203 1116 4262; x_wconf 92' lang='lat' dir='ltr'><strong>loco</strong></span> <span class='ocrx_word' id='word_1_466' title='bbox 1138 4204 1232 4282; x_wconf 70' lang='lat' dir='ltr'><strong>magis</strong></span> <span class='ocrx_word' id='word_1_467' title='bbox 1255 4201 1385 4283; x_wconf 88' lang='lat' dir='ltr'><strong>quadrat</strong></span> <span class='ocrx_word' id='word_1_468' title='bbox 1400 4206 1627 4279; x_wconf 80' lang='lat' dir='ltr'><strong>annuntiatio,</strong></span> <span class='ocrx_word' id='word_1_469' title='bbox 1654 4223 1745 4286; x_wconf 91' lang='lat' dir='ltr'><strong>quum</strong></span> 
     </span>
     <span class='ocr_line' id='line_1_43' title="bbox 355 4286 1746 4368; baseline 0.001 -18"><span class='ocrx_word' id='word_1_470' title='bbox 355 4295 449 4350; x_wconf 69' lang='lat' dir='ltr'><strong>mm</strong></span> <span class='ocrx_word' id='word_1_471' title='bbox 477 4292 519 4349; x_wconf 86' lang='lat' dir='ltr'><strong>sit</strong></span> <span class='ocrx_word' id='word_1_472' title='bbox 544 4288 687 4365; x_wconf 80' lang='lat' dir='ltr'><strong>pienum.</strong></span> <span class='ocrx_word' id='word_1_473' title='bbox 734 4286 830 4367; x_wconf 79' lang='lat' dir='ltr'><strong>Cujus</strong></span> <span class='ocrx_word' id='word_1_474' title='bbox 861 4288 999 4348; x_wconf 88' lang='lat' dir='ltr'><strong>lectionis</strong></span> <span class='ocrx_word' id='word_1_475' title='bbox 1050 4292 1081 4350; x_wconf 91' lang='lat' dir='ltr'><strong>in</strong></span> <span class='ocrx_word' id='word_1_476' title='bbox 1103 4288 1203 4349; x_wconf 82' lang='lat' dir='ltr'><strong>verbis</strong></span> <span class='ocrx_word' id='word_1_477' title='bbox 1227 4289 1424 4368; x_wconf 82' lang='lat' dir='ltr'><strong>coquentibus</strong></span> <span class='ocrx_word' id='word_1_478' title='bbox 1447 4311 1507 4352; x_wconf 89' lang='lat' dir='ltr'><strong>uon</strong></span> <span class='ocrx_word' id='word_1_479' title='bbox 1529 4290 1675 4352; x_wconf 88' lang='lat' dir='ltr'><strong>iudicetur</strong></span> <span class='ocrx_word' id='word_1_480' title='bbox 1696 4309 1746 4351; x_wconf 88' lang='lat' dir='ltr'><strong>res</strong></span> 
     </span>
     <span class='ocr_line' id='line_1_44' title="bbox 355 4374 1745 4456; baseline 0.001 -20"><span class='ocrx_word' id='word_1_481' title='bbox 355 4395 395 4436; x_wconf 85' lang='lat' dir='ltr'><strong>sm</strong></span> <span class='ocrx_word' id='word_1_482' title='bbox 417 4374 521 4456; x_wconf 73' lang='lat' dir='ltr'><strong>glossa</strong></span> <span class='ocrx_word' id='word_1_483' title='bbox 542 4376 736 4437; x_wconf 86' lang='lat' dir='ltr'><strong>interlinealis</strong></span> <span class='ocrx_word' id='word_1_484' title='bbox 754 4376 903 4451; x_wconf 88' lang='lat' dir='ltr'><strong>meminit;</strong></span> <span class='ocrx_word' id='word_1_485' title='bbox 926 4384 998 4434; x_wconf 85' lang='lat' dir='ltr'><strong>tam·</strong></span> <span class='ocrx_word' id='word_1_486' title='bbox 1049 4376 1320 4455; x_wconf 85' lang='lat' dir='ltr'><strong>aliquspromissa,</strong></span> <span class='ocrx_word' id='word_1_487' title='bbox 1336 4374 1745 4451; x_wconf 88' lang='lat' dir='ltr'><strong>seddoctrinacontineatur,</strong></span> 
     </span>
     <span class='ocr_line' id='line_1_45' title="bbox 355 4461 1746 4544; baseline 0.002 -22"><span class='ocrx_word' id='word_1_488' title='bbox 355 4462 432 4544; x_wconf 79' lang='lat' dir='ltr'><strong>ipro</strong></span> <span class='ocrx_word' id='word_1_489' title='bbox 446 4462 580 4523; x_wconf 67' lang='lat' dir='ltr'><strong>mcnnds</strong></span> <span class='ocrx_word' id='word_1_490' title='bbox 601 4481 730 4542; x_wconf 89' lang='lat' dir='ltr'><strong>persona</strong></span> <span class='ocrx_word' id='word_1_491' title='bbox 745 4462 844 4523; x_wconf 84' lang='lat' dir='ltr'><strong>facore</strong></span> <span class='ocrx_word' id='word_1_492' title='bbox 859 4462 1000 4522; x_wconf 87' lang='lat' dir='ltr'><strong>videntur</strong></span> <span class='ocrx_word' id='word_1_493' title='bbox 1050 4462 1089 4523; x_wconf 88' lang='lat' dir='ltr'><strong>ad</strong></span> <span class='ocrx_word' id='word_1_494' title='bbox 1097 4461 1334 4523; x_wconf 86' lang='lat' dir='ltr'><strong>exhortationem</strong></span> <span class='ocrx_word' id='word_1_495' title='bbox 1341 4463 1544 4543; x_wconf 87' lang='lat' dir='ltr'><strong>applicanda:</strong></span> <span class='ocrx_word' id='word_1_496' title='bbox 1560 4465 1652 4544; x_wconf 76' lang='lat' dir='ltr'><strong>Quod</strong></span> <span class='ocrx_word' id='word_1_497' title='bbox 1661 4466 1746 4527; x_wconf 82' lang='lat' dir='ltr'><strong>Deus</strong></span> 
     </span>
     <span class='ocr_line' id='line_1_46' title="bbox 353 4546 1746 4630; baseline 0.001 -20"><span class='ocrx_word' id='word_1_498' title='bbox 353 4568 372 4610; x_wconf 94' lang='lat' dir='ltr'><strong>s</strong></span> <span class='ocrx_word' id='word_1_499' title='bbox 404 4550 503 4630; x_wconf 84' lang='lat' dir='ltr'><strong>prims</strong></span> <span class='ocrx_word' id='word_1_500' title='bbox 534 4546 633 4610; x_wconf 79' lang='lat' dir='ltr'><strong>fronte</strong></span> <span class='ocrx_word' id='word_1_501' title='bbox 660 4548 789 4622; x_wconf 89' lang='lat' dir='ltr'><strong>similia,</strong></span> <span class='ocrx_word' id='word_1_502' title='bbox 819 4548 908 4609; x_wconf 81' lang='lat' dir='ltr'><strong>Josn.</strong></span> <span class='ocrx_word' id='word_1_503' title='bbox 935 4548 999 4608; x_wconf 84' lang='lat'><strong>15.:</strong></span> <span class='ocrx_word' id='word_1_504' title='bbox 1049 4552 1106 4611; x_wconf 77' lang='lat' dir='ltr'><strong>lux</strong></span> <span class='ocrx_word' id='word_1_505' title='bbox 1122 4559 1165 4611; x_wconf 84' lang='lat' dir='ltr'><strong>cst</strong></span> <span class='ocrx_word' id='word_1_506' title='bbox 1180 4557 1234 4611; x_wconf 84' lang='lat' dir='ltr'><strong>stc.</strong></span> <span class='ocrx_word' id='word_1_507' title='bbox 1269 4551 1326 4611; x_wconf 82' lang='lat' dir='ltr'><strong>Est</strong></span> <span class='ocrx_word' id='word_1_508' title='bbox 1341 4559 1439 4611; x_wconf 89' lang='lat' dir='ltr'><strong>autem</strong></span> <span class='ocrx_word' id='word_1_509' title='bbox 1455 4552 1667 4612; x_wconf 85' lang='lat' dir='ltr'><strong>Hebrsismus:</strong></span> <span class='ocrx_word' id='word_1_510' title='bbox 1683 4569 1746 4612; x_wconf 87' lang='lat' dir='ltr'><strong>on·</strong></span> 
     </span>
     <span class='ocr_line' id='line_1_47' title="bbox 355 4636 1746 4719; baseline 0.003 -25"><span class='ocrx_word' id='word_1_511' title='bbox 355 4654 395 4697; x_wconf 72' lang='lat' dir='ltr'><strong>icc</strong></span> <span class='ocrx_word' id='word_1_512' title='bbox 409 4636 533 4698; x_wconf 84' lang='lat' dir='ltr'><strong>iocsstsss</strong></span> <span class='ocrx_word' id='word_1_513' title='bbox 546 4654 626 4710; x_wconf 79' lang='lat' dir='ltr'><strong>sum,</strong></span> <span class='ocrx_word' id='word_1_514' title='bbox 641 4643 678 4697; x_wconf 83' lang='lat' dir='ltr'><strong>nt</strong></span> <span class='ocrx_word' id='word_1_515' title='bbox 692 4638 847 4712; x_wconf 73' lang='lat' dir='ltr'><strong>posidium</strong></span> <span class='ocrx_word' id='word_1_516' title='bbox 860 4642 998 4697; x_wconf 82' lang='lat' dir='ltr'><strong>oestrum</strong></span> <span class='ocrx_word' id='word_1_517' title='bbox 1048 4638 1224 4712; x_wconf 77' lang='lat' dir='ltr'><strong>nuntiatio,</strong></span> <span class='ocrx_word' id='word_1_518' title='bbox 1248 4658 1302 4719; x_wconf 91' lang='lat' dir='ltr'><strong>pro</strong></span> <span class='ocrx_word' id='word_1_519' title='bbox 1317 4656 1350 4697; x_wconf 93' lang='lat' dir='ltr'><strong>re</strong></span> <span class='ocrx_word' id='word_1_520' title='bbox 1365 4640 1559 4712; x_wconf 84' lang='lat' dir='ltr'><strong>annuntiata,</strong></span> <span class='ocrx_word' id='word_1_521' title='bbox 1582 4638 1659 4700; x_wconf 89' lang='lat' dir='ltr'><strong>sicut</strong></span> <span class='ocrx_word' id='word_1_522' title='bbox 1673 4637 1746 4699; x_wconf 84' lang='lat' dir='ltr'><strong>alibi</strong></span> 
     </span>
     <span class='ocr_line' id='line_1_48' title="bbox 355 4722 1744 4805; baseline 0.001 -21"><span class='ocrx_word' id='word_1_523' title='bbox 355 4723 496 4799; x_wconf 68' lang='lat' dir='ltr'><strong>strom,</strong></span> <span class='ocrx_word' id='word_1_524' title='bbox 520 4730 552 4783; x_wconf 86' lang='lat' dir='ltr'><strong>ct</strong></span> <span class='ocrx_word' id='word_1_525' title='bbox 570 4741 635 4801; x_wconf 90' lang='lat' dir='ltr'><strong>csp.</strong></span> <span class='ocrx_word' id='word_1_526' title='bbox 655 4726 718 4784; x_wconf 74' lang='lat' dir='ltr'><strong>lo:</strong></span> <span class='ocrx_word' id='word_1_527' title='bbox 745 4724 844 4783; x_wconf 88' lang='lat' dir='ltr'><strong>Pstits</strong></span> <span class='ocrx_word' id='word_1_528' title='bbox 866 4730 895 4783; x_wconf 85' lang='lat' dir='ltr'><strong>st</strong></span> <span class='ocrx_word' id='word_1_529' title='bbox 917 4724 999 4783; x_wconf 86' lang='lat' dir='ltr'><strong>ocei-</strong></span> <span class='ocrx_word' id='word_1_530' title='bbox 1048 4743 1116 4801; x_wconf 83' lang='lat' dir='ltr'><strong>spes</strong></span> <span class='ocrx_word' id='word_1_531' title='bbox 1128 4745 1180 4805; x_wconf 90' lang='lat' dir='ltr'><strong>pro</strong></span> <span class='ocrx_word' id='word_1_532' title='bbox 1193 4732 1368 4805; x_wconf 84' lang='lat' dir='ltr'><strong>resperata,</strong></span> <span class='ocrx_word' id='word_1_533' title='bbox 1380 4728 1541 4805; x_wconf 84' lang='lat' dir='ltr'><strong>timospro</strong></span> <span class='ocrx_word' id='word_1_534' title='bbox 1553 4722 1744 4802; x_wconf 75' lang='lat' dir='ltr'><strong>retinenda,</strong></span> 
     </span>
     <span class='ocr_line' id='line_1_49' title="bbox 355 4810 1744 4892; baseline -0.001 -18"><span class='ocrx_word' id='word_1_535' title='bbox 355 4813 406 4888; x_wconf 77' lang='lat' dir='ltr'><strong>tis,</strong></span> <span class='ocrx_word' id='word_1_536' title='bbox 427 4817 467 4871; x_wconf 86' lang='lat' dir='ltr'><strong>sst</strong></span> <span class='ocrx_word' id='word_1_537' title='bbox 478 4810 635 4887; x_wconf 75' lang='lat' dir='ltr'><strong>possditsm</strong></span> <span class='ocrx_word' id='word_1_538' title='bbox 651 4818 789 4872; x_wconf 71' lang='lat' dir='ltr'><strong>censum</strong></span> <span class='ocrx_word' id='word_1_539' title='bbox 803 4814 844 4870; x_wconf 84' lang='lat' dir='ltr'><strong>sit</strong></span> <span class='ocrx_word' id='word_1_540' title='bbox 856 4811 998 4886; x_wconf 80' lang='lat' dir='ltr'><strong>plenum.</strong></span> <span class='ocrx_word' id='word_1_541' title='bbox 1050 4821 1135 4872; x_wconf 87' lang='lat' dir='ltr'><strong>actus</strong></span> <span class='ocrx_word' id='word_1_542' title='bbox 1150 4812 1289 4872; x_wconf 89' lang='lat' dir='ltr'><strong>nimirum</strong></span> <span class='ocrx_word' id='word_1_543' title='bbox 1304 4831 1357 4891; x_wconf 86' lang='lat' dir='ltr'><strong>pro</strong></span> <span class='ocrx_word' id='word_1_544' title='bbox 1373 4811 1500 4891; x_wconf 89' lang='lat' dir='ltr'><strong>objecto.</strong></span> <span class='ocrx_word' id='word_1_545' title='bbox 1530 4812 1616 4889; x_wconf 89' lang='lat' dir='ltr'><strong>Hoc,</strong></span> <span class='ocrx_word' id='word_1_546' title='bbox 1638 4812 1744 4892; x_wconf 85' lang='lat' dir='ltr'><strong>iuquit,</strong></span> 
     </span>
     <span class='ocr_line' id='line_1_50' title="bbox 355 4896 1797 4981; baseline -0.003 -23"><span class='ocrx_word' id='word_1_547' title='bbox 355 4899 430 4977; x_wconf 67' lang='lat' dir='ltr'><strong>situs</strong></span> <span class='ocrx_word' id='word_1_548' title='bbox 445 4905 478 4957; x_wconf 90' lang='lat' dir='ltr'><strong>ct</strong></span> <span class='ocrx_word' id='word_1_549' title='bbox 492 4899 525 4958; x_wconf 91' lang='lat' dir='ltr'><strong>iu</strong></span> <span class='ocrx_word' id='word_1_550' title='bbox 538 4896 673 4958; x_wconf 84' lang='lat' dir='ltr'><strong>secunda</strong></span> <span class='ocrx_word' id='word_1_551' title='bbox 685 4896 842 4979; x_wconf 77' lang='lat' dir='ltr'><strong>Epistola:</strong></span> <span class='ocrx_word' id='word_1_552' title='bbox 865 4898 904 4957; x_wconf 90' lang='lat' dir='ltr'><strong>Ut</strong></span> <span class='ocrx_word' id='word_1_553' title='bbox 918 4915 999 4972; x_wconf 75' lang='lat' dir='ltr'><strong>qou-</strong></span> <span class='ocrx_word' id='word_1_554' title='bbox 1049 4908 1104 4971; x_wconf 85' lang='lat' dir='ltr'><strong>est,</strong></span> <span class='ocrx_word' id='word_1_555' title='bbox 1127 4896 1210 4977; x_wconf 91' lang='lat' dir='ltr'><strong>quod</strong></span> <span class='ocrx_word' id='word_1_556' title='bbox 1226 4897 1394 4959; x_wconf 84' lang='lat' dir='ltr'><strong>audivimus</strong></span> <span class='ocrx_word' id='word_1_557' title='bbox 1410 4919 1448 4960; x_wconf 85' lang='lat' dir='ltr'><strong>ex</strong></span> <span class='ocrx_word' id='word_1_558' title='bbox 1464 4918 1511 4972; x_wconf 85' lang='lat' dir='ltr'><strong>eo,</strong></span> <span class='ocrx_word' id='word_1_559' title='bbox 1534 4918 1642 4981; x_wconf 87' lang='lat' dir='ltr'><strong>nempe</strong></span> <span class='ocrx_word' id='word_1_560' title='bbox 1662 4897 1745 4960; x_wconf 81' lang='lat' dir='ltr'><strong>Obri-</strong></span> <span class='ocrx_word' id='word_1_561' title='bbox 1795 4949 1797 4954; x_wconf 91' lang='lat'><em>.</em></span> 
     </span>
     <span class='ocr_line' id='line_1_51' title="bbox 355 4982 1746 5080; baseline 0 -32"><span class='ocrx_word' id='word_1_562' title='bbox 355 5003 393 5048; x_wconf 88' lang='lat' dir='ltr'><strong>sss</strong></span> <span class='ocrx_word' id='word_1_563' title='bbox 406 4990 549 5048; x_wconf 67' lang='lat' dir='ltr'><strong>cmm</strong></span> <span class='ocrx_word' id='word_1_564' title='bbox 565 4982 702 5062; x_wconf 80' lang='lat' dir='ltr'><strong>plsnsm</strong></span> <span class='ocrx_word' id='word_1_565' title='bbox 716 4987 757 5046; x_wconf 89' lang='lat' dir='ltr'><strong>sit</strong></span> <span class='ocrx_word' id='word_1_566' title='bbox 762 5007 775 5064; x_wconf 89' lang='lat'><em>;</em></span> <span class='ocrx_word' id='word_1_567' title='bbox 798 4982 853 5046; x_wconf 88' lang='lat' dir='ltr'><strong>sed</strong></span> <span class='ocrx_word' id='word_1_568' title='bbox 868 4987 899 5045; x_wconf 91' lang='lat' dir='ltr'><strong>in</strong></span> <span class='ocrx_word' id='word_1_569' title='bbox 914 4984 998 5044; x_wconf 90' lang='lat' dir='ltr'><strong>Lati·</strong></span> <span class='ocrx_word' id='word_1_570' title='bbox 1048 4993 1104 5061; x_wconf 86' lang='lat' dir='ltr'><strong>sto,</strong></span> <span class='ocrx_word' id='word_1_571' title='bbox 1126 4985 1189 5047; x_wconf 89' lang='lat' dir='ltr'><strong>Dei</strong></span> <span class='ocrx_word' id='word_1_572' title='bbox 1207 4985 1295 5061; x_wconf 82' lang='lat' dir='ltr'><strong>Filio,</strong></span> <span class='ocrx_word' id='word_1_573' title='bbox 1319 4984 1462 5080; x_wconf 82' lang='lat' dir='ltr'><strong>quodque</strong></span> <span class='ocrx_word' id='word_1_574' title='bbox 1481 4985 1534 5049; x_wconf 91' lang='lat' dir='ltr'><strong>ille</strong></span> <span class='ocrx_word' id='word_1_575' title='bbox 1555 5006 1610 5049; x_wconf 91' lang='lat' dir='ltr'><strong>uos</strong></span> <span class='ocrx_word' id='word_1_576' title='bbox 1635 4985 1746 5065; x_wconf 85' lang='lat' dir='ltr'><strong>docuit,</strong></span> 
     </span>
    </p>
   </div>
   <div class='ocr_carea' id='block_1_4' title="bbox 0 0 2226 5825">
    <p class='ocr_par' dir='ltr' id='par_1_5' title="bbox 0 0 2226 5825">
     <span class='ocr_line' id='line_1_52' title="bbox 0 0 2226 5825; baseline 0 1"><span class='ocrx_word' id='word_1_577' title='bbox 0 0 2226 5825; x_wconf 95' lang='lat' dir='ltr'><strong> </strong></span> 
     </span>
    </p>
   </div>
  </div>
 </body>
</html>
