4442 5825
430 613 516 682 τοι
927 673 929 677 ,
959 602 1192 661 commanus
1209 602 1239 658 ιιι
1258 602 1325 659 ιιι.
1342 603 1371 658 n.

440 783 565 858 beatum
589 781 645 842 sed
668 781 720 842 ille
742 781 852 842 multos
870 785 933 862 jam
957 783 1068 864 incepit
1085 781 1137 843 ha·
1188 782 1275 843 stolis
1290 783 1422 858 electus,
1446 783 1513 843 Act.
1531 783 1578 855 6.,
1600 788 1634 842 ct
1650 779 1881 862 Hymauacusat

441 870 512 930 bere
534 887 757 949 praecursores,
781 869 964 950 eosdemque
978 871 1139 950 participa·
1189 870 1325 931 Philetus
1340 870 1371 931 in
1386 888 1498 950 magna
1512 867 1613 941 domo,
1631 884 1716 949 qnae
1732 874 1780 928 est
1793 866 1880 928 Ecdc

442 958 523 1017 tione
552 957 677 1018 nominis
707 957 772 1036 ejus
803 957 1022 1028 Antichristus,
1061 958 1139 1038 quia,
1190 958 1243 1031 sia,
1265 957 1394 1030 luerunt,
1418 957 1535 1017 u'lim
1553 959 1598 1032 2.,
1625 953 1883 1018 arcariorum

443 1041 524 1125 quad
548 1041 601 1103 ille
623 1043 756 1103 facturus
781 1045 878 1104 estin
901 1045 1082 1118 uuiversum,
1106 1050 1140 1104 nt
1189 1063 1312 1105 numero
1328 1042 1467 1104 'fidelium
1482 1041 1655 1124 aliqnando
1669 1039 1789 1116 fuisso,
1810 1038 1884 1100 docet

441 1128 555 1192 Ohristi
571 1148 679 1190 nomen
696 1139 729 1190 et
742 1129 869 1210 gloriam
884 1133 1065 1210 exstinguat,
1081 1129 1140 1190 hoc
1188 1131 1379 1212 Epiphanius
1393 1130 1473 1191 haer.
1490 1131 1542 1192 28.

443 1219 492 1277 isti
514 1217 651 1298 partibus
665 1215 795 1290 *iaciunt
819 1215 986 1278 dumalias
1001 1226 1139 1278 naturam
1231 1218 1340 1279 Utrum
1370 1225 1471 1278 antem
1497 1234 1603 1278 omnes
1632 1217 1685 1276 isti
1710 1234 1789 1277 vcra
1809 1221 1837 1275 tt
1854 1232 1884 1274 cx

442 1303 656 1383 ajuauivinam
670 1312 770 1383 negat,
786 1304 864 1364 aliua
876 1304 1045 1377 humanam,
1060 1304 1139 1365 alins
1189 1305 1384 1385 animopriua
1398 1303 1503 1364 fideles
1517 1302 1658 1376 luerint,
1678 1306 1727 1364 'tn
1751 1310 1824 1362 vern
1843 1298 1884 1360 val

442 1391 591 1471 pusionis
616 1411 653 1451 ac
679 1392 783 1452 mortis
810 1392 895 1470 ejus,
926 1411 988 1471 qua
1013 1390 1139 1471 gloriam
1188 1410 1300 1467 omnes,
1323 1391 1373 1452 vel
1395 1408 1497 1452 eorum
1518 1391 1617 1471 aliqui
1632 1389 1707 1451 ficta
1724 1387 1786 1449 fide
1799 1386 1883 1449 atdr

441 1479 613 1558 promeruit,
627 1479 794 1552 veritatem,
813 1477 864 1539 alii
881 1478 941 1539 alia
957 1478 994 1538 de
1010 1499 1044 1538 eo
1060 1477 1140 1539 falsa
1187 1478 1260 1560 plici
1291 1476 1379 1540 corde
1409 1477 1520 1538 inerint
1548 1476 1727 1538 Ecclesiam
1758 1475 1883 1556 ingara

442 1565 714 1627 comminiscuntur.
746 1565 833 1625 Haec
853 1568 931 1627 enim
946 1566 1000 1645 qni
1013 1563 1138 1637 iaciunt,
1187 1566 1273 1626 novit
1288 1572 1436 1626 scrutator
1453 1563 1585 1625 cordium
1602 1564 1702 1625 Deus.
1735 1560 1885 1624 Probabile

441 1653 569 1712 uoluunt
582 1652 751 1727 Christum,
765 1651 886 1713 utinira
897 1652 1030 1733 loquitur
1041 1651 1139 1732 capite
1188 1661 1287 1713 tamen
1312 1661 1370 1724 est,
1395 1650 1543 1733 quosdam
1566 1669 1644 1711 vera
1659 1649 1727 1711 fide
1743 1646 1884 1730 praedito·

442 1746 558 1820 quarto,
574 1746 606 1798 et
621 1758 658 1800 ea
672 1740 819 1818 peculiari
834 1740 951 1800 ratione
967 1747 1039 1801 aunt
1053 1739 1137 1801 Anti·
1187 1739 1292 1800 fuisse.
1309 1739 1359 1800 Sic
1374 1740 1454 1799 enim
1471 1738 1509 1799 dc
1524 1737 1642 1798 talibus
1658 1737 1801 1818 loquitur
1814 1737 1883 1816 spo

442 1826 562 1902 christi3
594 1845 661 1886 cnm
691 1827 807 1908 alioqui
833 1826 1014 1905 generaliter
1041 1827 1138 1886 omnis
1188 1826 1285 1886 stolus
1312 1831 1328 1885 l
1357 1825 1437 1885 Tim.
1465 1826 1513 1900 4.,
1539 1824 1622 1906 quod
1649 1827 1688 1887 in
1716 1824 1884 1886 nomon

442 1913 613 1973 hacreticus
630 1914 668 1972 sit
684 1915 895 1987 antichristus,
919 1922 1067 1994 quatenus
1083 1913 1136 1972 sci·
1188 1913 1382 1991 temporibus
1396 1912 1562 1974 discedunt
1576 1911 1718 1989 quidum
1734 1930 1757 1972 a
1770 1912 1841 1989 Me,
1860 1917 1885 1970 at

441 1999 512 2060 licet
526 1997 681 2060 doctrinae
696 2021 715 2061 a
730 1998 851 2061 (lhriato
873 1999 1005 2062 traditae
1020 2007 1139 2080 partem
1188 1999 1323 2080 ejusdem
1340 1998 1499 2081 Epistulae
1515 2017 1579 2081 cap.
1601 2002 1646 2073 1.,
1669 1997 1758 2080 quod
1778 1998 1883 2060 boam

442 2088 575 2166 aliquam
598 2097 762 2167 oppugnat.
798 2087 983 2161 Antichriati,
998 2087 1056 2148 hoc
1070 2087 1138 2148 loco
1188 2090 1412 2149 conscientium
1429 2086 1561 2165 quidam
1575 2086 1788 2163 repellentes,
1810 2088 1882 2147 clm

441 2193 460 2232 a
484 2173 605 2234 Joaune
626 2175 732 2249 notati,
754 2177 877 2236 inerunt
898 2175 1002 2235 Simon
1016 2175 1138 2256 Magus,
1187 2175 1281 2253 fidem
1307 2176 1614 2252 noasropoucrcmt,
1642 2182 1676 2234 ct
1704 2174 1725 2233 2
1751 2172 1830 2234 'Pina
1852 2173 1883 2243 2,

442 2259 610 2335 Basilides,
640 2259 817 2335 Corinthus,
848 2261 962 2336 Ebiou,
992 2259 1139 2322 Nicolana
1187 2264 1271 2342 quod
1286 2263 1490 2337 Hymenaeus
1512 2268 1542 2321 et
1556 2260 1708 2322 Philctrsa
1724 2278 1747 2320 a
1762 2261 1881 2322 centon

443 2347 666 2424 antiochenus,
692 2349 806 2429 aliique
831 2348 863 2409 id
891 2367 1001 2428 genna3
1029 2349 1139 2429 quibus
1188 2350 1382 2411 ecciderunt.

442 2435 520 2496 addc
535 2435 747 2516 Hymenaeum
764 2447 796 2497 et
809 2435 970 2508 Philetum,
994 2435 1139 2509 dicentes,
1232 2435 1392 2508 Calvinus,
1413 2445 1449 2495 ut
1469 2435 1620 2495 novitium
1645 2433 1764 2515 dogma
1785 2432 1823 2495 da
1835 2431 1880 2492 ide

442 2525 689 2585 resurrectionem
705 2542 771 2585 csse
782 2524 844 2602 jam
856 2522 976 2596 iactam,
990 2522 1137 2584 Primi.
1188 2522 1309 2603 speciali
1325 2525 1480 2595 sustineat,
1504 2522 1578 2595 vult,
1602 2523 1761 2582 neminem
1780 2520 1879 2582 illoru

491 2611 581 2673 Unde
606 2614 737 2686 ecimus,
764 2613 840 2688 quia
862 2610 1138 2672 novissimiora
1188 2628 1292 2670 veram
1319 2629 1354 2669 ac
1377 2608 1504 2670 solidam
1529 2607 1621 2669 fidem
1648 2607 1815 2686 habuiss03
1836 2604 1878 2666 scd

442 2705 494 2759 cst.
525 2698 570 2758 Ac
585 2700 611 2758 ai
626 2697 723 2758 dicat:
746 2698 796 2757 Ita
811 2699 996 2777 praedictum
1019 2695 1085 2770 init,
1107 2698 1138 2756 in
1188 2695 1281 2757 allata
1295 2697 1464 2757 testimonia
1479 2695 1609 2755 obstant.
1640 2694 1687 2756 Hi
1710 2704 1815 2758 tamen
1829 2712 1876 2753 ou·

442 2787 613 2846 novissimis
629 2783 735 2846 diebus
751 2803 817 2844 esse
833 2792 990 2858 venturos,
1014 2786 1065 2864 qui
1080 2783 1136 2844 fal·
1187 2800 1260 2858 nes,
1286 2791 1320 2843 ut
1346 2783 1382 2844 de
1408 2782 1546 2844 Ecclesia
1571 2781 1744 2844 manifesta
1770 2784 1876 2850 exirent

441 2891 492 2933 aas
504 2880 536 2933 et
547 2871 716 2950 Evangelio
725 2868 836 2933 Ohristi
851 2873 1013 2933 contrarias
1029 2869 1138 2932 doctri·
1187 2871 1270 2951 prius
1286 2867 1874 2933 occultehaercticiinEcclesiafucmt

442 2980 497 3021 uae
523 2968 714 3040 spargerent,
741 2959 772 3019 id
802 2968 847 3019 eat
873 2958 1058 3035 haereticos3
1085 2959 1139 3038 qui
1186 2958 1255 3017 Hoc
1277 2961 1355 3020 enim
1380 2955 1537 3037 estquod
1561 2956 1638 3017 dicit
1659 2956 1815 3019 Joannaa:
1837 2955 1876 3016 Er

442 3066 509 3107 cum
525 3046 610 3106 multi
623 3048 688 3125 jam
700 3047 845 3119 vonerint,
861 3055 942 3107 certo
959 3045 1137 3125 colligimus,
1187 3045 1278 3107 roobia
1294 3048 1447 3108 ccicmnt
1463 3042 1553 3104 Unde
1569 3045 1646 3105 eatis
1662 3042 1775 3126 liquet,
1789 3044 1873 3104 haas

442 3139 609 3194 extremum
624 3142 741 3213 tempus
756 3152 834 3193 nuno
851 3133 907 3212 agi.
1186 3134 1263 3193 ticos
1275 3132 1408 3194 occultos
1420 3131 1587 3191 secundum
1600 3130 1763 3211 quendam
1773 3128 1873 3192 modam

487 3224 535 3281 19.
574 3223 627 3282 Eu
654 3221 746 3280 nobis
769 3220 972 3297 prodierunt.
1003 3220 1137 3283 Graece:
1187 3237 1253 3280 esse
1267 3220 1298 3278 in
1314 3218 1468 3289 Ecclesia,
1491 3216 1588 3277 donec
1611 3218 1686 3279 inde
1704 3218 1758 3279 vel
1773 3217 1873 3297 ejicior

442 3299 584 3386 ἐξῆλθον,
602 3310 755 3368 coierunt.
783 3306 976 3386 significatur
992 3308 1069 3368 enim
1085 3304 1134 3365 dc·
1185 3314 1243 3379 tur,
1259 3306 1309 3365 vel
1325 3306 1383 3386 ipsi
1399 3304 1501 3385 palam
1516 3323 1585 3365 sese
1602 3315 1761 3387 separent.

442 3395 551 3467 lectio,
581 3413 641 3455 non
672 3395 764 3474 origo.
802 3392 940 3455 Occurrit
969 3393 1136 3475 Apostolus
1228 3392 1538 3454 earnemcarnem
1554 3391 1656 3453 nouo.
1689 3392 1762 3453 Hoc
1776 3388 1875 3452 tltoius

442 3481 594 3553 scandalo,
611 3481 693 3562 quod
708 3482 789 3542 nasci
806 3488 923 3559 poterat
938 3501 1036 3555 exeo,
1055 3479 1136 3559 quod
1186 3478 1282 3541 modis
1308 3477 1436 3558 intelligi
1461 3486 1569 3558 potest.
1610 3475 1764 3552 Primum,
1790 3486 1823 3537 ut
1839 3472 1873 3533 di·

442 3567 576 3629 homines
597 3578 657 3629 tam
680 3569 751 3629 mali
774 3576 804 3627 et
825 3570 963 3647 perversi
982 3567 1137 3648 prodirent
1186 3574 1292 3628 cantur
1306 3586 1344 3626 ex
1359 3566 1446 3627 nobis
1459 3565 1636 3640 mulnisae,
1654 3567 1740 3646 quia,
1755 3563 1875 3646 qumvis

442 3675 479 3716 ex
502 3657 657 3717 Ecclesia:
680 3668 832 3735 tamquam
855 3653 910 3715 illa
932 3663 1033 3735 pestes
1056 3654 1135 3733 ejus·
1185 3655 1332 3715 internos
1348 3652 1553 3713 acnobiscnm
1569 3662 1782 3725 versarentur,
1803 3649 1874 3711 ouo·

441 3742 523 3803 modi
539 3744 704 3823 genuisset,
720 3763 757 3803 ac
771 3743 838 3803 sinu
853 3760 906 3802 suo
922 3740 1056 3804 fovisset
1087 3739 1136 3800 Ad
1187 3742 1286 3801 atiana
1309 3739 1464 3800 nobiscum
1488 3739 1692 3800 Sacramenta
1712 3739 1874 3821 participur

442 3830 499 3890 hoc
513 3828 685 3911 respondet,
708 3826 884 3902 ostendeus,
908 3826 1058 3909 quomodo
1074 3828 1135 3888 fue·
1187 3837 1243 3900 tes,
1257 3847 1318 3888 non
1334 3834 1422 3887 erant
1435 3838 1534 3887 tamen
1550 3824 1589 3885 do
1605 3845 1739 3888 numero
1754 3841 1875 3888 rarum

442 3918 500 3977 rint
516 3918 548 3979 in
562 3917 719 3991 Ecclesia,
743 3934 837 3995 equa
860 3915 1001 3977 dicuntur
1016 3915 1138 3995 egressi,
1187 3914 1300 3976 Christi
1324 3913 1469 3986 fidelium,
1499 3911 1552 3974 sed
1579 3911 1671 3973 fidem
1699 3912 1875 3974 simulabant

442 4012 472 4062 ct
483 4006 633 4082 quomodo
650 4007 681 4065 in
697 4023 733 4064 ca
748 4022 809 4065 uon
820 4000 941 4065 luerint
969 4005 1021 4065 Eu
1034 4002 1136 4077 nobo,
1188 4001 1258 4081 Quo
1272 4001 1336 4062 fere
1351 4021 1441 4062 sensu
1453 4007 1564 4061 tractat
1574 3998 1659 4061 huuc
1669 4000 1776 4062 locum
1788 4001 1875 4079 Augu·

442 4092 560 4169 inquit,
587 4095 748 4167 exierunt,
775 4090 832 4150 hoc
857 4100 910 4165 est,
936 4111 974 4151 ex
999 4089 1138 4150 Ecclesia
1187 4091 1285 4150 atinus
1312 4090 1343 4149 in
1369 4088 1595 4162 commentari03
1628 4106 1722 4168 quom
1750 4096 1783 4149 ct
1806 4082 1876 4147 usu

441 4176 575 4237 fidelium
599 4199 653 4239 seu
673 4176 907 4239 Christianorum
922 4198 977 4259 per
991 4177 1138 4237 haeresim
1189 4177 1334 4256 sequitur.
1361 4177 1458 4235 Aliter
1474 4182 1506 4235 et
1520 4172 1639 4247 melius,
1656 4181 1696 4234 nt
1711 4192 1818 4235 sensns
1830 4171 1876 4231 tit:

443 4265 555 4345 egressi
578 4274 655 4339 sunt,
678 4264 816 4326 uolentes
837 4264 1009 4325 Ecclesiam
1024 4262 1138 4337 audire,
1189 4264 1263 4325 Nun
1278 4270 1372 4324 oront
1385 4280 1424 4323 cu
1439 4261 1546 4335 nobie,
1569 4257 1684 4336 idest,
1710 4259 1751 4321 ds
1769 4275 1876 4322 num

441 4358 473 4411 et
494 4352 532 4412 ab
559 4371 595 4414 aa
622 4358 720 4411 acuet
746 4352 828 4431 ipsos
854 4360 1044 4432 separantes,
1070 4368 1139 4410 cum
1189 4350 1359 4423 electorum,
1386 4350 1454 4410 sire
1476 4347 1514 4409 de
1534 4344 1695 4423 Ecclesia,
1725 4368 1789 4430 qna
1809 4351 1877 4429 pult

441 4437 525 4519 prius
548 4441 579 4501 in
602 4457 640 4499 ea
663 4445 780 4510 essent,
803 4446 908 4519 utpote
930 4438 1001 4499 fidei
1024 4435 1137 4518 proies·
1189 4438 1321 4498 continet
1342 4437 1464 4508 electos,
1487 4436 1540 4515 qui
1563 4432 1621 4494 soli
1641 4443 1721 4496 sunt
1734 4433 1877 4496 Ecclesia·

442 4524 526 4587 sione
568 4534 599 4587 et
635 4525 892 4587 sacramentorum
931 4524 1138 4584 communione
1188 4522 1322 4584 membra
1337 4542 1455 4603 semper
1468 4537 1619 4583 manaura-
1651 4521 1759 4602 Quem
1773 4535 1878 4585 scum

443 4610 618 4690 Christiani3
642 4614 708 4673 sira
724 4611 855 4672 simulati
870 4611 990 4685 fueriut,
1014 4619 1139 4671 externa
1189 4609 1268 4671 idem
1283 4610 1471 4691 Augustinus
1486 4606 1561 4670 alibi
1575 4606 1682 4681 tradit,
1702 4625 1741 4670 ac
1757 4605 1878 4691 pluribus

441 4701 544 4779 specie
559 4708 703 4781 gerentes
726 4718 760 4759 se
776 4719 831 4779 pro
846 4700 925 4759 veris
941 4696 1139 4771 Christianis3
1189 4697 1339 4778 explicat3
1361 4701 1395 4757 ut
1417 4696 1494 4757 lssrro
1517 4695 1556 4755 de
1582 4687 1718 4777 comept
1736 4705 1770 4758 e't
1789 4693 1878 4778 grstia

442 4788 508 4847 sive
523 4806 631 4848 revera
645 4784 721 4847 tales
736 4785 856 4859 luerint,
878 4784 978 4844 animo
994 4791 1139 4856 tenentes,
1189 4804 1254 4865 cap.
1272 4788 1309 4857 9.,
1327 4790 1357 4844 et
1372 4784 1411 4844 de
1425 4781 1505 4844 douo
1520 4793 1642 4864 persev.
1659 4793 1729 4867 cap.
1746 4783 1776 4844 8.

442 4872 525 4953 quod
540 4876 676 4935 exterius
691 4872 919 4954 profitebantur.
949 4872 1028 4932 Nam
1045 4878 1076 4931 et
1090 4870 1138 4931 ei·
1232 4870 1266 4932 Si
1281 4888 1417 4950 quaeras,
1432 4868 1515 4931 undo
1526 4867 1669 4934 Joanne's
1679 4872 1814 4944 schcfit
1828 4881 1878 4933 σα,

442 4977 511 5020 mou
531 4980 638 5043 magus
667 4981 685 5021 a
710 4960 853 5042 Philippo
875 4960 1048 5039 baptizatus
1073 4956 1139 5029 init,
1189 4957 1226 5017 de
1252 4958 1362 5037 quibus
1383 4957 1526 5036 loquitur,
1552 4976 1616 5020 uon
1641 4958 1743 5021 luisse
1766 4957 1876 5020 electu:

444 5048 511 5108 Act
528 5051 566 5124 8.,
581 5056 613 5109 ct
624 5047 770 5109 Nicolaus
784 5048 814 5108 iu
829 5047 987 5108 diaconum
1004 5042 1042 5105 ab
1057 5043 1138 5125 Apo·
1187 5043 1392 5125 respondetur,
1408 5042 1438 5104 id
1454 5063 1523 5105 enm
1538 5046 1674 5120 novisse,
1690 5067 1753 5109 uon
1765 5036 1876 5108 crestal⁶
