4442 5825
813 625 1009 683 stimulent.
1029 626 1118 682 etun
1134 627 1228 682 emt.
1246 624 1330 682 VERS.
1351 628 1390 681 ts.

416 804 467 864 13.
493 805 629 882 Pr0pter
655 804 741 882 quod
774 807 924 867 mccinctt
950 805 1071 866 lumbos

369 895 487 951 mentis
503 899 640 967 vestroe,
668 892 765 952 sobrii
785 893 925 969 perfecte
947 901 1071 969 sperate

369 980 515 1054 ineam,
543 998 624 1056 quoe
640 979 773 1056 offertur
792 980 896 1053 vohis,
923 983 1070 1054 qratiam.

373 1065 534 1142 Persecte,
555 1065 686 1126 Graece:
710 1061 857 1140 τελείως,
882 1085 1011 1146 proquo
1028 1068 1070 1125 vi-

369 1152 452 1211 tiose
468 1152 579 1232 legitur
593 1154 623 1212 in
640 1152 819 1233 quibusdam
837 1154 973 1213 latinis:
995 1171 1071 1228 per·

369 1238 457 1316 secti.
477 1238 744 1317 offertur,mellus
756 1259 794 1298 ex
804 1238 939 1299 Graeco:
953 1241 1070 1317 fertur,

370 1324 532 1404 adfertur.
556 1327 613 1385 Est
628 1327 706 1386 enirn
721 1326 910 1405 participium
927 1326 1070 1405 simplex:

370 1404 551 1490 φερομένην.
576 1414 718 1473 Erasmus
726 1415 832 1472 vertit:
849 1415 889 1472 In
899 1430 980 1485 eam,
990 1432 1072 1488 quae

370 1499 417 1558 ad
433 1518 487 1559 vos
503 1501 662 1577 defertur,
679 1503 827 1576 cratium.
865 1500 1071 1579 Hieronymus

370 1584 424 1646 lib.
443 1591 470 1645 1.
488 1597 591 1645 contra
606 1586 711 1646 Joviu.
728 1605 793 1666 cap.
812 1588 860 1646 ut.
878 1590 919 1645 ita
934 1586 1020 1665 legit:
1035 1590 1071 1645 in

371 1691 455 1746 eam,
471 1691 553 1749 quae
569 1673 744 1750 deserenda
757 1680 800 1732 est
812 1674 908 1747 vobis,
922 1674 1069 1748 crottum.

370 1758 475 1820 Utitur
490 1768 590 1819 autem
605 1760 770 1839 Apostolus
793 1762 891 1818 statim
909 1760 996 1818 initio
1011 1778 1070 1818 me·

371 1846 502 1926 taphora
523 1845 612 1906 valde
634 1848 673 1907 ad
696 1866 758 1906 rem
783 1848 933 1926 apposita,
960 1867 1020 1926 qua
1043 1858 1072 1904 et

370 1930 511 1993 Christus
526 1952 600 1992 usus
615 1944 671 2007 ost,
687 1954 754 1994 cum
770 1933 814 1991 ait
830 1935 901 1993 Luc.
920 1937 983 1993 12:
1000 1934 1072 1994 siae

370 2020 473 2081 lumbi
488 2023 584 2080 vestri
595 2023 773 2097 praecincti
780 2042 792 2096 ,-
816 2019 971 2100 desumpta
987 2020 1070 2079 nimi·

369 2125 436 2166 mm
453 2106 491 2164 ab
507 2108 558 2180 iis,
583 2109 635 2186 qui
651 2108 699 2167 vol
715 2109 774 2167 iter
789 2107 910 2180 iactari,
937 2106 986 2165 vel
1002 2126 1070 2185 ope·

370 2195 412 2253 ris
428 2193 545 2272 aliquid
560 2195 726 2272 egressuri,
754 2213 814 2273 quo
831 2193 869 2253 ad
886 2194 964 2252 illud
980 2213 1069 2271 expe·

1744 622 1820 702 itu

1126 813 1178 867 est.
1206 804 1350 868 Gratiam
1365 811 1453 864 vocat
1465 802 1626 883 gratuitum
1643 800 1717 864 illud
1731 801 1819 865 bene-

1126 894 1227 953 ficium
1251 892 1373 965 salutis,
1400 891 1521 971 dequo
1545 891 1679 969 superius
1705 891 1823 951 locatus

1126 990 1187 1053 ast,
1204 988 1234 1040 et
1250 980 1335 1056 cujus
1350 997 1468 1057 semper
1483 977 1597 1057 aliquid
1614 980 1705 1038 ctiam
1722 978 1752 1037 in
1766 977 1824 1037 hac

1125 1069 1189 1126 vita
1214 1074 1306 1127 restat
1329 1065 1520 1144 sperandum.
1559 1063 1713 1145 Interpres
1729 1065 1824 1143 Syrus

1126 1154 1156 1213 in
1171 1152 1290 1214 Graeco
1313 1172 1366 1232 pro
1382 1143 1472 1229 χάριν
1495 1151 1567 1229 legit
1590 1145 1707 1229 χαρὰν,
1733 1152 1824 1211 idest

1125 1241 1290 1316 caudium.
1324 1239 1376 1300 Sic
1399 1242 1476 1298 enirn
1500 1239 1606 1297 vertit:
1633 1240 1765 1315 Spercte
1787 1239 1824 1298 in

1125 1327 1298 1402 gaudium,
1326 1326 1413 1403 quod
1436 1326 1647 1384 obventurum
1671 1333 1714 1384 est
1738 1324 1825 1384 uobis

1126 1420 1180 1473 etc.
1205 1413 1317 1474 Verum
1333 1432 1390 1471 nec
1405 1409 1609 1471 Oscumonius
1621 1412 1712 1490 hujus
1723 1411 1823 1470 lectio·

1127 1502 1173 1560 uis
1195 1501 1343 1570 meminit,
1366 1517 1421 1558 nec
1444 1500 1474 1558 in
1499 1497 1559 1556 ullo
1583 1497 1698 1558 Graeco
1722 1498 1825 1557 codice

1127 1587 1282 1664 reperitur.
1319 1585 1484 1665 Repugnat
1514 1585 1604 1643 etiam
1634 1585 1825 1664 participium

1127 1663 1305 1750 φερομένην,
1322 1690 1466 1751 praesens
1477 1679 1594 1750 tempus
1607 1670 1752 1745 indicans,
1765 1691 1825 1730 non

1126 1758 1273 1830 futurum,
1300 1760 1329 1816 in
1353 1757 1433 1836 qnod
1454 1758 1550 1837 Syrus
1573 1757 1646 1817 illusi
1670 1760 1824 1829 convertit,

1126 1854 1249 1925 propter
1264 1846 1336 1917 hoo,
1353 1843 1433 1924 qnod
1446 1846 1599 1924 seqnitur:

1169 1933 1210 1992 ln
1226 1933 1454 1991 revelationem
1471 1935 1500 1994 J
1500 1950 1552 1991 esu
1565 1932 1688 1992 Christi.
1713 1930 1822 1991 Plures

1126 2038 1161 2078 sc
1183 2018 1324 2079 meliores
1348 2018 1466 2079 codices
1492 2018 1611 2097 legunt:
1642 2020 1684 2079 Iri
1699 2019 1823 2079 revela-

1125 2108 1219 2167 tione.
1258 2106 1297 2164 Et
1322 2107 1365 2164 ita
1392 2107 1465 2164 citat
1491 2105 1697 2186 Hieronymus
1721 2105 1771 2165 lib.
1797 2110 1823 2165 1.

1126 2201 1229 2253 contra
1244 2192 1267 2252 J
1270 2193 1451 2252 ovinianum.
1488 2193 1567 2251 Nam
1587 2201 1617 2251 et
1632 2193 1747 2253 Graece
1763 2201 1823 2253 est:

1125 2270 1156 2338 ἐν
1174 2271 1381 2356 ἀποκαλύψει,
1406 2298 1462 2338 nec
1483 2279 1570 2338 aliter
1593 2281 1623 2338 in
1639 2279 1765 2359 Syriaco
1781 2278 1822 2337 le·

370 2280 498 2340 ditiores
513 2282 588 2350 sint,
605 2280 724 2340 lumbos
741 2282 926 2358 succingunt.
959 2280 1069 2339 Decla-

369 2376 418 2427 rat
429 2368 722 2446 verometaphoranr,
732 2388 821 2446 quum
831 2366 932 2425 addit:
948 2368 1070 2426 mentis.
1124 2367 1220 2446 gitur,
1244 2368 1363 2425 tametsi
1378 2386 1437 2424 non
1461 2384 1572 2425 novum
1596 2373 1641 2425 est
1659 2365 1822 2445 Apostolis,

415 2455 526 2533 ltaque
548 2455 669 2515 lumbus
689 2458 802 2514 mentis
824 2457 1002 2528 succinpere
1026 2461 1071 2512 est
1125 2453 1377 2532 praepositionem
1405 2443 1435 2509 ἐν
1461 2471 1514 2531 pro
1537 2444 1584 2519 εἰς
1609 2454 1763 2532 accipere,
1789 2459 1823 2510 nt

370 2551 504 2601 mentem
521 2541 672 2602 refrenare
692 2561 727 2601 ac
743 2543 921 2619 restringere
937 2540 974 2600 ab
990 2541 1069 2600 omni
1125 2542 1202 2600 verti
1225 2542 1336 2619 possit:
1365 2543 1402 2600 in
1428 2540 1663 2600 revelationem.
1701 2540 1823 2599 Etenim

371 2627 549 2708 cupiditate,
567 2648 627 2705 qua
640 2627 802 2707 impeditur
814 2637 905 2706 atque
918 2627 1071 2706 implicata
1126 2626 1244 2686 duobus
1270 2626 1369 2685 modis
1392 2628 1503 2705 exponi
1527 2635 1625 2705 potest
1651 2627 1726 2686 haec
1752 2643 1822 2705 pars

369 2723 503 2782 tmetur,
529 2734 566 2773 ne
589 2717 733 2795 expedite
756 2725 785 2774 et
809 2714 901 2773 libere
919 2714 984 2772 Deo
1008 2732 1069 2773 ser·
1120 2715 1212 2791 Juxta
1228 2711 1378 2773 diversam
1392 2715 1553 2793 syntaxim.
1576 2714 1656 2773 Nam
1671 2712 1822 2773 sirefsras

370 2802 445 2862 viat
480 2801 550 2860 Non
573 2803 650 2861 enim
674 2802 724 2860 hic
747 2797 790 2877 (ut
813 2800 935 2880 quidam
952 2795 1069 2879 putant)
1124 2799 1304 2860 adverbum
1321 2800 1531 2877 offerturam
1547 2801 1699 2879 offertur,
1716 2818 1822 2860 sensus

370 2888 438 2951 sola
465 2891 589 2948 castitas
622 2890 822 2969 praecipitur,
860 2887 913 2947 sed
941 2888 1070 2947 omnium
1125 2888 1340 2967 erit,gratiam
1357 2886 1395 2948 sd
1412 2887 1624 2969 illos,quihus
1636 2888 1753 2961 scribit,
1770 2887 1819 2948 ds·

370 2976 538 3037 carnalium
555 2977 750 3054 cupiditatum
766 2976 926 3055 repressio.
960 2974 1070 3054 Qtrcm·
1123 2973 1194 3034 ferri
1218 2977 1248 3034 in
1271 2975 1455 3035 revelatione
1470 2973 1596 3049 Christi,
1622 2974 1724 3049 idest,
1751 2974 1822 3035 dum

371 3062 533 3123 admodum
564 3072 594 3122 et
621 3063 756 3141 sequenti
786 3061 933 3121 dictione:
963 3062 1069 3134 sobrii,
1125 3060 1821 3141 ChristuseiaperEvangeliumrevelaturac

369 3170 431 3211 non
445 3150 509 3209 solu
521 3150 696 3229 prohibetur
715 3149 942 3228 intemperantia
954 3147 1011 3208 cibi
1040 3155 1071 3206 et
1123 3148 1342 3207 manifestator.
1373 3147 1462 3226 Quod
1479 3149 1546 3208 vult
1561 3149 1679 3209 Erasini
1696 3157 1724 3208 et
1739 3148 1820 3208 Han·

370 3246 479 3317 potus,
495 3235 549 3296 scd
566 3237 660 3296 omnis
677 3235 889 3294 immoderatus
905 3253 1002 3293 rerum
1018 3234 1069 3292 de·
1123 3236 1210 3293 tentii
1227 3235 1396 3294 translatio:
1421 3236 1508 3295 Dum
1523 3236 1612 3296 uobis
1629 3236 1740 3313 patefit
1754 3232 1821 3311 (sen

370 3321 558 3383 lectabilinm
575 3343 657 3381 neus.
695 3323 770 3382 Nam
787 3321 900 3381 Graece
917 3334 965 3379 est
979 3322 1068 3399 parti·
1123 3316 1365 3397 manifestatur)
1380 3326 1478 3384 Jesus
1493 3323 1643 3383 Christus.

369 3411 500 3489 eipinm:
523 3404 688 3487 νήφοντες,
713 3407 742 3467 id
764 3417 809 3467 est
827 3409 1009 3482 cipiluntee,
1036 3415 1070 3465 ut
1166 3408 1339 3468 Verumalii
1353 3407 1487 3467 referunt
1499 3407 1538 3468 ad
1550 3409 1673 3470 verbum
1685 3416 1818 3486 sperate,

371 3496 448 3577 legit
474 3496 677 3576 Hieronymus
707 3503 812 3553 contre
837 3494 940 3554 dorin.
979 3492 1068 3573 Quod
1123 3502 1157 3554 ut
1173 3496 1211 3555 sit
1226 3513 1348 3556 sensus:
1376 3494 1413 3555 In
1429 3495 1508 3555 hanc
1531 3498 1657 3576 gratiam
1674 3514 1819 3558 nuncvo·

370 3584 471 3665 syrus
494 3586 600 3642 vertit:
628 3583 818 3643 excitamini.
854 3581 968 3640 Passim
995 3600 1068 3640 vero
1122 3581 1168 3641 bis
1184 3580 1315 3642 oblatam
1331 3582 1476 3661 perfecte,
1503 3592 1678 3644 constanter
1701 3591 1730 3642 et
1752 3595 1816 3663 per

369 3677 532 3749 usurpatur
546 3668 584 3729 de
601 3671 651 3740 iis,
678 3669 729 3747 qui
746 3668 821 3726 casti
837 3676 868 3726 et
883 3667 975 3726 sobrii
991 3675 1068 3727 sunt.
1123 3678 1297 3728 sererentur
1311 3676 1432 3748 sperate
1449 3688 1544 3749 usque
1559 3670 1590 3730 iu
1601 3670 1817 3731 revelationem

370 3757 481 3837 ltaque
507 3755 626 3815 videtur
653 3746 844 3831 ἐξηγητικῶς
869 3753 1003 3813 additum
1029 3752 1068 3811 ad
1123 3753 1249 3827 Christi,
1287 3754 1318 3814 id
1348 3764 1394 3815 est
1423 3774 1518 3837 usque
1555 3757 1587 3817 in
1621 3756 1715 3830 diem,
1757 3774 1817 3835 quo

369 3842 581 3924 explicandam
596 3842 810 3920 metaphoram.
1122 3840 1261 3902 Christus
1276 3841 1474 3916 revelabitur,
1502 3862 1538 3903 ac
1558 3842 1658 3924 palam
1680 3842 1818 3904 omnibus

414 3929 588 3989 Notandum
618 3948 753 4007 quoque,
795 3926 1008 3987 Oecumenium
1038 3936 1069 3987 et
1122 3930 1280 4008 apparebit
1305 3931 1429 3989 veniens
1460 3929 1499 3990 ad
1522 3929 1678 4008 judicium.
1717 3929 1818 4009 Hujus

370 4016 484 4097 Syrum
500 4019 687 4093 interpretem
708 4013 888 4092 conjungere
903 4015 976 4073 haec
993 4015 1068 4075 duo:
1122 4017 1201 4074 enim
1224 4014 1418 4075 revelationis
1434 4014 1542 4075 Christi
1560 4016 1624 4095 jam
1648 4035 1739 4097 supra
1757 4033 1816 4076 ms·

370 4103 471 4164 sobrii
485 4104 641 4180 perfecte,
658 4102 706 4160 vel
718 4103 903 4161 excitamini
912 4103 1067 4179 perfecte,
1122 4102 1216 4173 minit,
1232 4121 1268 4160 ac
1283 4121 1399 4161 rursum
1416 4100 1494 4162 inira
1509 4123 1574 4183 cap.
1592 4108 1621 4164 4.
1644 4103 1818 4165 Nacoliam

370 4208 453 4269 qnae
476 4190 529 4249 ulii
551 4208 654 4249 omncs
677 4188 877 4266 distinguunt,
904 4197 937 4246 ut
962 4188 1068 4248 adver·
1123 4186 1236 4248 Paulus
1266 4188 1418 4248 intellexit
1446 4187 1556 4249 Christi
1593 4190 1817 4265 revelationem,

369 4277 455 4338 bium
476 4278 615 4354 perfecte
637 4274 673 4333 ad
704 4275 830 4334 verbnm
856 4283 980 4349 sperate
1003 4294 1069 4354 per·
1126 4273 1224 4334 lCor.
1244 4275 1564 4338 terenuthen.
1583 4282 1608 4337 1.
1632 4278 1817 4357 Itaqucson·

370 4364 484 4435 tinent,
511 4361 870 4443 quodeatprobabilius3
895 4362 1070 4421 uthaecsit
1125 4379 1176 4419 uus
1206 4361 1254 4419 hic
1283 4360 1469 4441 probabilior
1497 4372 1551 4424 est.
1590 4365 1711 4427 Excitat
1741 4366 1818 4425 enim

371 4448 560 4510 adhortatio:
588 4449 688 4527 Quum
712 4449 804 4526 igitur
826 4449 925 4506 vocati
949 4450 1013 4507 sitis
1032 4447 1070 4506 ad
1125 4446 1287 4527 Apostolus
1303 4447 1407 4508 fideles
1424 4447 1728 4529 adperseverantiam
1744 4452 1819 4529 spei,

370 4544 485 4597 tanum
501 4537 638 4616 gratiam,
653 4555 691 4594 no
703 4537 767 4594 sitia
779 4534 907 4607 desides,
923 4534 976 4593 sed
988 4554 1068 4595 men·
1125 4535 1280 4614 proposita
1295 4536 1407 4614 gloria,
1431 4538 1518 4614 cujus
1533 4557 1601 4597 cum
1617 4537 1737 4597 Christo
1752 4556 1818 4618 par·

370 4633 432 4683 tem
449 4643 484 4682 ac
500 4642 606 4683 sensus
621 4631 735 4682 vestros
757 4621 794 4680 ab
818 4622 897 4680 omui
914 4623 1004 4681 noxia
1020 4640 1067 4680 cu·
1124 4622 1231 4701 ticipes
1246 4624 1306 4683 siut
1319 4621 1421 4682 futuri.
1456 4624 1504 4682 Sic
1529 4634 1559 4685 et
1573 4624 1687 4684 Paulus
1707 4622 1746 4683 ad
1762 4621 1819 4682 Co·

370 4709 502 4792 piditate
518 4710 719 4779 continentes,
744 4708 836 4766 sobrii
859 4717 888 4767 ct
904 4710 994 4780 casti,
1016 4728 1070 4786 spe
1125 4707 1272 4769 lossenses
1288 4709 1333 4769 3.:
1362 4710 1439 4771 Cum
1458 4710 1597 4771 Christus
1619 4713 1819 4787 apparuerit,

370 4795 506 4879 perlecta
535 4806 566 4856 et
603 4804 814 4876 perseverante
844 4792 1070 4872 apprehendite,
1124 4797 1192 4855 vita
1210 4804 1322 4871 vestra,
1339 4803 1415 4856 tunc
1430 4803 1459 4855 et
1473 4815 1528 4857 vos
1543 4815 1614 4856 cum
1629 4800 1699 4874 ipso
1714 4815 1820 4873 uppu-

371 4883 587 4965 amplectimini
618 4903 653 4942 ac
680 4885 807 4942 retinete
840 4900 904 4939 cam
934 4883 1070 4960 gratiam,
1123 4882 1230 4942 echitis
1259 4886 1295 4943 tn
1320 4883 1434 4958 pluria.
1472 4883 1513 4942 Et
1540 4882 1676 4944 Joannes
1707 4884 1821 4963 primae

372 4989 453 5052 quae
477 4988 531 5049 pcr
552 4967 715 5048 Evangelii
739 4967 990 5049 praedicationem
1015 4969 1071 5028 hcc
1123 4969 1281 5049 Epistulae
1308 4974 1353 5031 3.:
1381 4972 1518 5043 Scimus,
1548 4972 1717 5056 quonium,
1749 4989 1820 5032 cum

372 5064 511 5137 tempore
527 5055 566 5116 ad
582 5075 636 5117 ros
651 5055 797 5131 defertur,
817 5056 876 5114 imo
890 5054 953 5132 jam
969 5053 1072 5116 delata
1125 5060 1334 5134 apparuerit,
1350 5056 1465 5116 similes
1478 5060 1507 5116 ei
1522 5061 1646 5119 mutus

1545 5155 1616 5225 32*
