4442 5825
709 588 742 644 ut
757 589 924 645 missotti:
940 589 1029 646 esan
1043 588 1147 646 tuum.
1182 588 1266 643 vtes.
1286 590 1326 642 tt.
1346 587 1387 642 th·
1687 591 1760 662 666

349 770 464 852 riptum
478 766 582 843 luisse,
596 767 679 849 qnod
694 768 793 849 angeli
804 768 887 830 coslo
900 767 1016 849 delapsi
1065 766 1166 842 tandi,
1190 774 1221 827 et
1241 773 1330 846 raptu
1351 763 1480 846 quodam
1495 764 1614 825 obviam
1629 764 1760 824 Domino

349 857 471 930 ulisrea,
493 875 572 936 quas
594 855 751 938 Scriptura
773 855 850 917 Gen.
876 859 904 917 6.
927 865 1017 917 vocat
1065 856 1145 927 ituri,
1163 858 1179 914 1
1197 854 1307 914 Thess.
1323 856 1352 914 4.
1384 850 1465 913 Illud
1490 871 1561 931 ergo
1578 851 1762 929 significatur

349 946 404 1005 ias
419 946 586 1005 bominum
593 985 604 1018 ‚
627 941 845 1017 adamaverint,
869 950 899 1001 et
920 962 957 1002 ex
977 943 1017 1003 iis
1065 942 1112 1001 bis
1127 939 1298 1021 Prophetae
1313 939 1423 1013 verbis,
1450 937 1531 1017 quod
1546 939 1576 997 in
1591 938 1761 1017 Evangelio

349 1039 461 1112 gauter
475 1030 703 1112 procreaverint
726 1029 795 1089 Hoc
809 1030 885 1089 cuim
898 1028 1015 1089 indubi·
1065 1028 1181 1107 legitur,
1203 1028 1362 1088 Dominum
1378 1037 1536 1087 venturum
1553 1043 1624 1085 eum
1639 1027 1763 1102 angelis

349 1126 421 1180 nter
446 1116 654 1197 apocryphum
677 1123 738 1190 est,
764 1134 820 1176 neo
846 1115 884 1176 ab
911 1116 1016 1176 Enoch
1065 1117 1140 1188 auis,
1168 1133 1238 1175 cum
1265 1116 1382 1173 virtute
1407 1112 1509 1173 multo
1532 1118 1561 1171 et
1583 1114 1760 1187 matestntc,

349 1206 472 1285 riptum,
487 1211 541 1265 sut
554 1201 755 1283 praedictum
770 1203 824 1264 sed
839 1201 932 1262 multo
948 1210 1017 1282 post
1065 1201 1171 1262 Matth.
1197 1203 1245 1261 10.
1267 1208 1298 1260 et
1317 1203 1377 1274 24,
1401 1202 1493 1261 Marc.
1512 1200 1559 1257 13.
1577 1206 1607 1258 et
1620 1199 1692 1258 Luc.
1711 1203 1761 1260 21.

352 1292 506 1373 quopiam,
526 1288 575 1349 vel
590 1289 750 1363 haeretico,
773 1288 823 1349 rel
837 1288 1016 1361 fabulators,
1067 1285 1155 1349 Unde
1172 1297 1202 1348 et
1217 1287 1406 1362 intelligitur,
1430 1288 1606 1347 Dominum
1621 1284 1679 1344 boc
1694 1285 1761 1347 loco

349 1381 373 1439 ri
388 1377 500 1439 librum
516 1374 605 1436 titulo
619 1375 726 1438 Enoch
742 1373 877 1449 ediderit,
893 1374 1015 1436 menda·
1067 1370 1219 1435 Christum
1234 1374 1381 1453 intelligi,
1404 1372 1441 1433 de
1457 1393 1516 1453 quo
1532 1379 1562 1433 st
1577 1390 1669 1449 supra
1684 1371 1761 1434 dixit

349 1473 397 1526 ter
410 1462 587 1538 confictum,
607 1461 856 1543 quemadmodum
872 1463 950 1523 bene
965 1460 1016 1521 do·
1065 1459 1247 1541 Apostolus:
1278 1462 1454 1521 Dominum
1481 1466 1624 1523 nostrum
1647 1462 1760 1521 Jerrtm

349 1551 585 1631 *Augustinus
611 1568 678 1629 cap.
707 1548 755 1609 15.
776 1548 814 1609 de
830 1550 910 1610 civit.
949 1549 1017 1621 Dei,
1068 1547 1225 1609 Christum
1240 1553 1408 1623 papamet,-
1431 1553 1464 1604 ut
1484 1547 1522 1607 ab
1539 1545 1591 1606 illo
1602 1545 1762 1622 judicandi

349 1658 414 1699 uem
428 1645 597 1718 sequuntur
612 1635 696 1697 Beda
711 1644 742 1695 et
757 1636 824 1711 alii:
848 1637 919 1697 licet
935 1643 1014 1694 vete·
1066 1635 1126 1694 siut
1147 1635 1249 1716 impii,
1270 1654 1361 1714 quem
1383 1635 1545 1694 Dominum
1567 1640 1761 1710 negaverint

349 1744 372 1787 rs
397 1722 550 1796 nonnulli,
576 1729 611 1781 ut
635 1724 847 1802 Hieronymus,
872 1722 1018 1794 Justinus,
1067 1722 1144 1781 Nam
1159 1726 1258 1784 Potor
1279 1741 1371 1783 omne
1385 1720 1543 1796 judicium
1560 1719 1648 1778 dedit
1662 1720 1759 1796 Filio,

349 1812 463 1873 imaus
490 1807 711 1870 Alexandrinus
744 1818 775 1869 et
801 1808 1018 1889 Athenagoras,
1067 1808 1157 1870 Joau.
1174 1809 1203 1869 5.

349 1898 406 1959 lius
417 1896 487 1957 libri
499 1897 692 1976 inscriptione
703 1894 831 1976 decepti,
846 1898 877 1956 in
890 1896 1018 1957 eundem
1112 1895 1161 1955 15.
1195 1897 1313 1957 Facere
1331 1894 1490 1968 judicium
1513 1902 1626 1954 contro
1646 1912 1761 1954 omncs.

349 2005 393 2047 unr
408 1983 597 2045 Tertulliano
617 1980 656 2042 de
670 1981 784 2062 augelis
801 1989 831 2042 et
844 1984 1017 2063 gigantibus
1067 1981 1103 2041 ld
1127 1992 1191 2056 est,
1218 1989 1251 2040 ut
1277 1989 1420 2041 exercent
1442 1978 1589 2060 judicium
1613 1979 1760 2041 adversus

349 2090 453 2133 rrcrcm
477 2068 590 2130 inducti
610 2069 728 2129 inerint.
758 2067 838 2129 Vide
853 2072 1017 2130 annoutio-
1068 2089 1170 2130 omues
1193 2074 1373 2146 peccatores
1398 2086 1451 2127 ssu
1476 2068 1634 2143 reprobos.
1681 2067 1762 2127 Tale

349 2178 392 2219 sm
414 2176 504 2217 unam
527 2163 557 2216 at
572 2155 698 2216 alteram
714 2154 843 2215 Pamelii
858 2157 888 2216 in
904 2157 1018 2218 dictum
1068 2157 1140 2235 quid
1165 2157 1244 2216 euim
1266 2153 1505 2215 subaudiendum
1534 2163 1654 2234 propter
1675 2175 1761 2234 prae-

349 2264 423 2304 roum
439 2241 632 2303 Tertulliani.
666 2241 746 2302 Hinc
761 2249 911 2322 postremo
928 2245 1019 2315 disce,
1069 2244 1265 2322 positionem:
1288 2234 1380 2316 κατὰ,
1396 2241 1557 2301 adversus.
1590 2241 1668 2302 Nam
1679 2243 1760 2320 judi·

349 2340 478 2392 tsrsrum
503 2330 659 2391 inventum
680 2329 837 2408 antiquius
859 2349 927 2391 esse
946 2330 1019 2390 dilu·
1069 2331 1146 2389 cium
1174 2327 1268 2400 illud,
1293 2329 1324 2387 iu
1351 2347 1410 2407 qno
1437 2325 1579 2387 reddetur
1600 2329 1762 2406 uuicuique

349 2419 512 2489 locontur,
529 2435 619 2495 quam
635 2414 722 2476 multi
738 2416 877 2489 sentiunt,
903 2419 952 2497 qui
968 2414 1019 2477 vel
1068 2415 1230 2475 seeundum
1253 2434 1345 2493 opera
1367 2432 1430 2486 sua,
1453 2432 1514 2472 nou
1537 2415 1595 2475 erit
1617 2413 1761 2474 adversus

349 2504 477 2573 :brahae
498 2503 549 2563 vel
564 2502 661 2575 Mosi,
684 2502 733 2562 vel
748 2502 951 2563 Phoenicibus
967 2524 1017 2583 po·
1064 2504 1163 2581 justos
1179 2511 1210 2562 et
1226 2502 1344 2573 electos,
1360 2500 1414 2559 sed
1430 2521 1483 2579 pro
1500 2500 1551 2561 eis.

349 2590 404 2651 ulis
419 2589 510 2669 hujus
525 2590 639 2649 inventi
655 2588 775 2649 laudem
789 2589 932 2651 tribuunt.
1112 2592 1156 2650 Et
1171 2606 1305 2664 arguare
1321 2605 1427 2648 omncs
1441 2588 1556 2663 impios
1567 2586 1605 2647 da
1616 2586 1761 2648 omnibus

368 2679 458 2751 Eece,
478 2678 568 2737 venit
581 2678 740 2738 Dominus
755 2679 791 2736 in
806 2680 923 2738 sanctia
945 2677 1019 2736 mil·
1069 2677 1214 2752 operibus
1236 2676 1408 2751 impictatis
1431 2692 1551 2750 corum,
1575 2673 1687 2751 quibua
1704 2677 1761 2734 im-

349 2764 407 2825 ta:
420 2766 493 2824 ruis.
530 2764 632 2836 Venit,
656 2752 747 2840 ἦλθε,
772 2765 926 2840 praeteriti
949 2773 1019 2823 tem·
1065 2767 1120 2839 pic
1143 2769 1283 2839 eperunt.
1313 2762 1417 2821 Priora
1436 2760 1528 2822 verba
1545 2763 1588 2821 sic
1604 2760 1716 2821 habent
1730 2762 1762 2821 iu

349 2852 421 2924 sris,
444 2849 498 2910 sed
518 2849 586 2909 loeo
601 2848 692 2911 futuri
706 2851 835 2931 positum
850 2872 932 2913 more
946 2850 1019 2910 Pro·
1068 2850 1204 2913 Graeco:
1235 2851 1278 2911 Et
1299 2866 1452 2924 arguere,
1479 2867 1532 2908 seu
1557 2849 1760 2926 redarguere,

349 2937 456 3001 hatico.
491 2936 608 3016 Estque
630 2956 728 2998 sermo
756 2936 792 2997 de
814 2939 946 3000 secundo
970 2937 1020 2998 ad·
1068 2955 1175 2998 omnes
1189 2940 1304 3014 impios
1319 2955 1439 3009 corum,
1463 2935 1520 2995 boo
1536 2946 1591 3011 cst,
1606 2946 1700 3015 utque
1715 2957 1759 2997 re-

349 3034 418 3086 ntu
445 3024 578 3084 Domini.
615 3024 774 3098 Millilms,
802 3023 934 3087 Graece:
962 3041 1019 3102 μυ·
1069 3025 1198 3103 darguat
1221 3043 1330 3095 omnes,
1353 3024 1406 3104 qui
1429 3042 1467 3083 ex
1490 3024 1527 3082 iis
1550 3017 1761 3103 (scilicatpec

349 3103 434 3186 ιᾶσιν,
462 3110 666 3185 myriadibus.
696 3111 754 3170 Est
779 3120 878 3171 autem
901 3113 1020 3193 proprie
1068 3110 1217 3171 sutoribus
1232 3117 1285 3170 aut
1299 3105 1445 3189 reprobis)
1461 3118 1532 3170 suut
1545 3110 1638 3189 impii.
1663 3109 1761 3189 Signi·

349 3202 448 3274 syrica
476 3217 618 3258 uumerus
648 3197 752 3258 decem
782 3198 929 3276 millium:
966 3196 1018 3258 sed
1066 3197 1138 3258 ficat
1164 3218 1245 3278 ergo,
1266 3195 1414 3275 judicium
1440 3195 1516 3258 illud
1542 3216 1602 3257 nou
1627 3196 1761 3257 futurum

349 3288 435 3354 uim
451 3294 613 3362 usurpatur
629 3304 682 3358 pro
695 3284 905 3347 innumerabili
919 3286 1017 3345 multi·
1067 3284 1214 3346 adversus
1222 3285 1300 3345 solos
1308 3284 1424 3364 impios,
1440 3283 1760 3345 sedadversusomnes

349 3370 436 3443 rdine,
460 3370 575 3431 finitum
596 3391 651 3450 pro
667 3369 793 3431 infinito.
827 3374 869 3434 In
892 3374 1018 3444 sanctia,
1068 3380 1259 3450 peccatores,
1295 3380 1449 3431 caeterum
1479 3370 1625 3432 adversus
1655 3373 1762 3451 impios

349 3455 423 3530 leat,
438 3476 506 3518 cum
517 3459 631 3518 sanctis
641 3457 788 3519 millibus.
806 3461 876 3521 Hcs
891 3467 1019 3521 sanetae
1066 3458 1163 3519 multo
1184 3459 1305 3539 gravius
1327 3456 1534 3529 exercendum,
1560 3458 1591 3519 id
1615 3466 1670 3531 est,
1694 3477 1762 3520 cnm

349 3545 483 3622 rpriudea
496 3543 654 3605 beatorum
670 3543 845 3624 angelorum
860 3555 937 3618 sunt,
954 3547 1019 3626 qui·
1067 3565 1174 3607 severa
1198 3544 1356 3605 admodum
1386 3543 1596 3623 redargutione
1622 3553 1653 3605 et
1676 3547 1762 3628 puni·

349 3649 382 3693 ιι
396 3641 429 3692 et
442 3630 517 3691 alibi
532 3631 686 3711 Scriptura
707 3652 861 3695 numerum
878 3632 1020 3695 adscribit
1066 3634 1155 3704 tione,
1179 3631 1279 3714 qualis
1294 3631 1474 3692 describitur
1490 3634 1508 3691 2
1525 3632 1631 3692 Thess.
1648 3634 1686 3707 2,
1703 3634 1758 3693 sci·

349 3718 415 3780 alde
439 3736 601 3797 maguum,
631 3725 665 3777 ut
689 3718 750 3779 Job
778 3722 848 3791 ib,
877 3721 955 3780 Dan.
981 3724 1018 3793 7.,
1066 3718 1136 3779 licet
1150 3723 1186 3782 in
1200 3722 1332 3798 tiammo
1355 3721 1438 3794 ignia
1453 3719 1562 3779 dontio
1576 3719 1760 3781 vindictam.

349 3803 430 3866 [sith.
448 3807 507 3877 26,
531 3804 611 3864 Heb.
636 3807 684 3864 12.
721 3804 799 3866 Nam
815 3814 847 3867 et
861 3805 942 3885 apud
958 3808 1017 3867 Da·
1067 3805 1127 3887 Qui
1151 3805 1236 3867 locus
1259 3826 1325 3866 cum
1347 3807 1407 3866 isto
1429 3806 1628 3867 conferendus
1643 3816 1703 3879 est,
1728 3814 1763 3865 ut

349 3891 451 3964 ialem,
479 3897 510 3950 et
531 3892 562 3950 in
584 3890 723 3971 Epistola
743 3894 782 3953 sd
806 3893 965 3955 Hebraeos
987 3894 1018 3953 in
1067 3893 1261 3973 intelligatur,
1277 3913 1353 3973 quus
1369 3892 1521 3972 Propheta
1535 3902 1624 3954 vocet
1635 3896 1759 3970 impios,

349 3997 442 4039 raeco
464 3977 625 4052 myriades
644 3977 801 4058 leguntur:
825 3980 1017 4059 quemadmo·
1066 4000 1176 4061 nempe
1199 4001 1266 4051 eos,
1291 3981 1343 4058 qui
1364 3980 1430 4039 Deo
1454 3986 1483 4039 et
1504 3978 1675 4059 Evangelio
1698 3980 1762 4056 ejus

349 4082 395 4124 um
421 4072 451 4125 et
476 4065 566 4124 Dent
593 4064 664 4138 33.,
699 4065 750 4126 ubi
774 4085 830 4127 uos
856 4066 1016 4127 habemus:
1067 4069 1283 4127 contumaciter
1308 4068 1467 4139 resistunt,
1493 4075 1523 4127 et
1549 4076 1669 4128 sanctos
1696 4066 1762 4145 ejus

349 4152 486 4212 lorrrirtrra
511 4151 550 4211 dc
576 4152 668 4212 sinai
693 4156 800 4228 venit,
828 4162 859 4214 ct
885 4172 956 4215 cum
983 4171 1017 4214 ee
1067 4163 1299 4234 persequuntur.
1324 4155 1506 4229 Redarpuct
1521 4161 1627 4215 ouum
1642 4156 1760 4216 drom-

349 4245 505 4298 tactorum
521 4237 632 4297 millia.
655 4237 724 4317 Quo
737 4241 828 4300 eham
840 4242 906 4302 loco
918 4240 1017 4301 LXX.
1066 4242 1160 4303 niba:
1182 4241 1329 4318 operibus
1344 4260 1455 4301 eorum
1470 4244 1587 4317 impiis,
1612 4241 1693 4322 quod
1717 4244 1758 4302 iu·

349 4343 379 4384 ro
403 4326 521 4386 randis
546 4326 732 4404 interpretati
758 4336 841 4387 sunt:
869 4329 1016 4403 angelos:
1066 4326 1213 4388 culcando
1236 4329 1380 4406 exponit,
1407 4347 1498 4407 quum
1522 4326 1621 4388 addit:
1648 4329 1776 4406 quitar-

349 4413 461 4472 umvis
482 4411 546 4471 illic
563 4430 624 4471 non
640 4410 677 4470 de
693 4411 824 4473 adventu
839 4415 961 4475 Domini
977 4412 1016 4473 ad
1065 4418 1164 4491 impie
1190 4422 1329 4491 egomet.
1368 4414 1419 4474 Sic
1445 4415 1524 4475 enim
1550 4413 1760 4476 Graecismus:

351 4499 485 4573 dicium,
518 4494 572 4556 aed
607 4495 645 4556 de
675 4497 819 4560 descensu
850 4501 889 4562 ad
919 4500 1016 4579 legem
1066 4489 1108 4560 ὧν
1133 4493 1305 4579 ἠσέβησαν,
1332 4500 1438 4561 Latine
1454 4500 1542 4561 nobis
1557 4509 1603 4560 est
1618 4500 1759 4562 redditus.

349 4586 471 4646 rendam
489 4601 585 4643 sermo
599 4584 648 4642 sit.
1065 4586 1157 4668 Quod
1180 4599 1281 4649 tamen
1304 4589 1392 4648 etiam
1417 4589 1492 4648 verti
1509 4595 1624 4666 posset:
1648 4589 1761 4664 quihus

365 4670 490 4751 Angelis
512 4668 636 4749 quidam
660 4670 828 4751 adjungunt
845 4673 947 4734 inhoc
961 4693 1013 4732 uu·
1064 4678 1246 4752 impiorum
1277 4694 1359 4750 sese;
1394 4675 1420 4734 si
1447 4675 1495 4733 oui
1525 4672 1609 4734 lubet
1634 4674 1759 4735 verbum

349 4775 400 4819 uro
421 4756 560 4818 homines
583 4766 719 4834 sauctus:
748 4779 853 4819 varum
878 4761 917 4820 sd
942 4759 1016 4820 illud
1064 4762 1214 4824 Graecum
1229 4783 1289 4823 nuo
1305 4760 1396 4822 verbo
1412 4760 1523 4820 Latino
1540 4762 1736 4842 interpretari.

349 4845 488 4918 Mam,
515 4843 635 4923 dequo
660 4844 794 4925 loquitur
815 4847 928 4919 Enoch,
955 4866 1015 4906 non
1107 4850 1152 4910 Et
1177 4851 1214 4910 de
1241 4848 1386 4909 omnibus
1413 4846 1523 4922 duris,
1555 4866 1636 4924 quae
1663 4848 1760 4909 locuti

349 4933 563 4996 maecenati
576 4951 644 4992 oum
657 4932 788 4993 Domino
800 4935 918 4994 venturi
931 4941 1014 5007 sunt:
1063 4943 1138 4996 aunt
1153 4943 1267 4998 eontra
1282 4942 1546 5010 comportatores
1561 4936 1661 5012 impii.
1693 4937 1760 4998 Nou
1782 4923 1803 4942 ”

349 5018 435 5082 dad
460 5020 529 5099 ejus
555 5018 720 5082 adventum
744 5029 862 5082 eterra
887 5020 1012 5082 resusci-
1063 5022 1175 5097 solum,
1197 5023 1311 5104 inquit,
1335 5020 1372 5082 de
1393 5021 1484 5084 lactis
1506 5022 1621 5103 impiis,
1652 5041 1759 5086 verum
