4442 5825
439 597 515 668 330
953 588 1377 647 coummmusncnm

438 775 473 829 at
498 785 601 828 aarum
625 772 796 839 sectatores,
823 763 861 827 de
886 764 994 827 futuris
1022 774 1053 826 et
1077 786 1134 846 spo
1189 766 1310 847 quidam
1325 785 1394 826 enm
1409 775 1587 846 sequnntur,
1614 765 1720 826 minus
1736 761 1878 824 attentisd

438 855 536 928 vacui,
558 863 589 913 et
610 861 690 912 metu
711 851 808 925 liberi,
831 860 909 912 totos
925 871 991 913 sese
1006 855 1133 933 projice·
1188 873 1275 914 naum
1290 851 1381 932 hujus
1396 852 1539 914 vocabuli
1554 853 1585 912 in
1600 851 1780 931 Scripturia
1807 850 1880 922 nan,

440 948 509 1004 rent
530 959 566 1000 ac
586 937 794 1019 demergerent
814 940 846 1000 in
868 938 1039 1019 voluptates
1053 942 1135 1001 vitae
1188 949 1222 1000 ut
1246 938 1432 1000 ostendimus
1456 937 1496 999 ad
1518 938 1592 1000 illud
1615 940 1707 999 Rom.
1727 942 1756 1008 1,
1771 937 1837 997 20.:
1859 942 1881 998 Δ

440 1026 628 1110 praesentis,
644 1035 797 1105 tamqnam
814 1025 964 1086 dicentes:
990 1028 1136 1087 Edumus
1188 1034 1338 1088 creatura
1371 1026 1507 1102 mundi,
1541 1026 1594 1087 vix
1623 1034 1691 1099 est,
1728 1023 1784 1085 uhi
1808 1023 1882 1083 aliter

442 1122 472 1176 et
483 1112 624 1174 bibamus
631 1135 644 1189 ,·
659 1130 729 1173 cras
741 1115 825 1172 enim
837 1114 1020 1189 moriemur,
1039 1112 1135 1174 lCor.
1188 1120 1359 1192 usurpetur,
1383 1132 1473 1192 qnam
1488 1133 1540 1192 pro
1556 1120 1713 1184 creatura,
1737 1108 1770 1170 id
1784 1120 1838 1183 est,
1855 1128 1883 1169 re

445 1203 503 1277 153
533 1197 681 1260 videlicet
701 1218 784 1260 more
805 1199 960 1279 gentilium
981 1201 1047 1263 sine
1068 1201 1135 1260 Deo
1189 1207 1298 1261 creata
1313 1208 1364 1260 aut
1377 1199 1469 1260 rebus
1484 1201 1607 1259 creatis.
1632 1197 1729 1277 Quae
1743 1195 1882 1277 siguifica-

443 1287 627 1360 riventium,
651 1289 706 1364 qui
728 1286 930 1362 desperantes
944 1295 1039 1348 semet
1053 1289 1138 1363 ipsas
1189 1289 1230 1348 tio
1245 1287 1323 1347 bene
1344 1288 1434 1347 etiarn
1454 1284 1583 1366 quadrat
1598 1285 1672 1345 huic
1687 1283 1769 1355 loca,
1785 1293 1815 1344 et
1829 1285 1883 1363 qui·

443 1373 649 1437 tradiderunt
664 1372 895 1449 impudicitiae,
922 1377 957 1434 in
973 1377 1137 1452 operatio·
1190 1373 1259 1434 dem
1282 1372 1396 1446 melius,
1419 1393 1509 1452 qnam
1524 1373 1550 1433 si
1564 1374 1768 1433 creationem
1782 1380 1883 1431 rertsa

443 1479 516 1525 nem
532 1462 634 1521 omnir
648 1459 882 1536 immunditiae,
905 1460 984 1541 Eph
1001 1463 1030 1521 4.
1063 1460 1138 1521 Fuit
1190 1460 1239 1522 Sic
1261 1460 1339 1519 enim
1363 1458 1442 1520 dixit
1464 1459 1587 1519 Petrus:
1619 1458 1669 1521 Ab
1691 1461 1791 1520 initia
1805 1475 1884 1518 creo·

443 1548 519 1609 haec
530 1544 667 1607 doctrina
679 1543 891 1608 Gnosticorum
906 1556 936 1607 et
950 1545 1138 1627 quorundam
1190 1555 1294 1621 turae,
1321 1554 1473 1626 tamquam
1500 1547 1525 1605 si
1551 1545 1685 1607 diceret:
1727 1545 1778 1606 Ab
1803 1546 1885 1605 initis

445 1633 579 1705 aliorum,
596 1633 658 1712 qui,
673 1640 742 1712 post
755 1632 916 1712 Apostolos
932 1636 1035 1707 exorti,
1047 1654 1136 1713 nega·
1190 1634 1315 1696 mundi.
1342 1633 1418 1694 Nam
1434 1632 1655 1712 Evangelistao
1669 1631 1753 1692 hacc
1769 1629 1826 1692 dno
1840 1651 1884 1711 prr

446 1728 514 1782 ruat
529 1717 662 1780 t'uturam
677 1729 859 1780 monueram
880 1724 1138 1792 resurrectionem,
1191 1720 1296 1782 iisdem
1319 1720 1451 1792 habent,
1472 1718 1582 1779 hiatth
1607 1720 1668 1790 24,
1695 1720 1750 1778 21.
1774 1716 1883 1778 dicem:

447 1815 477 1869 et
498 1825 553 1886 poc
575 1824 765 1886 consequens
786 1806 951 1868 adventum
971 1817 1001 1868 et
1015 1825 1140 1888 regnum
1194 1808 1241 1868 Ab
1256 1809 1349 1867 initio
1365 1805 1498 1881 mundi,
1522 1813 1552 1866 et
1565 1806 1660 1866 Marc.
1680 1805 1735 1878 13,
1759 1806 1826 1865 la:
1845 1803 1884 1866 dh

447 1893 566 1964 Christi,
590 1890 621 1953 id
644 1902 703 1964 est,
726 1890 803 1952 duos
827 1904 974 1954 extremus
996 1892 1140 1955 articulos
1193 1896 1287 1954 initio
1320 1900 1493 1954 creaturae.
1532 1890 1624 1972 Quod
1657 1893 1685 1952 ai
1714 1892 1884 1953 meatim

447 1978 584 2060 symboli
613 1977 685 2039 fidei
714 1987 850 2039 nostrae:
889 1982 1004 2043 Oarnis
1032 1998 1141 2042 rerur-
1193 1979 1307 2041 vellent
1333 1978 1460 2058 intelligi
1483 1980 1595 2040 Patrue
1618 1986 1650 2039 et
1669 1977 1811 2050 Marcus,
1835 1997 1884 2038 non

447 2068 629 2140 rectionem,
646 2074 676 2124 et
689 2067 789 2126 vitam
805 2074 978 2128 aeternam.
1008 2068 1057 2128 De
1072 2068 1138 2144 qui·
1194 2067 1346 2127 dicerent:
1370 2066 1418 2127 Ab
1433 2067 1528 2126 initio
1543 2068 1733 2140 creationis,
1755 2063 1825 2126 aad:
1845 2063 1882 2126 Ab

446 2153 505 2215 hus
539 2152 701 2213 haereticis
738 2153 912 2214 consulendi
946 2154 1142 2235 Epiphanius,
1195 2158 1265 2231 ipsa
1280 2155 1439 2214 creatione
1452 2170 1508 2213 seu
1517 2154 1752 2214 constitutione
1764 2150 1882 2224 mundi,·

448 2239 630 2300 Philastrins
646 2246 676 2299 et
690 2238 885 2317 Augustinus,
912 2240 949 2301 de
963 2241 1142 2302 haeresibus
1195 2240 1342 2323 quomodo
1366 2239 1498 2320 loquitur
1517 2239 1591 2300 alibi
1612 2239 1785 2319 Scriptura.
1814 2237 1879 2318 Qus·

449 2325 620 2387 scribentes.
1195 2335 1318 2408 propter
1329 2328 1472 2387 Erasmus
1488 2343 1611 2405 quoqne
1625 2323 1711 2386 dicto
1728 2323 1878 2385 locohlsrci

494 2412 682 2490 Quamquam
698 2421 736 2486 et,
758 2412 928 2474 viventibus
944 2412 1044 2474 adhuc
1060 2414 1141 2492 Apo·
1198 2416 1246 2475 13.
1263 2415 1368 2474 vertit:
1391 2417 1419 2474 Α
1440 2415 1604 2489 principio
1620 2430 1736 2474 rerum
1751 2411 1879 2473 condita·

451 2497 557 2571 stolis,
586 2507 689 2573 erant,
723 2500 776 2579 qni
805 2520 859 2580 per
888 2500 1041 2560 Ecclesiae
1070 2499 1144 2559 talia
1196 2520 1280 2576 rum,
1303 2501 1389 2561 velut
1403 2501 1555 2580 corrigens
1569 2496 1610 2570 id,
1629 2500 1719 2580 quod
1734 2501 1816 2579 prius
1827 2517 1878 2576 cap.

451 2594 638 2665 spargerent.
674 2586 726 2648 Ea
751 2587 862 2664 quibua
884 2587 1089 2662 Hymenaeus
1116 2594 1145 2646 et
1198 2591 1247 2660 10,
1263 2591 1292 2650 6.
1309 2595 1457 2649 verterat:
1479 2587 1528 2648 Ab
1543 2587 1640 2647 initio
1656 2588 1836 2647 crcatmnia

451 2672 607 2746 Philetus,
630 2671 776 2747 dicentes,
799 2678 1060 2736 resurrectionem
1084 2692 1145 2734 esec
1241 2673 1299 2734 Sed
1321 2694 1441 2735 sensnm
1464 2673 1556 2753 hujus
1581 2670 1642 2733 loci
1668 2674 1821 2734 dicamus:
1841 2669 1877 2728 lis

447 2763 518 2834 jam
531 2759 664 2835 factam,
689 2762 707 2818 2
725 2760 804 2821 Tim.
820 2762 865 2834 2.,
889 2763 985 2841 etqui
1006 2761 1144 2822 absolute
1198 2781 1259 2841 quo
1275 2771 1418 2840 tempore,
1434 2760 1582 2840 inquiunt,
1598 2760 1724 2840 antiqui
1739 2751 1877 2840 patrcall

453 2844 606 2919 dicebant,
626 2845 713 2923 quod
734 2850 921 2908 resurrectio
944 2855 1144 2909 mortuorum
1197 2857 1252 2923 est,
1268 2846 1465 2908 Patriarchus
1481 2856 1513 2907 et
1528 2846 1715 2925 Prophetae,
1733 2864 1808 2927 qnos
1821 2841 1876 2902 did

452 2950 521 2994 non
547 2938 611 3007 est,
646 2937 660 2992 1
689 2933 756 2995 Cor.
786 2934 834 2996 15.
873 2935 1041 2996 Adversum
1068 2955 1145 3014 quos
1197 2937 1236 2996 tis
1259 2934 1421 2996 credidisse
1444 2941 1474 2993 et
1498 2935 1699 2994 annuntiasse
1727 2929 1877 2996 secundun.

454 3017 560 3080 eodem
576 3018 641 3079 loco
657 3019 775 3098 prolixe
786 3020 898 3082 Paulus
914 3020 1041 3094 disserit,
1056 3032 1145 3082 utens
1198 3023 1388 3101 eundemque
1410 3021 1573 3100 gloriosum
1588 3019 1709 3081 Christi
1723 3019 1877 3086 adrentum

453 3105 608 3167 interulis
623 3105 680 3165 hoc
696 3115 884 3185 argumento:
911 3110 945 3169 Si
959 3110 1146 3170 resurrectio
1197 3108 1426 3179 obdormierunt,
1441 3106 1473 3167 id
1489 3115 1543 3180 est,
1565 3108 1677 3167 mortni
1693 3115 1772 3180 sunt,
1793 3121 1878 3186 qusn-

453 3200 653 3254 martuorum
679 3212 746 3256 non
771 3201 814 3253 est
824 3238 834 3268 ,
869 3198 979 3257 inanis
1004 3202 1047 3256 est
1072 3212 1146 3269 erpa
1197 3196 1244 3255 vis
1267 3202 1312 3256 tot
1332 3194 1454 3255 saecula
1471 3196 1536 3273 jam
1559 3194 1792 3274 praeterierint,
1816 3186 1876 3252 nhil

455 3280 656 3355 praedicatio
678 3288 799 3355 nostra,
823 3284 930 3343 inanis
952 3290 996 3342 est
1019 3289 1048 3342 et
1069 3282 1147 3357 {ides
1198 3291 1298 3342 minen
1329 3281 1420 3360 hujus
1449 3278 1552 3341 mundi
1576 3288 1733 3341 mutatum
1758 3278 1879 3345 vidimus,

454 3372 566 3427 vestra.
604 3366 683 3426 Nam
706 3367 825 3427 sublata
847 3388 902 3447 ape
923 3369 1147 3429 resurrectionis
1196 3369 1250 3430 sed
1272 3376 1373 3429 manet
1395 3366 1500 3429 eadem
1521 3366 1618 3428 facies
1641 3366 1723 3428 coeli
1747 3376 1778 3429 et
1792 3374 1879 3431 tems

455 3461 486 3513 et
499 3452 615 3533 gloriae
629 3453 758 3526 futurae,
781 3456 1007 3528 comitiatum,
1023 3464 1147 3537 propter
1198 3465 1227 3517 et
1249 3454 1374 3516 aliarum
1396 3453 1501 3515 mundi
1521 3456 1662 3535 partium,
1687 3473 1768 3532 quaa
1787 3446 1878 3512 hieu

454 3538 535 3619 quod
551 3537 716 3600 Christiani
732 3559 843 3600 sumus.
872 3543 907 3603 st
921 3544 1016 3616 enim,
1036 3543 1145 3620 inquit,
1197 3544 1292 3615 initio,
1315 3562 1373 3622 quo
1396 3540 1525 3602 mundus
1548 3542 1657 3619 coepit.
1697 3533 1878 3612 Hinccollici

452 3628 489 3686 in
504 3627 562 3687 hac
579 3630 644 3687 ciro
660 3634 784 3688 tantum
797 3630 833 3687 in
845 3630 967 3691 Christo
983 3635 1146 3705 sperantes
1197 3629 1350 3700 volebant,
1372 3627 1500 3689 eundem
1521 3627 1625 3688 mundi
1647 3634 1764 3687 statum
1779 3639 1879 3702 semp«

452 3731 573 3787 mmus,
601 3713 843 3775 miserabiliores
868 3734 974 3776 summ
999 3716 1145 3776 omnibus
1196 3715 1387 3791 duraturum
1404 3714 1502 3795 qnasi,
1517 3716 1690 3794 quiauctar
1703 3721 1879 3775 assuunt

451 3799 639 3861 bominibus.
660 3801 750 3862 Unde
765 3802 870 3863 merito
886 3801 1008 3863 solliciti
1022 3801 1145 3863 fuerunt
1195 3803 1271 3862 nihil
1287 3804 1318 3862 in
1334 3822 1370 3861 ea
1384 3808 1499 3861 mutare
1513 3801 1624 3882 possit,
1647 3808 1706 3861 ant
1728 3801 1814 3880 quasi
1826 3796 1878 3858 diu·

449 3884 588 3968 Apostoli
603 3888 719 3958 Petrus,
742 3887 855 3948 Paulus
870 3896 901 3948 et
916 3887 1025 3962 Judaa,
1040 3897 1075 3947 nt
1089 3888 1144 3948 hos
1196 3889 1324 3949 turnitas
1341 3889 1525 3968 praescribat
1539 3887 1714 3948 mutationi.
1738 3885 1825 3967 Quod
1837 3902 1877 3942 sr-

450 3973 588 4034 exitiules
604 3994 718 4035 errores
733 3973 770 4033 ab
787 3973 947 4050 Ecclesiis,
968 3995 1029 4035 non
1050 3976 1143 4035 verbo
1195 3983 1254 4049 tem
1270 3974 1389 4035 dicunt:
1408 3976 1620 4049 dormierunt,
1637 3992 1701 4053 quc
1716 3973 1809 4033 verbs
1823 3984 1879 4051 spe!

448 4058 553 4134 solum,
572 4060 627 4121 aed
642 4071 673 4121 et
687 4062 800 4140 scripto
815 4062 1017 4141 profligarent.
1194 4063 1363 4122 insinnatur
1389 4062 1625 4122 resuscitationis
1656 4079 1816 4139 corporum
1838 4054 1878 4115 sl's

492 4148 545 4207 Ec
581 4166 643 4223 quo
681 4151 764 4209 enim
793 4156 900 4224 patrea
930 4150 1141 4223 dormierunt,
1195 4147 1314 4227 quando
1338 4148 1465 4221 futurae,
1488 4145 1653 4209 secundum
1680 4145 1759 4206 illud
1781 4142 1879 4205 Psslm

448 4234 558 4293 omnia
572 4235 616 4293 sic
627 4242 834 4309 perseverant
848 4235 888 4295 ab
904 4238 997 4296 initio
1012 4242 1139 4295 creatu·
1194 4235 1260 4295 40.:
1277 4235 1451 4311 Numquid,
1464 4237 1518 4312 qui
1530 4234 1660 4308 dormit,
1673 4252 1745 4295 non
1757 4232 1878 4306 adiiciet,

446 4336 513 4379 rae.
534 4318 733 4399 Imposturam
746 4322 840 4381 verba
854 4342 907 4401 per
922 4322 1057 4382 mimesin
1073 4342 1140 4400 pro·
1192 4330 1228 4381 ut
1242 4323 1413 4397 resurgat?
1437 4324 1467 4381 in
1490 4341 1524 4381 eo
1541 4319 1596 4380 aibi
1615 4321 1691 4399 ipsis
1709 4318 1878 4381 conusdisc

446 4406 591 4485 sequitur,
615 4419 821 4484 argumentum
836 4410 945 4467 erroris
961 4410 1140 4468 sumentium
1191 4409 1272 4481 bant,
1288 4416 1405 4468 utentes
1421 4406 1568 4469 vocabulo
1583 4408 1655 4466 trito
1672 4410 1707 4467 in
1722 4401 1879 4485 scriptura

446 4510 467 4550 a
479 4499 626 4573 perpetuo
642 4511 728 4551 cursu
746 4501 881 4564 naturae,
904 4513 993 4572 quem
1016 4495 1138 4573 promis·
1193 4515 1228 4554 ac
1239 4503 1361 4573 recepto
1373 4493 1454 4574 apud
1466 4492 1579 4566 fideles,
1591 4513 1648 4573 per
1658 4491 1743 4574 qnod
1754 4486 1880 4569 redargu

444 4577 580 4639 sionibus
603 4578 768 4637 Dominicis
790 4589 953 4657 opponunt.
991 4583 1043 4641 Ex
1065 4600 1139 4657 quo,
1190 4589 1322 4663 possent.

444 4661 575 4725 Graece:
593 4652 648 4739 dp'
663 4653 713 4741 ἧς,
731 4664 854 4743 supple:
870 4656 1000 4743 ἡμέρας,
1022 4684 1138 4743 capua
1234 4668 1262 4728 h.
1295 4669 1387 4728 latet
1410 4670 1494 4728 enim
1518 4686 1569 4727 eos
1583 4668 1644 4728 hoc
1662 4668 1813 4729 valamer
1832 4662 1877 4722 Bt

444 4749 503 4810 die.
541 4750 612 4812 Jarn
628 4769 683 4829 pro
699 4769 744 4822 ao,
765 4748 846 4828 qnod
866 4761 969 4811 noster
991 4754 1139 4833 interpres
1191 4752 1301 4814 lutatio
1328 4763 1373 4815 eat
1400 4774 1467 4815 cum
1494 4755 1694 4815 accusatione
1721 4753 1878 4816 manassi

443 4833 592 4897 Graecam
614 4856 717 4898 vocem
734 4831 867 4905 κτίσεως
882 4840 988 4898 vertit:
1012 4848 1138 4900 creatu·
1190 4840 1347 4902 affectatae
1373 4842 1560 4920 ignorantiae
1586 4859 1714 4915 eorum,
1742 4841 1793 4922 qui
1817 4833 1876 4896 nli·

442 4939 499 4982 rae
510 4966 521 4998 ,
552 4923 667 4984 mavult
695 4924 855 4984 Erasmus:
884 4927 1056 4986 creationis
1085 4946 1139 4986 sen
1189 4925 1341 4987 dicebant.
1371 4927 1448 4987 Nam
1472 4946 1581 4989 sensus
1596 4936 1661 4989 est:
1691 4914 1876 4999 Veientani

440 5008 642 5073 conditionis.
678 5008 717 5071 In
743 5029 803 5091 quo
826 5009 996 5075 Hentenins
1021 5020 1053 5075 ct
1080 5011 1135 5073 alii
1189 5021 1245 5090 est,
1260 5021 1368 5097 sponte
1383 5011 1517 5097 datsqm
1530 5033 1638 5098 opera,
1661 5019 1816 5093 mmet,
1832 5027 1874 5073 sr
