4442 5825
779 604 944 661 merome
959 605 1000 660 su
1017 603 1182 660 assumes
1199 602 1284 658 rme.
1302 604 1399 659 uasa
1735 608 1808 677 alu

371 778 541 840 &menie
555 776 632 855 fidei
644 779 796 855 probetur
817 797 885 842 noe
907 784 1059 859 accepim
1111 781 1255 842 Libereti
1268 786 1344 840 aunt
1357 779 1398 840 eb
1410 797 1464 840 ora
1474 778 1585 856 gladii.
1607 778 1690 841 Num
1705 798 1739 840 oa
1754 800 1809 861 pro

371 866 723 945 rcpwmicsieecm,ejus
731 886 771 927 ex
779 866 836 927 loci
845 869 1058 928 commentario
1110 870 1177 928 acis
1189 865 1275 928 cultri
1286 886 1340 928 seu
1353 866 1447 947 gladii
1459 864 1562 926 dicunt
1569 865 1713 941 Hebraei,
1725 866 1809 945 quod

371 951 558 1030 ¹urtelligetur.
592 951 650 1012 Est
664 953 745 1013 euim
759 954 811 1013 hic
825 973 922 1014 sermo
937 954 976 1014 de
991 973 1057 1034 pro·
1112 974 1150 1015 ea
1165 964 1251 1034 parte
1264 952 1406 1014 mordeat.
1430 952 1544 1014 Sensus
1560 960 1621 1012 ast:
1641 954 1811 1014 Evaserant

371 1039 557 1101 missionibus
582 1039 813 1120 temporalibus,
841 1040 902 1101 illic
927 1039 966 1099 de
992 1061 1057 1120 prc-
1111 1040 1235 1101 hostiles
1250 1039 1376 1120 gladios.
1401 1038 1493 1119 Quod
1508 1036 1547 1098 ad
1558 1039 1709 1100 Davidem
1724 1038 1810 1100 vide·

372 1124 655 1187 nissieusbcnorum
666 1125 757 1186 futuri
769 1127 892 1187 saeculi.
916 1125 964 1187 Ad
976 1125 1059 1207 quod
1111 1134 1160 1186 tur
1175 1129 1364 1207 potissimum
1385 1127 1551 1207 pertinere,
1578 1127 1668 1186 toties
1688 1146 1811 1187 emauu

371 1212 522 1297 ,carmen
557 1209 752 1275 indicandum
789 1212 837 1274 hic
868 1215 1059 1275 nominantur
1112 1213 1188 1275 Saul
1204 1222 1235 1275 et
1257 1214 1383 1274 aliorum
1398 1213 1529 1273 hostium
1554 1232 1613 1290 ope
1628 1211 1731 1273 divina
1746 1232 1810 1272 ers·

454 1300 603 1374 Decem,
618 1319 743 1360 numere
760 1298 870 1379 plurali
886 1308 917 1360 st
931 1302 997 1361 siue
1012 1322 1057 1361 ar·
1111 1309 1206 1382 ptum,
1221 1309 1256 1361 ut
1270 1309 1355 1380 putet
1369 1300 1420 1360 lib.
1437 1306 1463 1360 1.
1479 1306 1509 1358 et
1525 1302 1553 1359 2.
1568 1299 1695 1380 Regum.
1720 1298 1811 1379 Quod

463 1395 484 1457 ,“
497 1384 560 1445 illic
581 1386 778 1466 singulariter
795 1390 965 1464 promissio
992 1406 1059 1447 cum
1112 1394 1144 1448 et
1157 1386 1263 1449 titulus
1279 1387 1393 1449 Psalmi
1411 1389 1459 1448 17.
1476 1403 1566 1465 super
1581 1386 1639 1447 hac
1653 1406 1686 1446 re
1702 1386 1809 1446 sucha-

371 1468 492 1583 gemulo
507 1471 649 1551 praefixe.
1111 1475 1205 1535 ristici
1226 1474 1388 1554 profitetur.
1421 1473 1507 1534 Elias
1530 1491 1651 1553 quoque
1674 1471 1811 1552 gladium

414 1557 646 1620 vicemomes
660 1577 719 1620 ere
733 1560 872 1622 leonum.
910 1559 959 1619 Ad
975 1560 1058 1621 Sam·
1114 1560 1241 1623 Jscubel
1257 1561 1377 1641 cffugit,
1393 1560 1411 1620 3
1428 1560 1503 1639 ng.
1522 1559 1571 1619 19.

399 1650 402 1655 '
455 1665 484 1704 m
511 1652 542 1705 et
570 1645 720 1707 Davidem
747 1645 886 1727 plerique
915 1646 1059 1718 referunt,
1157 1648 1400 1709 Ocevelucruet
1429 1647 1468 1706 dc
1499 1645 1696 1722 infirmitate.
1741 1645 1811 1706 Huc

506 1741 636 1813 uterque
652 1731 768 1794 leonem
784 1733 972 1794 interfecisse
988 1733 1058 1811 legi·
1114 1753 1215 1794 omues
1231 1736 1339 1796 Graeci
1358 1735 1534 1811 interpretes
1556 1731 1595 1792 ad
1610 1733 1750 1794 Judaecs
1764 1753 1809 1794 re·

425 1818 504 1896 3ille
527 1817 603 1879 Jud.
630 1822 694 1894 14,
719 1821 777 1880 iste
803 1820 907 1901 lReg.
933 1821 1000 1880 lla
1026 1827 1060 1878 ut
1112 1820 1230 1894 ierunt,
1260 1840 1335 1903 quos
1360 1840 1398 1881 ex
1425 1819 1597 1881 infirmitate
1625 1820 1811 1881 convaluisse

499 1924 518 1965 e
549 1908 615 1967 sive
646 1906 807 1968 occlusisse
842 1907 978 1968 dicantur
1007 1926 1060 1965 ora
1113 1908 1225 1982 dicunt,
1241 1907 1370 1990 quaudo,
1393 1907 1606 1987 scaptivitats
1621 1906 1813 1985 Babylonica

482 2036 490 2064 ,
505 1993 587 2071 quia,
602 1992 740 2054 leonibus
755 1994 785 2053 iu
800 2014 903 2074 pagus
914 1989 1066 2065 fortiores,
1112 1993 1238 2056 reduces
1253 1997 1284 2055 iu
1299 2013 1384 2054 suam
1399 2003 1523 2066 terram,
1540 1992 1654 2055 viribus
1670 2001 1701 2053 et
1715 1992 1812 2073 gloria

494 2087 544 2152 nt,
566 2099 606 2140 ne
628 2078 770 2140 dentibus
785 2100 886 2140 corum
910 2081 1058 2160 discerpe·
1111 2099 1214 2141 rursus
1245 2099 1378 2141 crescere
1407 2088 1578 2160 coeperunt
1621 2080 1812 2161 Quamquam

466 2209 473 2222 .
509 2165 611 2244 Magis
633 2167 752 2246 proprie
773 2175 873 2229 tamen
892 2166 931 2227 sd
948 2168 1057 2227 Deuie·
1111 2168 1363 2248 Theophylactus
1392 2174 1422 2226 et
1452 2166 1653 2240 Oscumsuius
1684 2165 1808 2240 addunt,

440 2252 575 2331 pertinet,
592 2250 631 2312 ad
647 2254 732 2332 cujus
747 2250 956 2314 declarandam
969 2253 1057 2332 justi·
1111 2274 1201 2333 posse
1229 2255 1320 2315 etism
1347 2253 1478 2333 intelligi
1505 2254 1544 2313 ds
1569 2254 1704 2313 Eusebia
1729 2273 1808 2332 rege,

458 2333 550 2413 (sicut
572 2339 638 2418 ipse
660 2338 793 2419 loquitur
815 2341 892 2400 Dan.
909 2335 951 2416 6.)
974 2342 1060 2398 euicit
1112 2341 1159 2401 cui
1174 2341 1213 2400 ad
1228 2350 1352 2400 mertem
1368 2341 1537 2420 aegrotanti
1552 2341 1638 2400 Deus
1654 2341 1810 2400 sanitatem

473 2425 624 2500 eupolum
650 2445 742 2486 suum
769 2433 799 2486 et
824 2427 978 2487 conclusit
1000 2444 1059 2486 ore
1111 2425 1256 2499 reddidit,
1283 2446 1347 2486 cum
1372 2426 1540 2507 appendice
1564 2426 1736 2504 quindecim
1758 2446 1808 2485 cu-

496 2533 510 2588 ,·
532 2512 577 2571 ita
599 2514 751 2586 nimirum,
775 2523 808 2572 ut
822 2513 862 2574 ad
885 2532 951 2573 eum
968 2512 1057 2574 devo·
1111 2534 1215 2573 uorum
1230 2516 1326 2586 vitae,
1352 2514 1456 2593 4ch.
1473 2515 1522 2573 20.
1540 2520 1572 2572 et
1587 2512 1653 2575 Jas.
1672 2516 1721 2574 38.
1756 2515 1811 2572 At-

442 2616 506 2670 um,
521 2602 660 2678 quamvis
675 2608 801 2679 urgente
817 2599 915 2673 ieme,
938 2620 993 2660 uec
1008 2619 1061 2658 ora
1112 2620 1170 2680 que
1183 2601 1229 2660 hic
1241 2618 1346 2660 sensus
1356 2600 1475 2660 Latinis
1488 2606 1535 2659 est
1546 2600 1712 2679 acceptior3
1727 2597 1811 2660 haud

446 2693 568 2764 possent
590 2687 716 2765 aperire.
749 2687 867 2764 Estque
889 2685 1059 2757 notandum,
1112 2689 1267 2748 immerito.
1309 2686 1359 2747 Sic
1384 2687 1462 2746 euim
1488 2686 1581 2747 hebet
1612 2686 1716 2747 titulus
1742 2705 1811 2746 cau·

420 2766 524 2831 irtaco
539 2771 623 2851 apud
637 2772 797 2833 Danielem
814 2772 894 2833 idem
910 2793 978 2834 esec
993 2793 1058 2833 vcr-
1112 2775 1174 2848 tici,
1191 2773 1271 2853 quod
1294 2793 1348 2853 pre
1370 2774 1535 2851 gratiarum
1561 2775 1680 2834 actions
1701 2774 1813 2833 cecinit

403 2919 408 2928 ,
459 2855 540 2938 quod
555 2858 613 2920 hoc
628 2858 710 2935 loco;
725 2869 759 2921 ut
770 2878 892 2939 prorsus
907 2866 1059 2941 appareat,
1112 2861 1275 2922 Ezechias:
1291 2861 1459 2936 Scriptura
1470 2861 1635 2937 Ezechiae,
1652 2864 1734 2937 rapis
1745 2863 1812 2925 Ju-

450 2945 626 3026 Apostelum
643 2949 822 3028 respexisse.
1112 2949 1170 3023 de,
1195 2967 1265 3009 cum
1290 2955 1481 3023 accresceret
1503 2954 1533 3007 ct
1548 2950 1758 3010 convaluisset
1773 2948 1812 3007 dc

371 3043 390 3126 lg
419 3030 458 3091 ld
472 3031 707 3095 Exstinccruet
717 3036 871 3110 impetum
883 3036 974 3109 ionis.
992 3037 1059 3095 Im·
1112 3035 1301 3112 infirmitate
1316 3053 1382 3094 sue.
1408 3036 1451 3094 Ac
1467 3036 1584 3109 nescio,
1606 3056 1659 3097 cur
1673 3055 1741 3108 sos,
1759 3036 1810 3113 qui

371 3117 625 3265 miluum
640 3114 782 3198 δύναμιν,
804 3120 837 3180 id
854 3130 899 3181 est
914 3124 979 3180 uim
995 3123 1060 3183 sive
1112 3125 1156 3183 sic
1178 3128 1348 3201 exponunt,
1374 3124 1523 3181 somniare
1545 3121 1626 3183 dicat
1640 3123 1813 3197 ,Erasmus3

371 3253 378 3282 :
513 3204 748 3268 .Bcierendum
759 3206 869 3268 hocad
884 3208 982 3269 socios
997 3209 1057 3267 Da·
1112 3210 1172 3270 nisi
1199 3208 1277 3269 forte
1303 3208 1369 3287 ipss
1399 3209 1574 3281 somniavit,
1606 3208 1727 3288 quando
1753 3207 1811 3267 hcc

371 3285 470 3364 filis,
493 3294 659 3367 Ananiam,
686 3293 842 3355 Misablem
865 3303 896 3354 et
911 3294 1059 3367 Ameriam,
1112 3297 1238 3375 scripsit
1275 3293 1355 3353 Nam
1377 3283 1540 3369 ἀσθένεια,
1565 3294 1687 3357 Graeca
1710 3294 1811 3364 dictio,

371 3389 442 3456 §tc
466 3379 497 3438 iu
526 3378 683 3441 ardentem
720 3381 872 3442 fornacem
906 3382 1060 3460 conjectos
1113 3380 1184 3441 licet
1198 3381 1281 3462 apud
1297 3388 1432 3440 auctores
1455 3380 1595 3461 profanos
1618 3382 1716 3442 miuus
1734 3379 1813 3441 forts

372 3453 444 3542 ᾗ
456 3467 576 3526 omuino
591 3485 652 3527 nou
666 3468 769 3540 laesit,
788 3467 868 3527 Dan
886 3471 914 3531 3.
938 3468 1057 3529 Exstin·
1112 3469 1287 3549 frequenter
1309 3468 1476 3545 accipiatur
1497 3488 1551 3547 pro
1574 3468 1693 3539 morbo,
1718 3467 1812 3527 sacris

371 3553 471 3636 ¹mut
484 3551 586 3632 itaque
600 3573 661 3614 nou
676 3556 793 3634 iguem,
812 3553 881 3628 sed,
897 3554 978 3634 quod
994 3562 1060 3614 erat
1112 3564 1212 3615 samen
1231 3552 1430 3633 scriptoribus
1454 3555 1485 3613 iu
1508 3555 1566 3615 hac
1588 3554 1812 3634 significatione

371 3631 546 3711 mitius,
562 3640 704 3701 virtutem
718 3643 813 3722 ignis,
833 3661 872 3701 na
886 3642 1000 3702 scilicet
1015 3643 1057 3719 ip·
1113 3640 1271 3702 admodum
1298 3639 1456 3701 familiaris
1479 3649 1540 3714 est,
1571 3651 1606 3703 ut
1627 3641 1718 3704 Joau.
1744 3645 1812 3702 11.:

371 3733 545 3808 §umen
571 3724 665 3808 idque
680 3727 820 3789 iecerunt
843 3747 880 3787 ea
894 3728 970 3802 fide,
998 3747 1061 3807 qua
1114 3729 1290 3806 Infirmites
1319 3728 1394 3787 heac
1420 3746 1488 3789 eon
1514 3734 1558 3790 cet
1584 3728 1627 3788 ed
1656 3736 1812 3805 mortem,-

371 3801 506 3906 μιαί
520 3811 561 3873 sd
575 3833 696 3894 regem:
718 3816 805 3876 Deus
820 3821 944 3888 nomer,
967 3833 1058 3891 quem
1115 3821 1131 3875 1
1145 3815 1225 3875 Tim.
1241 3814 1285 3874 5.:
1309 3816 1446 3890 Propter
1467 3817 1661 3876 stomachum
1676 3823 1766 3877 tuum
1783 3820 1813 3876 et

371 3891 511 3975 {dimum
534 3907 640 3976 petest
661 3903 783 3978 eripere
806 3920 865 3963 eor
879 3901 918 3960 dc
933 3906 1059 3963 cumino
1110 3904 1294 3981 frequente
1324 3908 1397 3962 tues
1427 3902 1646 3979 infimitates,
1683 3912 1713 3964 et
1741 3901 1813 3962 alibi

371 3977 613 4058 werdcntis.
638 3989 730 4067 Quod
741 3989 929 4062 siueluerit,
946 3995 1059 4049 netum
1114 3990 1235 4067 passim.
1272 3987 1306 4048 Si
1328 3988 1477 4049 cuilubet
1499 3990 1589 4050 etiam
1608 3989 1645 4050 sd
1662 3989 1812 4050 Davidem

375 4067 489 4147 aaut,
511 4074 601 4147 aas,
626 4076 702 4151 ertio
718 4076 802 4135 Deos
816 4082 886 4135 tuos
900 4094 968 4136 noe
982 4076 1060 4134 coli·
1112 4073 1233 4148 referre,
1248 4074 1301 4154 qui
1315 4092 1434 4135 suerum
1451 4076 1679 4155 aegritudinum,
1695 4096 1733 4137 ex
1748 4078 1812 4157 qui-

371 4167 453 4234 βυ,
472 4169 528 4220 ste
562 4158 710 4221 Nonnulli
730 4168 853 4241 putant,
880 4162 1060 4242 Apostolum
1112 4162 1169 4222 bus
1184 4161 1243 4221 Dei
1257 4160 1405 4221 beneficio
1421 4163 1575 4223 restitutus
1594 4173 1648 4236 ost,
1664 4162 1812 4223 interdum

376 4244 514 4324 micare
536 4245 579 4306 ad
598 4246 768 4308 incendium
790 4251 985 4309 murmuranti
1007 4268 1059 4329 po·
1113 4249 1265 4319 meminit,
1290 4254 1324 4306 ut
1346 4248 1458 4308 Psalm.
1482 4251 1511 4309 6.
1535 4252 1585 4312 37.
1609 4259 1639 4309 et
1661 4252 1731 4323 40„
1753 4270 1814 4311 uon

376 4325 440 4406 pb
461 4332 624 4394 immissum
650 4335 743 4395 semel
768 4342 798 4395 et
822 4336 943 4408 iterum,
971 4333 1060 4414 quod,
1114 4334 1204 4395 valde
1219 4336 1333 4394 resisto.

386 4417 520 4480 nribus
533 4419 619 4482 Mese
640 4428 672 4481 et
685 4420 820 4495 Acrone,
843 4413 1010 4501 repressum
1030 4429 1061 4482 st
1158 4424 1269 4483 Fortes
1282 4423 1363 4498 fecti
1378 4429 1453 4484 eunt
1474 4424 1509 4483 ie
1530 4421 1620 4483 bello.
1658 4421 1707 4483 Ad
1722 4421 1812 4482 Judi·

384 4505 545 4567 mierum
560 4505 635 4581 fuit,
655 4507 745 4568 Num.
763 4512 811 4569 11.
827 4516 858 4568 et
875 4507 1006 4569 16.'Sed
1022 4507 1060 4569 de
1115 4527 1165 4568 ces
1191 4516 1222 4569 et
1245 4508 1345 4586 Reges
1371 4511 1518 4589 pertinet,
1544 4512 1597 4586 qui
1620 4508 1710 4570 rebus
1733 4508 1813 4568 bello

376 4585 460 4653 *abu
472 4593 578 4674 pueris
594 4594 741 4673 expositio
756 4596 851 4674 magis
866 4595 972 4675 placet.
1114 4593 1232 4656 lortiter
1255 4595 1346 4674 gestis
1369 4598 1400 4655 in
1422 4595 1532 4675 populo
1547 4595 1608 4656 Dei
1631 4596 1812 4655 claruerunt.

414 4677 868 4758 Effupeuamnteciameledii.
884 4682 1060 4742 Varalactio
1115 4681 1190 4741 Item
1206 4681 1245 4743 ad
1265 4679 1359 4740 iortes
1375 4682 1520 4755 Davidis,
1544 4702 1670 4760 quorum
1693 4683 1813 4742 nomina

382 4767 637 4847 mammet,
653 4787 742 4849 quam
759 4789 798 4829 ex
813 4766 939 4828 Graccis
956 4777 986 4829 et
1001 4787 1060 4827 ma·
1115 4777 1147 4828 et
1168 4769 1289 4828 heroica
1310 4767 1390 4828 iacta
1412 4777 1608 4829 recensentur
1630 4769 1738 4847 sRag.
1761 4771 1812 4831 23.

379 4855 525 4937 usipus
539 4854 659 4917 Latinis
682 4854 937 4916 emendatioribus
950 4856 1061 4915 Roma-
1116 4867 1147 4914 et
1163 4858 1179 4915 1
1192 4854 1260 4914 Par.
1280 4859 1327 4915 11.
1350 4857 1491 4935 Denique
1504 4856 1543 4915 ad
1559 4856 1583 4916 J
1583 4852 1675 4915 udam
1689 4854 1811 4916 biccha-

378 4941 562 5003 umorue
575 4942 717 5003 restituit
748 4941 866 5003 Graece
888 4943 931 5003 sic
953 4942 1062 5021 legitur
1115 4940 1223 5001 basum
1246 4950 1277 5002 ct
1299 4941 1406 5021 fratres
1428 4943 1500 5021 ejus.
1539 4941 1691 5002 Dicuntur
1712 4950 1813 5004 autem

375 5021 1061 5121 drebmchpmntmeeledii,spriamc
1112 5029 1196 5107 fecti
1207 5028 1309 5107 fortes
1331 5032 1368 5093 ire
1390 5029 1489 5106 bello,
1516 5029 1587 5114 quia
1607 5027 1813 5095 toreuticen
