4442 5825
394 590 492 662 Μ
923 583 1309 641 sorumrsmssmcrr.
1325 586 1346 641 1.

407 763 503 838 placit
528 761 680 822 odoarsas
702 761 859 838 spiritum.
892 759 953 823 Ubi
975 761 1109 823 ostendi-
1162 761 1271 825 dentur
1292 763 1412 823 ratione
1425 752 1591 843 {duringut
1615 763 1690 845 Quo

410 866 487 922 mus,
510 867 562 910 sos
583 847 660 923 falli,
685 848 738 929 qui
755 848 1025 932 concupiscentiam
1042 867 1109 928 por·
1162 848 1285 924 dicatur,
1300 851 1332 910 in
1348 850 1488 930 sequenti
1502 859 1590 930 parta
1605 870 1690 932 axpu

412 936 509 996 tinsrs
531 935 639 996 volunt
653 934 693 995 sd
708 933 803 996 solnm
826 937 993 1017 appetitum
1015 936 1108 997 sensi·
1205 938 1375 999 Pscootum
1397 954 1485 1013 vcro,
1512 955 1584 999 cram
1608 957 1690 1001 cosas

411 1022 523 1099 tivum3
559 1042 627 1083 cnm
657 1021 763 1083 eodem
794 1022 860 1085 loco
886 1020 1002 1084 Paulus
1031 1024 1109 1083 iuter
1159 1023 1271 1102 susm,
1286 1032 1418 1101 generat
1433 1031 1577 1087 mortem.
1591 1024 1690 1089 Ptolo

411 1126 503 1190 opera
527 1111 628 1171 carnis
649 1119 808 1171 recenseat
829 1109 1011 1183 inimicitias,
1038 1128 1107 1170 con·
1161 1110 1251 1172 simul
1266 1120 1297 1172 et
1312 1108 1520 1192 praecedentis
1543 1112 1690 1194 intelligar

410 1196 569 1269 tentiones,
592 1196 744 1270 haereses,
768 1196 806 1257 ad
826 1216 908 1277 quae
921 1197 998 1258 vitia
1012 1197 1107 1258 sensi·
1161 1197 1253 1279 gendi
1267 1206 1338 1259 sunt
1360 1197 1472 1279 grtdus
1494 1199 1534 1260 ab
1556 1198 1690 1281 Apostol

409 1283 492 1344 tirus
516 1284 669 1364 appetitus
694 1304 755 1344 non
781 1284 914 1364 sttingit.
960 1282 1108 1363 Quamvis
1162 1284 1307 1366 quibuss
1329 1286 1576 1367 concupiscentia
1598 1296 1690 1349 tsntar

411 1370 504 1431 stiam
526 1388 566 1430 ex
588 1369 645 1432 hac
666 1371 734 1451 ipss
755 1371 897 1451 Apostoli
911 1370 1021 1433 Jsoobi
1039 1389 1107 1431 sen·
1160 1373 1243 1432 nitur
1264 1391 1363 1453 nsque
1386 1370 1427 1433 ad
1448 1381 1584 1435 mortem.
1607 1374 1673 1437 Ubi

408 1458 513 1532 tantia,
537 1474 600 1537 qua
621 1460 735 1537 peccati
758 1459 954 1520 tentationem
977 1456 1017 1517 ud
1039 1476 1106 1538 pro·
1161 1457 1287 1520 tandum
1304 1466 1358 1532 est,
1381 1458 1564 1539 Apostolum
1579 1459 1627 1521 bia
1643 1480 1690 1541 grr

409 1546 506 1626 priam
532 1544 679 1625 cujusquo
704 1546 975 1626 concupiscentiam
1006 1543 1107 1616 refert,
1161 1565 1361 1607 annumerare
1390 1549 1641 1623 ruqqcstiosssm,
1671 1567 1690 1630 q

409 1629 510 1693 reislli
530 1639 667 1711 possunt
695 1633 842 1714 Loquitur
865 1633 942 1693 enim
964 1632 1107 1693 universe
1160 1632 1273 1712 gradm
1302 1635 1477 1695 tentationis
1506 1632 1585 1694 solet
1614 1635 1690 1715 prim

410 1717 601 1800 depereatis,
617 1719 683 1780 sive
694 1738 774 1798 qnue
785 1718 988 1780 carnaliadici
999 1717 1107 1790 solent,
1162 1720 1328 1800 Theologis
1343 1720 1547 1800 Augustinum
1570 1730 1601 1781 et
1617 1721 1690 1801 (irs.

389 1807 474 1867 sire
490 1824 570 1886 quae
585 1806 770 1886 spiritualis3
786 1806 863 1867 adeo
876 1814 908 1865 nt
921 1825 959 1866 ax
971 1805 1107 1866 hocloco
1161 1809 1253 1880 cutis,
1276 1808 1354 1867 sicut
1376 1806 1562 1868 ostendimus
1584 1808 1617 1867 in
1639 1808 1668 1868 2.

409 1892 609 1975 probabiliter
619 1895 712 1953 statui
723 1895 838 1974 possint
848 1892 924 1953 haec
939 1892 1015 1953 duo:
1032 1893 1107 1952 Post
1160 1895 1212 1954 21.
1229 1894 1323 1973 Cujus
1337 1893 1451 1973 padus
1465 1897 1559 1955 etiam
1573 1894 1690 1955 Bodas

409 1979 529 2061 lspsnm
554 1980 643 2061 primi
668 1982 802 2060 parentis
828 1982 928 2041 omnia
952 1980 1106 2041 bominum
1159 1979 1248 2060 hujus
1268 1981 1327 2042 looi
1348 1989 1503 2042 comment
1535 1980 1599 2043 Sed
1624 1981 1690 2043 hun·

411 2073 535 2149 peecata
550 2066 694 2127 committi
707 2086 746 2128 ex
757 2069 924 2128 tentatione
940 2067 1039 2128 carnis
1053 2084 1107 2126 sen
1159 2067 1240 2129 misit
1254 2068 1289 2128 B.
1303 2067 1327 2128 J
1329 2069 1449 2143 acobus,
1469 2067 1553 2149 quod
1567 2087 1690 2149 praeses

409 2154 691 2235 eoncupiscentias;
715 2163 747 2216 et
768 2174 828 2215 non
846 2155 945 2215 omnis
961 2152 1107 2215 committi
1159 2154 1362 2237 impertinens.
1384 2155 1463 2216 Nam
1478 2159 1568 2217 etiam
1584 2156 1653 2217 sine
1667 2176 1690 2217 ιι

410 2261 450 2305 cx
464 2242 628 2303 tentatione
651 2240 772 2302 diaboli.
796 2240 934 2320 Quorum
955 2243 1040 2321 prius
1059 2259 1105 2300 as·
1159 2240 1315 2304 daemonis
1336 2242 1512 2304 entmundi
1534 2244 1690 2323 concupisc

410 2329 593 2392 scrituras.
606 2329 775 2409 Augustino
787 2347 926 2390 sermone
941 2330 970 2390 6.
986 2326 1025 2388 do
1040 2346 1106 2387 ver·
1159 2329 1268 2390 sufficit
1281 2327 1322 2389 ad
1337 2328 1512 2390 excitandas
1529 2331 1559 2390 in
1574 2328 1664 2391 uobis
1677 2338 1689 2390 t

409 2415 459 2478 bis
473 2416 620 2497 Apostoli,
645 2414 775 2491 dicente,
797 2436 837 2479 ex
858 2415 974 2476 carnin
997 2432 1105 2476 conou-
1159 2436 1196 2477 sc
1211 2415 1361 2477 desideria
1383 2418 1508 2496 peccati
1533 2414 1628 2496 Quod
1650 2417 1675 2477 si

410 2505 560 2585 piscantia
583 2511 693 2564 sunota
714 2512 841 2584 pecssta
863 2503 948 2575 oriri,
972 2501 1054 2582 qnod
1077 2507 1108 2558 st
1158 2524 1229 2566 nem
1243 2505 1333 2565 stiam
1348 2504 1389 2564 ad
1404 2522 1524 2565 carnem
1547 2503 1671 2579 referas,

411 2589 502 2652 docet
516 2590 545 2652 S.
561 2591 777 2652 Bonaventnra
792 2589 925 2652 scribens
940 2591 971 2650 in
986 2591 1015 2650 2.
1031 2594 1105 2648 sent
1159 2600 1205 2653 est
1226 2590 1348 2651 locutio.
1371 2590 1412 2650 Et
1430 2590 1488 2651 bos
1510 2600 1601 2671 pacto
1624 2610 1690 2670 sngp

411 2677 480 2738 dist
497 2681 548 2739 tt.
563 2686 617 2737 ast.
630 2680 658 2738 2.
671 2684 787 2758 quosst.
801 2679 830 2737 ἓ.
853 2675 1011 2738 Posterius
1026 2695 1104 2736 com·
1159 2679 1218 2738 erit
1232 2675 1353 2739 diversa
1367 2697 1386 2736 a
1400 2678 1569 2739 tentatione
1584 2696 1690 2758 concup

409 2765 542 2825 munitor
553 2783 572 2823 a
583 2763 750 2844 Theologis
763 2771 890 2825 tenetur.
913 2765 962 2825 De
977 2771 1106 2843 utroque
1159 2783 1238 2845 quse
1253 2763 1301 2823 bio
1316 2764 1413 2844 prims
1428 2767 1560 2843 ponitur.

410 2869 466 2911 uos
481 2869 521 2911 οι
536 2852 671 2911 instituto
691 2852 887 2911 tractavimus
910 2851 943 2913 in
956 2869 1104 2913 commen·
1201 2849 1324 2911 Deinde
1338 2849 1512 2924 notsndnm,
1535 2850 1583 2913 his
1598 2851 1651 2931 agi
1666 2848 1690 2911 d·

411 2938 489 2999 tario
504 2937 604 2999 dictae
619 2937 688 2999 dist
1159 2940 1249 3001 nibus
1275 2937 1315 2998 ud
1343 2939 1485 3018 graviora
1515 2949 1660 3019 peccata,

456 3026 505 3087 15.
524 3025 648 3087 Deinde
662 3028 927 3102 concupiscentis,
943 3043 1015 3085 cram
1030 3039 1108 3084 con·
1159 3036 1229 3087 sunt
1251 3024 1480 3098 fornicationes,
1503 3033 1535 3086 et
1555 3033 1677 3087 caetera

411 3115 547 3189 ceperit,
583 3115 675 3190 posit
700 3119 873 3190 pestutum.
920 3109 1108 3174 Gradatione
1159 3112 1293 3192 flagitis,
1316 3112 1387 3172 item
1411 3111 1588 3186 homicidia,
1610 3110 1690 3173 furtu

411 3199 545 3280 quadam
575 3197 707 3260 ostendit
736 3208 833 3260 ortum
858 3210 889 3259 st
917 3216 1108 3280 progressum
1161 3200 1353 3280 perjuriaet
1367 3191 1428 3259 alia
1443 3197 1474 3258 id
1490 3217 1599 3278 genus,
1615 3217 1690 3280 quas

410 3287 529 3368 passati
554 3287 586 3347 in
609 3284 696 3347 nobis
721 3305 762 3347 ax
787 3285 1044 3366 coucupiscentia,
1072 3302 1108 3343 sc
1161 3288 1284 3366 privant
1304 3286 1401 3364 grstia
1423 3294 1455 3346 et
1476 3286 1609 3346 amicitia
1630 3285 1690 3346 Dei

410 3372 520 3435 deinde
535 3376 701 3453 genituram
715 3374 820 3434 mortis
835 3393 875 3435 ex
890 3380 1021 3453 psceato.
1046 3368 1108 3431 Ad·
1160 3371 1324 3433 levioribus
1347 3374 1488 3451 peccatis,
1510 3381 1546 3432 ut
1569 3382 1639 3433 sunt
1660 3373 1690 3432 ri

410 3460 562 3521 verbium:
578 3460 704 3536 deindo,
717 3456 1108 3521 relerendnmadvsrbum:
1138 3515 1140 3520 ,
1160 3459 1291 3530 deretur,
1312 3458 1436 3520 verbum
1451 3461 1589 3532 otiosum,
1613 3478 1690 3520 mens

389 3550 609 3627 -cotrccparit5
631 3567 668 3607 ac
683 3549 708 3607 si
728 3546 825 3607 dicat:
848 3546 976 3607 Deinde
990 3561 1108 3606 cortou·
1160 3545 1305 3617 ficiosnm,
1328 3543 1387 3605 dici
1409 3565 1469 3606 non
1492 3553 1602 3626 potest,
1623 3547 1690 3628 quoi

409 3638 567 3712 piscante
581 3636 736 3711 concipit,
761 3640 790 3693 et
810 3640 981 3711 postquam
997 3648 1109 3692 concc-
1160 3641 1241 3693 msts
1256 3640 1380 3692 mortem
1395 3630 1543 3694 adferant

407 3724 505 3799 perit,
526 3724 616 3798 parit
637 3728 810 3797 paccatum.
833 3719 977 3799 Plerique
991 3726 1108 3799 purtem
1205 3720 1307 3780 Tertio
1331 3718 1465 3780 notanda
1486 3728 1535 3780 est
1557 3719 1690 3801 metapbr

412 3807 490 3869 bano
505 3809 548 3867 ita
563 3815 735 3889 exponunt:
759 3805 835 3867 Post
849 3805 1109 3887 consupiscentiae
1160 3806 1250 3878 mine,
1266 3804 1349 3887 qnod
1364 3805 1466 3877 sciam,
1481 3807 1555 3866 satis
1571 3805 1690 3885 explica

410 3897 615 3968 tentationem,
637 3913 699 3975 qua
712 3894 753 3968 tit,
776 3902 811 3955 nt
828 3894 946 3955 animus
969 3899 1109 3971 tangetur
1163 3901 1225 3952 tota
1241 3890 1381 3973 Apostoli
1404 3895 1566 3954 sententia.
1588 3891 1690 3974 Fingit

387 4024 390 4028 «
413 3979 519 4060 aliqua
532 3981 736 4044 delectatione
749 3982 865 4061 peccati
881 3978 926 4056 (id
941 3981 1021 4041 enim
1036 3985 1109 4047 erat,
1161 3980 1269 4040 minem
1292 3987 1327 4039 nt
1347 3978 1452 4052 virum,
1479 3987 1512 4039 et
1532 3981 1690 4061 concupisc

412 4068 452 4129 ab
474 4086 513 4128 aa
534 4066 667 4129 abstrahi
689 4076 720 4128 et
742 4064 837 4146 illici),
864 4065 1109 4146 concupiscentia
1161 4064 1330 4139 foeminam,
1347 4083 1425 4145 quus
1441 4067 1536 4127 ιίιιιιιι
1552 4064 1690 4128 blanditii

387 4155 564 4234 cousipit,
594 4153 650 4215 boo
676 4164 739 4227 cst,
768 4173 947 4215 consensum
976 4150 1108 4232 aliquem
1162 4171 1224 4214 rem
1248 4161 1281 4212 ot
1308 4150 1482 4230 amplexum
1508 4152 1558 4214 sni
1583 4153 1690 4214 solliait

414 4240 593 4314 ablanditur,
616 4240 670 4301 sed
689 4240 907 4321 imperfectum.
930 4237 1024 4318 Quod
1038 4258 1106 4298 con·
1162 4238 1689 4319 significantillaverbaquibusdiai

411 4328 511 4408 tingit,
524 4325 596 4387 dum
607 4329 723 4388 animus
735 4327 922 4408 aliquantum
935 4329 1109 4387 immoratur
1162 4344 1316 4403 quemque
1338 4327 1466 4400 tentori,
1489 4345 1511 4386 o
1525 4330 1690 4404 concepte

411 4415 605 4477 delectationi
618 4415 745 4496 peccati,
760 4413 918 4493 negligens
934 4431 1002 4473 sam
1014 4410 1108 4492 repel·
1162 4413 1354 4474 abstractum
1379 4420 1408 4474 ct
1431 4413 1582 4474 tilectum.
1620 4413 1690 4476 Deir

411 4501 477 4565 lero
490 4510 545 4562 aut
558 4501 590 4562 ei
602 4501 752 4562 resistere.
774 4501 852 4562 Nam
875 4499 932 4560 hoc
952 4501 1018 4580 ipso
1040 4517 1108 4559 con-
1162 4499 1493 4578 exhominisumplexu
1505 4500 1690 4580 concupito·

412 4590 506 4650 sentit
521 4588 624 4667 aliquo
646 4585 744 4660 modo,
767 4586 839 4647 licet
859 4584 1053 4667 imperfecto,
1079 4592 1111 4644 st
1162 4587 1263 4666 cipere
1286 4595 1317 4647 st
1338 4604 1447 4666 parere
1468 4586 1613 4660 sobolem,
1634 4587 1667 4650 id
1688 4613 1690 4636 ·

412 4695 469 4757 por
492 4675 551 4735 boo
575 4675 821 4754 concupiscentia
845 4674 925 4753 perit
945 4679 1109 4753 paccatum.
1162 4682 1243 4749 tum3
1266 4692 1343 4753 quae
1359 4670 1480 4734 soboles
1495 4694 1535 4735 ex
1550 4672 1690 4736 sodsmt

412 4760 568 4842 Siquidem
592 4778 756 4822 consensus
778 4757 929 4839 ejusmodi
950 4760 1018 4819 ains
1042 4778 1109 4840 pec·
1163 4768 1248 4839 patre
1262 4779 1326 4833 suo,
1340 4758 1508 4839 gravidata,
1528 4770 1638 4842 postea
1654 4779 1690 4824 Ι

413 4855 481 4909 sato
497 4867 564 4910 ssss
586 4868 646 4909 non
663 4855 774 4928 potest.
795 4846 895 4908 Juxta
916 4845 996 4906 banc
1018 4863 1108 4925 expo·
1162 4848 1284 4926 gignat,
1301 4845 1690 4928 ntqnemadmodumueat

413 4936 551 4996 sitionsm
566 4941 736 5011 concaptus
749 4941 783 4995 et
793 4939 922 5010 partus,
948 4950 1025 5013 quos
1040 4951 1108 4992 oon·
1163 4941 1258 4994 mater
1274 4942 1321 4994 est
1336 4934 1460 5015 peccati,
1483 4935 1527 4994 ita
1541 4944 1690 5016 peccatur

390 5051 396 5060 ·
413 5021 620 5103 rupissentiaa
633 5020 777 5084 adscribit
791 5018 967 5102 Apostolus,
985 5017 1052 5081 sola
1064 5020 1108 5080 vi·
1163 5021 1260 5101 ipsum
1275 5019 1401 5083 Graecis
1415 5019 1618 5084 foemininum
1632 5027 1690 5086 dr
