4442 5825
440 602 513 669 003
797 609 799 612 ·
1055 592 1288 648 comanus

439 789 529 851 qnam
556 771 587 831 in
613 768 765 847 doctrins3
798 778 833 830 nt
857 791 917 832 nou
943 771 982 831 sit
1008 790 1134 832 necesse
1181 772 1315 844 variant,
1335 772 1423 832 unius
1443 771 1551 831 literae
1565 771 1818 844 commutatione,
1836 781 1870 831 ts

438 857 592 917 subaudiri
607 865 718 917 certum
735 856 877 938 quiddam
893 878 946 937 pro
966 877 1057 931 meu,
1081 859 1133 937 qui
1181 859 1270 918 metsi
1286 879 1345 918 nou
1361 858 1486 918 multum
1501 857 1613 931 refert,
1638 864 1742 937 utrqm
1759 858 1871 938 legatur,

439 951 557 1022 regatur
593 945 624 1003 vi
663 943 744 1003 illius
782 945 944 1022 participii.
994 941 1132 1004 Clemens
1182 964 1273 1022 quarn
1290 945 1327 1003 sit
1343 945 1471 1004 omnium
1488 942 1622 1004 fidelium
1640 965 1707 1006 nne
1718 944 1799 1005 fides.
1820 945 1871 1004 Pri·

439 1028 662 1090 Alexendrinus
685 1031 910 1110 interpretetur:
936 1039 1133 1106 ssprspantss
1182 1051 1260 1090 mum
1290 1032 1380 1108 igitur
1409 1031 1565 1102 bortatur,
1597 1038 1635 1091 ut
1666 1034 1874 1093 sanctissimos

438 1116 545 1193 sidetes
560 1135 580 1175 u
597 1116 756 1191 fidelibus,
782 1115 880 1189 idest,
904 1116 979 1176 alios
1003 1117 1040 1177 ab
1056 1118 1132 1177 eliis.
1181 1117 1270 1193 lirici,
1295 1137 1384 1195 quam
1405 1116 1443 1176 ab
1459 1117 1615 1195 Apostolie
1632 1125 1832 1199 acceperant,
1850 1137 1875 1178 ss

438 1204 533 1281 Urget
557 1199 759 1262 Oea-amenius
782 1201 928 1263 Graecam
953 1223 1066 1274 vocem,
1089 1211 1131 1261 nt·
1181 1207 1264 1280 ipsos
1290 1203 1560 1281 superaedificent,
1589 1204 1622 1263 id
1648 1215 1708 1278 est,
1737 1215 1771 1264 ut
1795 1204 1875 1264 lidsn

437 1297 506 1370 pote
522 1289 641 1348 ductam
660 1308 679 1346 s
694 1293 848 1365 termin05
873 1297 906 1347 ut
930 1280 1132 1367 ἀποδιορίζειν
1182 1291 1386 1370 Apostolicam
1410 1310 1464 1369 pro
1487 1288 1685 1350 fundamenta
1715 1292 1875 1362 retinentes,

437 1377 491 1447 eit,
514 1383 600 1433 extre
624 1378 767 1435 terminos
785 1375 945 1435 Ecclesiae
961 1377 1130 1456 quempiam
1182 1386 1317 1437 caeteras
1340 1395 1410 1436 suas
1433 1377 1563 1437 actiones
1592 1376 1639 1436 illi
1668 1386 1876 1458 superstrusnt,

438 1461 574 1531 educere,
591 1459 707 1533 elicere,
724 1461 892 1521 extrudere.
1182 1483 1242 1541 quo
1266 1461 1429 1543 perfectum
1453 1473 1618 1542 consurget
1633 1465 1723 1525 vitae
1739 1462 1873 1523 Christis·

480 1548 652 1609 Animulas.
674 1539 936 1628 Graeceduxtaui,
954 1549 1132 1609 vocabulum
1181 1569 1238 1610 nae
1259 1549 1436 1610 aedilicium.
1474 1549 1554 1628 Quis
1577 1570 1634 1610 uec
1662 1549 1742 1609 fides
1766 1549 1876 1631 prodest

438 1635 476 1696 sb
502 1636 634 1709 animo,
665 1653 725 1695 nun
754 1635 792 1696 ab
823 1638 931 1695 animo
963 1634 1131 1695 deductum.
1180 1637 1295 1716 absque
1319 1636 1479 1715 operibns,
1502 1656 1558 1695 nac
1580 1656 1679 1716 opere
1703 1635 1810 1697 valent
1832 1636 1873 1696 sb-

437 1722 556 1782 Dicitur
578 1731 676 1781 entem
697 1724 847 1782 animulis
862 1722 892 1781 iu
908 1721 1066 1800 Scriptura
1081 1724 1130 1782 tri·
1181 1743 1257 1802 sqne
1273 1723 1341 1782 fide.

437 1810 495 1869 bus
517 1806 625 1879 modis,
649 1807 899 1886 quemadmodum
921 1810 1131 1868 annotavimus
1224 1809 1414 1889 Quemquam
1453 1817 1485 1868 et
1520 1809 1564 1868 itu
1594 1809 1675 1868 verti
1709 1817 1809 1890 potest
1842 1829 1875 1870 ex

438 1897 469 1955 in
485 1904 637 1954 comment.
656 1892 751 1955 IGor.
768 1897 797 1954 2.
813 1896 852 1955 ad
868 1893 957 1953 illud:
974 1896 1133 1956 Animalia
1181 1895 1314 1957 Graeco:
1338 1895 1649 1971 Superusdiyioantss
1665 1915 1724 1956 vos
1739 1899 1875 1957 inrisere

437 1989 544 2042 nutem
559 1982 652 2041 homo
668 1999 735 2041 non
748 1983 886 2057 percipit
902 2000 949 2055 eo,
966 2002 1046 2057 quos
1058 1991 1133 2043 sunt
1180 1981 1231 2042 Sic
1256 1984 1336 2042 enim
1364 1981 1458 2041 illud:
1490 1974 1643 2055 ἑαυτοὺς,
1673 1984 1768 2061 juxta
1798 1982 1874 2042 verbi

437 2070 576 2144 Spiritus
592 2070 660 2128 Dei.
695 2068 849 2128 Praesenti
865 2067 929 2127 loco
947 2070 1081 2148 congruit
1096 2090 1132 2129 ea
1182 2069 1315 2148 regentia
1338 2069 1540 2148 exigentiam,
1563 2089 1624 2128 uon
1639 2089 1711 2128 raro
1726 2071 1875 2149 accipitur,

438 2155 631 2233 significatio,
655 2175 712 2235 que
735 2155 882 2215 animales
904 2153 1057 2228 dicuutur,
1080 2158 1133 2236 qui
1181 2165 1215 2215 ut
1230 2155 1308 2235 pr.
1326 2160 1370 2216 4.:
1398 2157 1562 2216 Dementes
1577 2157 1730 2230 inuicem,
1747 2175 1804 2236 pro
1822 2174 1874 2234 quo

438 2249 587 2301 sectentur
611 2262 662 2301 eas
686 2241 882 2322 cupiditates,
904 2260 985 2320 quae
1000 2251 1071 2302 eunt
1085 2263 1130 2302 ee·
1180 2244 1278 2302 minus
1293 2251 1373 2302 recte
1388 2244 1479 2302 vertit
1493 2243 1640 2321 interpres
1657 2241 1724 2303 col.
1743 2246 1792 2305 3.;
1815 2244 1873 2303 Do·

438 2327 567 2388 cundum
582 2331 711 2388 enimam
727 2329 917 2400 sensitivam,
940 2326 970 2386 id
992 2339 1054 2402 est,
1078 2332 1130 2408 qui
1181 2337 1294 2390 stantes
1320 2327 1469 2388 ‘schumet
1494 2330 1579 2403 ipsis.
1619 2327 1725 2407 Quale
1752 2336 1786 2388 et
1811 2327 1875 2388 illud

437 2414 574 2475 sensibus
604 2435 640 2474 ac
666 2433 807 2474 sensuum
841 2413 1050 2493 voluptatibus
1080 2415 1131 2473 ob·
1180 2415 1307 2476 ibidem:
1331 2415 1569 2476 Commorientes
1586 2422 1710 2475 vosmet
1732 2412 1873 2492 ipsos,id

437 2509 609 2580 sequuntur.
641 2500 732 2581 Quod
756 2501 861 2560 vitium
882 2502 947 2579 jem
968 2501 1131 2581 aliquoties
1181 2511 1236 2574 est,
1252 2521 1306 2562 vos
1322 2504 1465 2562 inuicem.
1488 2501 1874 2577 Super-aedificantem

437 2588 543 2649 inillis
559 2591 685 2649 notavit
724 2587 813 2647 Nunc
837 2597 935 2648 antem
953 2596 1039 2648 notet
1054 2608 1133 2648 novo
1180 2590 1360 2649 seinvicem
1376 2590 1590 2648 sanctissimos
1610 2587 1699 2664 fidei,
1717 2591 1774 2670 qni
1789 2590 1871 2648 musi·

436 2677 557 2735 nomine
574 2677 604 2734 iu
620 2675 676 2735 bac
691 2673 918 2752 significatione.
942 2673 1010 2752 Quo
1027 2683 1134 2755 postea
1181 2677 1219 2734 tis
1235 2683 1265 2735 et
1280 2675 1338 2754 piis
1355 2675 1523 2733 actionibus
1543 2676 1682 2734 excitant
1697 2695 1768 2736 sese
1782 2685 1874 2734 mutus

438 2762 549 2822 abusus
579 2760 636 2821 luit
665 2760 895 2834 Tertullianus,
931 2761 1072 2838 quando,
1102 2762 1134 2821 iu
1182 2760 1220 2820 ad
1242 2759 1429 2820 retinendam
1445 2760 1532 2821 tidem
1547 2761 1771 2840 Apostolicssn,
1794 2780 1875 2842 sape

437 2847 584 2908 baeresim
607 2848 743 2908 Montani
767 2846 939 2928 prolapsus,
967 2850 1132 2909 convicium
1181 2867 1243 2928 qua
1258 2846 1353 2908 semel
1367 2845 1487 2907 fundati
1504 2856 1581 2906 sunt.
1613 2846 1732 2909 Sensus
1748 2849 1873 2929 bispra-

438 2935 528 3013 bujus
542 2934 682 2995 vocabuli
701 2935 820 3013 jactare
836 2936 936 3014 coepit
951 2934 980 2994 in
999 2933 1131 2996 (letboli-
1180 2935 1291 2996 babilis
1315 2942 1369 2994 est.
1399 2935 1476 2995 Nem
1497 2941 1527 2993 et
1550 2933 1624 2994 alibi
1645 2934 1764 3014 legitur
1780 2936 1874 3014 hujus·

438 3042 498 3082 cos.
527 3021 618 3081 Unde
641 3032 671 3081 et
694 3020 801 3082 librum
823 3023 855 3082 in
875 3043 924 3083 eos
941 3024 1059 3101 scripsit
1075 3023 1133 3082 boc
1181 3021 1261 3082 modi
1277 3021 1405 3101 phrasis,
1421 3030 1455 3081 ut
1472 3025 1487 3080 1
1506 3020 1613 3081 Thess.
1630 3020 1679 3080 5.:
1711 3022 1875 3099 Asdifleuts

438 3108 538 3170 titulo:
566 3110 722 3171 Aduersus
735 3109 902 3184 psychicos.
933 3108 1010 3170 Sunt
1025 3117 1133 3180 tamen,
1182 3110 1382 3169 alterutrum.
1425 3107 1519 3167 Porro
1543 3107 1636 3184 fldem
1662 3108 1703 3169 sb
1726 3107 1875 3188 Apostolis

438 3198 490 3276 qni
510 3196 684 3275 generalius
710 3198 943 3276 interpretantur
964 3196 1133 3270 animales,
1181 3194 1321 3256 meditem
1352 3202 1383 3254 et
1413 3202 1567 3273 acceptam
1599 3203 1693 3254 vocet
1721 3197 1875 3256 semaei·

438 3284 556 3344 scilicet
571 3303 639 3357 eos,
662 3285 714 3363 qui
737 3290 850 3342 tantum
867 3304 901 3343 ea
917 3283 1066 3362 recipiunt
1081 3290 1135 3341 aut
1181 3301 1278 3355 mam,
1295 3280 1373 3361 quod
1389 3280 1420 3339 in
1432 3282 1499 3360 ejus
1515 3280 1656 3341 doctrine
1671 3281 1748 3342 nibil
1762 3284 1810 3355 sit,
1825 3280 1875 3342 nisi

438 3378 612 3450 sequuntur,
627 3369 666 3429 ad
682 3389 760 3449 quae
776 3368 857 3429 ducit
872 3378 981 3429 nature
992 3389 1045 3429 seu
1057 3371 1133 3430 ratio
1182 3376 1336 3440 sanctum,
1358 3386 1467 3446 purum
1491 3375 1520 3427 et
1541 3367 1780 3428 immaculatum.
1817 3367 1875 3447 Quo

437 3456 566 3518 humana
595 3456 740 3516 divinitus
763 3476 823 3516 non
848 3456 1024 3516 illuminate.
1064 3455 1132 3536 Quo
1182 3454 1316 3536 epitheto
1344 3453 1435 3513 fidem
1457 3454 1666 3532 Apostolicam
1694 3454 1876 3516 discernite

437 3547 526 3605 nrodo
554 3563 657 3603 omnes
680 3542 849 3623 philosophi
875 3539 1031 3622 gentilium
1057 3546 1132 3603 oni·
1181 3541 1241 3602 fide
1257 3550 1288 3600 et
1303 3539 1439 3600 doctriua
1451 3540 1572 3601 scholae
1583 3540 1793 3613 Simonianae,
1807 3557 1876 3622 quse

437 3632 534 3692 moles
557 3629 689 3691 fuerunt.
719 3630 847 3708 Utrique
869 3630 1051 3710 expositioni
1074 3651 1133 3690 non
1182 3649 1241 3689 non
1271 3628 1368 3687 solum
1397 3626 1528 3687 absurde
1556 3626 1651 3687 multa
1683 3627 1723 3687 de
1757 3630 1823 3688 Dec
1850 3635 1877 3685 st

437 3718 623 3778 incommode
646 3714 805 3796 respondet
820 3717 978 3778 antithesis
994 3735 1133 3796 sequens.
1182 3712 1292 3775 mundo
1322 3713 1472 3792 fingebat,
1509 3732 1613 3774 verum
1645 3715 1738 3773 etism
1770 3715 1877 3794 impuro

480 3807 635 3881 Spiritum
651 3822 719 3864 non
734 3804 889 3865 habentes.
908 3803 946 3862 Id
958 3814 1014 3876 est,
1030 3802 1133 3863 divino
1183 3799 1331 3880 quaedem
1348 3819 1383 3858 ac
1395 3798 1525 3859 nolendo
1537 3798 1680 3859 tradebat
1690 3799 1876 3880 turpitudinis

437 3892 548 3971 Spiritu
574 3890 725 3964 destituti,
756 3890 885 3968 ideoque
910 3890 963 3950 toti
987 3889 1133 3950 animales
1182 3909 1218 3948 sc
1233 3886 1389 3946 libidinum
1405 3887 1558 3964 mysteria.

438 3988 530 4057 etque
549 3977 696 4039 ceruales.
726 3977 804 4037 Nam
821 3975 872 4035 ubi
887 3977 1010 4055 spiritus
1026 3974 1131 4057 adver·
1225 3975 1268 4035 ln
1286 3973 1411 4049 Spiritu
1426 3979 1534 4034 sonmo
1549 3979 1690 4034 orantes.
1721 3973 1823 4034 Illud:
1843 3974 1878 4034 ln

437 4083 488 4124 sue
514 4085 633 4126 caruem
661 4086 720 4124 non
747 4064 951 4142 concupiscit,
981 4062 1133 4142 reliquum
1182 4063 1297 4137 spiritu
1323 4066 1449 4133 sancto,
1481 4058 1602 4139 qnidam
1626 4060 1877 4138 praecedentibus

437 4161 503 4225 est,
532 4159 567 4211 ut
593 4171 697 4212 sensus
724 4158 754 4210 et
779 4169 849 4210 caro
876 4150 967 4228 plene
993 4149 1133 4210 libertate
1183 4154 1361 4221 annectuut3
1384 4166 1489 4206 verum
1509 4145 1603 4206 multo
1618 4148 1724 4226 aptius
1741 4148 1878 4211 ethus

437 4238 642 4311 dominentur,
666 4238 879 4315 hominemque
896 4235 1057 4315 impellant
1072 4245 1133 4294 tam
1183 4234 1294 4295 verbo:
1318 4241 1454 4293 orantes.
1493 4231 1588 4293 Orant
1607 4236 1692 4294 enim
1715 4236 1748 4296 in
1773 4236 1878 4316 Spiritu

438 4325 477 4387 ed
505 4345 544 4386 es
569 4333 706 4406 peccata,
734 4342 812 4404 quae
838 4325 959 4403 proprie
984 4324 1134 4383 cornutio
1183 4329 1294 4391 sancto,
1311 4318 1340 4380 id
1353 4328 1407 4391 eet,
1423 4339 1478 4400 per
1493 4319 1640 4400 Spiritum
1657 4330 1809 4396 sanctum,
1833 4320 1879 4402 qui

437 4420 588 4485 vocentur,
612 4410 756 4491 quemad
772 4430 824 4482 ea,
849 4429 928 4489 quse
948 4410 1135 4486 spiritualia
1184 4417 1302 4468 orentes
1326 4415 1447 4486 petunt,
1473 4425 1553 4485 quae
1576 4406 1715 4486 petenda
1742 4417 1831 4480 snut,
1855 4414 1879 4466 st

437 4498 496 4561 dici
512 4500 618 4560 solent.
1183 4491 1333 4574 quomodo
1356 4491 1496 4572 petenda.
1534 4494 1619 4553 Nom
1644 4496 1728 4571 quid
1753 4513 1878 4567 oremus,

481 4588 532 4646 20.
561 4588 620 4647 Vos
632 4593 751 4659 autem,
767 4586 932 4657 carissimi,
949 4584 1136 4659 superaedi-
1183 4584 1263 4640 aaut
1278 4587 1411 4656 oportet,
1429 4582 1596 4654 nescimus,
1612 4580 1658 4641 eit
1675 4581 1794 4644 Paulus
1804 4585 1879 4644 Rom

436 4673 1136 4750 montesvosmetipsosscnctissimnsvsstros
1185 4669 1213 4727 8.
1236 4668 1298 4728 Sed
1312 4670 1379 4741 ipss
1394 4667 1533 4742 Spiritus
1549 4669 1699 4743 postulat
1712 4689 1777 4747 pro
1792 4670 1879 4740 notis,

438 4759 522 4835 {idei
544 4761 659 4819 Rursus
673 4759 842 4820 exhortatio
860 4766 914 4828 est,
931 4777 993 4836 qus
1004 4757 1138 4818 breviter
1186 4752 1292 4825 idest,
1316 4753 1469 4831 postulare
1488 4750 1645 4815 uosfscit
1678 4754 1779 4819 Orant
1794 4768 1879 4819 aas·

438 4844 558 4907 modum
582 4866 618 4906 ec
635 4845 774 4925 ‚regulam
791 4841 923 4904 ostendit
938 4841 1137 4924 perveniendi
1185 4861 1246 4901 non
1261 4842 1292 4899 in
1307 4840 1420 4921 Spiritu
1439 4848 1554 4911 sancto,
1570 4840 1629 4901 sed
1647 4845 1817 4908 secundum
1830 4862 1880 4906 sat·

439 4932 478 4993 sd
512 4932 649 4993 salutem.
698 4932 826 4992 Codices
862 4951 921 4991 non
951 4931 1037 5009 psuci
1064 4949 1136 5008 pro:
1186 4948 1269 4999 nem,
1293 4928 1342 5007 qui
1365 4934 1470 5008 petunt
1490 4926 1613 5002 aDeo,
1637 4932 1724 5013 quod
1742 4937 1878 4997 ὶῃωῃοι·

437 5026 569 5096 vestrae,
579 5020 699 5101 legunt:
713 5027 851 5081 nostros.
866 5017 1013 5080 Similiter
1021 5016 1139 5079 Graece
1186 5015 1343 5097 piscentiis
1365 5014 1426 5077 suia
1448 5014 1623 5094 insument,
1647 5019 1722 5086 Jau
1739 5028 1769 5087 4.
1808 5016 1879 5085 Unde
