4442 5825
392 566 466 637 350
909 555 1332 616 couuuumnsuosmu.

391 735 572 816 Gsiguceus,
588 734 700 807 dicens,
716 733 895 816 Apostolum
910 755 971 796 non
986 735 1088 816 inepte
1142 736 1172 796 id
1189 745 1310 797 estnon
1325 734 1448 816 pluries.
1469 735 1576 798 Potest
1597 744 1702 809 sutem

392 823 432 884 sd
447 821 611 884 secundum
627 822 740 884 Christi
752 822 914 883 adventum
926 822 1088 902 applicare,
1143 824 1173 884 in
1203 823 1303 883 verbis
1333 823 1472 902 Apostoli
1502 822 1618 904 duplex
1656 845 1713 906 unp

391 909 473 992 quod
489 911 640 991 Propheta
655 908 693 969 de
709 911 805 990 primo
820 909 947 970 dixerat.
1138 911 1228 989 juxte
1244 908 1394 990 duplicem
1412 909 1594 971 intellectum
1610 911 1713 972 mohil.

433 997 596 1057 Possumus
612 997 705 1056 etism
721 997 809 1057 aliter
823 994 1020 1075 respondere,
1043 997 1087 1057 ni·
1185 996 1265 1058 Num
1282 998 1308 1056 ei
1324 997 1454 1056 mobilia
1470 996 1699 1078 intelligantur,

391 1084 500 1144 mirum
520 1084 573 1144 ille
596 1082 691 1144 serbe
704 1083 892 1164 Prophetae:
918 1083 987 1158 Epo
1003 1101 1088 1144 eom·
1142 1098 1231 1144 retus
1247 1091 1458 1143 testamentum
1473 1085 1676 1163 pertinebunt,
1697 1104 1713 1145 u

390 1171 521 1232 movebo
545 1172 664 1232 coelum
681 1177 711 1229 et
730 1177 868 1246 terrum,
897 1176 926 1229 et
947 1189 1036 1230 more
1059 1177 1089 1229 et
1143 1170 1298 1242 naculum,
1319 1172 1537 1244 sanctuarium,
1563 1191 1649 1246 erce,
1672 1192 1713 1233 me

390 1259 536 1337 aridam,
564 1259 727 1338 generatim
752 1259 904 1336 pertinere
930 1256 969 1316 ed
993 1266 1088 1316 totum
1143 1267 1278 1332 caetere,
1313 1256 1352 1317 de
1378 1257 1488 1336 quihus
1519 1267 1620 1318 sctum
1646 1268 1696 1319 est

389 1354 522 1424 tempus,
553 1345 635 1425 qnod
662 1341 795 1405 decurrit
825 1343 863 1403 sb
890 1344 976 1403 initio
1002 1345 1089 1423 regni
1143 1338 1230 1419 (heec
1253 1346 1330 1404 enim
1345 1340 1453 1424 ltypice
1474 1364 1528 1425 per
1552 1354 1661 1405 terrem
1676 1347 1707 1405 iu

389 1432 501 1494 Christi
529 1432 666 1492 interris
689 1450 786 1511 nsque
808 1429 847 1490 ed
870 1431 935 1509 ejus
959 1428 1087 1509 comple·
1143 1431 1225 1492 tione
1250 1439 1359 1490 motem
1381 1430 1546 1510 significari
1570 1440 1712 1512 possunt,

388 1531 531 1580 mentum.
556 1519 614 1578 Per
628 1517 704 1577 illud
721 1518 799 1579 enim
815 1516 993 1578 mirabiliter
1009 1537 1086 1577 com·
1143 1525 1261 1577 terrens
1283 1526 1313 1577 et
1328 1514 1525 1597 corporalir):
1548 1538 1656 1581 censue
1672 1520 1713 1580 eri

389 1614 485 1667 motus
501 1605 561 1666 tuit
582 1612 615 1664 et
638 1614 840 1665 commovetur
862 1602 999 1665 mundus.
1037 1603 1088 1664 Sic
1142 1604 1282 1684 phetam,
1298 1603 1462 1665 dicentem:
1482 1607 1586 1667 adbuc
1601 1606 1713 1683 remei,

391 1693 484 1772 igitur
499 1691 625 1772 implete
646 1692 705 1752 fuit
728 1690 781 1752 ills
795 1691 957 1770 Prophetie
980 1710 1086 1750 eccun-
1143 1711 1236 1760 casse,
1247 1691 1329 1771 qnod
1340 1690 1394 1752 ille
1404 1692 1713 1771 prioretreusterendi

389 1778 460 1840 dum
476 1779 711 1853 inchoationem,
733 1787 765 1839 et
783 1778 987 1856 metaphorice
1001 1776 1085 1837 intel·
1142 1786 1172 1837 et
1187 1781 1384 1838 mutationem
1408 1780 1557 1854 subiture,
1581 1789 1713 1859 temque

388 1867 482 1940 lecte,
512 1868 543 1927 in
570 1867 666 1945 primo
696 1863 807 1926 Christi
837 1865 987 1935 adventu,
1016 1873 1087 1923 tunc
1142 1865 1280 1924 menibus
1295 1867 1446 1926 hominum
1470 1863 1527 1944 (sic
1549 1869 1628 1928 enirn
1649 1888 1713 1949 epp

389 1956 527 2027 maxime,
539 1952 662 2033 queudo
674 1954 775 2033 coepit
787 1950 989 2030 Evsuugelium
1001 1969 1087 2031 prse-
1142 1950 1248 2013 eodem
1263 1954 1364 2031 cupite
1378 1950 1429 2029 e),
1444 1962 1478 2014 nt
1489 1965 1713 2033 permaneante

390 2040 484 2101 diceri
501 2041 581 2101 omni
597 2049 768 2115 creotnree3
784 2049 936 2099 coeterum
952 2056 1086 2097 eonsum-
1141 2039 1201 2099 illis
1228 2038 1407 2113 succedunt,
1435 2050 1466 2100 et
1492 2060 1620 2122 quorum
1649 2043 1713 2102 imm

389 2135 487 2199 mete,
513 2146 666 2207 sensuque
691 2127 828 2207 proprio,
860 2122 1031 2204 implebitur
1057 2124 1087 2182 iu
1141 2127 1324 2206 significetur
1335 2146 1389 2206 per
1400 2128 1538 2188 roculem
1552 2128 1657 2189 cernel.
1690 2128 1713 2189 Ε

390 2212 520 2275 secundo
538 2215 604 2292 ejus
628 2211 774 2284 adventu,
801 2231 862 2291 quo
885 2213 988 2271 veniet
1006 2206 1086 2288 judi·
1140 2220 1200 2274 tem
1215 2223 1301 2285 sunt,
1331 2233 1410 2292 quse
1431 2213 1470 2275 sd
1492 2233 1606 2275 novum
1627 2223 1713 2276 testu

390 2320 459 2361 cere
474 2301 630 2362 soeculum
646 2301 822 2380 perignem.
847 2299 937 2358 Tunc
953 2299 1040 2370 enim,
1055 2304 1088 2356 nt
1141 2302 1308 2379 pertinent,
1339 2309 1371 2359 et
1397 2302 1547 2381 prioribus
1574 2300 1637 2362 illis
1665 2303 1713 2365 edu

390 2395 435 2449 est
451 2390 480 2448 iu
497 2387 639 2468 precibus
654 2385 830 2460 Ecclesiae,
845 2386 924 2446 coeli
939 2384 1088 2445 mouendi
1140 2387 1275 2459 fuerunt,
1300 2397 1333 2447 ut
1355 2387 1583 2449 tabernaculum
1605 2409 1711 2451 verum

389 2482 466 2535 eunt
481 2482 509 2534 et
525 2483 623 2536 terro.
657 2474 737 2535 Huic
758 2492 832 2532 senc
847 2469 1028 2552 generslicri
1044 2473 1086 2531 in·
1140 2472 1360 2546 munufactum,
1376 2484 1406 2534 et
1421 2487 1525 2536 sancte
1540 2474 1701 2554 coelestin

390 2561 538 2634 tellectui,
564 2564 596 2622 in
618 2560 718 2621 verbis
740 2560 912 2639 Prophetae
935 2556 1011 2618 nihil
1034 2566 1088 2630 est,
1140 2562 1197 2621 bus
1212 2561 1282 2620 item
1299 2581 1364 2640 rep.
1383 2563 1412 2620 8.
1428 2572 1459 2622 et
1474 2564 1503 2622 9.
1526 2562 1713 2642 Significavit

390 2646 471 2729 quod
485 2657 643 2729 repugnet.
1140 2645 1223 2707 modi
1255 2647 1480 2710 mensletionem
1508 2651 1691 2732 Apostolus,

433 2736 484 2794 27.
509 2735 600 2816 Quod
616 2741 741 2795 autem:
757 2732 868 2793 Adbuc
882 2732 985 2805 semel,
1003 2731 1087 2791 dicit.
1141 2734 1259 2795 dicens:
1293 2737 1464 2796 Troneloto
1494 2737 1691 2815 sacerdotio,

390 2819 523 2883 Graece:
539 2820 629 2882 Illud
641 2828 764 2882 outem:
779 2819 892 2880 Adhuc
904 2819 997 2878 semel
1005 2840 1017 2895 ,-
1033 2815 1087 2877 sed
1142 2828 1203 2897 est,
1230 2829 1266 2882 ut
1280 2823 1358 2898 lepis
1379 2824 1549 2885 translatio
1564 2825 1632 2902 {lot

390 2906 467 2969 bene
482 2927 599 2969 sensnm
615 2905 715 2970 reddit
734 2909 889 2987 interpres.
1186 2907 1240 2969 Sin
1262 2917 1362 2969 eutem
1388 2911 1519 2972 mobilia
1539 2913 1713 2993 intelligent

427 2994 1087 3056 Deelurotmobiliumtronslutionemtom·
1142 2995 1203 3055 lum
1218 3004 1249 3055 et
1264 3004 1350 3069 terre,
1366 2995 1404 3058 de
1420 3000 1532 3077 quibus
1542 3001 1647 3081 utique
1663 3001 1713 3062 dix

391 3100 489 3158 quum
502 3082 673 3160 [cetorum.
706 3079 840 3141 Grrece:
858 3080 1009 3141 Declorot
1024 3078 1089 3137 sive
1142 3081 1272 3142 movebo
1287 3101 1355 3143 non
1371 3084 1472 3145 solum
1494 3093 1634 3163 terram,
1658 3086 1711 3148 red

391 3168 549 3244 sipniflcot
577 3186 703 3242 eurum,
744 3186 826 3244 quoe
856 3166 1087 3239 concutientur,
1142 3170 1228 3245 lum,
1251 3188 1357 3229 sensus
1380 3180 1442 3241 est,
1466 3172 1650 3253 Prophetsm
1677 3194 1712 3235 se

391 3256 634 3317 tronelotionem
643 3299 651 3328 ,
669 3254 756 3315 velut
766 3257 836 3328 Jom
850 3253 1023 3331 fertonem.
1143 3256 1247 3315 adbuc
1261 3257 1372 3333 semel,
1389 3257 1575 3332 declarasse,
1595 3259 1676 3342 qnod
1691 3258 1713 3321 el

440 3342 480 3402 Ut
494 3349 648 3404 moneant
659 3359 707 3417 ea,
724 3347 892 3418 quaerunt
904 3338 1087 3399 immobilia.
1142 3340 1235 3422 (quoe
1250 3345 1368 3403 nomine
1383 3344 1459 3404 coeli
1481 3353 1513 3407 et
1533 3354 1634 3408 terres
1649 3366 1711 3407 com

391 3427 524 3489 Graece:
547 3430 587 3491 Ut
600 3434 755 3490 moneant
770 3445 818 3503 eo,
834 3444 916 3503 qnae
927 3443 995 3487 non
1011 3444 1089 3486 con·
1143 3426 1267 3501 duntur)
1282 3429 1481 3491 concutiendo
1497 3435 1572 3506 sint,
1599 3442 1631 3494 et
1645 3431 1713 3495 incl

393 3516 568 3577 eutinntnr.
593 3513 653 3575 Sed
668 3515 839 3575 meminisse
853 3519 988 3593 oportet,
1008 3510 1089 3592 quod
1143 3518 1218 3575 ciem
1240 3515 1481 3593 trrnemutendr,
1507 3528 1542 3579 nt
1567 3520 1622 3581 ille
1647 3539 1713 3581 men

392 3600 463 3662 slibi
487 3601 633 3674 diximus,
659 3599 818 3681 participia
842 3618 926 3660 more
947 3598 1088 3659 Hebraeo
1142 3601 1233 3662 ulium
1254 3609 1367 3663 statum
1389 3624 1448 3663 nou
1471 3606 1601 3688 emplius
1623 3626 1713 3668 comus

392 3686 520 3750 subinde
535 3688 672 3768 usurpari
695 3706 749 3767 pro
772 3684 942 3747 nominibus
960 3685 1089 3745 verbuli·
1143 3708 1223 3768 quse
1246 3690 1285 3748 iis
1307 3689 1483 3765 succedent,
1505 3692 1537 3753 id
1558 3702 1607 3753 est
1625 3692 1697 3755 novi

391 3773 456 3835 bus.
486 3776 545 3835 Est
559 3783 658 3834 eutem
681 3774 730 3834 hic
745 3772 939 3853 perticipium
957 3763 1089 3830 σαλευό·
1142 3795 1222 3835 nove
1236 3783 1334 3851 terro,
1349 3779 1380 3835 iu
1395 3779 1503 3857 quihus
1516 3780 1636 3858 justitie
1652 3777 1713 3840 bebi

391 3876 476 3937 μενα.
511 3860 614 3940 Quare
636 3880 690 3940 pro
714 3879 749 3921 oo
773 3859 918 3934 offirmato
934 3866 965 3919 et
978 3867 1088 3939 uegeto
1142 3862 1275 3940 loquitur
1290 3862 1324 3922 B.
1340 3863 1448 3924 Petrus
1464 3866 1493 3925 2.
1509 3866 1606 3946 Epist.
1623 3872 1652 3930 3.
1686 3865 1713 3927 ll

391 3946 467 4007 bene
481 3950 574 4008 vertit
588 3948 751 4028 interpres:
773 3947 905 4007 mobilia
928 3953 960 4007 et
974 3949 1088 4006 immo·
1142 3958 1241 4009 sutem
1253 3949 1430 4030 intelligitur
1440 3972 1567 4031 regnum
1582 3952 1712 4015 christia

392 4032 477 4094 hitto.
512 4034 575 4094 Noe
598 4034 818 4095 concussibilio
838 4042 869 4093 ot
894 4036 1088 4094 inconcussi·
1142 4045 1261 4095 mutum.
1295 4036 1380 4097 Dicit
1401 4047 1519 4098 eutem:
1546 4047 1706 4119 tamquam

392 4119 470 4181 bilia
485 4119 657 4195 diceremus,
673 4122 700 4182 si
711 4140 782 4182 usus
792 4130 952 4202 peteretur.
976 4118 1088 4199 Quem·
1142 4140 1232 4198 rum,
1259 4131 1293 4180 ut
1315 4123 1420 4183 volunt
1445 4126 1640 4206 interpretes,
1666 4121 1702 4186 ed

392 4227 481 4288 quern
497 4228 555 4267 non
570 4227 661 4288 nego,
685 4209 776 4268 etiem
793 4227 842 4267 eos
859 4215 938 4267 recte
953 4209 1087 4278 vertisse,
1142 4207 1282 4282 mudum,
1310 4209 1390 4288 quod
1409 4209 1530 4273 Christo
1552 4208 1619 4294 (qui
1641 4215 1712 4274 intro

392 4295 444 4374 qui
461 4294 618 4374 participis
633 4294 823 4356 resolverunt
838 4296 868 4353 in
885 4292 987 4353 serbe.
1141 4297 1199 4356 iste
1224 4293 1365 4375 loquens)
1391 4297 1482 4359 fecile
1510 4301 1567 4373 sit,
1595 4313 1713 4361 commet

434 4379 669 4461 Argumentetur
684 4381 849 4461 Apostolus
873 4398 912 4440 ex
929 4377 982 4439 ille
997 4380 1086 4458 perti·
1141 4390 1339 4442 trsnsmutere
1353 4384 1469 4444 coelum
1486 4394 1517 4445 et
1527 4395 1648 4460 terrem,
1662 4391 1713 4466 np

392 4467 477 4528 culs:
494 4469 605 4529 Adbuc
620 4469 725 4543 remei,
742 4476 780 4541 et,
795 4475 828 4527 ut
843 4467 883 4525 eit
897 4466 932 4526 B.
946 4463 1087 4538 Thomas,
1142 4469 1238 4549 ipsius
1252 4487 1354 4547 opere,
1371 4472 1449 4531 sicut
1464 4492 1502 4533 ex
1519 4472 1642 4534 Psalmo
1655 4471 1713 4534 101.

391 4573 528 4633 megnrm
545 4556 575 4614 in
590 4575 626 4615 ee
641 4557 703 4615 vim
718 4554 800 4614 fecit.
830 4552 891 4632 Qui
909 4552 986 4612 euim
1002 4550 1087 4611 dicit:
1140 4556 1172 4614 in
1197 4575 1263 4634 cap.
1293 4560 1319 4615 1.
1346 4556 1435 4635 hujus
1465 4560 1635 4638 Epistolse.
1669 4555 1713 4626 Ut

393 4641 504 4702 Adbuc
514 4642 618 4717 semel,
635 4640 792 4720 significet,
804 4637 919 4720 sliquid
928 4639 991 4716 jem
1005 4658 1087 4718 prue·
1142 4643 1315 4721 mysterium
1331 4645 1395 4721 jem
1418 4644 1531 4705 dictum
1548 4645 1707 4726 Gejetenu

391 4729 523 4800 teriisse,
547 4736 578 4787 et
593 4726 675 4788 eliud
691 4726 840 4797 mserum,
866 4723 948 4806 quod
971 4743 1088 4803 permsv
1142 4726 1209 4787 loco
1224 4730 1447 4809 contempletur.
1471 4732 1533 4793 Sed
1550 4733 1584 4793 B.
1598 4732 1713 4794 Thone

391 4821 477 4882 uest.
507 4833 565 4875 nee
594 4813 725 4890 emplius
751 4814 782 4874 in
808 4811 891 4872 eliud
922 4809 1087 4892 quidquem
1142 4814 1199 4874 hoc
1215 4818 1364 4894 posterius
1380 4816 1486 4891 trudit,
1507 4828 1538 4879 et
1558 4828 1650 4881 recte.
1682 4813 1713 4892 Ut

393 4909 596 4961 commutetur.
634 4901 711 4961 Nem
731 4898 811 4961 istud
834 4901 926 4960 semel
942 4898 1089 4977 accipitur
1140 4903 1241 4981 potius
1257 4902 1329 4962 tecit
1341 4902 1381 4964 ed
1392 4914 1564 4967 contextum
1578 4915 1609 4968 et
1620 4915 1713 4986 scopu

393 5000 461 5047 eum
482 4989 576 5048 tecit·
605 4986 796 5049 exclusione:
822 4985 925 5048 Semel
949 4992 1087 5061 tentum,
1139 4988 1219 5049 stoli.
1265 4990 1333 5071 Quo
1363 4992 1454 5053 etiem
1484 4981 1712 5056 commentuml
