4442 5825
1346 606 1677 664 merens
1709 606 1792 662 An
1827 606 2156 663 mnaso&
2227 607 2396 663 vms.
2429 609 2514 663 81.
2550 610 2634 663 82.

780 782 1110 857 fornicatio·
1141 803 1262 845 non
1305 784 1696 864 reputabatur
1738 804 1878 865 pec-

768 869 1193 944 mulierculae,
1235 873 1662 952 cauponariam
1709 892 1878 933 exer-

773 958 828 1017 si
860 958 1021 1017 viros
1065 978 1185 1019 non
1212 959 1536 1024 haberent.
1591 960 1771 1019 simul
1802 978 1879 1022 ex

3103 620 3110 627 ’
3229 612 3377 687 800

1986 784 2192 847 dentis
2252 793 2601 865 suggestum
2657 783 2859 846 fuisse.
2932 784 3149 866 Neque
3205 783 3380 859 enim,

1985 873 2089 953 qui
2119 871 2300 933 fidem
2331 871 2588 945 habent,
2620 872 2821 933 omnia
2847 880 3036 952 agunt
3063 891 3139 933 ex
3170 869 3305 931 ficia

2072 960 2173 1020 32.
2219 961 2309 1021 Et
2354 958 2508 1036 quid
2551 959 2761 1020 adhuc
2790 957 3049 1019 dicam?
3117 957 3377 1020 Graece:

742 1043 912 1105 ‚tione
963 1064 1276 1123 corporum
1330 1056 1640 1125 quaestum
1692 1046 1875 1108 facie-
1987 1045 2144 1107 dico·
2189 1045 2443 1117 Desino,
2473 1046 2683 1124 inquit,
2716 1044 2891 1124 plura
2919 1061 3379 1106 commemorare

741 1131 904 1211 ltqui
950 1131 1096 1190 satis
1138 1141 1408 1205 constat,
1461 1131 1675 1193 Rabab
1706 1134 1876 1193 innu-

741 1224 807 1276 ut
856 1227 1025 1277 certe
1076 1217 1320 1277 viduam
1363 1217 1586 1295 fuisse3
1648 1227 1879 1280 tantum

741 1304 999 1364 iciseitur
1029 1302 1105 1364 de
1127 1304 1324 1366 salute
1346 1308 1534 1386 patris
1558 1326 1630 1366 ac
1654 1308 1877 1379 matris,

741 1410 849 1449 um
892 1411 964 1451 ac
1011 1410 1314 1464 sororum,
1371 1393 1559 1455 Josue
1613 1395 1702 1465 2.,
1762 1412 1878 1454 nec

744 1496 911 1538 ecum
943 1477 1175 1552 educit,
1218 1478 1415 1540 Josue
1446 1481 1502 1540 6.

741 1626 832 1667 :ur
859 1609 1054 1668 visum
1087 1609 1202 1670 fuit
1231 1609 1552 1689 Apostolo,
1582 1617 1720 1689 post
1747 1608 1876 1669 Mo·

772 1696 1176 1773 patriarchas,
1236 1699 1400 1757 viros
1453 1698 1879 1769 sanctissimOS,

741 1801 792 1840 m
837 1783 1206 1843 meretricem
1251 1785 1314 1843 in
1359 1782 1692 1862 exemplum
1739 1783 1876 1842 fidei

741 1866 864 1927 are?
936 1869 1233 1929 Nimirum
1282 1878 1349 1929 ut
1403 1871 1640 1943 doceat,
1695 1869 1878 1930 nullis

741 1974 750 2012 ι
803 1955 1297 2033 praecedentibus
1363 1955 1643 2036 impediri
1701 1975 1879 2036 posse

767 2041 923 2113 Dei,
955 2043 1126 2122 cujus
1156 2063 1194 2102 a
1223 2042 1339 2103 fide
1369 2051 1462 2103 est
1482 2043 1732 2103 initium.
1777 2044 1879 2104 Sic

741 2148 811 2187 oc
839 2127 972 2188 loco
1018 2128 1468 2190 commendatur
1512 2128 1662 2189 fides
1691 2149 1875 2190 mere·

741 2215 884 2275 sicut
933 2215 1096 2294 apud
1148 2216 1377 2278 Lucam
1429 2237 1559 2296 cap.
1619 2218 1673 2275 7.
1726 2215 1875 2276 fides

742 2301 860 2377 cis3
926 2323 1047 2363 non
1096 2310 1163 2362 ut
1212 2303 1316 2363 illa
1365 2303 1674 2375 meretrix,
1725 2302 1876 2363 haec

744 2407 786 2448 x
817 2391 1189 2462 remanserit,
1220 2390 1326 2450 sed
1357 2409 1477 2469 quo
1516 2390 1879 2469 significetur
1918 2390 1919 2401 ¹

741 2475 995 2549 linibus,
1049 2476 1192 2551 quid
1252 2476 1502 2551 fuerint,
1555 2485 1875 2557 antequam

741 2571 825 2635 nt,
857 2571 919 2622 et
949 2561 1247 2624 credendo
1278 2565 1707 2643 poenitentiam
1737 2582 1875 2643 age-

741 2648 829 2708 fec
874 2650 1184 2729 indignum
1229 2649 1421 2710 videri
1474 2650 1707 2722 debuit,
1761 2651 1875 2710 huc

758 2736 1069 2796 mulierem
1141 2738 1542 2810 meretricem,
1616 2755 1873 2816 eamque

747 2843 916 2897 nam,
972 2833 1039 2882 ut
1089 2843 1247 2903 quae
1299 2843 1410 2904 per
1462 2823 1641 2884 fidem
1695 2825 1873 2884 insita

746 2910 868 2970 Dei
916 2913 977 2971 in
1019 2910 1311 2973 illustrem
1353 2932 1425 2971 ac
1467 2913 1699 2992 regiam
1741 2932 1872 2991 pro-

767 3000 1224 3077 germinaverit‚
1292 3018 1369 3059 ex
1429 3018 1550 3078 qua
1601 2996 1872 3059 Christus

741 3094 842 3143 tur.
890 3084 1069 3145 Unde
1094 3095 1154 3146 et
1175 3086 1236 3146 in
1267 3086 1632 3167 genealogia
1659 3085 1868 3147 Salva·
1914 3136 1917 3148 s

741 3171 1033 3233 flattbaeo
1066 3174 1416 3244 nominatim
1447 3174 1645 3253 posita
1675 3181 1786 3233 est.

741 3306 912 3365 viem
983 3306 1415 3380 carpzov-atores
1484 3324 1625 3367 cum
1698 3321 1871 3380 pace.

741 3390 981 3468 djungit
1033 3411 1180 3469 opus
1227 3411 1306 3452 ex
1348 3391 1468 3453 fide
1519 3390 1870 3471 profectum,
1924 3390 1927 3429 ³

741 3476 778 3537 d
807 3476 1061 3537 salutem
1086 3481 1336 3555 meruit3
1368 3476 1870 3558 quemadmodum

741 3563 942 3625 scobus
971 3563 1264 3639 ostendit,
1304 3584 1433 3626 eam
1465 3585 1587 3626 non
1615 3566 1870 3626 otiosam

741 3671 761 3710 ε
791 3649 990 3724 fidem,
1020 3650 1127 3712 sed
1161 3670 1239 3712 ex
1272 3652 1550 3731 operibns
1573 3652 1867 3751 justifica-

741 3740 1056 3815 aeeipiem,
1104 3736 1340 3799 Graece
1371 3734 1693 3817 δεξαμενη,
1726 3756 1870 3799 eum

741 3833 827 3885 tet.
895 3825 980 3885 Et
1008 3842 1221 3886 sensus
1252 3834 1375 3898 est,
1420 3845 1555 3885 eam
1584 3824 1701 3886 fide
1729 3825 1872 3885 viva

741 3932 841 3973 osa
890 3918 1305 3985 consecutam,
1359 3921 1426 3971 ut
1478 3931 1595 3972 non
1648 3914 1872 3991 periret

741 3998 1032 4071 credulis,
1092 4018 1166 4059 eo
1232 3998 1393 4079 quod
1447 4000 1871 4079 exploratores,

767 4096 1113 4165 susceptos,
1159 4105 1293 4146 cum
1340 4088 1504 4147 vitae
1532 4106 1677 4147 suae
1709 4087 1859 4166 peri·

741 4196 751 4234 ι
768 4171 1134 4233 dubitaverit
1156 4173 1461 4233 occultare
1475 4184 1534 4234 et
1554 4173 1868 4234 dimittere.

741 4260 816 4321 im
859 4271 992 4320 erat
1037 4263 1322 4335 excipere
1367 4279 1471 4321 eos
1510 4280 1649 4321 oum
1687 4279 1867 4338 paee,

741 4346 900 4408 abita
928 4366 1069 4407 cura
1099 4346 1349 4422 salutis,
1392 4366 1471 4408 ne
1515 4347 1868 4427 deprehensi

745 4442 970 4495 rentur.
1036 4431 1198 4494 Nam
1225 4437 1402 4511 pacis
1430 4437 1671 4495 nomine
1696 4434 1870 4495 salus

744 4522 901 4582 turis
931 4521 1257 4600 significari
1284 4521 1456 4583 solet.
1502 4522 1731 4602 Quaeri
1764 4542 1866 4601 po-

740 4606 984 4670 tomodo
1014 4607 1237 4668 facturn
1269 4609 1540 4670 mulieris
1570 4608 1869 4669 adscriba-

741 4739 779 4767 .,
810 4714 947 4755 cum
977 4695 1227 4754 mentita
1256 4695 1532 4775 legatur,
1561 4708 1630 4756 ut
1661 4695 1866 4776 explo-

801 4781 987 4843 salnti
1054 4782 1420 4859 consuleret;
1492 4781 1867 4844 mendacium

742 4889 825 4931 on
855 4870 937 4929 sit
981 4886 1056 4929 ex
1101 4867 1237 4930 fide.
1301 4870 1691 4948 Respondeo,
1741 4878 1866 4932 stu·

741 4954 939 5018 vanai
956 4956 1366 5036 exploratores
1389 4958 1662 5019 eflectum
1679 4956 1868 5020 fuisse

741 5041 1074 5108 mnndum
1115 5062 1263 5106 vero
1308 5043 1385 5108 ab
1429 5045 1694 5108 humans
1725 5064 1865 5128 pru-

1984 1134 2280 1212 majorum
2341 1131 2651 1211 exempla,
2713 1130 2931 1212 quibus
2988 1130 3132 1192 fidei
3183 1131 3379 1191 virtus

1986 1218 2295 1280 declarata
2325 1227 2451 1291 est,
2480 1238 2558 1278 ne
2588 1220 2649 1280 in
2682 1216 2929 1298 longum
2953 1217 3137 1279 abeat
3165 1219 3375 1278 oratio.

2071 1305 2337 1383 Deficiet
2361 1307 2529 1366 enim
2552 1324 2651 1366 me
2673 1313 2919 1381 tempus
2942 1310 3379 1366 enarrantem.

1984 1392 2107 1454 Seu
2151 1399 2763 1454 commemorantem.
2836 1389 3236 1474 Hyperbolen
3278 1389 3381 1451 hic

1985 1487 2322 1558 agnoscunt
2364 1477 2735 1540 Graecorum
2779 1477 3039 1552 scholia3
3088 1478 3175 1537 sic
3221 1477 3379 1538 euim

1934 1609 1935 1617 κ
1984 1565 2154 1647 loqui
2180 1565 2456 1638 solemus,
2487 1566 2591 1628 ubi
2619 1565 2807 1626 multa
2835 1564 3379 1645 praetermittimus,

1987 1672 2147 1732 quae
2171 1653 2297 1714 dici
2327 1662 2607 1733 possent:
2669 1655 2942 1728 Tempus
2971 1658 3088 1713 aut
3117 1651 3250 1712 dies
3279 1666 3377 1711 me

1985 1741 2269 1819 deficiet,·
2326 1740 2550 1802 nullus
2602 1743 2725 1800 erit
2778 1738 2959 1816 finis,
3019 1740 3075 1800 ei
3122 1736 3381 1813 sinqula

1932 1881 1933 1886 ,
1985 1829 2175 1888 velim
2213 1830 2527 1904 persequi.
2601 1826 2800 1887 Aliter
2829 1825 3024 1907 Syrus
3065 1827 3380 1905 interpres,

1986 1915 2094 1994 qui
2123 1916 2211 1974 sic
2241 1914 2452 1976 vertit:
2506 1914 2832 1989 Exiyuum
2878 1916 3045 1975 enim
3094 1919 3181 1973 est
3222 1911 3379 1971 mihi

1986 2009 2252 2078 tempus,
2283 2000 2344 2060 id
2380 2009 2475 2059 est
2501 2008 2753 2080 tempus,
2784 1999 2945 2080 quod
2974 1998 3118 2060 mihi
3148 1997 3378 2077 sumpsi

1985 2087 2061 2148 ad
2106 2089 2264 2148 hanc
2291 2087 2632 2166 Epistolsm
2676 2085 3084 2160 scribendam,
3130 2085 3377 2147 brevius

1985 2182 2111 2247 est,
2165 2193 2346 2254 quam
2388 2183 2455 2234 nt
2481 2174 2660 2254 plura
2696 2191 3049 2235 recenseam
3079 2170 3375 2252 exempla.
3493 2236 3497 2240 ,

1983 2261 2106 2322 Sed
2138 2263 2303 2340 prior
2329 2279 2539 2322 sensus
2566 2261 2783 2321 verior.

2069 2348 2169 2408 De
2197 2346 2469 2422 Θεάεοη,
2495 2349 2733 2422 Barac,
2757 2346 3093 2420 Sampson,
3117 2346 3175 2407 J
3172 2346 3375 2423 ephte,

1982 2434 2238 2510 David,
2291 2433 2565 2497 Samuel.
2650 2435 2986 2494 Paucorum
3039 2450 3117 2493 ex
3169 2430 3374 2494 multis

1982 2524 2228 2582 nomina
2276 2520 2532 2601 profert,
2586 2539 2839 2601 quorum
2883 2517 3058 2597 primi
3113 2529 3375 2598 quatuor

1980 2610 2044 2669 in
2076 2608 2229 2670 libro
2259 2607 2550 2669 Judicum
2580 2607 2937 2668 scribuntur.
3012 2603 3144 2665 Nec
3173 2604 3249 2667 de
3282 2626 3373 2667 or-

1982 2695 2125 2756 dine
2153 2693 2447 2757 sollicitns
2471 2704 2582 2757 est.
2630 2694 2786 2755 Nam
2810 2693 3003 2755 Barac
3026 2689 3373 2755 Gedeonem

1981 2784 2345 2863 praecessit,
2374 2793 2435 2843 et
2462 2782 2508 2844 J
2513 2780 2689 2862 epbte
2717 2780 3107 2861 Sampsonem
3126 2823 3143 2853 ,
3176 2788 3240 2840 et
3267 2779 3375 2841 Sa-

1977 2869 2142 2931 muel
2172 2868 2492 2932 Davidem.
2560 2867 2951 2951 Quamquam
2996 2864 3222 2928 ordinis
3265 2866 3372 2928 hu·

1971 2960 2075 3036 jus
2105 2958 2429 3030 rationem,
2470 2977 2590 3038 quo
2620 2957 2696 3019 ab
2729 2952 3025 3036 Apostolo
3057 2973 3370 3015 numeran-

1978 3055 2102 3117 tur,
2152 3044 2214 3105 Β.
2248 3044 2520 3106 Thomas
2551 3054 2611 3105 ot
2637 3051 2777 3125 post
2803 3060 2941 3103 eum
2970 3040 3195 3102 Ribera
3223 3042 3374 3102 satis

1977 3131 2355 3212 probabilem
2406 3129 2693 3205 reddunt,
2758 3128 2836 3191 ad
2889 3149 3039 3211 quos
3089 3128 3371 3191 lectorem

1914 3232 1917 3243 ‘
1979 3220 2233 3281 remitto.
2276 3217 2364 3279 Ut
2393 3228 2593 3279 autem
2621 3235 2733 3282 nos
2764 3214 3120 3298 exponendo
3143 3214 3221 3278 de
3247 3217 3369 3277 sin-

1977 3305 2136 3387 gulis
2166 3304 2467 3366 dicamusz

2068 3392 2380 3456 Gedeom's
2410 3391 2559 3454 fides
2590 3411 2665 3453 ex
2688 3410 2761 3452 eo
2792 3387 3371 3451 commendationem

1975 3487 2266 3552 meretur,
2320 3478 2483 3560 quod
2500 3524 2516 3553 ,
2569 3479 2681 3540 etsi
2723 3478 2924 3539 videri
2967 3476 3158 3557 possit
3197 3476 3368 3538 initio

1977 3566 2252 3627 nonnihil
2296 3565 2630 3639 dubitasse,
2683 3563 2925 3645 quando
2976 3563 3198 3623 missus
3248 3560 3369 3624 fnit

1977 3653 2234 3714 liberare
2261 3653 2458 3714 Israel
2488 3651 2565 3715 de
2594 3672 2773 3714 manu
2802 3650 3081 3722 Madian,
3131 3649 3368 3728 angelo,

1977 3759 2085 3801 seu
2104 3742 2301 3819 potius
2322 3742 2584 3802 Domino
2608 3744 2664 3801 ei
2686 3738 2952 3799 dicente:
2982 3738 3171 3813 scito,
3198 3737 3369 3814 quod

1976 3830 2253 3887 miserim
2283 3834 2343 3888 te
2373 3823 2535 3904 (nam
2567 3845 2637 3886 oo
2667 3847 2791 3887 non
2819 3824 3099 3885 obstante
3129 3824 3370 3903 siguum

1977 3913 2173 3975 adhuc
2203 3911 2439 3992 petivit)
2479 3934 2556 3974 ex
2584 3912 2703 3974 fide
2745 3920 2946 3973 tamen
2992 3910 3186 3972 altare
3213 3907 3370 3971 Baal

1978 3999 2307 4074 destruxit,
2360 3999 2680 4080 lusumque
2730 3997 3015 4071 succidit,
3085 4006 3150 4059 et
3199 3996 3367 4059 aliud

1977 4087 2165 4148 altare
2194 4087 2455 4150 Domino
2486 4085 2849 4150 aedificavit.
2908 4084 3146 4147 Deinde
3177 4081 3370 4164 (quod

1975 4175 2079 4235 hic
2129 4174 2451 4255 praecipue
2500 4182 2756 4254 spectat·
2779 4169 3132 4252 Apostolus)
3178 4170 3368 4234 fretus

1977 4261 2097 4323 Dei
2128 4260 2460 4342 praesidio,
2512 4262 2615 4341 qni
2647 4261 2957 4321 victoriam
2991 4262 3368 4340 promiserat,

1978 4368 2112 4409 cum
2159 4350 2442 4409 trecentis
2486 4348 2629 4410 viris
2674 4346 2920 4408 adortus
2963 4346 3366 4408 innumerabi-

1977 4437 2095 4497 lem
2150 4436 2613 4497 Msdianitarum
2666 4436 3023 4509 exercitum,
3076 4434 3369 4513 pugnavit

1977 4532 2040 4585 ot
2069 4522 2247 4596 vicit,
2300 4529 2363 4581 et
2392 4522 2673 4602 populum
2722 4539 2890 4582 suurn
2936 4522 2999 4582 in
3028 4520 3367 4582 libertatem

1978 4610 2253 4671 asseruit.
2301 4609 2632 4671 Historiam
2664 4608 2806 4669 vide
2835 4608 2982 4671 dud.
3016 4611 3074 4670 6.
3105 4615 3168 4667 et
3200 4610 3257 4666 7.

2061 4699 2281 4758 Barac
2329 4696 2509 4759 fidem
2565 4696 2795 4757 babens
2848 4695 3087 4756 oracul-v
3142 4693 3366 4768 divino,

1977 4782 2139 4864 quod
2181 4793 2503 4864 acceperat
2544 4803 2650 4865 per
2685 4782 2986 4844 Deboram
3030 4780 3364 4862 prophetis-

1976 4891 2133 4943 sam,
2192 4873 2430 4932 tamotsi
2480 4872 2542 4931 in
2588 4890 2659 4932 eo
2699 4868 2954 4931 fiduciae
2997 4868 3369 4941 remissioris,

1976 4956 2136 5038 quod
2168 4958 2399 5038 absque
2428 4958 2709 5018 Deborae
2754 4957 3041 5018 comitatu
3071 4954 3262 5017 nollet
3286 4952 3367 5017 ad

1946 5064 2240 5132 *pugnarn
2286 5045 2622 5128 proficisci,
2682 5062 3037 5127 congressus
3086 5051 3181 5109 est
3219 5062 3367 5109 ,cum
