4442 5825
430 589 503 655 773
942 578 1175 637 cumutamus
1191 580 1225 635 nt
1242 581 1309 636 cat.
1327 581 1356 632 ι.

426 754 582 818 beatificae
607 754 865 836 contemplationis
890 755 1060 839 objectum,
1090 765 1122 818 et
1173 757 1313 840 Epistola
1326 755 1474 829 scribitur,
1490 752 1684 818 inculcatam
1695 749 1772 813 velit
1786 751 1865 813 Josn·

427 844 492 925 ipae
506 842 537 902 in
551 841 649 903 beatis
663 840 754 904 efficit
774 841 857 905 illam
878 846 975 924 ipsam
991 854 1120 906 oontem-
1174 865 1228 908 nes
1243 843 1416 926 Apostolus.
1438 842 1517 904 Sunt
1530 842 1644 902 variae
1661 839 1867 921 interpretatio

428 929 606 1011 plationom,
636 948 689 1008 per
719 929 821 990 lumen
849 931 964 1011 gloriae
993 941 1122 993 mentem
1174 953 1238 994 nes.
1261 932 1377 1003 Prima,
1400 939 1431 989 et
1453 927 1535 990 baud
1559 927 1656 989 dubie
1671 930 1801 988 maxims
1814 945 1867 1006 ger

427 1018 558 1097 ipsorum
573 1015 667 1075 veluti
683 1014 830 1076 elevando
846 1028 877 1077 et
892 1018 1076 1092 roborando,
1091 1028 1124 1081 et
1176 1038 1279 1092 mana,
1301 1037 1392 1099 quam
1410 1015 1565 1096 Didymus
1585 1017 1694 1094 priore
1709 1012 1774 1075 loco
1789 1012 1869 1092 ponit,

427 1100 553 1184 speciali
573 1103 785 1181 cooperatione
811 1123 876 1164 eum
898 1107 1122 1188 contemplatio·
1176 1116 1207 1168 et
1221 1106 1317 1167 solam
1339 1125 1376 1165 ex
1400 1124 1438 1163 eo
1459 1103 1570 1183 repetit
1585 1099 1807 1171 Oecumenins,
1825 1108 1869 1171 eat,

427 1209 495 1250 nem
510 1189 541 1249 in
556 1189 592 1249 iie
607 1188 750 1250 faciendo.
774 1190 832 1250 Est
843 1212 913 1254 vero
928 1194 1011 1254 vitae
1026 1202 1121 1254 aetor-
1175 1203 1210 1275 ut
1223 1212 1329 1253 seusus
1345 1192 1399 1251 sit:
1423 1188 1536 1251 Cavete
1559 1187 1653 1248 vobis
1668 1188 1708 1247 ab
1725 1187 1803 1248 omni
1816 1183 1868 1246 ido

428 1296 486 1337 nae
509 1274 657 1337 hominum
687 1275 839 1339 beatorum
871 1279 1004 1340 Christus
1033 1282 1123 1340 homo
1176 1281 1311 1350 lolatria,
1337 1279 1480 1356 omnique
1510 1274 1711 1336 idololatriae
1737 1282 1819 1354 parte
1841 1291 1870 1330 ac

428 1382 519 1423 causa
534 1363 624 1423 etiam
639 1363 698 1423 alio
710 1365 807 1438 modo,
823 1375 971 1446 quatenus
983 1368 1123 1448 passione
1177 1367 1287 1448 specie
1309 1362 1372 1425 Sed
1386 1364 1526 1423 continuo
1543 1362 1687 1443 quaestio
1705 1362 1813 1432 oritur,
1826 1379 1870 1420 cnr

429 1458 459 1510 et
474 1457 567 1509 mcrrte
584 1468 638 1509 sus
660 1449 733 1531 ipsis
754 1470 820 1511 eam
835 1472 853 1511 a
869 1453 933 1514 Deo
950 1455 1041 1514 Patre
1056 1474 1122 1535 pro·
1176 1456 1234 1514 hoc
1249 1453 1314 1514 eivs
1329 1461 1458 1523 moneat,
1474 1453 1541 1510 eive
1553 1450 1728 1530 praecipiat
1742 1449 1776 1508 B.
1789 1447 1869 1508 Joan·

428 1538 547 1596 mcruii·
1175 1561 1230 1603 nes
1244 1537 1400 1607 fidelibus,
1412 1537 1479 1616 jam
1494 1536 1532 1596 ab
1545 1533 1726 1596 idololatria
1740 1536 1782 1595 ad
1797 1532 1870 1593 unias

471 1623 514 1682 Et
538 1622 614 1683 haec
639 1622 678 1684 de
703 1626 767 1684 vita
789 1634 911 1686 aeterua
932 1628 1054 1708 proprie
1079 1629 1124 1687 sic
1176 1627 1242 1689 veri
1257 1626 1318 1686 Dei
1332 1636 1363 1685 et
1378 1622 1490 1685 Christi
1505 1623 1630 1683 Domini
1651 1620 1745 1682 fidem
1760 1639 1869 1681 consor

428 1709 517 1780 dicta,
534 1729 614 1789 qnae
627 1719 673 1770 est
686 1711 715 1770 in
728 1713 843 1791 patris,
860 1722 905 1773 est
919 1722 1018 1774 aetem
1034 1715 1124 1774 etiam
1175 1716 1228 1787 sis,
1242 1711 1419 1794 praesertim
1432 1729 1523 1790 quum
1540 1710 1573 1769 in
1589 1710 1690 1770 variis
1705 1708 1797 1786 hujus
1810 1707 1869 1787 Epi·

428 1799 509 1859 vitae
531 1805 689 1872 aeternae,
712 1817 790 1879 quae
812 1809 858 1860 est
880 1801 911 1860 in
934 1802 1001 1874 via,
1026 1800 1124 1861 Filius
1176 1801 1272 1862 stolae
1294 1797 1428 1881 partibus
1454 1816 1506 1858 eus
1528 1793 1709 1857 laudaverit
1731 1804 1871 1876 tamquam

428 1884 486 1945 Dei
501 1892 530 1942 et
542 1884 673 1955 materis,
686 1896 718 1944 et
729 1905 819 1947 cause
831 1886 973 1960 effectrix,
989 1899 1020 1948 et
1031 1908 1125 1949 causa
1177 1895 1312 1960 unctos,
1327 1894 1482 1965 tsmquum
1497 1882 1633 1944 victores
1651 1881 1786 1955 diaboli,
1807 1892 1869 1940 tam·

428 1971 587 2032 meritoria.
618 1969 668 2030 lta
682 1971 729 2043 fit,
752 1982 785 2031 ut
800 1993 866 2033 oum
887 1975 945 2034 hoc
969 1993 1057 2035 versu
1073 1976 1123 2034 20.
1177 1995 1268 2058 quam
1282 1973 1361 2034 filios
1377 1972 1446 2032 Dei.
1468 1968 1651 2051 Respondet
1663 1967 1822 2050 Didymus,
1836 1975 1869 2026 at·

429 2065 573 2119 consonet
590 2055 636 2130 id,
653 2057 734 2136 quod
750 2058 906 2134 Salvator,
929 2060 1124 2122 audientibus
1178 2082 1238 2143 que
1261 2081 1300 2121 ex
1323 2079 1358 2120 eo
1378 2058 1598 2130 Oecomenius,
1629 2067 1778 2130 streete,
1803 2052 1871 2136 quod

429 2142 597 2226 Apostolis,
613 2143 652 2203 ad
668 2144 790 2207 Patrem
806 2146 933 2220 dicebat,
949 2147 972 2210 J
974 2169 1040 2208 oan.
1059 2148 1124 2207 17.:
1177 2151 1253 2210 haec
1272 2147 1410 2228 Epistola
1431 2144 1575 2205 scribitur
1598 2144 1766 2204 univorsos
1780 2141 1870 2203 liceis

429 2234 545 2307 Potsr,
581 2233 667 2292 venit
696 2235 794 2309 bore,
830 2234 972 2310 clarifica
1002 2236 1124 2296 Filium
1177 2238 1242 2298 siae
1268 2235 1447 2294 Parthorum
1471 2229 1737 2291 Christianorum:
1769 2231 1871 2308 inqua

433 2320 555 2394 Tuum,
571 2325 607 2377 ut
622 2325 652 2377 st
666 2320 772 2380 Filius
787 2323 875 2382 Tuus
890 2321 1043 2399 clarificet
1061 2324 1124 2399 Τις
1178 2319 1224 2400 (ut
1245 2322 1276 2382 in
1302 2322 1411 2402 queris
1433 2314 1506 2394 alia)
1528 2327 1616 2377 eraut
1640 2318 1743 2378 omnis
1765 2315 1870 2396 generis

429 2408 508 2468 aicrd
523 2405 635 2465 dedisti
650 2410 679 2464 si
690 2414 876 2483 potestatem
889 2413 991 2470 omnis
1006 2411 1123 2483 cornis,
1178 2409 1299 2481 fideles,
1326 2418 1357 2468 et
1378 2409 1454 2468 inter
1474 2405 1549 2465 alios
1573 2402 1703 2482 quidem
1728 2424 1789 2464 non
1811 2402 1870 2462 ssh's

428 2501 465 2556 ast
480 2511 590 2567 omns,
607 2493 691 2569 quod
706 2493 819 2554 dedisti
835 2498 881 2570 si,
901 2496 952 2556 det
968 2500 1010 2557 sis
1024 2499 1124 2556 vitum
1177 2499 1254 2558 firmi
1277 2504 1308 2557 et
1331 2494 1436 2574 integri
1461 2492 1491 2552 in
1518 2489 1580 2551 fide
1604 2489 1800 2563 Christiana,
1828 2487 1870 2549 aed

429 2587 601 2642 aeternam.
625 2581 712 2640 Haec
727 2588 770 2641 ert
785 2590 891 2642 autem
903 2585 1124 2658 vitoostsrno,
1179 2584 1299 2657 lubrici,
1330 2591 1381 2643 aut
1411 2582 1576 2641 retinentes
1603 2576 1708 2638 adbuc
1737 2574 1870 2658 quaedam

429 2675 465 2730 ut
481 2674 672 2743 oopnoscoot
690 2668 733 2728 Tc
740 2713 751 2743 ,
767 2669 868 2729 solum
882 2672 985 2731 Deum
1004 2689 1124 2746 verum,
1178 2672 1291 2734 veteris
1305 2667 1493 2729 idololatriae
1504 2665 1667 2745 reliquias.
1691 2662 1811 2726 Idcirco
1824 2663 1870 2722 hac

431 2762 565 2832 siquem
581 2755 693 2814 mbiati
706 2758 819 2817 Jcsum
835 2757 1003 2820 Christum.
1177 2759 1260 2821 finali
1285 2757 1450 2817 monitione
1475 2773 1578 2813 eorum
1606 2753 1706 2812 saluti
1729 2748 1870 2812 consulut

473 2842 516 2903 Hi
533 2860 603 2920 ergo
621 2850 691 2901 sunt
706 2845 836 2918 tructos,
851 2847 1082 2926 praerogativae
1097 2854 1126 2906 et
1179 2847 1314 2907 voluisse
1329 2841 1513 2925 Apostolum.

431 2929 595 3011 dignitates
622 2927 856 3005 Christianismi,
886 2952 960 3012 quos
990 2942 1019 2994 et
1048 2954 1125 3015 quas
1222 2931 1388 2995 Confirmet
1400 2929 1476 2990 hanc
1487 2926 1720 3010 responsionem
1732 2924 1869 3005 Didymus

430 3028 492 3079 toto
508 3017 619 3096 capite,
637 3018 695 3077 lmo
710 3025 775 3078 tota
789 3018 926 3099 Epistola
941 3019 973 3081 S.
989 3021 1127 3083 Josnnes
1180 3042 1220 3084 ex
1241 3019 1337 3080 Paulo
1360 3015 1520 3097 Apostolo,
1555 3015 1611 3097 qui
1636 3033 1708 3074 cnm
1735 3012 1830 3075 lCor.
1849 3013 1870 3068 1.

431 3104 587 3186 exposuit;
613 3113 737 3184 propter
760 3124 836 3184 qnos
860 3117 891 3168 et
913 3126 989 3186 quas
1004 3110 1044 3169 sit
1059 3129 1126 3169 cou-
1179 3107 1333 3171 laudasset
1347 3124 1398 3165 eos
1421 3112 1575 3183 tamquam
1590 3101 1713 3161 diuitca
1737 3105 1774 3162 in
1794 3098 1869 3161 Chri·

430 3200 545 3255 stanter
560 3193 590 3251 in
606 3190 718 3252 Christi
740 3191 902 3254 affecttmsa
925 3202 957 3254 et
971 3194 1128 3257 obediente
1179 3205 1244 3271 sto,
1261 3193 1418 3271 atquibus
1433 3191 1515 3252 nibil
1530 3190 1652 3251 deesses
1667 3191 1706 3250 isa
1723 3188 1795 3249 ello
1807 3203 1870 3262 oro·

430 3282 491 3343 fide
506 3279 747 3359 permanendum,
764 3281 840 3342 inter
854 3300 956 3341 omnes
973 3282 1128 3344 violentias
1181 3289 1245 3358 tio,
1272 3279 1350 3341 idem
1368 3289 1466 3341 umen
1482 3278 1514 3340 in
1536 3276 1646 3338 eadem
1662 3274 1807 3357 Epistola
1819 3290 1868 3333 sos

432 3374 463 3429 ot
476 3365 696 3427 fraudulentiae
718 3365 831 3427 diaboli
854 3376 885 3427 et
901 3367 1039 3430 clientum
1054 3370 1130 3446 ejus,
1181 3373 1246 3432 dem
1263 3366 1435 3430 Corinthios
1457 3363 1495 3426 de
1514 3366 1608 3425 variis
1624 3364 1764 3445 peccatis
1786 3377 1869 3441 repro

431 3456 582 3517 hominnm
606 3453 718 3514 scilicet
741 3455 938 3527 ethnicorum,
965 3455 1127 3518 baeretico-
1180 3455 1301 3529 hendit,
1315 3453 1366 3516 sel
1380 3460 1568 3534 praemonet,
1596 3472 1636 3512 ac
1651 3443 1871 3512 nominatimda

432 3562 497 3605 rum
513 3541 564 3601 vel
579 3540 640 3602 alio
657 3541 867 3621 quovismodo
884 3541 1059 3617 infidelium,
1075 3552 1129 3604 aot
1182 3543 1369 3619 idololatria3
1385 3529 1871 3609 volensnimirum,utnullomodo

432 3630 551 3709 alioqui
564 3629 718 3690 malorum.
742 3630 836 3690 Porro
851 3629 955 3691 fideles
969 3632 1063 3693 tantis
1080 3631 1128 3693 be·
1183 3631 1459 3693 contaminarentur
1487 3626 1568 3689 cultu
1591 3625 1767 3701 idolorum,
1790 3638 1873 3703 neq!

431 3717 550 3779 neficiis
565 3738 584 3777 a
597 3718 665 3777 Deo
681 3717 818 3791 affectos,
832 3726 916 3780 tanta
930 3720 1064 3798 praemia
1078 3739 1128 3781 ex·
1182 3718 1307 3790 directe,
1335 3735 1434 3796 neque
1458 3713 1623 3786 indirecte,
1655 3733 1763 3791 neque
1791 3709 1873 3793 spada

432 3813 618 3885 spectantes,
649 3814 732 3865 tanto
758 3825 813 3865 sno
839 3804 917 3867 malo
943 3826 962 3865 a
990 3804 1050 3866 fide
1081 3803 1131 3866 vel
1182 3816 1283 3878 tenus,
1306 3803 1402 3863 veluti
1416 3798 1597 3863 comedendo
1619 3797 1814 3882 idolothyta,
1832 3802 1874 3856 sat

433 3890 605 3952 obedientie
613 3889 910 3966 Christideiecturos,
919 3893 944 3952 si
953 3891 1130 3968 desciscant,
1182 3890 1380 3955 recumbendo
1410 3889 1442 3951 in
1471 3887 1574 3949 idolio.
1623 3884 1723 3948 Unde
1755 3882 1874 3968 ejusde

434 3979 553 4058 putavit
566 3978 731 4056 Apostolus
756 4000 791 4041 eo
814 3988 963 4060 tempore,
986 3981 1085 4062 iisqne
1099 3981 1131 4041 in
1184 3980 1291 4061 prioris
1313 3977 1352 4039 ad
1374 3974 1547 4038 Corinthios
1567 3992 1637 4054 cap.
1655 3977 1684 4037 5.
1712 3976 1759 4037 ita
1774 3969 1873 4035 scribit:

433 4066 524 4133 locis,
547 4084 608 4126 una
624 4067 748 4143 insuper
763 4066 801 4127 de
815 4086 848 4128 re
863 4068 942 4129 serio
958 4066 1130 4143 monendos,
1182 4071 1217 4133 si
1232 4070 1275 4142 is,
1303 4069 1358 4143 qui
1370 4066 1475 4143 frater
1489 4064 1705 4136 nominatur,
1722 4070 1771 4124 sat
1782 4059 1874 4141 {oral-

434 4152 577 4213 claudens
593 4152 758 4230 Epistulam
775 4153 831 4214 hac
845 4152 1070 4215 adhortatione:
1182 4162 1288 4228 cutor,
1305 4160 1363 4214 out
1377 4170 1514 4225 cuorus,
1537 4156 1595 4210 out
1619 4148 1723 4211 idolis
1742 4150 1874 4216 meiat,

478 4242 528 4301 21.
540 4239 821 4313 Filiolt,crastodits
836 4259 889 4302 vos
900 4262 921 4302 o
932 4243 1133 4303 simulacris!
1183 4260 1255 4303 eum
1270 4238 1424 4315 ejusmodi
1438 4256 1495 4299 osc
1509 4236 1616 4298 dbum
1631 4253 1773 4299 mmsrs.
1802 4235 1875 4303 hcet,

434 4330 546 4387 Amen.
570 4323 688 4386 Graeca
702 4338 810 4388 sonent
825 4327 864 4388 ad
880 4328 1013 4401 verbum,
1028 4338 1063 4389 ut
1078 4350 1129 4392 no·
1183 4329 1317 4390 nominat
1330 4325 1468 4397 fratrem,
1484 4326 1535 4406 qni
1547 4331 1652 4385 tamen
1664 4325 1787 4385 serviat
1796 4317 1877 4388 idol*

434 4420 496 4474 ster
518 4411 672 4493 Interpres
698 4412 836 4475 reddidit.
874 4416 952 4476 Nam
978 4437 1032 4495 pro
1057 4417 1131 4477 isto:
1183 4416 1300 4477 scilicet
1314 4421 1439 4476 externa
1452 4408 1643 4491 professione
1659 4419 1718 4472 ant
1733 4406 1876 4492 protessis

435 4499 628 4576 simulacris,
654 4498 804 4563 illiceat:
831 4494 1067 4580 rescientes,
1099 4510 1132 4563 nt
1184 4504 1231 4564 nis
1252 4502 1367 4581 specie,
1397 4496 1632 4561 contaminando
1655 4499 1805 4559 nimirum
1823 4507 1877 4556 aut

435 4587 618 4648 concussit:
646 4585 800 4649 Carissimi
821 4588 892 4662 tilii,
918 4597 1052 4652 extremo
1075 4590 1132 4651 hoc
1184 4588 1414 4651 manducatione
1434 4604 1552 4658 eorum,
1579 4602 1665 4663 quae
1687 4585 1786 4647 idolis
1810 4583 1878 4643 scd

434 4672 502 4733 loco
524 4672 599 4733 illud
622 4671 708 4735 vobis
730 4677 820 4737 etism
842 4684 936 4756 atque
957 4678 1046 4739 etiam
1061 4676 1132 4737 volo
1184 4676 1353 4750 immolata,
1372 4674 1451 4736 sicut
1464 4671 1544 4733 idem
1560 4670 1735 4750 Apostolus
1751 4691 1786 4733 ac
1797 4672 1877 4751 ip·

437 4761 616 4839 impressum
638 4762 669 4821 in
691 4764 819 4836 animoa,
845 4772 878 4825 nt
898 4766 1030 4826 caveatis
1045 4765 1133 4826 vobis
1186 4764 1310 4844 exponit
1333 4782 1399 4843 cap.
1422 4762 1452 4822 8.
1476 4766 1542 4819 toto
1572 4764 1604 4818 ct
1634 4766 1731 4837 parte
1754 4778 1817 4839 esp
1839 4753 1877 4816 1⁰·
1911 4757 1912 4772 ¹

437 4846 476 4907 ab
492 4845 591 4907 idolis.
622 4847 711 4928 Quae
732 4848 771 4909 sit
785 4850 877 4930 hujus
895 4852 1050 4913 clausulae
1065 4870 1131 4914 sen·
1186 4851 1256 4932 Quo
1278 4850 1444 4931 posteriore
1469 4846 1536 4907 loco
1563 4843 1760 4908 concludens
1786 4840 1876 4906 doctri

436 4934 548 5005 tentia,
574 4932 805 5014 expendendum
835 4947 897 5016 est,
932 4949 963 4999 et
989 4959 1133 5020 quorsum
1185 4959 1256 5001 nam
1271 4946 1302 4998 et
1317 4935 1557 4999 exhortationem
1578 4950 1670 4994 mam
1685 4931 1730 4996 de
1746 4927 1877 5009 idolotlr

438 5018 794 5099 oamParthistidelibns,
809 5024 1134 5109 adqnoshascprima
1185 5027 1242 5100 tis,
1268 5025 1311 5087 ita
1326 5022 1472 5107 loquitur:
1494 5020 1639 5101 Propter
1662 5020 1773 5102 quod,
1795 5016 1878 5082 cora·
