4442 5825
386 619 460 693 563
931 608 1164 664 COMMENTARIUS
1181 606 1213 665 ru
1231 608 1296 664 cst.
1312 609 1354 666 tt.

386 788 418 847 in
441 786 553 847 nostris
576 793 635 846 eat:
665 786 811 857 honoris,
843 785 984 860 quoniam
1007 785 1079 844 elibi
1135 786 1323 862 refunditur
1345 784 1511 861 consumo,
1536 786 1624 848 voh&
1649 794 1756 848 autem
1769 788 1827 865 plo·

387 894 448 935 non
462 873 586 951 legitur,
606 871 789 949 adjectitium
806 869 934 930 videtur.
1136 876 1196 932 ria.
1220 873 1271 934 Sic
1286 873 1347 932 illo.

431 960 525 1020 Porro
555 978 676 1018 oausam
714 955 814 1017 reddit
844 959 1007 1037 Apostolus
1037 957 1082 1018 liis
1183 962 1231 1021 15.
1255 961 1353 1020 Nemo
1380 964 1487 1017 autem
1519 966 1661 1021 omnam
1692 965 1829 1037 potiatur

388 1047 502 1119 verbis,
518 1064 572 1104 cur
594 1046 698 1105 beatos
719 1044 831 1105 dixerit
854 1065 920 1117 eos,
947 1048 998 1125 qut
1016 1065 1082 1124 pro·
1139 1054 1173 1106 ut
1187 1047 1365 1121 homicida,
1392 1051 1449 1105 aut
1470 1045 1547 1121 fur,
1575 1055 1635 1108 aut
1656 1049 1828 1122 maledicus,

387 1132 449 1193 bris
479 1132 645 1192 efficiuntur
674 1143 796 1211 propter
825 1150 932 1193 nomen
960 1133 1082 1192 Christi:
1139 1141 1196 1192 aut
1221 1134 1402 1194 alienorum
1425 1136 1597 1208 appetitor.
1636 1132 1770 1196 Graece:
1795 1129 1830 1214 pi,

390 1220 549 1298 quonium,
577 1220 691 1298 inquit,
721 1218 826 1295 pluria
858 1222 920 1280 Dei
928 1264 937 1293 ,
969 1221 1028 1279 imo
1056 1229 1085 1279 ct
1140 1210 1200 1296 γάρ
1227 1237 1275 1287 τις
1300 1214 1399 1297 ὑμῶν,
1431 1238 1470 1279 ne
1492 1222 1563 1296 quis
1587 1223 1676 1281 caim
1704 1231 1830 1283 vestrum

388 1308 528 1384 Spiritus
543 1310 608 1382 eius
629 1324 725 1382 super
747 1324 819 1379 ¹vos,
846 1307 897 1384 qui
918 1305 991 1366 tolia
1011 1308 1085 1385 pati·
1138 1310 1294 1383 patiatur,
1309 1316 1363 1367 etc.
1387 1306 1447 1366 Pro
1460 1307 1832 1389 quo‘l'ertullianuslegit:

390 1395 477 1467 mini,
501 1395 672 1471 requiescit.
701 1391 758 1453 Vel
775 1392 896 1452 melius:
924 1394 1085 1471 Quoniam
1141 1396 1228 1455 Dum
1243 1412 1284 1453 uc
1299 1398 1368 1470 quis
1384 1400 1522 1454 vcstmm
1533 1397 1700 1469 patiatur.
1736 1397 1830 1457 sta

390 1483 521 1558 spiritus
550 1482 688 1556 ploriac,
716 1481 771 1555 qui
798 1479 881 1538 idem
913 1487 956 1539 cst
981 1481 1086 1556 Spiri·
1141 1479 1208 1540 dem
1224 1500 1314 1540 sensu
1330 1481 1440 1559 Syrus:
1460 1482 1833 1560 Tantummodoncqais

390 1576 441 1629 tus
462 1569 540 1643 Dei,
569 1584 665 1644 super
688 1585 742 1627 vos
765 1566 838 1624 talia
864 1568 1012 1645 patientes
1035 1585 1087 1626 re·
1142 1586 1180 1628 es
1195 1567 1281 1628 vohis
1296 1575 1349 1628 ctc.
1374 1567 1568 1643 Maledictus,
1593 1566 1733 1630 Graece:
1749 1585 1833 1631 κω·

391 1657 527 1733 quiesci.
565 1654 644 1714 Nem
669 1654 731 1731 pati
754 1674 807 1732 pro
824 1651 952 1726 Christo,
976 1663 1087 1713 certum
1142 1647 1248 1728 ποιὸς,
1272 1653 1450 1730 maleficus,
1474 1653 1504 1712 id
1521 1665 1567 1715 est
1581 1653 1790 1728 facinorosus,
1808 1664 1834 1716 st

393 1751 439 1804 est
468 1743 586 1822 siguum
615 1741 745 1820 Spiritus
775 1741 871 1799 sancti
900 1743 1088 1819 requiescen-
1143 1739 1188 1816 (ut
1210 1742 1242 1801 iu
1257 1737 1397 1820 Syriaco)
1417 1748 1571 1818 patrator
1593 1743 1769 1805 malorum.
1803 1743 1834 1803 u

392 1832 438 1903 tis,
469 1827 500 1888 id
529 1839 573 1887 est
602 1827 765 1887 habitantis
791 1828 821 1886 in
847 1827 975 1889 homine.
1020 1828 1089 1887 Non
1144 1830 1186 1888 sic
1201 1829 1328 1888 arbitror
1343 1829 1534 1908 interpretem
1545 1837 1686 1890 nostrum
1702 1834 1833 1892 vertisse:

394 1923 493 1997 potest
520 1925 619 1976 autom
647 1935 706 1974 non
733 1934 799 1974 esse
825 1913 946 1986 beatus,
974 1915 1003 1974 in
1031 1935 1089 1991 quo
1144 1915 1313 1991 maleficus.
1351 1915 1434 1975 Sicut
1461 1922 1491 1975 et
1514 1915 1596 1995 apud
1619 1917 1835 1979 Tertullianum

393 2003 555 2081 requiescit
578 2009 610 2062 st
632 2000 781 2060 inhabitat
804 2000 932 2078 Spiritus
959 2011 1089 2073 sanctus,
1144 2002 1272 2081 legitur,
1294 2022 1422 2062 necnon
1446 2000 1528 2082 apud
1543 2002 1733 2082 Cypriacam
1749 2005 1835 2065 libe.

395 2089 448 2170 qui
462 2090 593 2163 spiritus
607 2089 728 2163 ploriac
744 2087 868 2160 dicitur,
891 2087 921 2147 id
938 2098 987 2148 est
1003 2089 1087 2169 spiri·
1144 2090 1252 2149 testim.
1269 2110 1335 2168 cap.
1352 2088 1402 2147 ot.
1427 2087 1518 2167 Quod
1537 2087 1629 2149 facilc
1647 2112 1703 2170 per
1717 2094 1835 2153 ascitam

395 2187 443 2236 tus
457 2175 625 2255 gloriosus,
651 2174 791 2235 Hebraeo
807 2195 903 2248 more,
927 2195 987 2253 quo
1004 2196 1090 2236 cesus
1145 2178 1218 2236 tiam
1234 2177 1387 2256 scriptoris
1408 2176 1439 2236 in
1460 2177 1653 2238 maledicum
1669 2182 1781 2240 mutari
1794 2201 1836 2259 po·

395 2262 534 2342 obliquus
550 2262 675 2342 epitheti
702 2261 767 2322 loco
783 2264 917 2342 ponitur3
941 2262 1089 2341 quomodo
1145 2265 1211 2322 tuit.
1242 2263 1339 2323 Vocat
1355 2269 1456 2323 autern
1472 2263 1639 2343 Apostolus
1655 2267 1836 2345 maleficam,

395 2350 529 2411 Christus
550 2370 569 2408 n
584 2348 681 2409 Paulo
703 2358 826 2408 vocetur
843 2352 1000 2410 Dominus
1021 2351 1090 2426 plo·
1146 2352 1199 2430 qui
1215 2350 1423 2429 perinjurium
1439 2359 1526 2411 nocet
1541 2352 1690 2428 proxima,
1709 2373 1837 2434 praeser-

395 2440 481 2511 rias,
512 2434 611 2496 lOor.
634 2438 663 2496 2.
699 2437 741 2496 Et
763 2435 792 2495 id
816 2435 949 2497 voluisse
972 2437 1090 2496 videtur
1145 2439 1197 2497 tim
1214 2439 1244 2496 in
1260 2439 1394 2516 corporis
1416 2437 1591 2515 integritate
1613 2439 1837 2502 etvalotutlins

395 2527 542 2604 interpres
557 2522 669 2601 Syrus,
695 2524 816 2601 quando
832 2523 954 2582 sustulit
968 2526 1089 2602 conjuu·
1189 2523 1280 2603 Quod
1295 2525 1446 2604 sequitur:
1469 2525 1656 2586 alienorum
1671 2531 1837 2606 appetitor,

397 2613 532 2684 ebonem,
548 2631 583 2670 ac
598 2612 624 2670 si
639 2608 767 2669 diceret:
783 2612 922 2687 Spiritus
936 2611 1092 2687 ptoriosus
1146 2610 1263 2672 Graece
1286 2619 1345 2670 est:
1378 2601 1715 2690 ἆλλοτριοεπίσκοπος,
1745 2613 1777 2676 io
1799 2622 1840 2675 est

398 2701 477 2773 Dei,
508 2696 572 2756 vel:
603 2698 741 2773 Spiritus
768 2697 907 2771 alariae,
943 2698 1024 2778 quod
1054 2699 1092 2758 sit
1146 2699 1839 2774 alienorumiaspectar,'l'ortullianns:alicat

397 2795 504 2846 auctor
524 2783 638 2862 gloriae
652 2803 705 2842 scu
719 2782 946 2861 glorificationis
962 2794 1091 2845 nostrae.
1145 2787 1333 2862 speculator.
1376 2784 1560 2864 Cyprianus,
1591 2786 1646 2847 ubi
1676 2809 1788 2870 snpra,
1813 2796 1839 2849 st

397 2873 469 2936 Jam
486 2873 518 2932 in
534 2890 585 2942 eo,
605 2869 684 2951 quod
701 2867 789 2941 dicit,
813 2871 951 2950 spiritum
968 2873 1026 2932 Dei
1040 2891 1092 2931 rc·
1148 2873 1339 2951 Augustinus
1364 2872 1396 2933 in
1418 2874 1547 2952 exposit.
1571 2874 1675 2954 Epist.
1699 2876 1740 2939 ad
1763 2877 1837 2939 lton

399 2962 555 3037 quiescere
569 2975 665 3034 super
680 2976 740 3031 eos,
761 2958 869 3019 allusio
885 2958 1032 3039 quaedam
1049 2967 1093 3019 est
1146 2960 1301 3031 inchoata,
1319 2960 1406 3039 legit:
1422 2968 1479 3020 aut
1493 2980 1588 3022 curas
1600 2963 1729 3026 alienas
1743 2981 1838 3041 apres

399 3046 551 3108 udlocnm
566 3044 631 3106 Jes.
650 3049 708 3117 11,
724 3042 1093 3106 ubideOhristodicitur:
1147 3046 1292 3108 Erasmus
1314 3048 1419 3107 vertit:
1449 3048 1632 3110 alienarum
1662 3070 1771 3114 rarum
1792 3069 1840 3112 crs·

399 3136 443 3199 Et
462 3135 632 3210 requiescet
653 3150 748 3208 super
771 3151 841 3193 cum
864 3135 1003 3205 Spiritus
1025 3136 1095 3195 Do·
1148 3136 1257 3195 riorus.
1296 3133 1356 3194 Sed
1379 3155 1444 3194 cum
1469 3136 1536 3195 sole
1558 3138 1720 3200 curiositas
1734 3139 1838 3200 aliena·

399 3223 489 3283 mini.
527 3220 588 3280 Per
608 3220 666 3279 hoc
689 3220 767 3279 enim
792 3219 914 3279 innuere
928 3220 1012 3294 vult,
1033 3240 1094 3296 eos,
1148 3242 1213 3281 rum
1235 3241 1335 3280 rerum
1357 3241 1417 3281 non
1439 3222 1478 3282 sit
1498 3223 1577 3283 inter
1600 3226 1745 3297 crimina,
1770 3243 1841 3307 quas

400 3310 453 3387 qui
476 3306 599 3387 spiritus
615 3305 728 3368 Christi
750 3306 861 3367 fuerint
880 3309 1043 3387 participes
1066 3310 1096 3368 in
1149 3308 1277 3388 publicis
1292 3307 1410 3386 legibus
1426 3309 1567 3389 castigari
1578 3310 1701 3374 soleent
1715 3310 1841 3389 (narnis

399 3393 600 3478 passionibus,
616 3396 646 3455 in
658 3393 755 3472 glorie
767 3413 889 3473 quoque
904 3394 1096 3474 pereundam
1150 3395 1195 3455 his
1211 3394 1342 3464 loquitur
1358 3392 1545 3475 Apostolus),
1560 3397 1650 3472 bene,
1668 3409 1701 3460 et
1715 3400 1756 3461 ad
1770 3419 1840 3460 mar

400 3485 537 3564 spiritum
553 3501 620 3541 cnm
637 3479 759 3541 Christo
775 3483 1052 3543 communicaturos.
1150 3491 1212 3542 tem
1227 3482 1365 3563 Apostoli
1381 3483 1558 3561 respiciens,
1578 3485 1732 3566 interpres
1744 3486 1840 3567 vulga·

442 3571 480 3631 In
509 3568 628 3630 Graeco
658 3570 796 3649 proxime
831 3576 994 3647 sequuntur
1023 3568 1098 3630 haec
1150 3578 1198 3629 tus
1214 3569 1377 3629 transtulit:
1400 3570 1580 3632 alienorum
1597 3578 1780 3650 appetitor,
1794 3572 1841 3634 sc‘r

401 3657 509 3719 verbe:
533 3656 714 3720 simorum
737 3675 787 3717 cas
809 3655 935 3731 quictem
953 3656 1097 3733 blasphe-
1151 3655 1221 3715 licet
1245 3678 1311 3717 cum
1339 3656 1461 3728 effectu,
1488 3656 1519 3715 id
1548 3667 1594 3719 eat
1624 3660 1738 3739 cupide
1764 3662 1841 3722 retius

400 3752 509 3806 matur
516 3768 527 3821 ,·
549 3744 722 3806 secuudum
739 3748 913 3804 vosautem
936 3742 1098 3819 aloriliaa·
1151 3744 1257 3804 alienis
1285 3743 1417 3814 inhiens,
1448 3753 1477 3803 ct
1505 3745 1626 3819 tollens,
1658 3748 1712 3809 ubi
1742 3754 1841 3828 potest

400 3840 462 3893 tur.
496 3831 584 3911 Quae
608 3852 666 3892 nee
681 3832 710 3891 in
726 3829 853 3909 Syriaco
869 3829 1024 3909 leguntur,
1041 3849 1097 3891 nee
1151 3831 1229 3891 Nam
1256 3850 1379 3909 rapaces
1404 3830 1540 3891 homines
1563 3834 1649 3894 limis
1672 3836 1790 3909 oculis,
1813 3840 1842 3891 ut

400 3921 432 3980 in
456 3918 529 3980 ullis
560 3927 681 3980 exstent
710 3918 828 3977 Latinis
855 3917 1096 3997 exemplaribus;
1152 3918 1366 3990 aitHorstius,
1393 3920 1428 3978 iss
1444 3936 1492 3978 rcs
1510 3920 1634 3981 alienas
1657 3924 1840 3998 inquirunt3

399 4026 456 4067 nec
479 4004 599 4085 quidem
623 4003 705 4085 apud
729 4003 967 4076 Tertullianum,
991 4006 1044 4081 qui
1066 4006 1096 4065 in
1151 4013 1349 4081 contemptor
1374 4012 1479 4064 autem
1508 4012 1668 4083 pecunias
1699 4006 1746 4085 (ut
1771 4007 1841 4068 idem

399 4093 559 4173 Scorpiaco
589 4099 684 4152 totum
714 4090 794 4151 hune
831 4090 929 4150 lecum
963 4092 1094 4151 adducit
1150 4092 1222 4152 elibi
1237 4087 1385 4171 loquitur)
1402 4094 1475 4151 auri
1497 4094 1640 4170 inpcatcs
1660 4097 1841 4158 omsloirrs·

398 4180 485 4241 Uuus
512 4177 682 4258 Cyprianus
709 4177 781 4258 legit
807 4185 838 4238 et
864 4179 936 4237 citat
962 4179 992 4238 iu
1017 4178 1096 4238 hunc
1149 4186 1232 4240 torto
1247 4185 1366 4255 spectat
1380 4198 1516 4240 acervos.

398 4267 534 4327 modum:
562 4266 654 4344 Quod
680 4266 804 4342 quidem
828 4266 999 4326 secundum
1023 4265 1096 4326 illos
1192 4266 1299 4326 Differt
1315 4273 1413 4326 autem
1429 4266 1487 4325 hoc
1498 4268 1610 4328 crimen
1625 4289 1645 4328 a
1658 4266 1752 4343 turta,
1767 4264 1841 4349 quad

397 4355 653 4430 blasphematur,
691 4354 861 4414 secundam
899 4370 958 4413 aas
987 4361 1094 4413 autem
1149 4351 1280 4414 secundo
1307 4352 1373 4413 loco
1396 4354 1512 4432 posuit,
1540 4357 1614 4433 qnia
1635 4376 1700 4418 uon
1723 4355 1841 4436 simplet

398 4444 583 4503 honoratur.
608 4439 650 4500 Ut
661 4439 701 4499 ad
713 4457 829 4500 nomeu
841 4438 995 4510 referatur,
1013 4440 1094 4519 quod
1149 4449 1195 4501 est
1210 4439 1328 4511 furtum,
1345 4439 1399 4500 sed
1414 4438 1527 4500 turtum
1541 4442 1593 4502 vel
1608 4446 1768 4522 rapacitas
1783 4461 1840 4503 cam

397 4528 480 4606 apud
503 4546 570 4587 eum
591 4525 759 4606 praecedit,
788 4534 933 4606 utsupra
956 4525 1093 4589 diximus.
1147 4526 1350 4589 fraudulentia
1364 4528 1532 4605 conjuncta
1555 4529 1840 4610 Monetigiuuspc·

398 4614 518 4691 Alioqui
549 4614 661 4673 rectius
695 4611 894 4673 Oeeumeuius
932 4612 1093 4675 relativum
1147 4616 1241 4675 stolus
1256 4614 1375 4687 fideles,
1390 4613 1512 4693 nequid
1525 4618 1718 4678 committant
1733 4616 1840 4698 legib!

397 4699 531 4780 supplet,
554 4700 635 4779 quod
651 4698 689 4759 ad
705 4700 839 4777 spiritum
855 4703 1010 4776 pertineat.
1054 4703 1094 4762 Ut
1147 4700 1348 4782 puniendum,
1375 4720 1412 4761 ex
1435 4720 1495 4780 quo
1517 4702 1586 4773 hat,
1617 4712 1652 4764 ut
1673 4726 1734 4769 non
1754 4703 1839 4765 solum

396 4789 435 4847 sit
449 4804 566 4860 scarus,
583 4788 696 4866 inquit:
712 4788 915 4863 (luispiritus
927 4790 989 4849 Dei
1003 4788 1093 4863 apud
1147 4789 1272 4868 glorium
1295 4809 1355 4848 nou
1377 4796 1546 4865 reportent,
1573 4790 1629 4851 sed
1653 4794 1746 4855 etism
1768 4794 1839 4873 iguo

396 4876 510 4949 impios
538 4873 665 4949 quidem
704 4872 833 4933 videtur
869 4874 1091 4951 blasphemari,
1146 4876 1265 4935 miniam
1280 4873 1538 4953 atqueiniumiem
1553 4875 1840 4942 sibiacchristiano

396 4960 485 5035 opos
499 4967 672 5020 vosautem
684 4959 894 5036 plorificatur,
911 4964 998 5039 quia,
1015 4962 1091 5022 dum
1146 4962 1259 5023 nomini
1274 4970 1454 5042 comparent.
1488 4963 1599 5026 Posset
1614 4974 1722 5030 nmen
1737 4963 1839 5044 simpli·

395 5045 444 5108 illi
456 5046 543 5126 salso
558 5064 612 5108 eos
628 5054 797 5125 ammas,
819 5050 856 5114 in
878 5048 950 5112 illos
964 5048 1092 5128 quaen
1146 5049 1219 5110 citer
1240 5049 1366 5130 intelligi
1393 5051 1562 5116 manase·
1585 5070 1701 5120 rerum
1725 5056 1838 5118 dicar
