<?xml version="1.0" encoding="UTF-8"?>
<!DOCTYPE html PUBLIC "-//W3C//DTD XHTML 1.0 Transitional//EN"
    "http://www.w3.org/TR/xhtml1/DTD/xhtml1-transitional.dtd">
<html xmlns="http://www.w3.org/1999/xhtml" xml:lang="en" lang="en">
 <head>
  <title>
</title>
<meta http-equiv="Content-Type" content="text/html;charset=utf-8" />
  <meta name='ocr-system' content='tesseract 3.04.00' />
  <meta name='ocr-capabilities' content='ocr_page ocr_carea ocr_par ocr_line ocrx_word'/>
</head>
<body>
  <div class='ocr_page' id='page_1' title='image "./guilielmiestiii01estigoog_0518.png"; bbox 0 0 4442 5825; ppageno 0'>
   <div class='ocr_carea' id='block_1_1' title="bbox 391 526 1337 641">
    <p class='ocr_par' dir='ltr' id='par_1_1' title="bbox 391 526 1337 641">
     <span class='ocr_line' id='line_1_1' title="bbox 391 526 1337 641; baseline -0.004 -17"><span class='ocrx_word' id='word_1_1' title='bbox 391 569 477 641; x_wconf 65' lang='grc' dir='ltr'><strong>ωε·</strong></span> <span class='ocrx_word' id='word_1_2' title='bbox 691 526 694 533; x_wconf 62' lang='grc'><strong>’</strong></span> <span class='ocrx_word' id='word_1_3' title='bbox 922 564 1337 623; x_wconf 74' lang='lat' dir='ltr'><strong>eorumrauusmcsrn</strong></span> 
     </span>
    </p>
   </div>
   <div class='ocr_carea' id='block_1_2' title="bbox 389 736 1770 3120">
    <p class='ocr_par' dir='ltr' id='par_1_2' title="bbox 389 736 1770 3120">
     <span class='ocr_line' id='line_1_2' title="bbox 390 736 1770 834; baseline -0.004 -23"><span class='ocrx_word' id='word_1_4' title='bbox 390 745 502 831; x_wconf 77' lang='lat' dir='ltr'><strong>grinos</strong></span> <span class='ocrx_word' id='word_1_5' title='bbox 539 741 707 810; x_wconf 90' lang='lat' dir='ltr'><strong>abstinere</strong></span> <span class='ocrx_word' id='word_1_6' title='bbox 747 763 807 812; x_wconf 83' lang='lat' dir='ltr'><strong>vos</strong></span> <span class='ocrx_word' id='word_1_7' title='bbox 844 765 864 812; x_wconf 92' lang='lat' dir='ltr'><strong>a</strong></span> <span class='ocrx_word' id='word_1_8' title='bbox 899 744 1089 815; x_wconf 89' lang='lat' dir='ltr'><strong>carnalibus</strong></span> <span class='ocrx_word' id='word_1_9' title='bbox 1128 746 1319 834; x_wconf 78' lang='lat' dir='ltr'>desideriis,</span> <span class='ocrx_word' id='word_1_10' title='bbox 1361 765 1446 833; x_wconf 89' lang='lat' dir='ltr'><strong>quae</strong></span> <span class='ocrx_word' id='word_1_11' title='bbox 1487 743 1636 810; x_wconf 86' lang='lat' dir='ltr'><strong>militant</strong></span> <span class='ocrx_word' id='word_1_12' title='bbox 1675 736 1770 807; x_wconf 85' lang='lat' dir='ltr'><strong>alrsrs</strong></span> 
     </span>
     <span class='ocr_line' id='line_1_3' title="bbox 391 843 1750 937; baseline -0.004 -23"><span class='ocrx_word' id='word_1_13' title='bbox 391 851 552 933; x_wconf 89' lang='lat' dir='ltr'><strong>animam,</strong></span> <span class='ocrx_word' id='word_1_14' title='bbox 596 849 653 914; x_wconf 91' lang='grc'><strong>12.</strong></span> <span class='ocrx_word' id='word_1_15' title='bbox 683 849 968 916; x_wconf 78' lang='lat' dir='ltr'><strong>conversationem</strong></span> <span class='ocrx_word' id='word_1_16' title='bbox 996 856 1140 918; x_wconf 83' lang='lat' dir='ltr'><strong>vestram</strong></span> <span class='ocrx_word' id='word_1_17' title='bbox 1169 853 1257 918; x_wconf 90' lang='lat' dir='ltr'><strong>inter</strong></span> <span class='ocrx_word' id='word_1_18' title='bbox 1283 855 1401 937; x_wconf 82' lang='lat' dir='ltr'><strong>gentes</strong></span> <span class='ocrx_word' id='word_1_19' title='bbox 1427 847 1596 914; x_wconf 89' lang='lat' dir='ltr'><strong>habentes</strong></span> <span class='ocrx_word' id='word_1_20' title='bbox 1621 843 1750 927; x_wconf 87' lang='lat' dir='ltr'><strong>bonan,</strong></span> 
     </span>
     <span class='ocr_line' id='line_1_4' title="bbox 390 944 1769 1043; baseline -0.004 -25"><span class='ocrx_word' id='word_1_21' title='bbox 390 952 422 1018; x_wconf 91' lang='lat' dir='ltr'><strong>in</strong></span> <span class='ocrx_word' id='word_1_22' title='bbox 451 971 510 1037; x_wconf 95' lang='lat' dir='ltr'><strong>eo,</strong></span> <span class='ocrx_word' id='word_1_23' title='bbox 546 949 635 1039; x_wconf 85' lang='lat' dir='ltr'><strong>quod</strong></span> <span class='ocrx_word' id='word_1_24' title='bbox 662 949 854 1020; x_wconf 86' lang='lat' dir='ltr'><strong>detrectant</strong></span> <span class='ocrx_word' id='word_1_25' title='bbox 879 952 921 1019; x_wconf 86' lang='lat' dir='ltr'><strong>(le</strong></span> <span class='ocrx_word' id='word_1_26' title='bbox 948 952 1046 1021; x_wconf 84' lang='lat' dir='ltr'><strong>robis</strong></span> <span class='ocrx_word' id='word_1_27' title='bbox 1073 960 1240 1043; x_wconf 88' lang='lat' dir='ltr'><strong>tamquam</strong></span> <span class='ocrx_word' id='word_1_28' title='bbox 1270 952 1312 1021; x_wconf 91' lang='lat' dir='ltr'><strong>de</strong></span> <span class='ocrx_word' id='word_1_29' title='bbox 1339 948 1633 1034; x_wconf 69' lang='lat' dir='ltr'><strong>malefactoribus,</strong></span> <span class='ocrx_word' id='word_1_30' title='bbox 1671 967 1711 1014; x_wconf 85' lang='lat' dir='ltr'><strong>ex</strong></span> <span class='ocrx_word' id='word_1_31' title='bbox 1732 944 1769 1013; x_wconf 82' lang='lat' dir='ltr'><strong>bu</strong></span> 
     </span>
     <span class='ocr_line' id='line_1_5' title="bbox 391 1051 1770 1143; baseline -0.004 -21"><span class='ocrx_word' id='word_1_32' title='bbox 391 1051 547 1142; x_wconf 92' lang='lat' dir='ltr'><strong>operibus</strong></span> <span class='ocrx_word' id='word_1_33' title='bbox 580 1074 641 1121; x_wconf 88' lang='lat' dir='ltr'><strong>vos</strong></span> <span class='ocrx_word' id='word_1_34' title='bbox 676 1055 942 1142; x_wconf 85' lang='lat' dir='ltr'><strong>considerantes,</strong></span> <span class='ocrx_word' id='word_1_35' title='bbox 982 1057 1169 1143; x_wconf 85' lang='lat' dir='ltr'><strong>glorificent</strong></span> <span class='ocrx_word' id='word_1_36' title='bbox 1203 1058 1310 1124; x_wconf 90' lang='lat' dir='ltr'><strong>Deum</strong></span> <span class='ocrx_word' id='word_1_37' title='bbox 1347 1058 1381 1123; x_wconf 90' lang='lat' dir='ltr'><strong>in</strong></span> <span class='ocrx_word' id='word_1_38' title='bbox 1416 1056 1470 1123; x_wconf 89' lang='lat' dir='ltr'><strong>die</strong></span> <span class='ocrx_word' id='word_1_39' title='bbox 1504 1052 1718 1121; x_wconf 86' lang='lat' dir='ltr'><strong>visitationis.</strong></span> <span class='ocrx_word' id='word_1_40' title='bbox 1763 1052 1770 1116; x_wconf 99' lang='grc'><strong>1</strong></span> 
     </span>
     <span class='ocr_line' id='line_1_6' title="bbox 390 1146 1769 1248; baseline -0.004 -23"><span class='ocrx_word' id='word_1_41' title='bbox 390 1156 543 1245; x_wconf 76' lang='grc'><strong>80110011</strong></span> <span class='ocrx_word' id='word_1_42' title='bbox 578 1159 679 1245; x_wconf 83' lang='lat' dir='ltr'><strong>igitur</strong></span> <span class='ocrx_word' id='word_1_43' title='bbox 712 1166 820 1227; x_wconf 88' lang='lat' dir='ltr'><strong>estote</strong></span> <span class='ocrx_word' id='word_1_44' title='bbox 855 1161 942 1227; x_wconf 87' lang='lat' dir='ltr'><strong>omni</strong></span> <span class='ocrx_word' id='word_1_45' title='bbox 976 1161 1141 1229; x_wconf 84' lang='lat' dir='ltr'><strong>humanae</strong></span> <span class='ocrx_word' id='word_1_46' title='bbox 1178 1167 1353 1229; x_wconf 88' lang='lat' dir='ltr'><strong>creaturae</strong></span> <span class='ocrx_word' id='word_1_47' title='bbox 1389 1165 1528 1248; x_wconf 89' lang='lat' dir='ltr'><strong>propter</strong></span> <span class='ocrx_word' id='word_1_48' title='bbox 1563 1157 1676 1224; x_wconf 89' lang='lat' dir='ltr'><strong>Deum</strong></span> <span class='ocrx_word' id='word_1_49' title='bbox 1686 1146 1727 1240; x_wconf 78' lang='lat'><strong>¹),</strong></span> <span class='ocrx_word' id='word_1_50' title='bbox 1755 1172 1769 1219; x_wconf 90' lang='lat' dir='ltr'><strong>a</strong></span> 
     </span>
     <span class='ocr_line' id='line_1_7' title="bbox 389 1255 1769 1353; baseline -0.004 -25"><span class='ocrx_word' id='word_1_51' title='bbox 389 1263 471 1349; x_wconf 82' lang='lat' dir='ltr'><strong>regi,</strong></span> <span class='ocrx_word' id='word_1_52' title='bbox 500 1264 592 1350; x_wconf 90' lang='lat' dir='ltr'><strong>quasi</strong></span> <span class='ocrx_word' id='word_1_53' title='bbox 618 1264 848 1350; x_wconf 79' lang='lat' dir='ltr'><strong>praecellenti,</strong></span> <span class='ocrx_word' id='word_1_54' title='bbox 879 1267 935 1331; x_wconf 79' lang='lat'><strong>14.</strong></span> <span class='ocrx_word' id='word_1_55' title='bbox 963 1265 1034 1332; x_wconf 81' lang='lat' dir='ltr'><strong>sive</strong></span> <span class='ocrx_word' id='word_1_56' title='bbox 1062 1265 1203 1333; x_wconf 84' lang='lat' dir='ltr'><strong>ducibus</strong></span> <span class='ocrx_word' id='word_1_57' title='bbox 1226 1271 1393 1353; x_wconf 87' lang='lat' dir='ltr'><strong>tamquam</strong></span> <span class='ocrx_word' id='word_1_58' title='bbox 1417 1261 1460 1330; x_wconf 89' lang='lat' dir='ltr'><strong>ab</strong></span> <span class='ocrx_word' id='word_1_59' title='bbox 1484 1283 1524 1329; x_wconf 96' lang='lat' dir='ltr'><strong>eo</strong></span> <span class='ocrx_word' id='word_1_60' title='bbox 1552 1260 1663 1327; x_wconf 91' lang='lat' dir='ltr'><strong>missis</strong></span> <span class='ocrx_word' id='word_1_61' title='bbox 1691 1255 1769 1326; x_wconf 78' lang='lat' dir='ltr'><strong>asir</strong></span> 
     </span>
     <span class='ocr_line' id='line_1_8' title="bbox 390 1362 1769 1455; baseline -0.003 -23"><span class='ocrx_word' id='word_1_62' title='bbox 390 1365 514 1433; x_wconf 90' lang='lat' dir='ltr'><strong>dictam</strong></span> <span class='ocrx_word' id='word_1_63' title='bbox 542 1365 813 1454; x_wconf 83' lang='lat' dir='ltr'><strong>malefactorum,</strong></span> <span class='ocrx_word' id='word_1_64' title='bbox 839 1368 971 1437; x_wconf 89' lang='lat' dir='ltr'><strong>laudem</strong></span> <span class='ocrx_word' id='word_1_65' title='bbox 1000 1388 1081 1436; x_wconf 83' lang='lat' dir='ltr'><strong>vero</strong></span> <span class='ocrx_word' id='word_1_66' title='bbox 1107 1369 1289 1453; x_wconf 81' lang='lat' dir='ltr'><strong>bonorum3</strong></span> <span class='ocrx_word' id='word_1_67' title='bbox 1335 1369 1391 1434; x_wconf 79' lang='lat'><strong>15.</strong></span> <span class='ocrx_word' id='word_1_68' title='bbox 1420 1368 1498 1455; x_wconf 91' lang='lat' dir='ltr'><strong>quia</strong></span> <span class='ocrx_word' id='word_1_69' title='bbox 1525 1368 1574 1431; x_wconf 92' lang='lat' dir='ltr'><strong>sic</strong></span> <span class='ocrx_word' id='word_1_70' title='bbox 1603 1370 1657 1431; x_wconf 87' lang='lat' dir='ltr'><strong>est</strong></span> <span class='ocrx_word' id='word_1_71' title='bbox 1681 1362 1769 1429; x_wconf 83' lang='lat' dir='ltr'><strong>volun</strong></span> 
     </span>
     <span class='ocr_line' id='line_1_9' title="bbox 389 1466 1770 1559; baseline -0.003 -24"><span class='ocrx_word' id='word_1_72' title='bbox 389 1469 471 1555; x_wconf 92' lang='lat' dir='ltr'><strong>Dei,</strong></span> <span class='ocrx_word' id='word_1_73' title='bbox 499 1475 537 1537; x_wconf 92' lang='lat' dir='ltr'><strong>ut</strong></span> <span class='ocrx_word' id='word_1_74' title='bbox 562 1468 813 1539; x_wconf 76' lang='lat' dir='ltr'><strong>benefacientes</strong></span> <span class='ocrx_word' id='word_1_75' title='bbox 840 1471 1070 1539; x_wconf 90' lang='lat' dir='ltr'><strong>obmutescere</strong></span> <span class='ocrx_word' id='word_1_76' title='bbox 1096 1473 1229 1541; x_wconf 84' lang='lat' dir='ltr'><strong>faciatis</strong></span> <span class='ocrx_word' id='word_1_77' title='bbox 1255 1472 1513 1559; x_wconf 85' lang='lat' dir='ltr'><strong>imprudentium</strong></span> <span class='ocrx_word' id='word_1_78' title='bbox 1540 1469 1711 1536; x_wconf 88' lang='lat' dir='ltr'><strong>bominum</strong></span> <span class='ocrx_word' id='word_1_79' title='bbox 1734 1466 1770 1551; x_wconf 72' lang='lat' dir='ltr'><strong>ip</strong></span> 
     </span>
     <span class='ocr_line' id='line_1_10' title="bbox 390 1566 1769 1666; baseline -0.003 -26"><span class='ocrx_word' id='word_1_80' title='bbox 390 1573 551 1658; x_wconf 85' lang='lat' dir='ltr'><strong>rantiam3</strong></span> <span class='ocrx_word' id='word_1_81' title='bbox 584 1575 641 1640; x_wconf 82' lang='lat'><strong>16.</strong></span> <span class='ocrx_word' id='word_1_82' title='bbox 671 1576 765 1662; x_wconf 89' lang='lat' dir='ltr'><strong>quasi</strong></span> <span class='ocrx_word' id='word_1_83' title='bbox 790 1574 900 1662; x_wconf 90' lang='lat' dir='ltr'><strong>liberi,</strong></span> <span class='ocrx_word' id='word_1_84' title='bbox 929 1582 963 1642; x_wconf 90' lang='lat' dir='ltr'><strong>et</strong></span> <span class='ocrx_word' id='word_1_85' title='bbox 985 1597 1052 1642; x_wconf 95' lang='lat' dir='ltr'><strong>non</strong></span> <span class='ocrx_word' id='word_1_86' title='bbox 1071 1578 1166 1666; x_wconf 90' lang='lat' dir='ltr'><strong>qnasi</strong></span> <span class='ocrx_word' id='word_1_87' title='bbox 1187 1577 1339 1645; x_wconf 87' lang='lat' dir='ltr'><strong>velamen</strong></span> <span class='ocrx_word' id='word_1_88' title='bbox 1361 1574 1527 1642; x_wconf 88' lang='lat' dir='ltr'><strong>babentes</strong></span> <span class='ocrx_word' id='word_1_89' title='bbox 1553 1572 1704 1639; x_wconf 82' lang='lat' dir='ltr'><strong>malitiae</strong></span> <span class='ocrx_word' id='word_1_90' title='bbox 1728 1566 1769 1636; x_wconf 91' lang='lat' dir='ltr'><strong>lib</strong></span> 
     </span>
     <span class='ocr_line' id='line_1_11' title="bbox 389 1672 1770 1764; baseline -0.002 -20"><span class='ocrx_word' id='word_1_91' title='bbox 389 1683 506 1764; x_wconf 88' lang='lat' dir='ltr'><strong>tatem,</strong></span> <span class='ocrx_word' id='word_1_92' title='bbox 534 1677 593 1745; x_wconf 87' lang='lat' dir='ltr'><strong>sed</strong></span> <span class='ocrx_word' id='word_1_93' title='bbox 620 1679 707 1745; x_wconf 89' lang='lat' dir='ltr'><strong>siout</strong></span> <span class='ocrx_word' id='word_1_94' title='bbox 733 1681 822 1747; x_wconf 87' lang='lat' dir='ltr'><strong>servi</strong></span> <span class='ocrx_word' id='word_1_95' title='bbox 848 1679 923 1746; x_wconf 92' lang='lat' dir='ltr'><strong>Dei.</strong></span> <span class='ocrx_word' id='word_1_96' title='bbox 969 1682 1026 1746; x_wconf 86' lang='grc'><strong>11.</strong></span> <span class='ocrx_word' id='word_1_97' title='bbox 1055 1679 1179 1749; x_wconf 87' lang='lat' dir='ltr'><strong>Omnes</strong></span> <span class='ocrx_word' id='word_1_98' title='bbox 1204 1682 1385 1764; x_wconf 71' lang='lat' dir='ltr'><strong>honorate,</strong></span> <span class='ocrx_word' id='word_1_99' title='bbox 1412 1678 1661 1745; x_wconf 87' lang='lat' dir='ltr'><strong>fraternitatem</strong></span> <span class='ocrx_word' id='word_1_100' title='bbox 1689 1672 1770 1759; x_wconf 73' lang='lat' dir='ltr'><strong>diligi</strong></span> 
     </span>
     <span class='ocr_line' id='line_1_12' title="bbox 390 1779 1770 1870; baseline -0.004 -22"><span class='ocrx_word' id='word_1_101' title='bbox 390 1781 499 1849; x_wconf 89' lang='lat' dir='ltr'><strong>Deum</strong></span> <span class='ocrx_word' id='word_1_102' title='bbox 535 1782 670 1868; x_wconf 88' lang='lat' dir='ltr'><strong>timete;</strong></span> <span class='ocrx_word' id='word_1_103' title='bbox 707 1803 820 1870; x_wconf 79' lang='lat' dir='ltr'><strong>regem</strong></span> <span class='ocrx_word' id='word_1_104' title='bbox 856 1784 1085 1852; x_wconf 87' lang='lat' dir='ltr'><strong>honorificate.</strong></span> <span class='ocrx_word' id='word_1_105' title='bbox 1144 1788 1202 1853; x_wconf 89' lang='lat'><strong>18.</strong></span> <span class='ocrx_word' id='word_1_106' title='bbox 1243 1783 1339 1851; x_wconf 85' lang='lat' dir='ltr'><strong>Servi</strong></span> <span class='ocrx_word' id='word_1_107' title='bbox 1375 1782 1501 1851; x_wconf 89' lang='lat' dir='ltr'><strong>subditi</strong></span> <span class='ocrx_word' id='word_1_108' title='bbox 1535 1785 1646 1848; x_wconf 90' lang='lat' dir='ltr'><strong>estete</strong></span> <span class='ocrx_word' id='word_1_109' title='bbox 1681 1779 1714 1845; x_wconf 93' lang='lat' dir='ltr'><strong>in</strong></span> <span class='ocrx_word' id='word_1_110' title='bbox 1745 1795 1770 1842; x_wconf 85' lang='lat' dir='ltr'><strong>er</strong></span> 
     </span>
     <span class='ocr_line' id='line_1_13' title="bbox 390 1881 1769 1974; baseline -0.001 -22"><span class='ocrx_word' id='word_1_111' title='bbox 390 1886 509 1952; x_wconf 89' lang='lat' dir='ltr'><strong>timore</strong></span> <span class='ocrx_word' id='word_1_112' title='bbox 537 1885 689 1972; x_wconf 88' lang='lat' dir='ltr'><strong>dominis,</strong></span> <span class='ocrx_word' id='word_1_113' title='bbox 717 1907 782 1954; x_wconf 93' lang='lat' dir='ltr'><strong>non</strong></span> <span class='ocrx_word' id='word_1_114' title='bbox 809 1893 938 1955; x_wconf 91' lang='lat' dir='ltr'><strong>tantum</strong></span> <span class='ocrx_word' id='word_1_115' title='bbox 966 1886 1063 1955; x_wconf 91' lang='lat' dir='ltr'><strong>bonis</strong></span> <span class='ocrx_word' id='word_1_116' title='bbox 1090 1895 1125 1955; x_wconf 91' lang='lat' dir='ltr'><strong>et</strong></span> <span class='ocrx_word' id='word_1_117' title='bbox 1152 1889 1329 1974; x_wconf 88' lang='lat' dir='ltr'><strong>modestis,</strong></span> <span class='ocrx_word' id='word_1_118' title='bbox 1359 1886 1417 1954; x_wconf 85' lang='lat' dir='ltr'><strong>sed</strong></span> <span class='ocrx_word' id='word_1_119' title='bbox 1445 1886 1545 1954; x_wconf 89' lang='lat' dir='ltr'><strong>etiarn</strong></span> <span class='ocrx_word' id='word_1_120' title='bbox 1576 1881 1731 1970; x_wconf 89' lang='lat' dir='ltr'><strong>dyscolis.</strong></span> <span class='ocrx_word' id='word_1_121' title='bbox 1768 1936 1769 1943; x_wconf 31' lang='lat'>1</span> 
     </span>
     <span class='ocr_line' id='line_1_14' title="bbox 389 1983 1770 2079; baseline -0.004 -23"><span class='ocrx_word' id='word_1_122' title='bbox 389 1989 484 2056; x_wconf 87' lang='lat' dir='ltr'><strong>Haec</strong></span> <span class='ocrx_word' id='word_1_123' title='bbox 511 1996 563 2056; x_wconf 92' lang='lat' dir='ltr'><strong>est</strong></span> <span class='ocrx_word' id='word_1_124' title='bbox 590 1990 674 2057; x_wconf 89' lang='lat' dir='ltr'><strong>enim</strong></span> <span class='ocrx_word' id='word_1_125' title='bbox 703 1993 829 2078; x_wconf 82' lang='lat' dir='ltr'><strong>gratia,</strong></span> <span class='ocrx_word' id='word_1_126' title='bbox 865 1993 894 2058; x_wconf 87' lang='lat' dir='ltr'><strong>si</strong></span> <span class='ocrx_word' id='word_1_127' title='bbox 919 1997 1056 2079; x_wconf 91' lang='lat' dir='ltr'><strong>propter</strong></span> <span class='ocrx_word' id='word_1_128' title='bbox 1084 1992 1149 2059; x_wconf 90' lang='lat' dir='ltr'><strong>Dei</strong></span> <span class='ocrx_word' id='word_1_129' title='bbox 1184 1993 1420 2059; x_wconf 89' lang='lat' dir='ltr'><strong>conscientiam</strong></span> <span class='ocrx_word' id='word_1_130' title='bbox 1457 1989 1601 2056; x_wconf 87' lang='lat' dir='ltr'><strong>sustinet</strong></span> <span class='ocrx_word' id='word_1_131' title='bbox 1627 1987 1701 2076; x_wconf 89' lang='lat' dir='ltr'><strong>quis</strong></span> <span class='ocrx_word' id='word_1_132' title='bbox 1725 1983 1770 2051; x_wconf 84' lang='lat' dir='ltr'><strong>tri</strong></span> 
     </span>
     <span class='ocr_line' id='line_1_15' title="bbox 390 2094 1770 2183; baseline -0.004 -22"><span class='ocrx_word' id='word_1_133' title='bbox 390 2095 475 2179; x_wconf 92' lang='lat' dir='ltr'><strong>tias,</strong></span> <span class='ocrx_word' id='word_1_134' title='bbox 502 2094 634 2180; x_wconf 88' lang='lat' dir='ltr'><strong>patiens</strong></span> <span class='ocrx_word' id='word_1_135' title='bbox 660 2095 793 2183; x_wconf 75' lang='lat' dir='ltr'><strong>injuste.</strong></span> <span class='ocrx_word' id='word_1_136' title='bbox 849 2098 909 2165; x_wconf 92' lang='grc'><strong>20.</strong></span> <span class='ocrx_word' id='word_1_137' title='bbox 939 2094 1032 2181; x_wconf 86' lang='lat' dir='ltr'><strong>Quae</strong></span> <span class='ocrx_word' id='word_1_138' title='bbox 1062 2098 1147 2163; x_wconf 91' lang='lat' dir='ltr'><strong>enim</strong></span> <span class='ocrx_word' id='word_1_139' title='bbox 1176 2103 1227 2164; x_wconf 90' lang='lat' dir='ltr'><strong>est</strong></span> <span class='ocrx_word' id='word_1_140' title='bbox 1253 2097 1377 2182; x_wconf 88' lang='lat' dir='ltr'><strong>gloria,</strong></span> <span class='ocrx_word' id='word_1_141' title='bbox 1413 2094 1440 2160; x_wconf 90' lang='lat' dir='ltr'><strong>si</strong></span> <span class='ocrx_word' id='word_1_142' title='bbox 1468 2098 1654 2181; x_wconf 89' lang='lat' dir='ltr'><strong>peccantes</strong></span> <span class='ocrx_word' id='word_1_143' title='bbox 1681 2096 1770 2158; x_wconf 87' lang='grc'><strong>0100</strong></span> 
     </span>
     <span class='ocr_line' id='line_1_16' title="bbox 389 2196 1747 2287; baseline -0.004 -23"><span class='ocrx_word' id='word_1_144' title='bbox 389 2196 519 2286; x_wconf 86' lang='lat' dir='ltr'><strong>pbizati</strong></span> <span class='ocrx_word' id='word_1_145' title='bbox 555 2198 722 2266; x_wconf 80' lang='lat' dir='ltr'><strong>suffertis?</strong></span> <span class='ocrx_word' id='word_1_146' title='bbox 763 2198 830 2268; x_wconf 84' lang='lat' dir='ltr'><strong>Sed</strong></span> <span class='ocrx_word' id='word_1_147' title='bbox 867 2201 894 2266; x_wconf 92' lang='lat' dir='ltr'><strong>si</strong></span> <span class='ocrx_word' id='word_1_148' title='bbox 921 2196 1016 2266; x_wconf 71' lang='grc' dir='ltr'><strong>11000·Δ</strong></span> <span class='ocrx_word' id='word_1_149' title='bbox 1041 2199 1204 2268; x_wconf 89' lang='lat' dir='ltr'><strong>facientes</strong></span> <span class='ocrx_word' id='word_1_150' title='bbox 1236 2201 1404 2287; x_wconf 85' lang='lat' dir='ltr'><strong>patienter</strong></span> <span class='ocrx_word' id='word_1_151' title='bbox 1438 2197 1631 2280; x_wconf 89' lang='lat' dir='ltr'><strong>sustinetis,</strong></span> <span class='ocrx_word' id='word_1_152' title='bbox 1667 2196 1747 2261; x_wconf 85' lang='lat' dir='ltr'><strong>haee</strong></span> 
     </span>
     <span class='ocr_line' id='line_1_17' title="bbox 390 2296 1770 2390; baseline -0.004 -22"><span class='ocrx_word' id='word_1_153' title='bbox 390 2301 501 2389; x_wconf 80' lang='lat' dir='ltr'><strong>gratia</strong></span> <span class='ocrx_word' id='word_1_154' title='bbox 527 2301 617 2390; x_wconf 89' lang='lat' dir='ltr'><strong>apud</strong></span> <span class='ocrx_word' id='word_1_155' title='bbox 643 2302 763 2371; x_wconf 91' lang='lat' dir='ltr'><strong>Deum.</strong></span> <span class='ocrx_word' id='word_1_156' title='bbox 818 2306 878 2372; x_wconf 94' lang='grc'><strong>21.</strong></span> <span class='ocrx_word' id='word_1_157' title='bbox 915 2303 951 2370; x_wconf 93' lang='lat' dir='ltr'><strong>ln</strong></span> <span class='ocrx_word' id='word_1_158' title='bbox 986 2303 1052 2371; x_wconf 93' lang='lat' dir='ltr'><strong>boc</strong></span> <span class='ocrx_word' id='word_1_159' title='bbox 1088 2306 1173 2371; x_wconf 92' lang='lat' dir='ltr'><strong>enim</strong></span> <span class='ocrx_word' id='word_1_160' title='bbox 1212 2307 1325 2371; x_wconf 86' lang='lat' dir='ltr'><strong>vocati</strong></span> <span class='ocrx_word' id='word_1_161' title='bbox 1362 2305 1461 2387; x_wconf 87' lang='lat' dir='ltr'><strong>estis,</strong></span> <span class='ocrx_word' id='word_1_162' title='bbox 1502 2301 1582 2390; x_wconf 91' lang='lat' dir='ltr'><strong>quia</strong></span> <span class='ocrx_word' id='word_1_163' title='bbox 1618 2304 1655 2365; x_wconf 90' lang='lat' dir='ltr'><strong>et</strong></span> <span class='ocrx_word' id='word_1_164' title='bbox 1689 2296 1770 2365; x_wconf 76' lang='lat' dir='ltr'><strong>cni</strong></span> 
     </span>
     <span class='ocr_line' id='line_1_18' title="bbox 391 2399 1770 2496; baseline -0.004 -24"><span class='ocrx_word' id='word_1_165' title='bbox 391 2425 509 2494; x_wconf 88' lang='lat' dir='ltr'><strong>passus</strong></span> <span class='ocrx_word' id='word_1_166' title='bbox 537 2411 588 2474; x_wconf 92' lang='lat' dir='ltr'><strong>est</strong></span> <span class='ocrx_word' id='word_1_167' title='bbox 614 2427 675 2494; x_wconf 93' lang='lat' dir='ltr'><strong>pro</strong></span> <span class='ocrx_word' id='word_1_168' title='bbox 702 2407 816 2494; x_wconf 88' lang='lat' dir='ltr'><strong>nobis,</strong></span> <span class='ocrx_word' id='word_1_169' title='bbox 843 2406 940 2474; x_wconf 87' lang='lat' dir='ltr'><strong>vobis</strong></span> <span class='ocrx_word' id='word_1_170' title='bbox 966 2408 1157 2496; x_wconf 87' lang='lat' dir='ltr'><strong>relinquens</strong></span> <span class='ocrx_word' id='word_1_171' title='bbox 1184 2409 1390 2496; x_wconf 84' lang='lat' dir='ltr'><strong>exemplum,</strong></span> <span class='ocrx_word' id='word_1_172' title='bbox 1418 2412 1455 2473; x_wconf 92' lang='lat' dir='ltr'><strong>ut</strong></span> <span class='ocrx_word' id='word_1_173' title='bbox 1483 2404 1671 2492; x_wconf 89' lang='lat' dir='ltr'><strong>sequamini</strong></span> <span class='ocrx_word' id='word_1_174' title='bbox 1697 2399 1770 2468; x_wconf 87' lang='lat' dir='ltr'><strong>vesti</strong></span> 
     </span>
     <span class='ocr_line' id='line_1_19' title="bbox 393 2505 1770 2598; baseline -0.004 -22"><span class='ocrx_word' id='word_1_175' title='bbox 393 2512 475 2596; x_wconf 78' lang='lat' dir='ltr'><strong>ejus,</strong></span> <span class='ocrx_word' id='word_1_176' title='bbox 505 2512 564 2578; x_wconf 93' lang='grc'><strong>22.</strong></span> <span class='ocrx_word' id='word_1_177' title='bbox 594 2514 649 2598; x_wconf 91' lang='lat' dir='ltr'><strong>qui</strong></span> <span class='ocrx_word' id='word_1_178' title='bbox 676 2518 852 2598; x_wconf 89' lang='lat' dir='ltr'><strong>peecatum</strong></span> <span class='ocrx_word' id='word_1_179' title='bbox 879 2533 944 2578; x_wconf 90' lang='lat' dir='ltr'><strong>non</strong></span> <span class='ocrx_word' id='word_1_180' title='bbox 971 2511 1062 2598; x_wconf 90' lang='lat' dir='ltr'><strong>feeit,</strong></span> <span class='ocrx_word' id='word_1_181' title='bbox 1090 2531 1152 2578; x_wconf 91' lang='lat' dir='ltr'><strong>nee</strong></span> <span class='ocrx_word' id='word_1_182' title='bbox 1179 2513 1334 2580; x_wconf 90' lang='lat' dir='ltr'><strong>inventus</strong></span> <span class='ocrx_word' id='word_1_183' title='bbox 1362 2516 1414 2579; x_wconf 90' lang='lat' dir='ltr'><strong>est</strong></span> <span class='ocrx_word' id='word_1_184' title='bbox 1440 2510 1536 2576; x_wconf 92' lang='lat' dir='ltr'><strong>dolus</strong></span> <span class='ocrx_word' id='word_1_185' title='bbox 1563 2510 1598 2574; x_wconf 89' lang='lat' dir='ltr'><strong>in</strong></span> <span class='ocrx_word' id='word_1_186' title='bbox 1626 2525 1685 2573; x_wconf 93' lang='lat' dir='ltr'><strong>ore</strong></span> <span class='ocrx_word' id='word_1_187' title='bbox 1712 2505 1770 2591; x_wconf 79' lang='lat' dir='ltr'><strong>eju</strong></span> 
     </span>
     <span class='ocr_line' id='line_1_20' title="bbox 394 2600 1770 2702; baseline -0.004 -24"><span class='ocrx_word' id='word_1_188' title='bbox 394 2614 453 2680; x_wconf 84' lang='grc'><strong>23.</strong></span> <span class='ocrx_word' id='word_1_189' title='bbox 483 2615 540 2702; x_wconf 89' lang='lat' dir='ltr'><strong>qui</strong></span> <span class='ocrx_word' id='word_1_190' title='bbox 566 2633 640 2681; x_wconf 90' lang='lat' dir='ltr'><strong>cum</strong></span> <span class='ocrx_word' id='word_1_191' title='bbox 659 2614 927 2701; x_wconf 80' lang='lat' dir='ltr'><strong>malediceretur,</strong></span> <span class='ocrx_word' id='word_1_192' title='bbox 955 2636 1020 2683; x_wconf 90' lang='lat' dir='ltr'><strong>non</strong></span> <span class='ocrx_word' id='word_1_193' title='bbox 1044 2614 1286 2701; x_wconf 77' lang='lat' dir='ltr'><strong>maledicebat,</strong></span> <span class='ocrx_word' id='word_1_194' title='bbox 1316 2634 1389 2682; x_wconf 90' lang='lat' dir='ltr'><strong>cum</strong></span> <span class='ocrx_word' id='word_1_195' title='bbox 1409 2600 1632 2701; x_wconf 67' lang='lat' dir='ltr'><strong>pateretur3),</strong></span> <span class='ocrx_word' id='word_1_196' title='bbox 1660 2630 1723 2677; x_wconf 91' lang='lat' dir='ltr'><strong>non</strong></span> <span class='ocrx_word' id='word_1_197' title='bbox 1743 2625 1770 2673; x_wconf 84' lang='lat' dir='ltr'><strong>es</strong></span> 
     </span>
     <span class='ocr_line' id='line_1_21' title="bbox 395 2716 1770 2806; baseline -0.003 -24"><span class='ocrx_word' id='word_1_198' title='bbox 395 2716 601 2804; x_wconf 89' lang='lat' dir='ltr'><strong>minabatur;</strong></span> <span class='ocrx_word' id='word_1_199' title='bbox 629 2717 787 2787; x_wconf 84' lang='lat' dir='ltr'><strong>tradebat</strong></span> <span class='ocrx_word' id='word_1_200' title='bbox 815 2726 925 2787; x_wconf 88' lang='lat' dir='ltr'><strong>eutero</strong></span> <span class='ocrx_word' id='word_1_201' title='bbox 950 2718 1116 2806; x_wconf 89' lang='lat' dir='ltr'><strong>judicanti</strong></span> <span class='ocrx_word' id='word_1_202' title='bbox 1144 2740 1178 2787; x_wconf 87' lang='lat' dir='ltr'><strong>ee</strong></span> <span class='ocrx_word' id='word_1_203' title='bbox 1206 2721 1346 2806; x_wconf 82' lang='lat' dir='ltr'><strong>injuste3</strong></span> <span class='ocrx_word' id='word_1_204' title='bbox 1385 2720 1444 2785; x_wconf 86' lang='grc'><strong>24.</strong></span> <span class='ocrx_word' id='word_1_205' title='bbox 1474 2717 1531 2804; x_wconf 89' lang='lat' dir='ltr'><strong>qui</strong></span> <span class='ocrx_word' id='word_1_206' title='bbox 1557 2720 1701 2802; x_wconf 86' lang='lat' dir='ltr'><strong>peecata</strong></span> <span class='ocrx_word' id='word_1_207' title='bbox 1724 2729 1770 2779; x_wconf 79' lang='lat' dir='ltr'><strong>nos</strong></span> 
     </span>
     <span class='ocr_line' id='line_1_22' title="bbox 392 2815 1770 2913; baseline -0.004 -26"><span class='ocrx_word' id='word_1_208' title='bbox 392 2821 464 2908; x_wconf 87' lang='lat' dir='ltr'><strong>ipse</strong></span> <span class='ocrx_word' id='word_1_209' title='bbox 491 2821 631 2910; x_wconf 84' lang='lat' dir='ltr'><strong>pertulit</strong></span> <span class='ocrx_word' id='word_1_210' title='bbox 656 2824 691 2891; x_wconf 93' lang='lat' dir='ltr'><strong>in</strong></span> <span class='ocrx_word' id='word_1_211' title='bbox 718 2843 857 2913; x_wconf 88' lang='lat' dir='ltr'><strong>corpore</strong></span> <span class='ocrx_word' id='word_1_212' title='bbox 892 2843 951 2890; x_wconf 89' lang='lat' dir='ltr'><strong>sno</strong></span> <span class='ocrx_word' id='word_1_213' title='bbox 979 2841 1078 2913; x_wconf 86' lang='lat' dir='ltr'><strong>super</strong></span> <span class='ocrx_word' id='word_1_214' title='bbox 1105 2824 1250 2911; x_wconf 82' lang='lat' dir='ltr'><strong>lignum,</strong></span> <span class='ocrx_word' id='word_1_215' title='bbox 1286 2828 1324 2892; x_wconf 93' lang='lat' dir='ltr'><strong>ut</strong></span> <span class='ocrx_word' id='word_1_216' title='bbox 1350 2822 1501 2911; x_wconf 90' lang='lat' dir='ltr'><strong>peccatis</strong></span> <span class='ocrx_word' id='word_1_217' title='bbox 1529 2820 1667 2906; x_wconf 90' lang='lat' dir='ltr'><strong>mortui,</strong></span> <span class='ocrx_word' id='word_1_218' title='bbox 1689 2815 1770 2905; x_wconf 74' lang='lat' dir='ltr'><strong>instit</strong></span> 
     </span>
     <span class='ocr_line' id='line_1_23' title="bbox 393 2919 1769 3015; baseline -0.002 -23"><span class='ocrx_word' id='word_1_219' title='bbox 393 2925 560 3012; x_wconf 83' lang='lat' dir='ltr'><strong>vivamus3</strong></span> <span class='ocrx_word' id='word_1_220' title='bbox 589 2929 684 3015; x_wconf 76' lang='lat' dir='ltr'><strong>cuins</strong></span> <span class='ocrx_word' id='word_1_221' title='bbox 710 2929 816 2996; x_wconf 87' lang='lat' dir='ltr'><strong>livore</strong></span> <span class='ocrx_word' id='word_1_222' title='bbox 844 2929 952 2995; x_wconf 88' lang='lat' dir='ltr'><strong>sanati</strong></span> <span class='ocrx_word' id='word_1_223' title='bbox 981 2919 1111 3012; x_wconf 60' lang='grc'><strong>001101).</strong></span> <span class='ocrx_word' id='word_1_224' title='bbox 1142 2931 1202 2995; x_wconf 80' lang='grc'><strong>25.</strong></span> <span class='ocrx_word' id='word_1_225' title='bbox 1229 2930 1340 2995; x_wconf 86' lang='lat' dir='ltr'><strong>Eratis</strong></span> <span class='ocrx_word' id='word_1_226' title='bbox 1364 2929 1449 2994; x_wconf 92' lang='lat' dir='ltr'><strong>enim</strong></span> <span class='ocrx_word' id='word_1_227' title='bbox 1471 2928 1558 2992; x_wconf 89' lang='lat' dir='ltr'><strong>sieut</strong></span> <span class='ocrx_word' id='word_1_228' title='bbox 1580 2943 1662 2991; x_wconf 90' lang='lat' dir='ltr'><strong>oves</strong></span> <span class='ocrx_word' id='word_1_229' title='bbox 1684 2939 1769 2990; x_wconf 82' lang='lat' dir='ltr'><strong>erran</strong></span> 
     </span>
     <span class='ocr_line' id='line_1_24' title="bbox 395 3029 1770 3120; baseline -0.003 -25"><span class='ocrx_word' id='word_1_230' title='bbox 395 3029 454 3096; x_wconf 86' lang='lat' dir='ltr'><strong>sed</strong></span> <span class='ocrx_word' id='word_1_231' title='bbox 481 3032 633 3098; x_wconf 86' lang='lat' dir='ltr'><strong>conversi</strong></span> <span class='ocrx_word' id='word_1_232' title='bbox 660 3034 741 3100; x_wconf 87' lang='lat' dir='ltr'><strong>estis</strong></span> <span class='ocrx_word' id='word_1_233' title='bbox 767 3051 854 3100; x_wconf 91' lang='lat' dir='ltr'><strong>nunc</strong></span> <span class='ocrx_word' id='word_1_234' title='bbox 883 3032 925 3099; x_wconf 92' lang='lat' dir='ltr'><strong>ad</strong></span> <span class='ocrx_word' id='word_1_235' title='bbox 949 3032 1122 3100; x_wconf 91' lang='lat' dir='ltr'><strong>Pastorem</strong></span> <span class='ocrx_word' id='word_1_236' title='bbox 1148 3039 1181 3099; x_wconf 91' lang='lat' dir='ltr'><strong>et</strong></span> <span class='ocrx_word' id='word_1_237' title='bbox 1203 3032 1405 3120; x_wconf 82' lang='lat' dir='ltr'><strong>Episcopum</strong></span> <span class='ocrx_word' id='word_1_238' title='bbox 1432 3032 1616 3097; x_wconf 86' lang='lat' dir='ltr'><strong>animarum</strong></span> <span class='ocrx_word' id='word_1_239' title='bbox 1644 3033 1770 3094; x_wconf 87' lang='lat' dir='ltr'><strong>vestran</strong></span> 
     </span>
    </p>
   </div>
   <div class='ocr_carea' id='block_1_3' title="bbox 971 3236 1267 3248">
    <p class='ocr_par' dir='ltr' id='par_1_3' title="bbox 971 3236 1267 3248">
     <span class='ocr_line' id='line_1_25' title="bbox 971 3236 1267 3248; baseline -0.007 0"><span class='ocrx_word' id='word_1_240' title='bbox 971 3236 1267 3248; x_wconf 54' lang='lat' dir='ltr'><strong>..unm-nana*</strong></span> 
     </span>
    </p>
   </div>
   <div class='ocr_carea' id='block_1_4' title="bbox 857 3412 1378 3484">
    <p class='ocr_par' dir='ltr' id='par_1_4' title="bbox 857 3412 1378 3484">
     <span class='ocr_line' id='line_1_26' title="bbox 857 3412 1378 3484; baseline -0.006 -1"><span class='ocrx_word' id='word_1_241' title='bbox 857 3412 1061 3484; x_wconf 70' lang='lat' dir='ltr'><strong>subnititur</strong></span> <span class='ocrx_word' id='word_1_242' title='bbox 1083 3413 1212 3484; x_wconf 74' lang='lat' dir='ltr'><strong>uelitis</strong></span> <span class='ocrx_word' id='word_1_243' title='bbox 1233 3414 1378 3484; x_wconf 80' lang='grc'><strong>11111111.</strong></span> 
     </span>
    </p>
   </div>
   <div class='ocr_carea' id='block_1_5' title="bbox 394 3528 1770 3740">
    <p class='ocr_par' dir='ltr' id='par_1_5' title="bbox 394 3528 1770 3740">
     <span class='ocr_line' id='line_1_27' title="bbox 394 3528 1770 3602; baseline -0.003 -12"><span class='ocrx_word' id='word_1_244' title='bbox 394 3538 493 3599; x_wconf 70' lang='lat' dir='ltr'><strong>itone,</strong></span> <span class='ocrx_word' id='word_1_245' title='bbox 512 3543 539 3593; x_wconf 90' lang='lat' dir='ltr'><strong>ut</strong></span> <span class='ocrx_word' id='word_1_246' title='bbox 558 3539 662 3602; x_wconf 83' lang='lat' dir='ltr'><strong>propius</strong></span> <span class='ocrx_word' id='word_1_247' title='bbox 685 3538 811 3590; x_wconf 76' lang='lat' dir='ltr'><strong>semlant</strong></span> <span class='ocrx_word' id='word_1_248' title='bbox 834 3538 868 3591; x_wconf 84' lang='lat' dir='ltr'><strong>sei</strong></span> <span class='ocrx_word' id='word_1_249' title='bbox 886 3537 1029 3596; x_wconf 78' lang='lat' dir='ltr'><strong>christum.</strong></span> <span class='ocrx_word' id='word_1_250' title='bbox 1056 3537 1168 3601; x_wconf 82' lang='lat' dir='ltr'><strong>lapidem</strong></span> <span class='ocrx_word' id='word_1_251' title='bbox 1187 3539 1296 3591; x_wconf 86' lang='lat' dir='ltr'><strong>electum</strong></span> <span class='ocrx_word' id='word_1_252' title='bbox 1321 3544 1347 3590; x_wconf 89' lang='lat' dir='ltr'><strong>et</strong></span> <span class='ocrx_word' id='word_1_253' title='bbox 1365 3538 1530 3601; x_wconf 74' lang='lat' dir='ltr'><strong>angularem,</strong></span> <span class='ocrx_word' id='word_1_254' title='bbox 1556 3540 1690 3599; x_wconf 70' lang='lat' dir='ltr'><strong>nmquam</strong></span> <span class='ocrx_word' id='word_1_255' title='bbox 1708 3528 1770 3598; x_wconf 73' lang='grc'><strong>0001</strong></span> 
     </span>
     <span class='ocr_line' id='line_1_28' title="bbox 498 3605 1770 3673; baseline -0.006 -13"><span class='ocrx_word' id='word_1_256' title='bbox 498 3607 543 3660; x_wconf 83' lang='lat' dir='ltr'><strong>liei</strong></span> <span class='ocrx_word' id='word_1_257' title='bbox 562 3608 687 3673; x_wconf 77' lang='lat' dir='ltr'><strong>populus:</strong></span> <span class='ocrx_word' id='word_1_258' title='bbox 714 3608 1264 3671; x_wconf 63' lang='grc'><strong>010000101010500100000101000100,</strong></span> <span class='ocrx_word' id='word_1_259' title='bbox 1289 3605 1448 3673; x_wconf 80' lang='lat' dir='ltr'><strong>principibus</strong></span> <span class='ocrx_word' id='word_1_260' title='bbox 1466 3609 1594 3669; x_wconf 83' lang='lat' dir='ltr'><strong>pereant,</strong></span> <span class='ocrx_word' id='word_1_261' title='bbox 1620 3607 1661 3668; x_wconf 86' lang='lat' dir='ltr'><strong>et,</strong></span> <span class='ocrx_word' id='word_1_262' title='bbox 1687 3605 1770 3656; x_wconf 71' lang='lat' dir='ltr'><strong>unse</strong></span> 
     </span>
     <span class='ocr_line' id='line_1_29' title="bbox 497 3675 1213 3740; baseline -0.003 -10"><span class='ocrx_word' id='word_1_263' title='bbox 497 3675 575 3740; x_wconf 82' lang='lat' dir='ltr'><strong>noxii,</strong></span> <span class='ocrx_word' id='word_1_264' title='bbox 595 3676 715 3739; x_wconf 83' lang='lat' dir='ltr'><strong>exemplo</strong></span> <span class='ocrx_word' id='word_1_265' title='bbox 734 3676 828 3730; x_wconf 81' lang='lat' dir='ltr'><strong>curisti</strong></span> <span class='ocrx_word' id='word_1_266' title='bbox 846 3675 952 3740; x_wconf 71' lang='lat' dir='ltr'><strong>injurias</strong></span> <span class='ocrx_word' id='word_1_267' title='bbox 971 3675 1100 3740; x_wconf 84' lang='lat' dir='ltr'><strong>patienter</strong></span> <span class='ocrx_word' id='word_1_268' title='bbox 1119 3677 1213 3729; x_wconf 85' lang='lat' dir='ltr'><strong>terant.</strong></span> 
     </span>
    </p>
   </div>
   <div class='ocr_carea' id='block_1_6' title="bbox 392 3772 1770 4907">
    <p class='ocr_par' dir='ltr' id='par_1_6' title="bbox 392 3772 1770 4907">
     <span class='ocr_line' id='line_1_30' title="bbox 442 3772 1759 3866; baseline -0.005 -23"><span class='ocrx_word' id='word_1_269' title='bbox 442 3788 468 3843; x_wconf 93' lang='lat'><strong>1.</strong></span> <span class='ocrx_word' id='word_1_270' title='bbox 492 3785 696 3861; x_wconf 80' lang='lat' dir='ltr'><strong>Deponentes</strong></span> <span class='ocrx_word' id='word_1_271' title='bbox 721 3785 822 3861; x_wconf 70' lang='lat' dir='ltr'><strong>teitus·</strong></span> <span class='ocrx_word' id='word_1_272' title='bbox 847 3801 972 3845; x_wconf 80' lang='lat' dir='ltr'><strong>omnem</strong></span> <span class='ocrx_word' id='word_1_273' title='bbox 994 3783 1090 3845; x_wconf 83' lang='lat' dir='ltr'><strong>malt·</strong></span> <span class='ocrx_word' id='word_1_274' title='bbox 1147 3788 1288 3866; x_wconf 87' lang='lat' dir='ltr'><strong>quinque.</strong></span> <span class='ocrx_word' id='word_1_275' title='bbox 1305 3784 1477 3857; x_wconf 83' lang='lat' dir='ltr'><strong>Malitiom,</strong></span> <span class='ocrx_word' id='word_1_276' title='bbox 1494 3779 1629 3843; x_wconf 83' lang='lat' dir='ltr'><strong>Graece:</strong></span> <span class='ocrx_word' id='word_1_277' title='bbox 1645 3772 1759 3848; x_wconf 75' lang='grc' dir='ltr'><strong>κακίαν,</strong></span> 
     </span>
     <span class='ocr_line' id='line_1_31' title="bbox 396 3863 1760 3953; baseline -0.004 -22"><span class='ocrx_word' id='word_1_278' title='bbox 396 3874 476 3932; x_wconf 83' lang='lat' dir='ltr'><strong>tiam</strong></span> <span class='ocrx_word' id='word_1_279' title='bbox 492 3878 522 3931; x_wconf 89' lang='lat' dir='ltr'><strong>et</strong></span> <span class='ocrx_word' id='word_1_280' title='bbox 535 3889 661 3933; x_wconf 84' lang='lat' dir='ltr'><strong>omnem</strong></span> <span class='ocrx_word' id='word_1_281' title='bbox 678 3869 799 3945; x_wconf 79' lang='lat' dir='ltr'><strong>dolum,</strong></span> <span class='ocrx_word' id='word_1_282' title='bbox 816 3877 846 3931; x_wconf 86' lang='lat' dir='ltr'><strong>et</strong></span> <span class='ocrx_word' id='word_1_283' title='bbox 859 3871 1090 3946; x_wconf 78' lang='lat' dir='ltr'><strong>simulationes,</strong></span> <span class='ocrx_word' id='word_1_284' title='bbox 1146 3873 1213 3953; x_wconf 87' lang='lat' dir='ltr'><strong>quis</strong></span> <span class='ocrx_word' id='word_1_285' title='bbox 1229 3871 1300 3931; x_wconf 86' lang='lat' dir='ltr'><strong>data</strong></span> <span class='ocrx_word' id='word_1_286' title='bbox 1315 3889 1410 3949; x_wconf 87' lang='lat' dir='ltr'><strong>opere</strong></span> <span class='ocrx_word' id='word_1_287' title='bbox 1424 3875 1512 3930; x_wconf 88' lang='lat' dir='ltr'><strong>necat</strong></span> <span class='ocrx_word' id='word_1_288' title='bbox 1527 3868 1631 3946; x_wconf 74' lang='lat' dir='ltr'><strong>alteri,</strong></span> <span class='ocrx_word' id='word_1_289' title='bbox 1647 3863 1760 3928; x_wconf 82' lang='lat' dir='ltr'><strong>tametsi</strong></span> 
     </span>
     <span class='ocr_line' id='line_1_32' title="bbox 395 3953 1770 4036; baseline -0.004 -17"><span class='ocrx_word' id='word_1_290' title='bbox 395 3957 592 4036; x_wconf 74' lang='grc'><strong>0110011100,</strong></span> <span class='ocrx_word' id='word_1_291' title='bbox 609 3966 762 4020; x_wconf 85' lang='lat' dir='ltr'><strong>efomsses</strong></span> <span class='ocrx_word' id='word_1_292' title='bbox 777 3958 995 4020; x_wconf 77' lang='lat' dir='ltr'><strong>detractiones.</strong></span> <span class='ocrx_word' id='word_1_293' title='bbox 1022 3959 1091 4020; x_wconf 88' lang='lat' dir='ltr'><strong>De·</strong></span> <span class='ocrx_word' id='word_1_294' title='bbox 1146 3956 1214 4019; x_wconf 84' lang='lat' dir='ltr'><strong>dam</strong></span> <span class='ocrx_word' id='word_1_295' title='bbox 1229 3957 1345 4018; x_wconf 88' lang='lat' dir='ltr'><strong>faciunt</strong></span> <span class='ocrx_word' id='word_1_296' title='bbox 1367 3975 1461 4036; x_wconf 77' lang='lat' dir='ltr'><strong>genus</strong></span> <span class='ocrx_word' id='word_1_297' title='bbox 1479 3956 1673 4035; x_wconf 86' lang='lat' dir='ltr'><strong>sequentinm</strong></span> <span class='ocrx_word' id='word_1_298' title='bbox 1695 3953 1770 4013; x_wconf 65' lang='lat' dir='ltr'><strong>riti«</strong></span> 
     </span>
     <span class='ocr_line' id='line_1_33' title="bbox 392 4035 1770 4124; baseline -0.004 -17"><span class='ocrx_word' id='word_1_299' title='bbox 392 4052 558 4122; x_wconf 77' lang='lat' dir='ltr'><strong>ponentes,</strong></span> <span class='ocrx_word' id='word_1_300' title='bbox 577 4046 610 4108; x_wconf 90' lang='lat' dir='ltr'><strong>in</strong></span> <span class='ocrx_word' id='word_1_301' title='bbox 632 4045 751 4107; x_wconf 84' lang='lat' dir='ltr'><strong>Graeco</strong></span> <span class='ocrx_word' id='word_1_302' title='bbox 773 4053 820 4106; x_wconf 86' lang='lat' dir='ltr'><strong>eat</strong></span> <span class='ocrx_word' id='word_1_303' title='bbox 840 4046 988 4106; x_wconf 80' lang='lat' dir='ltr'><strong>soristuss</strong></span> <span class='ocrx_word' id='word_1_304' title='bbox 1013 4035 1091 4104; x_wconf 74' lang='grc'><strong>1000·</strong></span> <span class='ocrx_word' id='word_1_305' title='bbox 1149 4044 1232 4124; x_wconf 90' lang='lat' dir='ltr'><strong>qnod</strong></span> <span class='ocrx_word' id='word_1_306' title='bbox 1254 4065 1313 4104; x_wconf 92' lang='lat' dir='ltr'><strong>uon</strong></span> <span class='ocrx_word' id='word_1_307' title='bbox 1338 4043 1441 4123; x_wconf 88' lang='lat' dir='ltr'><strong>probo.</strong></span> <span class='ocrx_word' id='word_1_308' title='bbox 1475 4041 1554 4103; x_wconf 84' lang='lat' dir='ltr'><strong>Nam</strong></span> <span class='ocrx_word' id='word_1_309' title='bbox 1577 4042 1696 4103; x_wconf 86' lang='lat' dir='ltr'><strong>Paulus</strong></span> <span class='ocrx_word' id='word_1_310' title='bbox 1716 4040 1770 4102; x_wconf 73' lang='lat' dir='ltr'><strong>tto</strong></span> 
     </span>
     <span class='ocr_line' id='line_1_34' title="bbox 395 4120 1770 4210; baseline -0.004 -19"><span class='ocrx_word' id='word_1_311' title='bbox 395 4120 527 4210; x_wconf 72' lang='lat' dir='ltr'><strong>elpram</strong></span> <span class='ocrx_word' id='word_1_312' title='bbox 574 4132 625 4194; x_wconf 81' lang='lat' dir='ltr'><strong>Sia</strong></span> <span class='ocrx_word' id='word_1_313' title='bbox 656 4140 773 4193; x_wconf 82' lang='lat' dir='ltr'><strong>vertas:</strong></span> <span class='ocrx_word' id='word_1_314' title='bbox 811 4133 964 4210; x_wconf 82' lang='lat' dir='ltr'><strong>Deposito</strong></span> <span class='ocrx_word' id='word_1_315' title='bbox 993 4134 1092 4209; x_wconf 75' lang='grc'><strong>101100·</strong></span> <span class='ocrx_word' id='word_1_316' title='bbox 1147 4127 1258 4190; x_wconf 81' lang='grc' dir='ltr'><strong>κακίαν</strong></span> <span class='ocrx_word' id='word_1_317' title='bbox 1273 4130 1372 4192; x_wconf 87' lang='lat' dir='ltr'><strong>medio</strong></span> <span class='ocrx_word' id='word_1_318' title='bbox 1387 4130 1527 4190; x_wconf 87' lang='lat' dir='ltr'><strong>vitiorum</strong></span> <span class='ocrx_word' id='word_1_319' title='bbox 1544 4129 1679 4189; x_wconf 76' lang='lat' dir='ltr'><strong>inseruit.</strong></span> <span class='ocrx_word' id='word_1_320' title='bbox 1709 4128 1770 4208; x_wconf 69' lang='lat' dir='ltr'><strong>Qus</strong></span> 
     </span>
     <span class='ocr_line' id='line_1_35' title="bbox 396 4209 1769 4300; baseline -0.006 -19"><span class='ocrx_word' id='word_1_321' title='bbox 396 4219 486 4281; x_wconf 79' lang='lat' dir='ltr'><strong>omni</strong></span> <span class='ocrx_word' id='word_1_322' title='bbox 510 4220 636 4281; x_wconf 77' lang='lat' dir='ltr'><strong>molitio</strong></span> <span class='ocrx_word' id='word_1_323' title='bbox 659 4227 688 4280; x_wconf 84' lang='lat' dir='ltr'><strong>et</strong></span> <span class='ocrx_word' id='word_1_324' title='bbox 715 4220 804 4281; x_wconf 81' lang='lat' dir='ltr'><strong>omni</strong></span> <span class='ocrx_word' id='word_1_325' title='bbox 829 4217 903 4279; x_wconf 82' lang='grc'><strong>(1010</strong></span> <span class='ocrx_word' id='word_1_326' title='bbox 926 4225 992 4294; x_wconf 85' lang='lat' dir='ltr'><strong>ete,</strong></span> <span class='ocrx_word' id='word_1_327' title='bbox 1016 4238 1090 4300; x_wconf 90' lang='lat' dir='ltr'><strong>qno·</strong></span> <span class='ocrx_word' id='word_1_328' title='bbox 1148 4218 1263 4300; x_wconf 83' lang='lat' dir='ltr'><strong>reliqua</strong></span> <span class='ocrx_word' id='word_1_329' title='bbox 1278 4227 1457 4296; x_wconf 87' lang='lat' dir='ltr'><strong>persenota</strong></span> <span class='ocrx_word' id='word_1_330' title='bbox 1472 4223 1550 4276; x_wconf 84' lang='lat' dir='ltr'><strong>sont</strong></span> <span class='ocrx_word' id='word_1_331' title='bbox 1568 4215 1706 4277; x_wconf 77' lang='lat' dir='ltr'><strong>Tantum</strong></span> <span class='ocrx_word' id='word_1_332' title='bbox 1715 4209 1769 4276; x_wconf 76' lang='lat' dir='ltr'><strong>sir</strong></span> 
     </span>
     <span class='ocr_line' id='line_1_36' title="bbox 395 4300 1770 4398; baseline -0.002 -32"><span class='ocrx_word' id='word_1_333' title='bbox 395 4306 485 4368; x_wconf 84' lang='lat' dir='ltr'><strong>modo</strong></span> <span class='ocrx_word' id='word_1_334' title='bbox 501 4305 576 4385; x_wconf 81' lang='lat' dir='ltr'><strong>legit</strong></span> <span class='ocrx_word' id='word_1_335' title='bbox 586 4307 776 4388; x_wconf 79' lang='lat' dir='ltr'><strong>Augustinus</strong></span> <span class='ocrx_word' id='word_1_336' title='bbox 791 4304 869 4367; x_wconf 90' lang='lat' dir='ltr'><strong>bom.</strong></span> <span class='ocrx_word' id='word_1_337' title='bbox 882 4307 933 4367; x_wconf 91' lang='grc'><strong>20.</strong></span> <span class='ocrx_word' id='word_1_338' title='bbox 949 4306 1028 4367; x_wconf 87' lang='lat' dir='ltr'><strong>inter</strong></span> <span class='ocrx_word' id='word_1_339' title='bbox 1040 4305 1091 4367; x_wconf 81' lang='lat'><strong>50.</strong></span> <span class='ocrx_word' id='word_1_340' title='bbox 1147 4305 1377 4379; x_wconf 80' lang='lat' dir='ltr'><strong>simulationes,</strong></span> <span class='ocrx_word' id='word_1_341' title='bbox 1402 4322 1481 4383; x_wconf 86' lang='lat' dir='ltr'><strong>qnae</strong></span> <span class='ocrx_word' id='word_1_342' title='bbox 1495 4311 1567 4363; x_wconf 89' lang='lat' dir='ltr'><strong>snut</strong></span> <span class='ocrx_word' id='word_1_343' title='bbox 1581 4300 1770 4398; x_wconf 58' lang='lat' dir='ltr'><strong>mendacisq</strong></span> 
     </span>
     <span class='ocr_line' id='line_1_37' title="bbox 394 4389 1770 4476; baseline -0.006 -20"><span class='ocrx_word' id='word_1_344' title='bbox 394 4392 558 4476; x_wconf 80' lang='lat' dir='ltr'><strong>Postquam</strong></span> <span class='ocrx_word' id='word_1_345' title='bbox 582 4394 766 4475; x_wconf 86' lang='lat' dir='ltr'><strong>interposuit</strong></span> <span class='ocrx_word' id='word_1_346' title='bbox 780 4392 945 4472; x_wconf 80' lang='lat' dir='ltr'><strong>Apostolus</strong></span> <span class='ocrx_word' id='word_1_347' title='bbox 964 4394 1090 4453; x_wconf 88' lang='lat' dir='ltr'><strong>mentio·</strong></span> <span class='ocrx_word' id='word_1_348' title='bbox 1149 4391 1217 4452; x_wconf 85' lang='lat' dir='ltr'><strong>dam</strong></span> <span class='ocrx_word' id='word_1_349' title='bbox 1244 4392 1274 4451; x_wconf 92' lang='lat' dir='ltr'><strong>in</strong></span> <span class='ocrx_word' id='word_1_350' title='bbox 1300 4390 1398 4461; x_wconf 86' lang='lat' dir='ltr'><strong>facto,</strong></span> <span class='ocrx_word' id='word_1_351' title='bbox 1424 4390 1615 4470; x_wconf 86' lang='lat' dir='ltr'><strong>potissimum</strong></span> <span class='ocrx_word' id='word_1_352' title='bbox 1640 4389 1692 4450; x_wconf 86' lang='lat' dir='ltr'><strong>bie</strong></span> <span class='ocrx_word' id='word_1_353' title='bbox 1712 4391 1770 4468; x_wconf 81' lang='lat' dir='ltr'><strong>ints¹</strong></span> 
     </span>
     <span class='ocr_line' id='line_1_38' title="bbox 394 4473 1769 4561; baseline -0.005 -19"><span class='ocrx_word' id='word_1_354' title='bbox 394 4499 465 4542; x_wconf 87' lang='lat' dir='ltr'><strong>nem</strong></span> <span class='ocrx_word' id='word_1_355' title='bbox 494 4481 754 4561; x_wconf 74' lang='lat' dir='ltr'><strong>regenerationis,</strong></span> <span class='ocrx_word' id='word_1_356' title='bbox 788 4499 851 4559; x_wconf 84' lang='lat' dir='ltr'><strong>qus</strong></span> <span class='ocrx_word' id='word_1_357' title='bbox 878 4481 976 4542; x_wconf 83' lang='lat' dir='ltr'><strong>renati</strong></span> <span class='ocrx_word' id='word_1_358' title='bbox 1005 4487 1093 4542; x_wconf 87' lang='lat' dir='ltr'><strong>erant</strong></span> <span class='ocrx_word' id='word_1_359' title='bbox 1148 4498 1216 4539; x_wconf 89' lang='lat' dir='ltr'><strong>cnm</strong></span> <span class='ocrx_word' id='word_1_360' title='bbox 1254 4479 1324 4557; x_wconf 88' lang='lat' dir='ltr'><strong>qnia</strong></span> <span class='ocrx_word' id='word_1_361' title='bbox 1361 4497 1492 4537; x_wconf 82' lang='lat' dir='ltr'><strong>amorem</strong></span> <span class='ocrx_word' id='word_1_362' title='bbox 1522 4484 1576 4535; x_wconf 81' lang='lat' dir='ltr'><strong>aut</strong></span> <span class='ocrx_word' id='word_1_363' title='bbox 1604 4473 1769 4538; x_wconf 75' lang='lat' dir='ltr'><strong>beneroles</strong></span> 
     </span>
     <span class='ocr_line' id='line_1_39' title="bbox 396 4562 1770 4649; baseline -0.005 -20"><span class='ocrx_word' id='word_1_364' title='bbox 396 4565 472 4641; x_wconf 84' lang='lat' dir='ltr'><strong>Deo,</strong></span> <span class='ocrx_word' id='word_1_365' title='bbox 496 4576 527 4629; x_wconf 89' lang='grc'><strong>01</strong></span> <span class='ocrx_word' id='word_1_366' title='bbox 549 4586 603 4649; x_wconf 89' lang='lat' dir='ltr'><strong>per</strong></span> <span class='ocrx_word' id='word_1_367' title='bbox 624 4567 680 4629; x_wconf 90' lang='lat' dir='ltr'><strong>boe</strong></span> <span class='ocrx_word' id='word_1_368' title='bbox 702 4566 810 4629; x_wconf 84' lang='lat' dir='ltr'><strong>fratres</strong></span> <span class='ocrx_word' id='word_1_369' title='bbox 833 4565 933 4628; x_wconf 79' lang='lat' dir='ltr'><strong>effoeti</strong></span> <span class='ocrx_word' id='word_1_370' title='bbox 955 4567 1029 4628; x_wconf 88' lang='lat' dir='ltr'><strong>inter</strong></span> <span class='ocrx_word' id='word_1_371' title='bbox 1051 4585 1092 4640; x_wconf 90' lang='lat' dir='ltr'><strong>so,</strong></span> <span class='ocrx_word' id='word_1_372' title='bbox 1148 4565 1233 4626; x_wconf 84' lang='lat' dir='ltr'><strong>vultu</strong></span> <span class='ocrx_word' id='word_1_373' title='bbox 1249 4564 1386 4644; x_wconf 84' lang='lat' dir='ltr'><strong>praefert,</strong></span> <span class='ocrx_word' id='word_1_374' title='bbox 1403 4584 1493 4643; x_wconf 88' lang='lat' dir='ltr'><strong>quam</strong></span> <span class='ocrx_word' id='word_1_375' title='bbox 1506 4582 1567 4623; x_wconf 90' lang='lat' dir='ltr'><strong>non</strong></span> <span class='ocrx_word' id='word_1_376' title='bbox 1583 4562 1677 4624; x_wconf 85' lang='lat' dir='ltr'><strong>babet</strong></span> <span class='ocrx_word' id='word_1_377' title='bbox 1691 4563 1723 4626; x_wconf 84' lang='lat' dir='ltr'><strong>iu</strong></span> <span class='ocrx_word' id='word_1_378' title='bbox 1735 4579 1770 4622; x_wconf 78' lang='grc'><strong>00</strong></span> 
     </span>
     <span class='ocr_line' id='line_1_40' title="bbox 396 4644 1770 4732; baseline -0.004 -16"><span class='ocrx_word' id='word_1_379' title='bbox 396 4653 547 4717; x_wconf 85' lang='lat' dir='ltr'><strong>subinfert</strong></span> <span class='ocrx_word' id='word_1_380' title='bbox 567 4653 646 4716; x_wconf 86' lang='lat' dir='ltr'><strong>bana</strong></span> <span class='ocrx_word' id='word_1_381' title='bbox 659 4655 783 4717; x_wconf 84' lang='lat' dir='ltr'><strong>brevem</strong></span> <span class='ocrx_word' id='word_1_382' title='bbox 804 4652 1038 4716; x_wconf 83' lang='lat' dir='ltr'><strong>admonitionem</strong></span> <span class='ocrx_word' id='word_1_383' title='bbox 1054 4651 1093 4713; x_wconf 84' lang='lat' dir='ltr'><strong>sd</strong></span> <span class='ocrx_word' id='word_1_384' title='bbox 1151 4654 1318 4729; x_wconf 84' lang='lat' dir='ltr'><strong>Deponere</strong></span> <span class='ocrx_word' id='word_1_385' title='bbox 1330 4672 1383 4732; x_wconf 92' lang='lat' dir='ltr'><strong>pro</strong></span> <span class='ocrx_word' id='word_1_386' title='bbox 1396 4649 1617 4728; x_wconf 86' lang='lat' dir='ltr'><strong>derelinquere,</strong></span> <span class='ocrx_word' id='word_1_387' title='bbox 1632 4644 1770 4731; x_wconf 68' lang='lat' dir='ltr'><strong>pbrssbgi</strong></span> 
     </span>
     <span class='ocr_line' id='line_1_41' title="bbox 398 4727 1770 4822; baseline -0.004 -21"><span class='ocrx_word' id='word_1_388' title='bbox 398 4759 435 4801; x_wconf 90' lang='lat' dir='ltr'><strong>ea</strong></span> <span class='ocrx_word' id='word_1_389' title='bbox 460 4741 535 4802; x_wconf 81' lang='lat' dir='ltr'><strong>vitis</strong></span> <span class='ocrx_word' id='word_1_390' title='bbox 557 4740 719 4822; x_wconf 80' lang='lat' dir='ltr'><strong>fugientia,</strong></span> <span class='ocrx_word' id='word_1_391' title='bbox 743 4760 823 4822; x_wconf 82' lang='lat' dir='ltr'><strong>ques</strong></span> <span class='ocrx_word' id='word_1_392' title='bbox 842 4740 996 4803; x_wconf 85' lang='lat' dir='ltr'><strong>fraternae</strong></span> <span class='ocrx_word' id='word_1_393' title='bbox 1020 4738 1091 4801; x_wconf 82' lang='lat' dir='ltr'><strong>diie-</strong></span> <span class='ocrx_word' id='word_1_394' title='bbox 1152 4739 1326 4813; x_wconf 81' lang='lat' dir='ltr'><strong>stelicaeet,</strong></span> <span class='ocrx_word' id='word_1_395' title='bbox 1347 4738 1399 4798; x_wconf 91' lang='lat' dir='ltr'><strong>ubi</strong></span> <span class='ocrx_word' id='word_1_396' title='bbox 1415 4735 1548 4798; x_wconf 85' lang='lat' dir='ltr'><strong>devitiis</strong></span> <span class='ocrx_word' id='word_1_397' title='bbox 1571 4737 1686 4817; x_wconf 77' lang='lat' dir='ltr'><strong>agitur.</strong></span> <span class='ocrx_word' id='word_1_398' title='bbox 1706 4727 1770 4812; x_wconf 81' lang='lat' dir='ltr'><strong>lai</strong></span> 
     </span>
     <span class='ocr_line' id='line_1_42' title="bbox 398 4819 1770 4907; baseline -0.002 -20"><span class='ocrx_word' id='word_1_399' title='bbox 398 4827 490 4889; x_wconf 86' lang='lat' dir='ltr'><strong>etioni</strong></span> <span class='ocrx_word' id='word_1_400' title='bbox 519 4828 745 4890; x_wconf 81' lang='lat' dir='ltr'><strong>contrariantur.</strong></span> <span class='ocrx_word' id='word_1_401' title='bbox 790 4827 958 4891; x_wconf 82' lang='lat' dir='ltr'><strong>Enumerat</strong></span> <span class='ocrx_word' id='word_1_402' title='bbox 991 4835 1093 4888; x_wconf 87' lang='lat' dir='ltr'><strong>sutem</strong></span> <span class='ocrx_word' id='word_1_403' title='bbox 1151 4825 1200 4888; x_wconf 87' lang='lat' dir='ltr'><strong>ius</strong></span> <span class='ocrx_word' id='word_1_404' title='bbox 1223 4825 1371 4907; x_wconf 89' lang='lat' dir='ltr'><strong>praecipit</strong></span> <span class='ocrx_word' id='word_1_405' title='bbox 1396 4825 1555 4901; x_wconf 81' lang='lat' dir='ltr'><strong>deponere</strong></span> <span class='ocrx_word' id='word_1_406' title='bbox 1584 4819 1770 4885; x_wconf 74' lang='lat' dir='ltr'><strong>ueteresnbt</strong></span> 
     </span>
    </p>
   </div>
   <div class='ocr_carea' id='block_1_7' title="bbox 504 5000 1548 5078">
    <p class='ocr_par' dir='ltr' id='par_1_7' title="bbox 504 5000 1548 5078">
     <span class='ocr_line' id='line_1_43' title="bbox 504 5000 1548 5078; baseline -0.006 -13"><span class='ocrx_word' id='word_1_407' title='bbox 504 5005 528 5078; x_wconf 90' lang='lat'><strong>¹)</strong></span> <span class='ocrx_word' id='word_1_408' title='bbox 545 5009 616 5065; x_wconf 74' lang='lat' dir='ltr'><strong>Rom</strong></span> <span class='ocrx_word' id='word_1_409' title='bbox 638 5010 684 5076; x_wconf 85' lang='lat' dir='ltr'><strong>ts,</strong></span> <span class='ocrx_word' id='word_1_410' title='bbox 703 5011 727 5066; x_wconf 88' lang='lat'><strong>1.</strong></span> <span class='ocrx_word' id='word_1_411' title='bbox 743 5013 768 5066; x_wconf 79' lang='lat'><strong>2.</strong></span> <span class='ocrx_word' id='word_1_412' title='bbox 803 5008 898 5076; x_wconf 64' lang='grc'><strong>1)100.</strong></span> <span class='ocrx_word' id='word_1_413' title='bbox 915 5011 959 5076; x_wconf 79' lang='lat' dir='ltr'><strong>tt,</strong></span> <span class='ocrx_word' id='word_1_414' title='bbox 978 5010 1001 5062; x_wconf 80' lang='lat' dir='ltr'><strong>t.</strong></span> <span class='ocrx_word' id='word_1_415' title='bbox 1035 5003 1061 5075; x_wconf 85' lang='lat'><strong>⁸)</strong></span> <span class='ocrx_word' id='word_1_416' title='bbox 1078 5007 1152 5062; x_wconf 81' lang='lat' dir='ltr'><strong>loun.</strong></span> <span class='ocrx_word' id='word_1_417' title='bbox 1173 5008 1213 5072; x_wconf 77' lang='lat' dir='ltr'><strong>ii,</strong></span> <span class='ocrx_word' id='word_1_418' title='bbox 1231 5007 1272 5060; x_wconf 79' lang='lat' dir='ltr'><strong>tt.</strong></span> <span class='ocrx_word' id='word_1_419' title='bbox 1306 5000 1461 5069; x_wconf 67' lang='grc'><strong>1110010.</strong></span> <span class='ocrx_word' id='word_1_420' title='bbox 1481 5006 1548 5059; x_wconf 70' lang='lat' dir='ltr'><strong>tt.</strong></span> 
     </span>
    </p>
   </div>
   <div class='ocr_carea' id='block_1_8' title="bbox 0 0 2229 5825">
    <p class='ocr_par' dir='ltr' id='par_1_8' title="bbox 0 0 2229 5825">
     <span class='ocr_line' id='line_1_44' title="bbox 0 0 2229 5825; baseline 0 0"><span class='ocrx_word' id='word_1_421' title='bbox 0 0 2229 5825; x_wconf 95' lang='lat' dir='ltr'><strong> </strong></span> 
     </span>
    </p>
   </div>
  </div>
 </body>
</html>
