<?xml version="1.0" encoding="UTF-8"?>
<!DOCTYPE html PUBLIC "-//W3C//DTD XHTML 1.0 Transitional//EN"
    "http://www.w3.org/TR/xhtml1/DTD/xhtml1-transitional.dtd">
<html xmlns="http://www.w3.org/1999/xhtml" xml:lang="en" lang="en">
 <head>
  <title>
</title>
<meta http-equiv="Content-Type" content="text/html;charset=utf-8" />
  <meta name='ocr-system' content='tesseract 3.04.00' />
  <meta name='ocr-capabilities' content='ocr_page ocr_carea ocr_par ocr_line ocrx_word'/>
</head>
<body>
  <div class='ocr_page' id='page_1' title='image "./guilielmiestiii01estigoog_0420.png"; bbox 0 0 4442 5825; ppageno 0'>
   <div class='ocr_carea' id='block_1_1' title="bbox 391 599 1305 674">
    <p class='ocr_par' dir='ltr' id='par_1_1' title="bbox 391 599 1305 674">
     <span class='ocr_line' id='line_1_1' title="bbox 391 599 1305 674; baseline -0.004 -17"><span class='ocrx_word' id='word_1_1' title='bbox 391 608 467 674; x_wconf 74' lang='lat'><strong>410</strong></span> <span class='ocrx_word' id='word_1_2' title='bbox 904 599 1305 656; x_wconf 61' lang='lat' dir='ltr'><strong>oouuxuruurosucun.</strong></span> 
     </span>
    </p>
   </div>
   <div class='ocr_carea' id='block_1_2' title="bbox 385 771 1833 4765">
    <p class='ocr_par' dir='ltr' id='par_1_2' title="bbox 389 771 1833 1116">
     <span class='ocr_line' id='line_1_2' title="bbox 433 771 1833 854; baseline 0.002 -20"><span class='ocrx_word' id='word_1_3' title='bbox 433 776 506 834; x_wconf 82' lang='lat' dir='ltr'><strong>Nou</strong></span> <span class='ocrx_word' id='word_1_4' title='bbox 533 773 663 834; x_wconf 73' lang='lat' dir='ltr'><strong>aeduos</strong></span> <span class='ocrx_word' id='word_1_5' title='bbox 689 775 857 836; x_wconf 83' lang='lat' dir='ltr'><strong>obliviosus</strong></span> <span class='ocrx_word' id='word_1_6' title='bbox 880 776 1005 854; x_wconf 66' lang='lat' dir='ltr'><strong>sodes,</strong></span> <span class='ocrx_word' id='word_1_7' title='bbox 1032 776 1086 838; x_wconf 80' lang='lat' dir='ltr'><strong>sed</strong></span> <span class='ocrx_word' id='word_1_8' title='bbox 1135 796 1218 849; x_wconf 86' lang='lat' dir='ltr'><strong>esse,</strong></span> <span class='ocrx_word' id='word_1_9' title='bbox 1247 776 1279 836; x_wconf 90' lang='lat' dir='ltr'><strong>id</strong></span> <span class='ocrx_word' id='word_1_10' title='bbox 1300 782 1345 836; x_wconf 76' lang='lat' dir='ltr'><strong>eet</strong></span> <span class='ocrx_word' id='word_1_11' title='bbox 1367 793 1457 835; x_wconf 84' lang='lat' dir='ltr'><strong>verus</strong></span> <span class='ocrx_word' id='word_1_12' title='bbox 1477 774 1535 835; x_wconf 89' lang='lat' dir='ltr'><strong>Dei</strong></span> <span class='ocrx_word' id='word_1_13' title='bbox 1558 773 1655 834; x_wconf 74' lang='lat' dir='ltr'><strong>enitor</strong></span> <span class='ocrx_word' id='word_1_14' title='bbox 1675 790 1708 833; x_wconf 77' lang='lat' dir='ltr'><strong>se</strong></span> <span class='ocrx_word' id='word_1_15' title='bbox 1726 771 1798 833; x_wconf 71' lang='lat' dir='ltr'><strong>beru</strong></span> <span class='ocrx_word' id='word_1_16' title='bbox 1828 812 1833 837; x_wconf 65' lang='grc' dir='ltr'>ι</span> 
     </span>
     <span class='ocr_line' id='line_1_3' title="bbox 389 860 1330 940; baseline 0 -19"><span class='ocrx_word' id='word_1_17' title='bbox 389 862 497 940; x_wconf 63' lang='lat' dir='ltr'><strong>fumos</strong></span> <span class='ocrx_word' id='word_1_18' title='bbox 525 865 637 936; x_wconf 81' lang='lat' dir='ltr'><strong>operis.</strong></span> <span class='ocrx_word' id='word_1_19' title='bbox 682 860 814 922; x_wconf 78' lang='lat' dir='ltr'><strong>Graece:</strong></span> <span class='ocrx_word' id='word_1_20' title='bbox 851 882 920 924; x_wconf 81' lang='lat' dir='ltr'><strong>non</strong></span> <span class='ocrx_word' id='word_1_21' title='bbox 954 862 1086 925; x_wconf 78' lang='lat' dir='ltr'><strong>auditor</strong></span> <span class='ocrx_word' id='word_1_22' title='bbox 1135 864 1330 924; x_wconf 77' lang='lat' dir='ltr'><strong>Christianus.</strong></span> 
     </span>
     <span class='ocr_line' id='line_1_4' title="bbox 391 944 1811 1031; baseline -0.001 -24"><span class='ocrx_word' id='word_1_23' title='bbox 391 947 567 1009; x_wconf 72' lang='lat' dir='ltr'><strong><em>oblivionis.</em></strong></span> <span class='ocrx_word' id='word_1_24' title='bbox 602 947 663 1009; x_wconf 82' lang='lat' dir='ltr'><strong>Sed</strong></span> <span class='ocrx_word' id='word_1_25' title='bbox 685 948 881 1011; x_wconf 81' lang='lat' dir='ltr'><strong>Hebreismus</strong></span> <span class='ocrx_word' id='word_1_26' title='bbox 908 958 970 1023; x_wconf 85' lang='lat' dir='ltr'><strong>est,</strong></span> <span class='ocrx_word' id='word_1_27' title='bbox 997 970 1085 1031; x_wconf 85' lang='lat' dir='ltr'><strong>quem</strong></span> <span class='ocrx_word' id='word_1_28' title='bbox 1177 953 1250 1011; x_wconf 80' lang='lat' dir='ltr'><strong>Nou</strong></span> <span class='ocrx_word' id='word_1_29' title='bbox 1264 951 1435 1027; x_wconf 69' lang='lat' dir='ltr'><strong>refrenans</strong></span> <span class='ocrx_word' id='word_1_30' title='bbox 1457 950 1604 1022; x_wconf 65' lang='lat' dir='ltr'><strong>linquam</strong></span> <span class='ocrx_word' id='word_1_31' title='bbox 1627 964 1724 1021; x_wconf 70' lang='lat' dir='ltr'><strong>motu,</strong></span> <span class='ocrx_word' id='word_1_32' title='bbox 1745 944 1811 1006; x_wconf 67' lang='lat' dir='ltr'><strong>reu·</strong></span> 
     </span>
     <span class='ocr_line' id='line_1_5' title="bbox 391 1032 1807 1116; baseline -0.002 -21"><span class='ocrx_word' id='word_1_33' title='bbox 391 1034 466 1095; x_wconf 86' lang='lat' dir='ltr'><strong>bene</strong></span> <span class='ocrx_word' id='word_1_34' title='bbox 482 1036 621 1113; x_wconf 82' lang='lat' dir='ltr'><strong>exposuit</strong></span> <span class='ocrx_word' id='word_1_35' title='bbox 635 1035 789 1113; x_wconf 87' lang='lat' dir='ltr'><strong>interpres.</strong></span> <span class='ocrx_word' id='word_1_36' title='bbox 1134 1046 1183 1096; x_wconf 89' lang='lat' dir='ltr'><strong>oet</strong></span> <span class='ocrx_word' id='word_1_37' title='bbox 1202 1057 1220 1096; x_wconf 78' lang='lat' dir='ltr'><strong>a</strong></span> <span class='ocrx_word' id='word_1_38' title='bbox 1238 1037 1438 1116; x_wconf 85' lang='lat' dir='ltr'><strong>loqueoitote,</strong></span> <span class='ocrx_word' id='word_1_39' title='bbox 1462 1033 1717 1105; x_wconf 82' lang='lat' dir='ltr'><strong>contentionibus,</strong></span> <span class='ocrx_word' id='word_1_40' title='bbox 1731 1032 1807 1092; x_wconf 74' lang='lat' dir='ltr'><strong>obtre</strong></span> 
     </span>
    </p>

    <p class='ocr_par' dir='ltr' id='par_1_3' title="bbox 385 1118 1833 3631">
     <span class='ocr_line' id='line_1_6' title="bbox 434 1118 1808 1199; baseline -0.003 -18"><span class='ocrx_word' id='word_1_41' title='bbox 434 1123 495 1182; x_wconf 81' lang='lat' dir='ltr'><strong>Hie</strong></span> <span class='ocrx_word' id='word_1_42' title='bbox 510 1121 620 1181; x_wconf 80' lang='lat' dir='ltr'><strong>beatus</strong></span> <span class='ocrx_word' id='word_1_43' title='bbox 635 1125 669 1182; x_wconf 82' lang='lat' dir='ltr'><strong><em>in</em></strong></span> <span class='ocrx_word' id='word_1_44' title='bbox 690 1124 779 1199; x_wconf 70' lang='lat' dir='ltr'><strong><em>focio</em></strong></span> <span class='ocrx_word' id='word_1_45' title='bbox 800 1141 857 1184; x_wconf 79' lang='lat' dir='ltr'><strong>suo</strong></span> <span class='ocrx_word' id='word_1_46' title='bbox 873 1126 940 1182; x_wconf 72' lang='lat' dir='ltr'><strong>erit.</strong></span> <span class='ocrx_word' id='word_1_47' title='bbox 975 1125 1084 1197; x_wconf 81' lang='lat' dir='ltr'><strong>Facto,</strong></span> <span class='ocrx_word' id='word_1_48' title='bbox 1133 1125 1330 1194; x_wconf 84' lang='lat' dir='ltr'><strong>otetiouibus,</strong></span> <span class='ocrx_word' id='word_1_49' title='bbox 1354 1121 1533 1193; x_wconf 76' lang='lat' dir='ltr'><strong>maledictis,</strong></span> <span class='ocrx_word' id='word_1_50' title='bbox 1557 1130 1588 1181; x_wconf 87' lang='lat' dir='ltr'><strong>et</strong></span> <span class='ocrx_word' id='word_1_51' title='bbox 1616 1119 1684 1180; x_wconf 83' lang='lat' dir='ltr'><strong>eliis</strong></span> <span class='ocrx_word' id='word_1_52' title='bbox 1708 1118 1808 1199; x_wconf 74' lang='lat' dir='ltr'><strong>linguis</strong></span> 
     </span>
     <span class='ocr_line' id='line_1_7' title="bbox 392 1202 1810 1290; baseline -0.002 -22"><span class='ocrx_word' id='word_1_53' title='bbox 392 1208 524 1269; x_wconf 83' lang='lat' dir='ltr'><strong>Grseoe:</strong></span> <span class='ocrx_word' id='word_1_54' title='bbox 550 1202 687 1285; x_wconf 79' lang='grc' dir='ltr'><strong>ποιήσει,</strong></span> <span class='ocrx_word' id='word_1_55' title='bbox 714 1209 809 1270; x_wconf 90' lang='lat' dir='ltr'><strong>idest</strong></span> <span class='ocrx_word' id='word_1_56' title='bbox 831 1212 1011 1285; x_wconf 80' lang='lat' dir='ltr'><strong>operatione</strong></span> <span class='ocrx_word' id='word_1_57' title='bbox 1028 1210 1085 1283; x_wconf 84' lang='lat' dir='ltr'><strong>vel,</strong></span> <span class='ocrx_word' id='word_1_58' title='bbox 1134 1211 1231 1284; x_wconf 88' lang='lat' dir='ltr'><strong>vitiis,</strong></span> <span class='ocrx_word' id='word_1_59' title='bbox 1259 1209 1369 1290; x_wconf 89' lang='lat' dir='ltr'><strong>quibus</strong></span> <span class='ocrx_word' id='word_1_60' title='bbox 1385 1209 1448 1268; x_wconf 90' lang='lat' dir='ltr'><strong>fere</strong></span> <span class='ocrx_word' id='word_1_61' title='bbox 1462 1218 1530 1268; x_wconf 87' lang='lat' dir='ltr'><strong>sunt</strong></span> <span class='ocrx_word' id='word_1_62' title='bbox 1547 1206 1687 1279; x_wconf 85' lang='lat' dir='ltr'><strong>obnoxii,</strong></span> <span class='ocrx_word' id='word_1_63' title='bbox 1716 1208 1810 1286; x_wconf 73' lang='lat' dir='ltr'><strong>quire</strong></span> 
     </span>
     <span class='ocr_line' id='line_1_8' title="bbox 392 1290 1810 1376; baseline -0.001 -23"><span class='ocrx_word' id='word_1_64' title='bbox 392 1297 480 1353; x_wconf 84' lang='lat' dir='ltr'><strong>utits</strong></span> <span class='ocrx_word' id='word_1_65' title='bbox 493 1293 760 1372; x_wconf 49' lang='lat' dir='ltr'><strong>&amp;conductione</strong></span> <span class='ocrx_word' id='word_1_66' title='bbox 783 1296 892 1376; x_wconf 85' lang='lat' dir='ltr'><strong>Neque</strong></span> <span class='ocrx_word' id='word_1_67' title='bbox 903 1299 980 1356; x_wconf 88' lang='lat' dir='ltr'><strong>enim</strong></span> <span class='ocrx_word' id='word_1_68' title='bbox 995 1316 1084 1357; x_wconf 89' lang='lat' dir='ltr'><strong>unum</strong></span> <span class='ocrx_word' id='word_1_69' title='bbox 1134 1297 1200 1356; x_wconf 89' lang='lat' dir='ltr'><strong>lunt</strong></span> <span class='ocrx_word' id='word_1_70' title='bbox 1221 1297 1353 1374; x_wconf 88' lang='lat' dir='ltr'><strong>religiosi</strong></span> <span class='ocrx_word' id='word_1_71' title='bbox 1375 1295 1482 1355; x_wconf 88' lang='lat' dir='ltr'><strong>videri.</strong></span> <span class='ocrx_word' id='word_1_72' title='bbox 1516 1292 1675 1353; x_wconf 78' lang='lat' dir='ltr'><strong>Adversus</strong></span> <span class='ocrx_word' id='word_1_73' title='bbox 1697 1290 1810 1353; x_wconf 71' lang='lat' dir='ltr'><strong>boeth·</strong></span> 
     </span>
     <span class='ocr_line' id='line_1_9' title="bbox 389 1378 1812 1462; baseline -0.003 -22"><span class='ocrx_word' id='word_1_74' title='bbox 389 1380 511 1461; x_wconf 72' lang='lat' dir='ltr'><strong>aliquod</strong></span> <span class='ocrx_word' id='word_1_75' title='bbox 527 1380 637 1440; x_wconf 81' lang='lat' dir='ltr'><strong>foetum</strong></span> <span class='ocrx_word' id='word_1_76' title='bbox 660 1383 816 1461; x_wconf 86' lang='lat' dir='ltr'><strong>intelligit,</strong></span> <span class='ocrx_word' id='word_1_77' title='bbox 840 1381 892 1443; x_wconf 92' lang='lat' dir='ltr'><strong>sed</strong></span> <span class='ocrx_word' id='word_1_78' title='bbox 908 1384 984 1462; x_wconf 91' lang='lat' dir='ltr'><strong>legis</strong></span> <span class='ocrx_word' id='word_1_79' title='bbox 999 1403 1085 1444; x_wconf 85' lang='lat' dir='ltr'><strong>exse·</strong></span> <span class='ocrx_word' id='word_1_80' title='bbox 1135 1382 1362 1462; x_wconf 81' lang='lat' dir='ltr'><strong>tiusegitinire</strong></span> <span class='ocrx_word' id='word_1_81' title='bbox 1385 1402 1449 1459; x_wconf 85' lang='lat' dir='ltr'><strong>oup.</strong></span> <span class='ocrx_word' id='word_1_82' title='bbox 1468 1385 1495 1443; x_wconf 82' lang='lat'><strong>3.</strong></span> <span class='ocrx_word' id='word_1_83' title='bbox 1533 1381 1581 1440; x_wconf 83' lang='lat' dir='ltr'><strong>Ex</strong></span> <span class='ocrx_word' id='word_1_84' title='bbox 1605 1378 1812 1461; x_wconf 68' lang='lat' dir='ltr'><strong>questionis</strong></span> 
     </span>
     <span class='ocr_line' id='line_1_10' title="bbox 392 1464 1812 1548; baseline -0.001 -21"><span class='ocrx_word' id='word_1_85' title='bbox 392 1469 540 1528; x_wconf 91' lang='lat' dir='ltr'><strong>ontionem</strong></span> <span class='ocrx_word' id='word_1_86' title='bbox 565 1487 619 1547; x_wconf 90' lang='lat' dir='ltr'><strong>per</strong></span> <span class='ocrx_word' id='word_1_87' title='bbox 645 1489 744 1548; x_wconf 81' lang='lat' dir='ltr'><strong>opero.</strong></span> <span class='ocrx_word' id='word_1_88' title='bbox 778 1473 915 1530; x_wconf 78' lang='lat' dir='ltr'><strong>Beatum</strong></span> <span class='ocrx_word' id='word_1_89' title='bbox 941 1469 1014 1529; x_wconf 84' lang='lat' dir='ltr'><strong>dicit</strong></span> <span class='ocrx_word' id='word_1_90' title='bbox 1035 1470 1086 1530; x_wconf 82' lang='lat' dir='ltr'><strong>vel</strong></span> <span class='ocrx_word' id='word_1_91' title='bbox 1134 1470 1271 1548; x_wconf 82' lang='lat' dir='ltr'><strong>telliges,</strong></span> <span class='ocrx_word' id='word_1_92' title='bbox 1293 1489 1347 1528; x_wconf 85' lang='lat' dir='ltr'><strong>our</strong></span> <span class='ocrx_word' id='word_1_93' title='bbox 1368 1478 1470 1529; x_wconf 81' lang='lat' dir='ltr'><strong>utetur</strong></span> <span class='ocrx_word' id='word_1_94' title='bbox 1485 1466 1576 1526; x_wconf 79' lang='lat' dir='ltr'><strong>verbo</strong></span> <span class='ocrx_word' id='word_1_95' title='bbox 1591 1464 1812 1544; x_wconf 64' lang='lat' dir='ltr'><strong>refrenationis</strong></span> 
     </span>
     <span class='ocr_line' id='line_1_11' title="bbox 390 1550 1811 1635; baseline -0.003 -20"><span class='ocrx_word' id='word_1_96' title='bbox 390 1553 577 1615; x_wconf 68' lang='lat' dir='ltr'><strong>beatitudine</strong></span> <span class='ocrx_word' id='word_1_97' title='bbox 590 1557 707 1634; x_wconf 73' lang='lat' dir='ltr'><strong>petrino</strong></span> <span class='ocrx_word' id='word_1_98' title='bbox 727 1556 881 1627; x_wconf 85' lang='lat' dir='ltr'><strong>eoelestis,</strong></span> <span class='ocrx_word' id='word_1_99' title='bbox 908 1576 986 1635; x_wconf 89' lang='lat' dir='ltr'><strong>quoe</strong></span> <span class='ocrx_word' id='word_1_100' title='bbox 1010 1576 1084 1617; x_wconf 91' lang='lat' dir='ltr'><strong>mer·</strong></span> <span class='ocrx_word' id='word_1_101' title='bbox 1177 1557 1237 1618; x_wconf 79' lang='lat' dir='ltr'><strong>Sed</strong></span> <span class='ocrx_word' id='word_1_102' title='bbox 1266 1556 1415 1616; x_wconf 78' lang='lat' dir='ltr'><strong>seducens</strong></span> <span class='ocrx_word' id='word_1_103' title='bbox 1445 1572 1500 1614; x_wconf 85' lang='lat' dir='ltr'><strong>oos·</strong></span> <span class='ocrx_word' id='word_1_104' title='bbox 1528 1571 1632 1613; x_wconf 80' lang='lat' dir='ltr'><strong>suum.</strong></span> <span class='ocrx_word' id='word_1_105' title='bbox 1671 1550 1811 1623; x_wconf 75' lang='lat' dir='ltr'><strong>Similen&#39;,</strong></span> 
     </span>
     <span class='ocr_line' id='line_1_12' title="bbox 390 1640 1812 1723; baseline -0.004 -20"><span class='ocrx_word' id='word_1_106' title='bbox 390 1660 438 1703; x_wconf 82' lang='lat' dir='ltr'><strong>oes</strong></span> <span class='ocrx_word' id='word_1_107' title='bbox 464 1650 511 1702; x_wconf 88' lang='lat' dir='ltr'><strong>est</strong></span> <span class='ocrx_word' id='word_1_108' title='bbox 534 1641 679 1700; x_wconf 84' lang='lat' dir='ltr'><strong>bonorem</strong></span> <span class='ocrx_word' id='word_1_109' title='bbox 710 1662 848 1721; x_wconf 82' lang='lat' dir='ltr'><strong>operum,</strong></span> <span class='ocrx_word' id='word_1_110' title='bbox 879 1662 968 1721; x_wconf 77' lang='lat' dir='ltr'><strong>quum</strong></span> <span class='ocrx_word' id='word_1_111' title='bbox 997 1644 1086 1721; x_wconf 78' lang='lat' dir='ltr'><strong>poulo</strong></span> <span class='ocrx_word' id='word_1_112' title='bbox 1135 1641 1320 1723; x_wconf 85' lang='lat' dir='ltr'><strong>quodsupru</strong></span> <span class='ocrx_word' id='word_1_113' title='bbox 1344 1642 1436 1703; x_wconf 84' lang='lat' dir='ltr'><strong><em>dixit:</em></strong></span> <span class='ocrx_word' id='word_1_114' title='bbox 1462 1640 1627 1701; x_wconf 75' lang='lat' dir='ltr'><strong>Follentes</strong></span> <span class='ocrx_word' id='word_1_115' title='bbox 1650 1641 1812 1713; x_wconf 71' lang='lat' dir='ltr'><strong>memetip-</strong></span> 
     </span>
     <span class='ocr_line' id='line_1_13' title="bbox 390 1724 1812 1803; baseline -0.004 -14"><span class='ocrx_word' id='word_1_116' title='bbox 390 1735 460 1789; x_wconf 82' lang='lat' dir='ltr'><strong>ento</strong></span> <span class='ocrx_word' id='word_1_117' title='bbox 488 1729 622 1788; x_wconf 85' lang='lat' dir='ltr'><strong>sulutem</strong></span> <span class='ocrx_word' id='word_1_118' title='bbox 651 1732 836 1790; x_wconf 76' lang='lat' dir='ltr'><strong>animorum</strong></span> <span class='ocrx_word' id='word_1_119' title='bbox 863 1732 1002 1803; x_wconf 78' lang='lat' dir='ltr'><strong>vooovit3</strong></span> <span class='ocrx_word' id='word_1_120' title='bbox 1034 1731 1085 1790; x_wconf 88' lang='lat' dir='ltr'><strong>vel</strong></span> <span class='ocrx_word' id='word_1_121' title='bbox 1133 1746 1190 1790; x_wconf 82' lang='lat' dir='ltr'><strong>eos.</strong></span> <span class='ocrx_word' id='word_1_122' title='bbox 1226 1729 1351 1790; x_wconf 77' lang='lat' dir='ltr'><strong>Seducit</strong></span> <span class='ocrx_word' id='word_1_123' title='bbox 1367 1731 1444 1789; x_wconf 89' lang='lat' dir='ltr'><strong>enirn</strong></span> <span class='ocrx_word' id='word_1_124' title='bbox 1465 1745 1637 1800; x_wconf 82' lang='lat' dir='ltr'><strong>corsuum,</strong></span> <span class='ocrx_word' id='word_1_125' title='bbox 1664 1724 1812 1785; x_wconf 81' lang='lat' dir='ltr'><strong>etisllitss</strong></span> 
     </span>
     <span class='ocr_line' id='line_1_14' title="bbox 390 1811 1811 1895; baseline -0.001 -21"><span class='ocrx_word' id='word_1_126' title='bbox 390 1816 492 1893; x_wconf 84' lang='lat' dir='ltr'><strong>potius</strong></span> <span class='ocrx_word' id='word_1_127' title='bbox 507 1814 795 1890; x_wconf 78' lang='lat' dir='ltr'><strong>beatitudinevitee,</strong></span> <span class='ocrx_word' id='word_1_128' title='bbox 812 1818 1038 1895; x_wconf 80' lang='lat' dir='ltr'><strong>quueoonsistit</strong></span> <span class='ocrx_word' id='word_1_129' title='bbox 1054 1819 1085 1878; x_wconf 90' lang='lat' dir='ltr'><strong>in</strong></span> <span class='ocrx_word' id='word_1_130' title='bbox 1135 1819 1246 1895; x_wconf 82' lang='lat' dir='ltr'><strong>ipsunt,</strong></span> <span class='ocrx_word' id='word_1_131' title='bbox 1275 1815 1345 1876; x_wconf 87' lang='lat' dir='ltr'><strong>dum</strong></span> <span class='ocrx_word' id='word_1_132' title='bbox 1368 1813 1540 1894; x_wconf 89' lang='lat' dir='ltr'><strong>hujusmodi</strong></span> <span class='ocrx_word' id='word_1_133' title='bbox 1569 1813 1655 1872; x_wconf 84' lang='lat' dir='ltr'><strong>vitiis</strong></span> <span class='ocrx_word' id='word_1_134' title='bbox 1681 1811 1811 1872; x_wconf 74' lang='lat' dir='ltr'><strong>involet·</strong></span> 
     </span>
     <span class='ocr_line' id='line_1_15' title="bbox 385 1899 1769 1983; baseline -0.001 -23"><span class='ocrx_word' id='word_1_135' title='bbox 385 1903 503 1981; x_wconf 78' lang='lat' dir='ltr'><strong>justitie</strong></span> <span class='ocrx_word' id='word_1_136' title='bbox 526 1910 556 1961; x_wconf 90' lang='lat' dir='ltr'><strong>et</strong></span> <span class='ocrx_word' id='word_1_137' title='bbox 578 1911 660 1961; x_wconf 83' lang='lat' dir='ltr'><strong>certe</strong></span> <span class='ocrx_word' id='word_1_138' title='bbox 682 1904 908 1983; x_wconf 70' lang='lat' dir='ltr'><strong>exspectatione</strong></span> <span class='ocrx_word' id='word_1_139' title='bbox 931 1902 1085 1965; x_wconf 84' lang='lat' dir='ltr'><strong>ielioitstis</strong></span> <span class='ocrx_word' id='word_1_140' title='bbox 1134 1903 1233 1964; x_wconf 82' lang='lat' dir='ltr'><strong>adhue</strong></span> <span class='ocrx_word' id='word_1_141' title='bbox 1248 1903 1307 1962; x_wconf 93' lang='lat' dir='ltr'><strong>sibi</strong></span> <span class='ocrx_word' id='word_1_142' title='bbox 1321 1902 1437 1981; x_wconf 75' lang='lat' dir='ltr'><strong>placet,</strong></span> <span class='ocrx_word' id='word_1_143' title='bbox 1454 1901 1543 1980; x_wconf 83' lang='lat' dir='ltr'><strong>qussi</strong></span> <span class='ocrx_word' id='word_1_144' title='bbox 1558 1899 1769 1977; x_wconf 73' lang='lat' dir='ltr'><strong>eitreligiosux</strong></span> 
     </span>
     <span class='ocr_line' id='line_1_16' title="bbox 389 1983 1810 2070; baseline -0.002 -22"><span class='ocrx_word' id='word_1_145' title='bbox 389 1997 547 2064; x_wconf 66' lang='lat' dir='ltr'><strong>aeternus,</strong></span> <span class='ocrx_word' id='word_1_146' title='bbox 574 1989 722 2070; x_wconf 85' lang='lat' dir='ltr'><strong>quomodo</strong></span> <span class='ocrx_word' id='word_1_147' title='bbox 749 2011 839 2069; x_wconf 79' lang='lat' dir='ltr'><strong>supro</strong></span> <span class='ocrx_word' id='word_1_148' title='bbox 864 1991 983 2049; x_wconf 75' lang='lat' dir='ltr'><strong>beatum</strong></span> <span class='ocrx_word' id='word_1_149' title='bbox 1010 1990 1086 2051; x_wconf 81' lang='lat' dir='ltr'><strong>dixit</strong></span> <span class='ocrx_word' id='word_1_150' title='bbox 1177 1993 1282 2064; x_wconf 78' lang='lat' dir='ltr'><strong>Hujus</strong></span> <span class='ocrx_word' id='word_1_151' title='bbox 1293 2008 1380 2049; x_wconf 76' lang='lat' dir='ltr'><strong>vana</strong></span> <span class='ocrx_word' id='word_1_152' title='bbox 1394 1988 1569 2063; x_wconf 71' lang='lat' dir='ltr'><strong>estreliqio.</strong></span> <span class='ocrx_word' id='word_1_153' title='bbox 1594 1983 1810 2066; x_wconf 75' lang='lat' dir='ltr'><strong>Quemviseuil</strong></span> 
     </span>
     <span class='ocr_line' id='line_1_17' title="bbox 390 2068 1810 2159; baseline -0.003 -24"><span class='ocrx_word' id='word_1_154' title='bbox 390 2095 473 2148; x_wconf 89' lang='lat' dir='ltr'><strong>eum,</strong></span> <span class='ocrx_word' id='word_1_155' title='bbox 501 2076 553 2154; x_wconf 89' lang='lat' dir='ltr'><strong>qui</strong></span> <span class='ocrx_word' id='word_1_156' title='bbox 574 2076 675 2136; x_wconf 82' lang='lat' dir='ltr'><strong>suffert</strong></span> <span class='ocrx_word' id='word_1_157' title='bbox 698 2080 909 2153; x_wconf 68' lang='lat' dir='ltr'><strong>tentationem</strong></span> <span class='ocrx_word' id='word_1_158' title='bbox 936 2088 970 2136; x_wconf 91' lang='lat' dir='ltr'><strong>ut</strong></span> <span class='ocrx_word' id='word_1_159' title='bbox 993 2081 1084 2139; x_wconf 90' lang='lat' dir='ltr'><strong>totius</strong></span> <span class='ocrx_word' id='word_1_160' title='bbox 1134 2076 1337 2159; x_wconf 73' lang='lat' dir='ltr'><strong>professione,</strong></span> <span class='ocrx_word' id='word_1_161' title='bbox 1361 2096 1396 2135; x_wconf 84' lang='lat' dir='ltr'><strong>so</strong></span> <span class='ocrx_word' id='word_1_162' title='bbox 1411 2074 1488 2135; x_wconf 82' lang='lat' dir='ltr'><strong>forte</strong></span> <span class='ocrx_word' id='word_1_163' title='bbox 1510 2075 1600 2133; x_wconf 76' lang='lat' dir='ltr'><strong>etism</strong></span> <span class='ocrx_word' id='word_1_164' title='bbox 1616 2092 1651 2133; x_wconf 86' lang='lat' dir='ltr'><strong>re</strong></span> <span class='ocrx_word' id='word_1_165' title='bbox 1665 2074 1731 2153; x_wconf 77' lang='lat' dir='ltr'><strong>ipse</strong></span> <span class='ocrx_word' id='word_1_166' title='bbox 1745 2068 1810 2131; x_wconf 79' lang='lat' dir='ltr'><strong>(ibsi-</strong></span> 
     </span>
     <span class='ocr_line' id='line_1_18' title="bbox 390 2159 1810 2243; baseline -0.002 -22"><span class='ocrx_word' id='word_1_167' title='bbox 390 2160 505 2242; x_wconf 85' lang='lat' dir='ltr'><strong>periodi</strong></span> <span class='ocrx_word' id='word_1_168' title='bbox 523 2164 578 2222; x_wconf 90' lang='lat' dir='ltr'><strong>iste</strong></span> <span class='ocrx_word' id='word_1_169' title='bbox 600 2164 639 2223; x_wconf 86' lang='lat' dir='ltr'><strong>sit</strong></span> <span class='ocrx_word' id='word_1_170' title='bbox 661 2182 781 2223; x_wconf 87' lang='lat' dir='ltr'><strong>seusus:</strong></span> <span class='ocrx_word' id='word_1_171' title='bbox 809 2164 870 2243; x_wconf 76' lang='lat' dir='ltr'><strong>Qui</strong></span> <span class='ocrx_word' id='word_1_172' title='bbox 886 2183 958 2223; x_wconf 84' lang='lat' dir='ltr'><strong>vero</strong></span> <span class='ocrx_word' id='word_1_173' title='bbox 974 2164 1083 2223; x_wconf 91' lang='lat' dir='ltr'><strong>studio·</strong></span> <span class='ocrx_word' id='word_1_174' title='bbox 1134 2166 1250 2225; x_wconf 78' lang='lat' dir='ltr'><strong>stiones</strong></span> <span class='ocrx_word' id='word_1_175' title='bbox 1266 2165 1319 2235; x_wconf 89' lang='lat' dir='ltr'><strong>sit,</strong></span> <span class='ocrx_word' id='word_1_176' title='bbox 1346 2172 1376 2223; x_wconf 90' lang='lat' dir='ltr'><strong>et</strong></span> <span class='ocrx_word' id='word_1_177' title='bbox 1391 2163 1449 2223; x_wconf 90' lang='lat' dir='ltr'><strong>Dei</strong></span> <span class='ocrx_word' id='word_1_178' title='bbox 1465 2161 1576 2235; x_wconf 88' lang='lat' dir='ltr'><strong>oultor,</strong></span> <span class='ocrx_word' id='word_1_179' title='bbox 1604 2159 1718 2220; x_wconf 82' lang='lat' dir='ltr'><strong>inutilis</strong></span> <span class='ocrx_word' id='word_1_180' title='bbox 1732 2167 1810 2218; x_wconf 72' lang='lat' dir='ltr'><strong>tarr·</strong></span> 
     </span>
     <span class='ocr_line' id='line_1_19' title="bbox 391 2242 1809 2330; baseline -0.003 -21"><span class='ocrx_word' id='word_1_181' title='bbox 391 2250 453 2309; x_wconf 89' lang='lat' dir='ltr'><strong>sius</strong></span> <span class='ocrx_word' id='word_1_182' title='bbox 480 2249 642 2310; x_wconf 85' lang='lat' dir='ltr'><strong>intenderit</strong></span> <span class='ocrx_word' id='word_1_183' title='bbox 667 2251 771 2310; x_wconf 86' lang='lat' dir='ltr'><strong>oeulos</strong></span> <span class='ocrx_word' id='word_1_184' title='bbox 798 2253 906 2311; x_wconf 83' lang='lat' dir='ltr'><strong>mentis</strong></span> <span class='ocrx_word' id='word_1_185' title='bbox 933 2252 964 2310; x_wconf 90' lang='lat' dir='ltr'><strong>in</strong></span> <span class='ocrx_word' id='word_1_186' title='bbox 986 2251 1083 2330; x_wconf 91' lang='lat' dir='ltr'><strong>legem</strong></span> <span class='ocrx_word' id='word_1_187' title='bbox 1135 2261 1165 2313; x_wconf 90' lang='lat' dir='ltr'><strong>et</strong></span> <span class='ocrx_word' id='word_1_188' title='bbox 1195 2250 1397 2310; x_wconf 81' lang='lat' dir='ltr'><strong>infructuosus</strong></span> <span class='ocrx_word' id='word_1_189' title='bbox 1428 2249 1455 2308; x_wconf 90' lang='lat' dir='ltr'><strong>ei</strong></span> <span class='ocrx_word' id='word_1_190' title='bbox 1488 2245 1624 2306; x_wconf 82' lang='lat' dir='ltr'><strong>redditur</strong></span> <span class='ocrx_word' id='word_1_191' title='bbox 1653 2246 1706 2306; x_wconf 91' lang='lat' dir='ltr'><strong>ille</strong></span> <span class='ocrx_word' id='word_1_192' title='bbox 1734 2242 1809 2305; x_wconf 75' lang='lat' dir='ltr'><strong>solt·</strong></span> 
     </span>
     <span class='ocr_line' id='line_1_20' title="bbox 390 2327 1808 2419; baseline -0.004 -24"><span class='ocrx_word' id='word_1_193' title='bbox 390 2336 513 2409; x_wconf 83' lang='lat' dir='ltr'><strong>Christi,</strong></span> <span class='ocrx_word' id='word_1_194' title='bbox 540 2356 620 2416; x_wconf 84' lang='lat' dir='ltr'><strong>quse</strong></span> <span class='ocrx_word' id='word_1_195' title='bbox 645 2345 692 2397; x_wconf 88' lang='lat' dir='ltr'><strong>est</strong></span> <span class='ocrx_word' id='word_1_196' title='bbox 717 2338 767 2398; x_wconf 89' lang='lat' dir='ltr'><strong>lex</strong></span> <span class='ocrx_word' id='word_1_197' title='bbox 793 2339 944 2416; x_wconf 82' lang='lat' dir='ltr'><strong>perioote,</strong></span> <span class='ocrx_word' id='word_1_198' title='bbox 970 2338 1085 2418; x_wconf 88' lang='lat' dir='ltr'><strong>luxque</strong></span> <span class='ocrx_word' id='word_1_199' title='bbox 1134 2337 1374 2419; x_wconf 75' lang='lat' dir='ltr'><strong>qualiscumque,</strong></span> <span class='ocrx_word' id='word_1_200' title='bbox 1401 2354 1491 2415; x_wconf 89' lang='lat' dir='ltr'><strong>quem</strong></span> <span class='ocrx_word' id='word_1_201' title='bbox 1507 2333 1576 2394; x_wconf 93' lang='lat' dir='ltr'><strong>Deo</strong></span> <span class='ocrx_word' id='word_1_202' title='bbox 1592 2333 1735 2393; x_wconf 87' lang='lat' dir='ltr'><strong>exhibere</strong></span> <span class='ocrx_word' id='word_1_203' title='bbox 1748 2327 1808 2391; x_wconf 76' lang='lat' dir='ltr'><strong>ride</strong></span> 
     </span>
     <span class='ocr_line' id='line_1_21' title="bbox 391 2417 1808 2503; baseline -0.004 -22"><span class='ocrx_word' id='word_1_204' title='bbox 391 2443 483 2483; x_wconf 80' lang='lat' dir='ltr'><strong>verse</strong></span> <span class='ocrx_word' id='word_1_205' title='bbox 506 2422 670 2499; x_wconf 74' lang='lat' dir='ltr'><strong>libertatis;</strong></span> <span class='ocrx_word' id='word_1_206' title='bbox 697 2434 727 2484; x_wconf 92' lang='lat' dir='ltr'><strong>et</strong></span> <span class='ocrx_word' id='word_1_207' title='bbox 749 2445 808 2484; x_wconf 91' lang='lat' dir='ltr'><strong>non</strong></span> <span class='ocrx_word' id='word_1_208' title='bbox 830 2426 1002 2496; x_wconf 71' lang='lat' dir='ltr'><strong>recesserit,</strong></span> <span class='ocrx_word' id='word_1_209' title='bbox 1029 2442 1085 2485; x_wconf 90' lang='lat' dir='ltr'><strong>neo</strong></span> <span class='ocrx_word' id='word_1_210' title='bbox 1134 2433 1199 2501; x_wconf 79' lang='lat' dir='ltr'><strong>tur3</strong></span> <span class='ocrx_word' id='word_1_211' title='bbox 1228 2445 1263 2486; x_wconf 90' lang='lat' dir='ltr'><strong>eo</strong></span> <span class='ocrx_word' id='word_1_212' title='bbox 1280 2422 1359 2503; x_wconf 92' lang='lat' dir='ltr'><strong>qnod</strong></span> <span class='ocrx_word' id='word_1_213' title='bbox 1376 2422 1490 2492; x_wconf 85' lang='lat' dir='ltr'><strong>Deum,</strong></span> <span class='ocrx_word' id='word_1_214' title='bbox 1512 2440 1605 2500; x_wconf 91' lang='lat' dir='ltr'><strong>quern</strong></span> <span class='ocrx_word' id='word_1_215' title='bbox 1622 2419 1708 2492; x_wconf 79' lang='lat' dir='ltr'><strong>colit,</strong></span> <span class='ocrx_word' id='word_1_216' title='bbox 1729 2417 1808 2478; x_wconf 70' lang='lat' dir='ltr'><strong>istiu·</strong></span> 
     </span>
     <span class='ocr_line' id='line_1_22' title="bbox 389 2503 1807 2591; baseline -0.004 -22"><span class='ocrx_word' id='word_1_217' title='bbox 389 2511 532 2571; x_wconf 81' lang='lat' dir='ltr'><strong>everterit</strong></span> <span class='ocrx_word' id='word_1_218' title='bbox 547 2530 580 2571; x_wconf 85' lang='lat' dir='ltr'><strong>se</strong></span> <span class='ocrx_word' id='word_1_219' title='bbox 595 2509 633 2569; x_wconf 70' lang='grc' dir='ltr'><strong>εἰ)</strong></span> <span class='ocrx_word' id='word_1_220' title='bbox 649 2531 700 2583; x_wconf 85' lang='lat' dir='ltr'><strong>eu,</strong></span> <span class='ocrx_word' id='word_1_221' title='bbox 718 2513 796 2572; x_wconf 91' lang='lat' dir='ltr'><strong>siout</strong></span> <span class='ocrx_word' id='word_1_222' title='bbox 811 2511 877 2582; x_wconf 93' lang='lat' dir='ltr'><strong>ille,</strong></span> <span class='ocrx_word' id='word_1_223' title='bbox 901 2513 953 2591; x_wconf 91' lang='lat' dir='ltr'><strong>qui</strong></span> <span class='ocrx_word' id='word_1_224' title='bbox 971 2511 1083 2570; x_wconf 88' lang='lat' dir='ltr'><strong>vultum</strong></span> <span class='ocrx_word' id='word_1_225' title='bbox 1134 2510 1213 2571; x_wconf 91' lang='lat' dir='ltr'><strong>modi</strong></span> <span class='ocrx_word' id='word_1_226' title='bbox 1228 2511 1362 2591; x_wconf 85' lang='lat' dir='ltr'><strong>peooetis</strong></span> <span class='ocrx_word' id='word_1_227' title='bbox 1373 2508 1522 2570; x_wconf 76' lang='lat' dir='ltr'><strong>infensum</strong></span> <span class='ocrx_word' id='word_1_228' title='bbox 1539 2507 1597 2567; x_wconf 88' lang='lat' dir='ltr'><strong>sibi</strong></span> <span class='ocrx_word' id='word_1_229' title='bbox 1611 2504 1728 2567; x_wconf 74' lang='lat' dir='ltr'><strong>reddet</strong></span> <span class='ocrx_word' id='word_1_230' title='bbox 1748 2503 1807 2564; x_wconf 76' lang='lat' dir='ltr'><strong>lino</strong></span> 
     </span>
     <span class='ocr_line' id='line_1_23' title="bbox 390 2588 1805 2678; baseline -0.004 -22"><span class='ocrx_word' id='word_1_231' title='bbox 390 2616 476 2658; x_wconf 86' lang='lat' dir='ltr'><strong>suum</strong></span> <span class='ocrx_word' id='word_1_232' title='bbox 508 2596 767 2677; x_wconf 71' lang='lat' dir='ltr'><strong>contemplabatur</strong></span> <span class='ocrx_word' id='word_1_233' title='bbox 795 2600 825 2657; x_wconf 92' lang='lat' dir='ltr'><strong>in</strong></span> <span class='ocrx_word' id='word_1_234' title='bbox 855 2599 992 2678; x_wconf 77' lang='lat' dir='ltr'><strong>speou103</strong></span> <span class='ocrx_word' id='word_1_235' title='bbox 1030 2597 1084 2657; x_wconf 92' lang='lat' dir='ltr'><strong>sed</strong></span> <span class='ocrx_word' id='word_1_236' title='bbox 1135 2620 1206 2678; x_wconf 87' lang='lat' dir='ltr'><strong>ergo</strong></span> <span class='ocrx_word' id='word_1_237' title='bbox 1222 2598 1320 2669; x_wconf 87' lang='lat' dir='ltr'><strong>disee,</strong></span> <span class='ocrx_word' id='word_1_238' title='bbox 1338 2596 1740 2673; x_wconf 73' lang='lat' dir='ltr'><strong>nonleviterpeooareeos‚</strong></span> <span class='ocrx_word' id='word_1_239' title='bbox 1760 2588 1805 2668; x_wconf 66' lang='grc' dir='ltr'><strong>φὶ,</strong></span> 
     </span>
     <span class='ocr_line' id='line_1_24' title="bbox 389 2681 1807 2764; baseline -0.007 -19"><span class='ocrx_word' id='word_1_240' title='bbox 389 2684 468 2745; x_wconf 84' lang='lat' dir='ltr'><strong>fixus</strong></span> <span class='ocrx_word' id='word_1_241' title='bbox 483 2685 514 2744; x_wconf 92' lang='lat' dir='ltr'><strong>in</strong></span> <span class='ocrx_word' id='word_1_242' title='bbox 529 2703 565 2742; x_wconf 84' lang='lat' dir='ltr'><strong>ee</strong></span> <span class='ocrx_word' id='word_1_243' title='bbox 580 2684 809 2762; x_wconf 79' lang='lat' dir='ltr'><strong>contemplando</strong></span> <span class='ocrx_word' id='word_1_244' title='bbox 825 2687 1027 2764; x_wconf 77' lang='lat' dir='ltr'><strong>permanserit,</strong></span> <span class='ocrx_word' id='word_1_245' title='bbox 1053 2683 1087 2743; x_wconf 94' lang='lat' dir='ltr'><strong>id.</strong></span> <span class='ocrx_word' id='word_1_246' title='bbox 1135 2685 1171 2745; x_wconf 86' lang='lat' dir='ltr'><strong>od</strong></span> <span class='ocrx_word' id='word_1_247' title='bbox 1189 2704 1310 2745; x_wconf 89' lang='lat' dir='ltr'><strong>sensum</strong></span> <span class='ocrx_word' id='word_1_248' title='bbox 1329 2681 1482 2762; x_wconf 78' lang='lat' dir='ltr'><strong><em>Apostoli,</em></strong></span> <span class='ocrx_word' id='word_1_249' title='bbox 1509 2681 1643 2760; x_wconf 76' lang='lat' dir='ltr'><strong>lingnam</strong></span> <span class='ocrx_word' id='word_1_250' title='bbox 1667 2698 1749 2739; x_wconf 77' lang='lat' dir='ltr'><strong>suom</strong></span> <span class='ocrx_word' id='word_1_251' title='bbox 1764 2692 1807 2735; x_wconf 75' lang='lat' dir='ltr'><strong>uos</strong></span> 
     </span>
     <span class='ocr_line' id='line_1_25' title="bbox 390 2765 1833 2851; baseline -0.005 -22"><span class='ocrx_word' id='word_1_252' title='bbox 390 2778 445 2842; x_wconf 86' lang='lat' dir='ltr'><strong>est,</strong></span> <span class='ocrx_word' id='word_1_253' title='bbox 461 2772 486 2829; x_wconf 90' lang='lat' dir='ltr'><strong>si</strong></span> <span class='ocrx_word' id='word_1_254' title='bbox 497 2770 731 2831; x_wconf 85' lang='lat' dir='ltr'><strong>nonobliviosus</strong></span> <span class='ocrx_word' id='word_1_255' title='bbox 744 2792 780 2830; x_wconf 83' lang='lat' dir='ltr'><strong>so</strong></span> <span class='ocrx_word' id='word_1_256' title='bbox 791 2771 948 2851; x_wconf 82' lang='lat' dir='ltr'><strong>negligens</strong></span> <span class='ocrx_word' id='word_1_257' title='bbox 964 2772 1085 2832; x_wconf 74' lang='lat' dir='ltr'><strong>auditor</strong></span> <span class='ocrx_word' id='word_1_258' title='bbox 1134 2772 1293 2832; x_wconf 80' lang='lat' dir='ltr'><strong>refrenent.</strong></span> <span class='ocrx_word' id='word_1_259' title='bbox 1316 2771 1382 2829; x_wconf 80' lang='lat' dir='ltr'><strong>Nisi</strong></span> <span class='ocrx_word' id='word_1_260' title='bbox 1398 2771 1475 2829; x_wconf 89' lang='lat' dir='ltr'><strong>enim</strong></span> <span class='ocrx_word' id='word_1_261' title='bbox 1495 2765 1630 2826; x_wconf 69' lang='lat' dir='ltr'><strong>mortalis</strong></span> <span class='ocrx_word' id='word_1_262' title='bbox 1645 2766 1676 2827; x_wconf 90' lang='lat' dir='ltr'><strong>in</strong></span> <span class='ocrx_word' id='word_1_263' title='bbox 1691 2765 1737 2825; x_wconf 83' lang='lat' dir='ltr'><strong>his</strong></span> <span class='ocrx_word' id='word_1_264' title='bbox 1750 2766 1807 2823; x_wconf 58' lang='lat' dir='ltr'><strong>ed</strong></span> <span class='ocrx_word' id='word_1_265' title='bbox 1831 2780 1833 2787; x_wconf 85' lang='grc'><strong>’</strong></span> 
     </span>
     <span class='ocr_line' id='line_1_26' title="bbox 391 2856 1807 2939; baseline -0.006 -22"><span class='ocrx_word' id='word_1_266' title='bbox 391 2857 476 2920; x_wconf 85' lang='lat' dir='ltr'><strong>verbi</strong></span> <span class='ocrx_word' id='word_1_267' title='bbox 491 2857 595 2931; x_wconf 80' lang='lat' dir='ltr'><strong>tuerit,</strong></span> <span class='ocrx_word' id='word_1_268' title='bbox 611 2857 666 2918; x_wconf 88' lang='lat' dir='ltr'><strong>sed</strong></span> <span class='ocrx_word' id='word_1_269' title='bbox 681 2878 773 2938; x_wconf 90' lang='lat' dir='ltr'><strong>opero</strong></span> <span class='ocrx_word' id='word_1_270' title='bbox 787 2860 981 2939; x_wconf 78' lang='lat' dir='ltr'><strong>praestiterit,</strong></span> <span class='ocrx_word' id='word_1_271' title='bbox 1004 2857 1085 2939; x_wconf 88' lang='lat' dir='ltr'><strong>quod</strong></span> <span class='ocrx_word' id='word_1_272' title='bbox 1134 2859 1240 2939; x_wconf 84' lang='lat' dir='ltr'><strong>onlpe,</strong></span> <span class='ocrx_word' id='word_1_273' title='bbox 1268 2878 1328 2918; x_wconf 89' lang='lat' dir='ltr'><strong>uon</strong></span> <span class='ocrx_word' id='word_1_274' title='bbox 1349 2856 1480 2928; x_wconf 84' lang='lat' dir='ltr'><strong>diceret,</strong></span> <span class='ocrx_word' id='word_1_275' title='bbox 1507 2873 1619 2915; x_wconf 82' lang='lat' dir='ltr'><strong>renem</strong></span> <span class='ocrx_word' id='word_1_276' title='bbox 1642 2871 1711 2915; x_wconf 84' lang='lat' dir='ltr'><strong>esse</strong></span> <span class='ocrx_word' id='word_1_277' title='bbox 1728 2866 1807 2911; x_wconf 76' lang='lat' dir='ltr'><strong>eoru!</strong></span> 
     </span>
     <span class='ocr_line' id='line_1_27' title="bbox 390 2941 1833 3027; baseline -0.003 -24"><span class='ocrx_word' id='word_1_278' title='bbox 390 2943 520 3005; x_wconf 76' lang='lat' dir='ltr'><strong>audivit:</strong></span> <span class='ocrx_word' id='word_1_279' title='bbox 536 2945 562 3003; x_wconf 80' lang='lat' dir='ltr'><strong>is</strong></span> <span class='ocrx_word' id='word_1_280' title='bbox 577 2964 615 3005; x_wconf 87' lang='lat' dir='ltr'><strong>ex</strong></span> <span class='ocrx_word' id='word_1_281' title='bbox 631 2944 710 3005; x_wconf 86' lang='lat' dir='ltr'><strong>bono</strong></span> <span class='ocrx_word' id='word_1_282' title='bbox 722 2964 779 3006; x_wconf 72' lang='lat' dir='ltr'><strong>suu</strong></span> <span class='ocrx_word' id='word_1_283' title='bbox 789 2948 963 3026; x_wconf 73' lang='lat' dir='ltr'><strong>operatione</strong></span> <span class='ocrx_word' id='word_1_284' title='bbox 977 2946 1085 3007; x_wconf 77' lang='lat' dir='ltr'><strong>bertus</strong></span> <span class='ocrx_word' id='word_1_285' title='bbox 1133 2949 1317 3027; x_wconf 82' lang='lat' dir='ltr'><strong>religionem.</strong></span> <span class='ocrx_word' id='word_1_286' title='bbox 1342 2943 1450 3004; x_wconf 79' lang='lat' dir='ltr'><strong>Adfert</strong></span> <span class='ocrx_word' id='word_1_287' title='bbox 1465 2949 1566 3002; x_wconf 89' lang='lat' dir='ltr'><strong>sutem</strong></span> <span class='ocrx_word' id='word_1_288' title='bbox 1585 2941 1645 3000; x_wconf 89' lang='lat' dir='ltr'><strong>boo</strong></span> <span class='ocrx_word' id='word_1_289' title='bbox 1660 2961 1715 3021; x_wconf 88' lang='lat' dir='ltr'><strong>pro</strong></span> <span class='ocrx_word' id='word_1_290' title='bbox 1729 2954 1806 2999; x_wconf 66' lang='lat' dir='ltr'><strong>exem</strong></span> <span class='ocrx_word' id='word_1_291' title='bbox 1832 2941 1833 2946; x_wconf 74' lang='grc'>’</span> 
     </span>
     <span class='ocr_line' id='line_1_28' title="bbox 390 3025 1833 3116; baseline -0.006 -24"><span class='ocrx_word' id='word_1_292' title='bbox 390 3033 462 3106; x_wconf 82' lang='lat' dir='ltr'><strong>erit,</strong></span> <span class='ocrx_word' id='word_1_293' title='bbox 474 3033 575 3111; x_wconf 90' lang='lat' dir='ltr'><strong>justus</strong></span> <span class='ocrx_word' id='word_1_294' title='bbox 589 3034 659 3107; x_wconf 85' lang='lat' dir='ltr'><strong>erit,</strong></span> <span class='ocrx_word' id='word_1_295' title='bbox 672 3033 900 3112; x_wconf 74' lang='lat' dir='ltr'><strong>justificabitur,</strong></span> <span class='ocrx_word' id='word_1_296' title='bbox 918 3034 1033 3094; x_wconf 83' lang='lat' dir='ltr'><strong>scilieet</strong></span> <span class='ocrx_word' id='word_1_297' title='bbox 1048 3053 1085 3093; x_wconf 92' lang='lat' dir='ltr'><strong>eo</strong></span> <span class='ocrx_word' id='word_1_298' title='bbox 1133 3035 1183 3116; x_wconf 88' lang='lat' dir='ltr'><strong>plo</strong></span> <span class='ocrx_word' id='word_1_299' title='bbox 1200 3033 1355 3093; x_wconf 75' lang='lat' dir='ltr'><strong>doetrinae</strong></span> <span class='ocrx_word' id='word_1_300' title='bbox 1371 3030 1551 3110; x_wconf 89' lang='lat' dir='ltr'><strong>superioris,</strong></span> <span class='ocrx_word' id='word_1_301' title='bbox 1571 3046 1634 3107; x_wconf 85' lang='lat' dir='ltr'><strong>qne</strong></span> <span class='ocrx_word' id='word_1_302' title='bbox 1649 3025 1754 3096; x_wconf 69' lang='lat' dir='ltr'><strong>doerit</strong></span> <span class='ocrx_word' id='word_1_303' title='bbox 1765 3039 1806 3083; x_wconf 72' lang='lat' dir='ltr'><strong>ou</strong></span> <span class='ocrx_word' id='word_1_304' title='bbox 1832 3039 1833 3046; x_wconf 56' lang='lat'>¹</span> 
     </span>
     <span class='ocr_line' id='line_1_29' title="bbox 390 3113 1806 3201; baseline -0.004 -23"><span class='ocrx_word' id='word_1_305' title='bbox 390 3137 494 3192; x_wconf 79' lang='lat' dir='ltr'><strong>seusu,</strong></span> <span class='ocrx_word' id='word_1_306' title='bbox 522 3138 582 3197; x_wconf 89' lang='lat' dir='ltr'><strong>quo</strong></span> <span class='ocrx_word' id='word_1_307' title='bbox 598 3122 739 3199; x_wconf 89' lang='lat' dir='ltr'><strong>sequenti</strong></span> <span class='ocrx_word' id='word_1_308' title='bbox 755 3121 853 3200; x_wconf 74' lang='lat' dir='ltr'><strong>eapite</strong></span> <span class='ocrx_word' id='word_1_309' title='bbox 867 3118 957 3182; x_wconf 89' lang='lat' dir='ltr'><strong>dooet</strong></span> <span class='ocrx_word' id='word_1_310' title='bbox 972 3141 1007 3181; x_wconf 87' lang='lat' dir='ltr'><strong>oe</strong></span> <span class='ocrx_word' id='word_1_311' title='bbox 1022 3120 1085 3201; x_wconf 87' lang='lat' dir='ltr'><strong>plu·</strong></span> <span class='ocrx_word' id='word_1_312' title='bbox 1133 3121 1286 3182; x_wconf 78' lang='lat' dir='ltr'><strong>auditores</strong></span> <span class='ocrx_word' id='word_1_313' title='bbox 1302 3118 1394 3190; x_wconf 84' lang='lat' dir='ltr'><strong>verbi,</strong></span> <span class='ocrx_word' id='word_1_314' title='bbox 1410 3116 1463 3178; x_wconf 87' lang='lat' dir='ltr'><strong>sed</strong></span> <span class='ocrx_word' id='word_1_315' title='bbox 1477 3116 1607 3175; x_wconf 85' lang='lat' dir='ltr'><strong>ieotores</strong></span> <span class='ocrx_word' id='word_1_316' title='bbox 1618 3115 1689 3176; x_wconf 92' lang='lat' dir='ltr'><strong>Deo</strong></span> <span class='ocrx_word' id='word_1_317' title='bbox 1704 3113 1806 3194; x_wconf 69' lang='lat' dir='ltr'><strong>placeo</strong></span> 
     </span>
     <span class='ocr_line' id='line_1_30' title="bbox 390 3199 1808 3284; baseline -0.004 -19"><span class='ocrx_word' id='word_1_318' title='bbox 390 3206 474 3267; x_wconf 90' lang='lat' dir='ltr'><strong>ribus</strong></span> <span class='ocrx_word' id='word_1_319' title='bbox 489 3205 630 3279; x_wconf 76' lang='lat' dir='ltr'><strong>declarat,</strong></span> <span class='ocrx_word' id='word_1_320' title='bbox 645 3209 804 3269; x_wconf 77' lang='lat' dir='ltr'><strong>bominem</strong></span> <span class='ocrx_word' id='word_1_321' title='bbox 820 3226 858 3269; x_wconf 77' lang='lat' dir='ltr'><strong>oo</strong></span> <span class='ocrx_word' id='word_1_322' title='bbox 873 3209 1086 3284; x_wconf 73' lang='lat' dir='ltr'><strong>operibusju·</strong></span> <span class='ocrx_word' id='word_1_323' title='bbox 1179 3212 1228 3269; x_wconf 78' lang='lat'><strong>27.</strong></span> <span class='ocrx_word' id='word_1_324' title='bbox 1252 3207 1376 3280; x_wconf 78' lang='lat' dir='ltr'><strong>Rolioio</strong></span> <span class='ocrx_word' id='word_1_325' title='bbox 1409 3202 1534 3264; x_wconf 79' lang='lat' dir='ltr'><strong>mundo</strong></span> <span class='ocrx_word' id='word_1_326' title='bbox 1564 3207 1595 3260; x_wconf 81' lang='lat' dir='ltr'><strong>et</strong></span> <span class='ocrx_word' id='word_1_327' title='bbox 1624 3199 1808 3262; x_wconf 65' lang='lat' dir='ltr'><strong>immunius</strong></span> 
     </span>
     <span class='ocr_line' id='line_1_31' title="bbox 390 3279 1808 3373; baseline -0.004 -19"><span class='ocrx_word' id='word_1_328' title='bbox 390 3294 521 3370; x_wconf 70' lang='lat' dir='ltr'><strong>stifioori</strong></span> <span class='ocrx_word' id='word_1_329' title='bbox 536 3301 565 3353; x_wconf 84' lang='lat' dir='ltr'><strong>et</strong></span> <span class='ocrx_word' id='word_1_330' title='bbox 579 3312 647 3355; x_wconf 78' lang='lat' dir='ltr'><strong>uon</strong></span> <span class='ocrx_word' id='word_1_331' title='bbox 662 3313 700 3356; x_wconf 75' lang='lat' dir='ltr'><strong>ex</strong></span> <span class='ocrx_word' id='word_1_332' title='bbox 715 3294 778 3371; x_wconf 78' lang='lat' dir='ltr'><strong>fids</strong></span> <span class='ocrx_word' id='word_1_333' title='bbox 792 3301 927 3355; x_wconf 81' lang='lat' dir='ltr'><strong>tautum.</strong></span> <span class='ocrx_word' id='word_1_334' title='bbox 961 3294 1040 3354; x_wconf 81' lang='lat' dir='ltr'><strong>Nom</strong></span> <span class='ocrx_word' id='word_1_335' title='bbox 1056 3301 1088 3353; x_wconf 91' lang='lat' dir='ltr'><strong>et</strong></span> <span class='ocrx_word' id='word_1_336' title='bbox 1135 3296 1225 3373; x_wconf 81' lang='lat' dir='ltr'><strong>opud</strong></span> <span class='ocrx_word' id='word_1_337' title='bbox 1240 3296 1343 3355; x_wconf 80' lang='lat' dir='ltr'><strong>Deum</strong></span> <span class='ocrx_word' id='word_1_338' title='bbox 1360 3299 1389 3351; x_wconf 82' lang='lat' dir='ltr'><strong>st</strong></span> <span class='ocrx_word' id='word_1_339' title='bbox 1403 3294 1533 3352; x_wconf 81' lang='lat' dir='ltr'><strong>Patrem</strong></span> <span class='ocrx_word' id='word_1_340' title='bbox 1556 3288 1635 3349; x_wconf 74' lang='lat' dir='ltr'><strong>uaso</strong></span> <span class='ocrx_word' id='word_1_341' title='bbox 1649 3296 1701 3349; x_wconf 82' lang='lat' dir='ltr'><strong>est.</strong></span> <span class='ocrx_word' id='word_1_342' title='bbox 1735 3279 1808 3366; x_wconf 53' lang='grc' dir='ltr'><strong>(μ’</strong></span> 
     </span>
     <span class='ocr_line' id='line_1_32' title="bbox 391 3363 1807 3465; baseline -0.005 -26"><span class='ocrx_word' id='word_1_343' title='bbox 391 3380 505 3440; x_wconf 71' lang='lat' dir='ltr'><strong>Paulus</strong></span> <span class='ocrx_word' id='word_1_344' title='bbox 523 3381 770 3458; x_wconf 80' lang='lat' dir='ltr'><strong>justificationem</strong></span> <span class='ocrx_word' id='word_1_345' title='bbox 785 3380 921 3462; x_wconf 84' lang='lat' dir='ltr'><strong>appellet</strong></span> <span class='ocrx_word' id='word_1_346' title='bbox 935 3397 1087 3459; x_wconf 80' lang='grc' dir='ltr'>μακαρισ-</span> <span class='ocrx_word' id='word_1_347' title='bbox 1136 3388 1296 3465; x_wconf 68' lang='lat' dir='ltr'><strong>quaereret</strong></span> <span class='ocrx_word' id='word_1_348' title='bbox 1315 3379 1439 3458; x_wconf 74' lang='lat' dir='ltr'><strong>aliquis:</strong></span> <span class='ocrx_word' id='word_1_349' title='bbox 1461 3377 1543 3437; x_wconf 81' lang='lat' dir='ltr'><strong>Num</strong></span> <span class='ocrx_word' id='word_1_350' title='bbox 1566 3393 1639 3454; x_wconf 87' lang='lat' dir='ltr'><strong>ergo</strong></span> <span class='ocrx_word' id='word_1_351' title='bbox 1661 3374 1733 3434; x_wconf 87' lang='lat' dir='ltr'><strong>mihi</strong></span> <span class='ocrx_word' id='word_1_352' title='bbox 1751 3363 1807 3432; x_wconf 75' lang='lat' dir='ltr'><strong>sefl-</strong></span> 
     </span>
     <span class='ocr_line' id='line_1_33' title="bbox 390 3453 1808 3544; baseline -0.004 -20"><span class='ocrx_word' id='word_1_353' title='bbox 390 3459 447 3544; x_wconf 81' lang='grc' dir='ltr'><strong>μὸν</strong></span> <span class='ocrx_word' id='word_1_354' title='bbox 474 3468 701 3529; x_wconf 79' lang='lat' dir='ltr'><strong>beatitudinem</strong></span> <span class='ocrx_word' id='word_1_355' title='bbox 731 3488 783 3527; x_wconf 90' lang='lat' dir='ltr'><strong>seu</strong></span> <span class='ocrx_word' id='word_1_356' title='bbox 815 3468 1087 3544; x_wconf 68' lang='lat' dir='ltr'><strong>beatificationem,</strong></span> <span class='ocrx_word' id='word_1_357' title='bbox 1137 3472 1197 3530; x_wconf 90' lang='lat' dir='ltr'><strong>oiet</strong></span> <span class='ocrx_word' id='word_1_358' title='bbox 1211 3467 1362 3529; x_wconf 71' lang='lat' dir='ltr'><strong>refrenare</strong></span> <span class='ocrx_word' id='word_1_359' title='bbox 1376 3466 1526 3544; x_wconf 73' lang='lat' dir='ltr'><strong>liugnam,</strong></span> <span class='ocrx_word' id='word_1_360' title='bbox 1554 3469 1588 3520; x_wconf 89' lang='lat' dir='ltr'><strong>ut</strong></span> <span class='ocrx_word' id='word_1_361' title='bbox 1611 3482 1673 3523; x_wconf 90' lang='lat' dir='ltr'><strong>non</strong></span> <span class='ocrx_word' id='word_1_362' title='bbox 1696 3453 1808 3520; x_wconf 63' lang='lat' dir='ltr'><strong>renni</strong></span> 
     </span>
     <span class='ocr_line' id='line_1_34' title="bbox 389 3543 1809 3631; baseline -0.004 -17"><span class='ocrx_word' id='word_1_363' title='bbox 389 3554 474 3615; x_wconf 86' lang='lat' dir='ltr'><strong>Rom.</strong></span> <span class='ocrx_word' id='word_1_364' title='bbox 491 3556 519 3614; x_wconf 89' lang='lat'><strong>4.</strong></span> <span class='ocrx_word' id='word_1_365' title='bbox 1137 3577 1203 3617; x_wconf 81' lang='lat' dir='ltr'><strong>meo</strong></span> <span class='ocrx_word' id='word_1_366' title='bbox 1217 3552 1345 3631; x_wconf 78' lang='lat' dir='ltr'><strong>religio?</strong></span> <span class='ocrx_word' id='word_1_367' title='bbox 1368 3549 1544 3631; x_wconf 89' lang='lat' dir='ltr'><strong>respondet,</strong></span> <span class='ocrx_word' id='word_1_368' title='bbox 1567 3547 1642 3629; x_wconf 89' lang='lat' dir='ltr'><strong>quid</strong></span> <span class='ocrx_word' id='word_1_369' title='bbox 1660 3543 1809 3628; x_wconf 69' lang='lat' dir='ltr'><strong>ampliori</strong></span> 
     </span>
    </p>

    <p class='ocr_par' dir='ltr' id='par_1_4' title="bbox 1137 3631 1808 3724">
     <span class='ocr_line' id='line_1_35' title="bbox 1137 3631 1808 3724; baseline -0.024 -20"><span class='ocrx_word' id='word_1_370' title='bbox 1137 3641 1330 3724; x_wconf 76' lang='lat' dir='ltr'><strong>principalius</strong></span> <span class='ocrx_word' id='word_1_371' title='bbox 1351 3641 1459 3718; x_wconf 81' lang='lat' dir='ltr'><strong>exiget</strong></span> <span class='ocrx_word' id='word_1_372' title='bbox 1496 3636 1566 3695; x_wconf 77' lang='lat' dir='ltr'><strong>Non</strong></span> <span class='ocrx_word' id='word_1_373' title='bbox 1590 3636 1671 3696; x_wconf 90' lang='lat' dir='ltr'><strong>enim</strong></span> <span class='ocrx_word' id='word_1_374' title='bbox 1694 3633 1760 3694; x_wconf 77' lang='lat' dir='ltr'><strong>sotis</strong></span> <span class='ocrx_word' id='word_1_375' title='bbox 1776 3631 1808 3688; x_wconf 70' lang='lat' dir='ltr'><strong>ed</strong></span> 
     </span>
    </p>

    <p class='ocr_par' dir='ltr' id='par_1_5' title="bbox 390 3712 1812 4765">
     <span class='ocr_line' id='line_1_36' title="bbox 433 3712 1808 3807; baseline -0.009 -20"><span class='ocrx_word' id='word_1_376' title='bbox 433 3729 485 3788; x_wconf 74' lang='lat'><strong>26.</strong></span> <span class='ocrx_word' id='word_1_377' title='bbox 507 3729 627 3805; x_wconf 76' lang='lat' dir='ltr'><strong>Siquis</strong></span> <span class='ocrx_word' id='word_1_378' title='bbox 649 3736 755 3789; x_wconf 82' lang='lat' dir='ltr'><strong>nutem</strong></span> <span class='ocrx_word' id='word_1_379' title='bbox 768 3736 881 3805; x_wconf 81' lang='lat' dir='ltr'><strong>putot,</strong></span> <span class='ocrx_word' id='word_1_380' title='bbox 908 3747 939 3788; x_wconf 82' lang='lat' dir='ltr'><strong>so</strong></span> <span class='ocrx_word' id='word_1_381' title='bbox 958 3729 1088 3802; x_wconf 74' lang='lat' dir='ltr'><strong>resipio·</strong></span> <span class='ocrx_word' id='word_1_382' title='bbox 1137 3731 1176 3792; x_wconf 84' lang='lat' dir='ltr'><strong>od</strong></span> <span class='ocrx_word' id='word_1_383' title='bbox 1192 3729 1385 3807; x_wconf 85' lang='lat' dir='ltr'><strong>religionem,</strong></span> <span class='ocrx_word' id='word_1_384' title='bbox 1409 3726 1543 3806; x_wconf 87' lang='lat' dir='ltr'><strong>proximo</strong></span> <span class='ocrx_word' id='word_1_385' title='bbox 1559 3721 1648 3783; x_wconf 80' lang='lat' dir='ltr'><strong>ieotis</strong></span> <span class='ocrx_word' id='word_1_386' title='bbox 1665 3729 1718 3782; x_wconf 76' lang='lat' dir='ltr'><strong>ret</strong></span> <span class='ocrx_word' id='word_1_387' title='bbox 1730 3712 1808 3778; x_wconf 71' lang='lat' dir='ltr'><strong>resib</strong></span> 
     </span>
     <span class='ocr_line' id='line_1_37' title="bbox 390 3804 1808 3900; baseline -0.004 -26"><span class='ocrx_word' id='word_1_388' title='bbox 390 3831 457 3874; x_wconf 79' lang='lat' dir='ltr'><strong>sum</strong></span> <span class='ocrx_word' id='word_1_389' title='bbox 474 3833 545 3875; x_wconf 80' lang='lat' dir='ltr'><strong>osse.</strong></span> <span class='ocrx_word' id='word_1_390' title='bbox 576 3815 662 3875; x_wconf 78' lang='lat' dir='ltr'><strong>Haeo</strong></span> <span class='ocrx_word' id='word_1_391' title='bbox 678 3834 747 3894; x_wconf 85' lang='lat' dir='ltr'><strong>pore</strong></span> <span class='ocrx_word' id='word_1_392' title='bbox 764 3814 835 3875; x_wconf 83' lang='lat' dir='ltr'><strong>isoit</strong></span> <span class='ocrx_word' id='word_1_393' title='bbox 850 3815 889 3875; x_wconf 82' lang='lat' dir='ltr'><strong>ed</strong></span> <span class='ocrx_word' id='word_1_394' title='bbox 906 3815 1084 3875; x_wconf 81' lang='lat' dir='ltr'><strong>deelsrstio-</strong></span> <span class='ocrx_word' id='word_1_395' title='bbox 1137 3837 1196 3877; x_wconf 88' lang='lat' dir='ltr'><strong>non</strong></span> <span class='ocrx_word' id='word_1_396' title='bbox 1210 3834 1334 3889; x_wconf 73' lang='lat' dir='ltr'><strong>nocere,</strong></span> <span class='ocrx_word' id='word_1_397' title='bbox 1358 3815 1415 3873; x_wconf 86' lang='lat' dir='ltr'><strong>nisi</strong></span> <span class='ocrx_word' id='word_1_398' title='bbox 1437 3809 1561 3871; x_wconf 73' lang='lat' dir='ltr'><strong>studeas</strong></span> <span class='ocrx_word' id='word_1_399' title='bbox 1577 3809 1668 3871; x_wconf 74' lang='lat' dir='ltr'><strong>etiem</strong></span> <span class='ocrx_word' id='word_1_400' title='bbox 1683 3804 1808 3900; x_wconf 42' lang='lat' dir='ltr'><strong>prodet*</strong></span> 
     </span>
     <span class='ocr_line' id='line_1_38' title="bbox 390 3895 1809 3982; baseline -0.006 -20"><span class='ocrx_word' id='word_1_401' title='bbox 390 3921 458 3962; x_wconf 83' lang='lat' dir='ltr'><strong>nem</strong></span> <span class='ocrx_word' id='word_1_402' title='bbox 482 3904 650 3981; x_wconf 85' lang='lat' dir='ltr'><strong>proeoepti:</strong></span> <span class='ocrx_word' id='word_1_403' title='bbox 678 3903 790 3963; x_wconf 79' lang='lat' dir='ltr'><strong>turdus</strong></span> <span class='ocrx_word' id='word_1_404' title='bbox 815 3902 858 3962; x_wconf 88' lang='lat' dir='ltr'><strong>od</strong></span> <span class='ocrx_word' id='word_1_405' title='bbox 884 3902 1087 3978; x_wconf 75' lang='lat' dir='ltr'><strong>loquendum.</strong></span> <span class='ocrx_word' id='word_1_406' title='bbox 1137 3905 1267 3982; x_wconf 90' lang='lat' dir='ltr'><strong>denique</strong></span> <span class='ocrx_word' id='word_1_407' title='bbox 1293 3910 1323 3962; x_wconf 88' lang='lat' dir='ltr'><strong>et</strong></span> <span class='ocrx_word' id='word_1_408' title='bbox 1352 3910 1383 3959; x_wconf 88' lang='lat' dir='ltr'><strong>te</strong></span> <span class='ocrx_word' id='word_1_409' title='bbox 1409 3900 1508 3979; x_wconf 87' lang='lat' dir='ltr'><strong>ipsum</strong></span> <span class='ocrx_word' id='word_1_410' title='bbox 1534 3896 1573 3956; x_wconf 83' lang='lat' dir='ltr'><strong>eb</strong></span> <span class='ocrx_word' id='word_1_411' title='bbox 1600 3895 1809 3976; x_wconf 65' lang='lat' dir='ltr'><strong>inquinem</strong></span> 
     </span>
     <span class='ocr_line' id='line_1_39' title="bbox 390 3981 1808 4070; baseline -0.006 -21"><span class='ocrx_word' id='word_1_412' title='bbox 390 3987 509 4049; x_wconf 78' lang='lat' dir='ltr'><strong>Gneos</strong></span> <span class='ocrx_word' id='word_1_413' title='bbox 524 3988 656 4050; x_wconf 83' lang='lat' dir='ltr'><strong>sddunt:</strong></span> <span class='ocrx_word' id='word_1_414' title='bbox 673 3981 704 4047; x_wconf 76' lang='grc' dir='ltr'><strong>ἐν</strong></span> <span class='ocrx_word' id='word_1_415' title='bbox 721 3984 811 4067; x_wconf 81' lang='grc' dir='ltr'><strong>ὑμῖν,</strong></span> <span class='ocrx_word' id='word_1_416' title='bbox 828 3994 864 4052; x_wconf 81' lang='lat' dir='ltr'><strong><em>io</em></strong></span> <span class='ocrx_word' id='word_1_417' title='bbox 880 3990 978 4065; x_wconf 80' lang='lat' dir='ltr'><strong>vobis,</strong></span> <span class='ocrx_word' id='word_1_418' title='bbox 997 3988 1029 4049; x_wconf 91' lang='lat' dir='ltr'><strong>id</strong></span> <span class='ocrx_word' id='word_1_419' title='bbox 1044 3999 1088 4050; x_wconf 89' lang='lat' dir='ltr'><strong>est</strong></span> <span class='ocrx_word' id='word_1_420' title='bbox 1136 4010 1242 4070; x_wconf 89' lang='lat' dir='ltr'><strong>purum</strong></span> <span class='ocrx_word' id='word_1_421' title='bbox 1258 4006 1426 4048; x_wconf 82' lang='lat' dir='ltr'><strong>conserves.</strong></span> <span class='ocrx_word' id='word_1_422' title='bbox 1460 3983 1618 4046; x_wconf 79' lang='lat' dir='ltr'><strong>Mundum</strong></span> <span class='ocrx_word' id='word_1_423' title='bbox 1635 3990 1665 4043; x_wconf 82' lang='lat' dir='ltr'><strong>ei</strong></span> <span class='ocrx_word' id='word_1_424' title='bbox 1679 3985 1808 4043; x_wconf 66' lang='lat' dir='ltr'><strong>immoe-</strong></span> 
     </span>
     <span class='ocr_line' id='line_1_40' title="bbox 390 4057 1808 4156; baseline -0.004 -22"><span class='ocrx_word' id='word_1_425' title='bbox 390 4077 475 4135; x_wconf 79' lang='lat' dir='ltr'><strong>iutor</strong></span> <span class='ocrx_word' id='word_1_426' title='bbox 490 4094 553 4136; x_wconf 88' lang='lat' dir='ltr'><strong>oos.</strong></span> <span class='ocrx_word' id='word_1_427' title='bbox 576 4074 637 4136; x_wconf 86' lang='lat' dir='ltr'><strong>Sed</strong></span> <span class='ocrx_word' id='word_1_428' title='bbox 652 4077 683 4136; x_wconf 93' lang='lat' dir='ltr'><strong>in</strong></span> <span class='ocrx_word' id='word_1_429' title='bbox 695 4075 823 4156; x_wconf 83' lang='lat' dir='ltr'><strong>Syriuoo</strong></span> <span class='ocrx_word' id='word_1_430' title='bbox 837 4085 922 4138; x_wconf 87' lang='lat' dir='ltr'><strong>textu</strong></span> <span class='ocrx_word' id='word_1_431' title='bbox 938 4096 999 4135; x_wconf 90' lang='lat' dir='ltr'><strong>nen</strong></span> <span class='ocrx_word' id='word_1_432' title='bbox 1013 4076 1086 4156; x_wconf 87' lang='lat' dir='ltr'><strong>legl-</strong></span> <span class='ocrx_word' id='word_1_433' title='bbox 1137 4078 1237 4136; x_wconf 87' lang='lat' dir='ltr'><strong>lotum</strong></span> <span class='ocrx_word' id='word_1_434' title='bbox 1261 4081 1350 4134; x_wconf 79' lang='lat' dir='ltr'><strong>voest</strong></span> <span class='ocrx_word' id='word_1_435' title='bbox 1370 4073 1574 4148; x_wconf 74' lang='lat' dir='ltr'><strong>rsiioiomm,</strong></span> <span class='ocrx_word' id='word_1_436' title='bbox 1601 4089 1682 4151; x_wconf 76' lang='lat' dir='ltr'><strong>quse</strong></span> <span class='ocrx_word' id='word_1_437' title='bbox 1704 4087 1758 4130; x_wconf 82' lang='lat' dir='ltr'><strong>non</strong></span> <span class='ocrx_word' id='word_1_438' title='bbox 1772 4057 1808 4122; x_wconf 51' lang='grc' dir='ltr'><strong>οὗ</strong></span> 
     </span>
     <span class='ocr_line' id='line_1_41' title="bbox 390 4141 1809 4242; baseline -0.003 -22"><span class='ocrx_word' id='word_1_439' title='bbox 390 4171 454 4234; x_wconf 88' lang='lat' dir='ltr'><strong>tur,</strong></span> <span class='ocrx_word' id='word_1_440' title='bbox 477 4170 511 4221; x_wconf 90' lang='lat' dir='ltr'><strong>ut</strong></span> <span class='ocrx_word' id='word_1_441' title='bbox 524 4162 629 4223; x_wconf 89' lang='lat' dir='ltr'><strong>merito</strong></span> <span class='ocrx_word' id='word_1_442' title='bbox 652 4161 748 4225; x_wconf 85' lang='lat' dir='ltr'><strong>videri</strong></span> <span class='ocrx_word' id='word_1_443' title='bbox 773 4164 868 4240; x_wconf 88' lang='lat' dir='ltr'><strong>possit</strong></span> <span class='ocrx_word' id='word_1_444' title='bbox 882 4162 1086 4242; x_wconf 68' lang='lat' dir='ltr'><strong>adjectitium</strong></span> <span class='ocrx_word' id='word_1_445' title='bbox 1136 4164 1272 4223; x_wconf 82' lang='lat' dir='ltr'><strong>fuscetur</strong></span> <span class='ocrx_word' id='word_1_446' title='bbox 1294 4160 1428 4240; x_wconf 81' lang='lat' dir='ltr'><strong>peccetis</strong></span> <span class='ocrx_word' id='word_1_447' title='bbox 1443 4158 1524 4235; x_wconf 90' lang='lat' dir='ltr'><strong>ejus,</strong></span> <span class='ocrx_word' id='word_1_448' title='bbox 1550 4157 1582 4218; x_wconf 90' lang='lat' dir='ltr'><strong>in</strong></span> <span class='ocrx_word' id='word_1_449' title='bbox 1604 4175 1667 4235; x_wconf 89' lang='lat' dir='ltr'><strong>quo</strong></span> <span class='ocrx_word' id='word_1_450' title='bbox 1689 4163 1748 4227; x_wconf 64' lang='grc' dir='ltr'><strong>σείς</strong></span> <span class='ocrx_word' id='word_1_451' title='bbox 1768 4141 1809 4216; x_wconf 55' lang='grc' dir='ltr'><strong>’ἢ</strong></span> 
     </span>
     <span class='ocr_line' id='line_1_42' title="bbox 391 4239 1809 4331; baseline -0.004 -24"><span class='ocrx_word' id='word_1_452' title='bbox 391 4249 511 4308; x_wconf 59' lang='lat' dir='ltr'><strong>amomi</strong></span> <span class='ocrx_word' id='word_1_453' title='bbox 532 4251 631 4309; x_wconf 81' lang='lat' dir='ltr'><strong>sensui</strong></span> <span class='ocrx_word' id='word_1_454' title='bbox 653 4270 712 4311; x_wconf 89' lang='lat' dir='ltr'><strong>non</strong></span> <span class='ocrx_word' id='word_1_455' title='bbox 736 4250 832 4311; x_wconf 82' lang='lat' dir='ltr'><strong>offioit</strong></span> <span class='ocrx_word' id='word_1_456' title='bbox 869 4249 969 4309; x_wconf 88' lang='lat' dir='ltr'><strong>Vertit</strong></span> <span class='ocrx_word' id='word_1_457' title='bbox 986 4257 1085 4310; x_wconf 75' lang='lat' dir='ltr'><strong>sutem</strong></span> <span class='ocrx_word' id='word_1_458' title='bbox 1136 4249 1216 4331; x_wconf 90' lang='lat' dir='ltr'><strong>quod</strong></span> <span class='ocrx_word' id='word_1_459' title='bbox 1233 4247 1340 4307; x_wconf 89' lang='lat' dir='ltr'><strong>eodem</strong></span> <span class='ocrx_word' id='word_1_460' title='bbox 1363 4244 1483 4315; x_wconf 88' lang='lat' dir='ltr'><strong>reoidit,</strong></span> <span class='ocrx_word' id='word_1_461' title='bbox 1507 4261 1587 4323; x_wconf 78' lang='lat' dir='ltr'><strong>quse</strong></span> <span class='ocrx_word' id='word_1_462' title='bbox 1608 4261 1628 4302; x_wconf 76' lang='lat' dir='ltr'><strong>e</strong></span> <span class='ocrx_word' id='word_1_463' title='bbox 1650 4239 1738 4303; x_wconf 85' lang='lat' dir='ltr'><strong>eorde</strong></span> <span class='ocrx_word' id='word_1_464' title='bbox 1753 4247 1809 4318; x_wconf 63' lang='lat' dir='ltr'><strong>pss</strong></span> 
     </span>
     <span class='ocr_line' id='line_1_43' title="bbox 390 4326 1807 4411; baseline -0.005 -16"><span class='ocrx_word' id='word_1_465' title='bbox 390 4334 536 4395; x_wconf 74' lang='lat' dir='ltr'><strong>Erasmus</strong></span> <span class='ocrx_word' id='word_1_466' title='bbox 551 4355 589 4397; x_wconf 88' lang='lat' dir='ltr'><strong>ex</strong></span> <span class='ocrx_word' id='word_1_467' title='bbox 605 4334 739 4410; x_wconf 74' lang='lat' dir='ltr'><strong>Graeco,</strong></span> <span class='ocrx_word' id='word_1_468' title='bbox 766 4337 889 4398; x_wconf 75' lang='lat' dir='ltr'><strong>verbum</strong></span> <span class='ocrx_word' id='word_1_469' title='bbox 914 4336 1003 4397; x_wconf 88' lang='lat' dir='ltr'><strong>verbo</strong></span> <span class='ocrx_word' id='word_1_470' title='bbox 1019 4334 1084 4398; x_wconf 88' lang='lat' dir='ltr'><strong>red·</strong></span> <span class='ocrx_word' id='word_1_471' title='bbox 1137 4345 1167 4398; x_wconf 92' lang='lat' dir='ltr'><strong>et</strong></span> <span class='ocrx_word' id='word_1_472' title='bbox 1181 4333 1373 4396; x_wconf 76' lang='lat' dir='ltr'><strong>immaculato</strong></span> <span class='ocrx_word' id='word_1_473' title='bbox 1385 4330 1590 4411; x_wconf 80' lang='lat' dir='ltr'><strong>proficiscitur.</strong></span> <span class='ocrx_word' id='word_1_474' title='bbox 1616 4328 1712 4405; x_wconf 76' lang='lat' dir='ltr'><strong>Apes</strong></span> <span class='ocrx_word' id='word_1_475' title='bbox 1727 4326 1807 4388; x_wconf 57' lang='lat' dir='ltr'><strong>De!</strong></span> 
     </span>
     <span class='ocr_line' id='line_1_44' title="bbox 391 4407 1811 4500; baseline -0.006 -18"><span class='ocrx_word' id='word_1_476' title='bbox 391 4421 481 4483; x_wconf 84' lang='lat' dir='ltr'><strong>deus:</strong></span> <span class='ocrx_word' id='word_1_477' title='bbox 510 4424 545 4484; x_wconf 77' lang='lat' dir='ltr'><strong><em>Si</em></strong></span> <span class='ocrx_word' id='word_1_478' title='bbox 573 4426 644 4500; x_wconf 81' lang='lat' dir='ltr'><strong>quis</strong></span> <span class='ocrx_word' id='word_1_479' title='bbox 674 4425 799 4485; x_wconf 77' lang='lat' dir='ltr'><strong>uidetur</strong></span> <span class='ocrx_word' id='word_1_480' title='bbox 824 4425 988 4500; x_wconf 71' lang='lat' dir='ltr'><strong>religiosus</strong></span> <span class='ocrx_word' id='word_1_481' title='bbox 1015 4440 1084 4484; x_wconf 80' lang='lat' dir='ltr'><strong>esse.</strong></span> <span class='ocrx_word' id='word_1_482' title='bbox 1136 4432 1165 4484; x_wconf 84' lang='lat' dir='ltr'><strong>et</strong></span> <span class='ocrx_word' id='word_1_483' title='bbox 1179 4426 1327 4494; x_wconf 79' lang='lat' dir='ltr'><strong>Patrem,</strong></span> <span class='ocrx_word' id='word_1_484' title='bbox 1343 4419 1375 4480; x_wconf 90' lang='lat' dir='ltr'><strong>id</strong></span> <span class='ocrx_word' id='word_1_485' title='bbox 1390 4427 1437 4480; x_wconf 91' lang='lat' dir='ltr'><strong>est</strong></span> <span class='ocrx_word' id='word_1_486' title='bbox 1452 4414 1535 4497; x_wconf 72' lang='lat' dir='ltr'><strong>opud</strong></span> <span class='ocrx_word' id='word_1_487' title='bbox 1550 4416 1669 4489; x_wconf 88' lang='lat' dir='ltr'><strong>Deum,</strong></span> <span class='ocrx_word' id='word_1_488' title='bbox 1689 4407 1811 4496; x_wconf 67' lang='lat' dir='ltr'><strong>quiti-</strong></span> 
     </span>
     <span class='ocr_line' id='line_1_45' title="bbox 391 4491 1812 4591; baseline -0.006 -23"><span class='ocrx_word' id='word_1_489' title='bbox 391 4509 486 4588; x_wconf 83' lang='lat' dir='ltr'><strong>Atqui</strong></span> <span class='ocrx_word' id='word_1_490' title='bbox 502 4517 605 4570; x_wconf 85' lang='lat' dir='ltr'><strong>noster</strong></span> <span class='ocrx_word' id='word_1_491' title='bbox 619 4511 767 4591; x_wconf 87' lang='lat' dir='ltr'><strong>interpres</strong></span> <span class='ocrx_word' id='word_1_492' title='bbox 783 4513 842 4573; x_wconf 84' lang='lat' dir='ltr'><strong>vim</strong></span> <span class='ocrx_word' id='word_1_493' title='bbox 855 4510 991 4572; x_wconf 81' lang='lat' dir='ltr'><strong>Greeose</strong></span> <span class='ocrx_word' id='word_1_494' title='bbox 1005 4509 1086 4570; x_wconf 86' lang='lat' dir='ltr'><strong>loeu-</strong></span> <span class='ocrx_word' id='word_1_495' title='bbox 1136 4521 1180 4571; x_wconf 90' lang='lat' dir='ltr'><strong>est</strong></span> <span class='ocrx_word' id='word_1_496' title='bbox 1195 4510 1285 4570; x_wconf 80' lang='lat' dir='ltr'><strong>Peter</strong></span> <span class='ocrx_word' id='word_1_497' title='bbox 1300 4514 1409 4568; x_wconf 88' lang='lat' dir='ltr'><strong>noster.</strong></span> <span class='ocrx_word' id='word_1_498' title='bbox 1433 4505 1548 4565; x_wconf 86' lang='lat' dir='ltr'><strong>Sensus</strong></span> <span class='ocrx_word' id='word_1_499' title='bbox 1571 4513 1675 4564; x_wconf 77' lang='lat' dir='ltr'><strong>etitem</strong></span> <span class='ocrx_word' id='word_1_500' title='bbox 1695 4509 1746 4574; x_wconf 77' lang='lat' dir='ltr'><strong>esi,</strong></span> <span class='ocrx_word' id='word_1_501' title='bbox 1760 4491 1812 4560; x_wconf 68' lang='lat' dir='ltr'><strong>ni·</strong></span> 
     </span>
     <span class='ocr_line' id='line_1_46' title="bbox 391 4581 1810 4677; baseline -0.006 -22"><span class='ocrx_word' id='word_1_502' title='bbox 391 4596 481 4658; x_wconf 89' lang='lat' dir='ltr'><strong>tionis</strong></span> <span class='ocrx_word' id='word_1_503' title='bbox 502 4596 608 4658; x_wconf 87' lang='lat' dir='ltr'><strong>melius</strong></span> <span class='ocrx_word' id='word_1_504' title='bbox 630 4607 786 4659; x_wconf 84' lang='lat' dir='ltr'><strong>essecutus</strong></span> <span class='ocrx_word' id='word_1_505' title='bbox 811 4607 871 4669; x_wconf 87' lang='lat' dir='ltr'><strong>est,</strong></span> <span class='ocrx_word' id='word_1_506' title='bbox 896 4597 966 4658; x_wconf 87' lang='lat' dir='ltr'><strong>dum</strong></span> <span class='ocrx_word' id='word_1_507' title='bbox 987 4598 1086 4671; x_wconf 80' lang='lat' dir='ltr'><strong>vertit,</strong></span> <span class='ocrx_word' id='word_1_508' title='bbox 1135 4600 1254 4677; x_wconf 86' lang='lat' dir='ltr'><strong>gionem</strong></span> <span class='ocrx_word' id='word_1_509' title='bbox 1271 4581 1810 4674; x_wconf 69' lang='lat' dir='ltr'><strong>pursmsossmoso,vslqm1ts</strong></span> 
     </span>
     <span class='ocr_line' id='line_1_47' title="bbox 392 4679 1503 4765; baseline -0.007 -22"><span class='ocrx_word' id='word_1_510' title='bbox 392 4680 494 4743; x_wconf 76' lang='lat' dir='ltr'><strong>addito</strong></span> <span class='ocrx_word' id='word_1_511' title='bbox 509 4685 663 4765; x_wconf 87' lang='lat' dir='ltr'><strong>reoiprooo</strong></span> <span class='ocrx_word' id='word_1_512' title='bbox 686 4687 821 4746; x_wconf 83' lang='lat' dir='ltr'><strong>nomine:</strong></span> <span class='ocrx_word' id='word_1_513' title='bbox 844 4687 879 4747; x_wconf 81' lang='lat' dir='ltr'><strong>Si</strong></span> <span class='ocrx_word' id='word_1_514' title='bbox 902 4687 971 4762; x_wconf 79' lang='lat' dir='ltr'><strong>quis</strong></span> <span class='ocrx_word' id='word_1_515' title='bbox 980 4690 1087 4761; x_wconf 78' lang='lat' dir='ltr'><strong>putot,</strong></span> <span class='ocrx_word' id='word_1_516' title='bbox 1135 4683 1311 4755; x_wconf 86' lang='lat' dir='ltr'><strong>exhibetur,</strong></span> <span class='ocrx_word' id='word_1_517' title='bbox 1326 4679 1404 4740; x_wconf 81' lang='lat' dir='ltr'><strong>buno</strong></span> <span class='ocrx_word' id='word_1_518' title='bbox 1419 4696 1503 4739; x_wconf 88' lang='lat' dir='ltr'><strong>esee:</strong></span> 
     </span>
    </p>
   </div>
   <div class='ocr_carea' id='block_1_3' title="bbox 390 4751 1833 5117">
    <p class='ocr_par' dir='ltr' id='par_1_6' title="bbox 390 4751 1833 5117">
     <span class='ocr_line' id='line_1_48' title="bbox 390 4751 1833 4853; baseline -0.005 -24"><span class='ocrx_word' id='word_1_519' title='bbox 390 4788 421 4829; x_wconf 77' lang='lat' dir='ltr'><strong>ss</strong></span> <span class='ocrx_word' id='word_1_520' title='bbox 435 4770 617 4845; x_wconf 67' lang='lat' dir='ltr'><strong>religionum</strong></span> <span class='ocrx_word' id='word_1_521' title='bbox 633 4791 706 4834; x_wconf 82' lang='lat' dir='ltr'><strong>esse.</strong></span> <span class='ocrx_word' id='word_1_522' title='bbox 728 4772 824 4843; x_wconf 91' lang='lat' dir='ltr'><strong>Vide,</strong></span> <span class='ocrx_word' id='word_1_523' title='bbox 838 4791 918 4853; x_wconf 87' lang='lat' dir='ltr'><strong>queo</strong></span> <span class='ocrx_word' id='word_1_524' title='bbox 932 4772 1086 4831; x_wconf 81' lang='lat' dir='ltr'><strong>ennoteri·</strong></span> <span class='ocrx_word' id='word_1_525' title='bbox 1185 4771 1319 4830; x_wconf 80' lang='lat' dir='ltr'><strong>Vititore</strong></span> <span class='ocrx_word' id='word_1_526' title='bbox 1332 4766 1475 4842; x_wconf 78' lang='lat' dir='ltr'><strong>pupillos</strong></span> <span class='ocrx_word' id='word_1_527' title='bbox 1498 4771 1528 4824; x_wconf 82' lang='lat' dir='ltr'><strong>et</strong></span> <span class='ocrx_word' id='word_1_528' title='bbox 1552 4763 1667 4825; x_wconf 78' lang='lat' dir='ltr'><strong>viduos</strong></span> <span class='ocrx_word' id='word_1_529' title='bbox 1682 4767 1717 4824; x_wconf 83' lang='lat' dir='ltr'><strong>iss</strong></span> <span class='ocrx_word' id='word_1_530' title='bbox 1731 4751 1812 4822; x_wconf 63' lang='lat' dir='ltr'><strong>idi*-</strong></span> <span class='ocrx_word' id='word_1_531' title='bbox 1830 4791 1833 4846; x_wconf 44' lang='grc' dir='ltr'><em>Ξ</em></span> 
     </span>
     <span class='ocr_line' id='line_1_49' title="bbox 392 4851 1833 4923; baseline -0.005 -7"><span class='ocrx_word' id='word_1_532' title='bbox 392 4875 460 4917; x_wconf 81' lang='lat' dir='ltr'><strong>mus</strong></span> <span class='ocrx_word' id='word_1_533' title='bbox 481 4856 521 4917; x_wconf 81' lang='lat' dir='ltr'><strong>ed</strong></span> <span class='ocrx_word' id='word_1_534' title='bbox 543 4857 625 4919; x_wconf 79' lang='lat' dir='ltr'><strong>illem</strong></span> <span class='ocrx_word' id='word_1_535' title='bbox 647 4861 826 4921; x_wconf 71' lang='lat' dir='ltr'><strong>sententiam</strong></span> <span class='ocrx_word' id='word_1_536' title='bbox 852 4856 954 4918; x_wconf 69' lang='lat'>1001.</span> <span class='ocrx_word' id='word_1_537' title='bbox 977 4861 1022 4920; x_wconf 85' lang='lat'><strong>8.:</strong></span> <span class='ocrx_word' id='word_1_538' title='bbox 1053 4858 1088 4919; x_wconf 81' lang='lat' dir='ltr'><strong>Si</strong></span> <span class='ocrx_word' id='word_1_539' title='bbox 1135 4859 1255 4918; x_wconf 81' lang='lat' dir='ltr'><strong>lotione</strong></span> <span class='ocrx_word' id='word_1_540' title='bbox 1271 4873 1389 4916; x_wconf 78' lang='lat' dir='ltr'><strong>eorum.</strong></span> <span class='ocrx_word' id='word_1_541' title='bbox 1419 4852 1622 4912; x_wconf 75' lang='lat' dir='ltr'><strong>visitationis</strong></span> <span class='ocrx_word' id='word_1_542' title='bbox 1630 4851 1810 4923; x_wconf 65' lang='lat' dir='ltr'><strong>nominem</strong></span> <span class='ocrx_word' id='word_1_543' title='bbox 1832 4911 1833 4918; x_wconf 40' lang='lat'><strong>,</strong></span> 
     </span>
     <span class='ocr_line' id='line_1_50' title="bbox 392 4933 1833 5023; baseline -0.003 -19"><span class='ocrx_word' id='word_1_544' title='bbox 392 4946 462 5021; x_wconf 78' lang='lat' dir='ltr'><strong>quis</strong></span> <span class='ocrx_word' id='word_1_545' title='bbox 483 4951 588 5006; x_wconf 77' lang='lat' dir='ltr'><strong>autem</strong></span> <span class='ocrx_word' id='word_1_546' title='bbox 610 4963 642 5006; x_wconf 76' lang='lat' dir='ltr'><strong>se</strong></span> <span class='ocrx_word' id='word_1_547' title='bbox 668 4949 824 5009; x_wconf 56' lang='lat' dir='ltr'><strong>insumat</strong></span> <span class='ocrx_word' id='word_1_548' title='bbox 849 4946 927 5006; x_wconf 81' lang='lat' dir='ltr'><strong>seire</strong></span> <span class='ocrx_word' id='word_1_549' title='bbox 952 4943 1086 5023; x_wconf 75' lang='lat' dir='ltr'><strong>aliquid.</strong></span> <span class='ocrx_word' id='word_1_550' title='bbox 1136 4943 1294 5005; x_wconf 84' lang='lat' dir='ltr'><strong>eedoohioe</strong></span> <span class='ocrx_word' id='word_1_551' title='bbox 1311 4938 1469 5000; x_wconf 75' lang='lat' dir='ltr'><strong>subventio</strong></span> <span class='ocrx_word' id='word_1_552' title='bbox 1489 4937 1688 5015; x_wconf 76' lang='lat' dir='ltr'><strong>significetur,</strong></span> <span class='ocrx_word' id='word_1_553' title='bbox 1711 4933 1833 5010; x_wconf 58' lang='lat' dir='ltr'><strong>hoedi,</strong></span> 
     </span>
     <span class='ocr_line' id='line_1_51' title="bbox 393 5013 1833 5117; baseline -0.008 -23"><span class='ocrx_word' id='word_1_554' title='bbox 393 5029 521 5094; x_wconf 80' lang='lat' dir='ltr'><strong>Sensus:</strong></span> <span class='ocrx_word' id='word_1_555' title='bbox 548 5032 581 5095; x_wconf 82' lang='lat' dir='ltr'><strong>si</strong></span> <span class='ocrx_word' id='word_1_556' title='bbox 608 5037 677 5117; x_wconf 82' lang='lat' dir='ltr'><strong>quie</strong></span> <span class='ocrx_word' id='word_1_557' title='bbox 699 5033 756 5096; x_wconf 87' lang='lat' dir='ltr'><strong>sibi</strong></span> <span class='ocrx_word' id='word_1_558' title='bbox 779 5031 899 5096; x_wconf 88' lang='lat' dir='ltr'><strong>ridetur</strong></span> <span class='ocrx_word' id='word_1_559' title='bbox 924 5030 1088 5115; x_wconf 78' lang='lat' dir='ltr'><strong>religiosor</strong></span> <span class='ocrx_word' id='word_1_560' title='bbox 1134 5032 1325 5113; x_wconf 76' lang='lat' dir='ltr'><strong>poeoniorum</strong></span> <span class='ocrx_word' id='word_1_561' title='bbox 1340 5045 1377 5089; x_wconf 73' lang='lat' dir='ltr'><strong>eo</strong></span> <span class='ocrx_word' id='word_1_562' title='bbox 1394 5043 1493 5087; x_wconf 84' lang='lat' dir='ltr'><strong>rerum</strong></span> <span class='ocrx_word' id='word_1_563' title='bbox 1509 5025 1747 5090; x_wconf 67' lang='lat' dir='ltr'><strong>nemaeum</strong></span> <span class='ocrx_word' id='word_1_564' title='bbox 1759 5013 1833 5082; x_wconf 59' lang='lat' dir='ltr'><strong>nil*</strong></span> 
     </span>
    </p>
   </div>
   <div class='ocr_carea' id='block_1_4' title="bbox 0 0 2233 5825">
    <p class='ocr_par' dir='ltr' id='par_1_7' title="bbox 0 0 2233 5825">
     <span class='ocr_line' id='line_1_52' title="bbox 0 0 2233 5825; baseline 0 0"><span class='ocrx_word' id='word_1_565' title='bbox 0 0 2233 5825; x_wconf 95' lang='lat' dir='ltr'><strong> </strong></span> 
     </span>
    </p>
   </div>
  </div>
 </body>
</html>
