4442 5825
704 575 866 633 svlsrouts
883 578 901 633 1.
919 574 1007 633 satri
1022 576 1117 633 vtum.
1152 576 1236 632 VERS.
1257 578 1296 630 ii.
1317 576 1357 630 ¹2.
1667 584 1741 653 49⁴7

371 763 391 828 t,
415 755 582 832 pusiones
603 760 634 814 et
652 755 843 832 posteriores
867 755 995 831 plorios.
1048 753 1130 836 apud
1147 773 1213 814 sum
1238 753 1341 815 ordine
1364 754 1485 827 tertius,
1512 773 1603 835 quem
1627 759 1657 813 et
1679 754 1745 833 ipss

371 859 415 903 ιω
437 841 476 902 sd
492 840 631 903 verbum:
656 842 910 920 Praetestitioom
934 861 994 917 eos,
1049 842 1184 922 sequitur
1208 843 1239 900 in
1265 860 1320 901 sua
1346 841 1485 901 versione
1507 849 1538 901 et
1560 840 1745 921 paraphrasi,

371 930 444 991 sisa
468 928 626 991 comum
652 931 833 1005 portiones,
861 937 890 989 et
916 947 997 1007 quae
1049 929 1225 989 retinendus
1248 936 1309 1001 est,
1334 935 1438 1007 utpote
1460 927 1557 989 olarns
1581 936 1612 988 et
1637 946 1691 1007 per
1713 946 1745 987 se

383 1033 436 1075 aar
447 1011 579 1091 (seilicet
590 1011 760 1095 passiones)
772 1016 899 1092 plurios.
923 1015 996 1076 Sen·
1049 1016 1165 1088 obvius,
1181 1023 1211 1074 et
1226 1035 1245 1075 a
1260 1014 1339 1094 Syro
1354 1015 1551 1094 paraphrasto
1567 1030 1744 1095 expressus;

371 1109 473 1163 autem
499 1102 607 1184 plenus
630 1111 692 1176 est,
718 1102 860 1182 Spiritum
884 1101 996 1164 Obristi
1049 1112 1083 1163 ut
1108 1101 1148 1162 ad
1167 1102 1341 1179 proptsms
1364 1121 1400 1161 ea
1422 1102 1570 1180 particula
1597 1101 1746 1161 referatur

371 1187 533 1268 propbetas
547 1195 686 1251 testatum
702 1186 806 1262 inisse,
821 1191 994 1269 prinsquam
1049 1190 1105 1250 boo
1121 1187 1225 1249 modo:
1252 1187 1370 1267 Quibus
1389 1186 1511 1268 quidem
1533 1187 1684 1268 prophetis
1699 1205 1744 1247 rs-

371 1274 487 1348 laront,
510 1274 543 1335 id
558 1284 606 1337 est
620 1274 823 1355 praedixisse,
853 1284 996 1337 ventures
1049 1274 1216 1337 velationes
1231 1273 1270 1334 de
1285 1275 1345 1348 his,
1362 1294 1439 1354 quae
1455 1273 1532 1347 dixi,
1555 1275 1654 1336 laetae
1669 1282 1745 1346 sunt,

371 1359 507 1422 ibristnm
534 1363 690 1441 passiones
712 1364 778 1424 siva
803 1362 996 1438 afflictionem
1049 1383 1110 1423 non
1126 1370 1186 1422 tum
1203 1363 1332 1441 ipsorum
1349 1380 1450 1433 osusa,
1467 1381 1555 1441 quam
1570 1361 1677 1436 vestri,
1693 1361 1745 1441 qui

371 1467 426 1509 uon
437 1448 562 1528 gloriam
575 1448 770 1528 passionibus
782 1468 995 1509 successuram.
1050 1450 1141 1509 oratis
1167 1467 1270 1508 eorum
1297 1447 1390 1510 libros
1419 1448 1532 1509 lecturi.
1570 1449 1640 1509 Non
1666 1448 1745 1507 enim

371 1542 499 1595 tautam
512 1536 633 1611 plurios
651 1535 761 1616 plurali
775 1555 906 1609 numero,
922 1536 996 1614 quie
1049 1535 1171 1595 sibimet
1193 1536 1282 1614 ipsis,
1305 1535 1360 1596 sed
1382 1534 1470 1595 vobis
1492 1536 1745 1606 ministraverunt,

371 1622 394 1682 is
408 1619 539 1695 Christi,
565 1622 733 1703 passionom
747 1635 779 1683 et
793 1641 911 1682 oruoem
927 1643 994 1682 oon·
1050 1623 1266 1682 annuntiantes
1282 1620 1449 1696 solutura,
1468 1641 1549 1702 quae
1564 1641 1644 1683 nuno
1660 1619 1745 1682 vobis

371 1716 414 1780 ta,
441 1709 600 1788 multiplex
626 1718 688 1785 est,
717 1717 751 1769 ιιι
776 1709 873 1788 gloria
898 1725 994 1769 resur·
1050 1709 1230 1769 annuntiata
1252 1717 1322 1768 sunt
1343 1727 1410 1769 esse
1433 1710 1598 1789 oomplota3
1628 1707 1747 1769 seilicet

371 1797 455 1868 onis,
470 1796 664 1869 mensionis,
679 1798 821 1857 sessionis
836 1794 876 1855 sul
892 1795 994 1855 dexte·
1050 1805 1084 1854 ut
1103 1814 1141 1855 ex
1164 1797 1388 1874 comparatione
1410 1803 1441 1855 et
1464 1788 1611 1856 eonsensu
1635 1815 1746 1869 eorum,

374 1880 494 1956 Patris,
519 1881 617 1962 glorie
631 1883 761 1943 nominis
777 1881 918 1953 exaltati,
946 1901 995 1961 po·
1049 1901 1129 1963 quse
1154 1882 1313 1963 praedicta
1337 1890 1407 1942 suut
1431 1902 1450 1942 a
1479 1882 1649 1963 prophetis,
1679 1901 1747 1942 eum

371 1969 413 2029 ,tis
440 1967 632 2047 judiciariae.
670 1969 736 2030 Has
766 1978 866 2031 autem
887 1969 996 2029 Christi
1049 1970 1123 2040 istis,
1139 1987 1219 2048 quae
1233 1987 1287 2028 nos
1302 1970 1390 2030 vobis
1402 1970 1658 2045 annuntiavimus,
1672 1967 1747 2030 fidas

370 2056 454 2117 ionas
477 2065 509 2116 et
532 2055 750 2136 subsequentes
769 2055 880 2136 glorias
895 2076 915 2116 a
928 2075 995 2135 pro·
1051 2065 1153 2116 vestra
1169 2055 1363 2116 confirmetur.
1387 2055 1532 2116 Nonnulli
1549 2058 1638 2118 istum
1652 2057 1745 2136 parti·

371 2142 519 2204 infuisse
550 2142 736 2224 praedictas,
766 2146 831 2224 ipso
857 2140 996 2204 Christus
1049 2142 1163 2203 oolam:
1190 2143 1257 2216 Eo,
1283 2162 1365 2220 quos
1387 2161 1475 2204 nuno
1496 2147 1652 2204 nuntiato
1672 2151 1748 2205 nant

372 2238 425 2291 tm·
440 2229 538 2292 semel
560 2239 592 2291 et
606 2232 727 2304 iterum,
753 2230 826 2291 buo
843 2229 896 2289 nit.
933 2229 995 2290 Ubi
1049 2229 1154 2303 uobis,
1181 2229 1298 2289 isoiunt
1313 2231 1501 2310 suppositum
1521 2230 1621 2292 verbi:
1647 2233 1746 2292 mint·

371 2315 448 2377 udus
465 2318 539 2379 ordo
554 2337 572 2377 a
588 2317 656 2378 Deo
672 2319 862 2389 constitutus,
878 2324 914 2376 ut
927 2335 994 2395 pas-
1048 2316 1212 2393 strabont5
1249 2315 1304 2376 sed
1333 2336 1424 2378 sensu
1455 2319 1553 2378 minus
1583 2317 1745 2378 commodo.

371 2404 865 2485 sspnaoedantgloriasoqustur.
882 2405 996 2465 Nonne
1048 2404 1115 2464 Neo
1131 2422 1195 2464 eam
1218 2405 1469 2463 constructionem
1493 2403 1624 2466 admittit
1638 2425 1745 2485 prono·

372 2536 387 2567 ,
405 2492 523 2571 inquit,
540 2494 682 2568 oportuit
693 2495 767 2567 pati
779 2492 950 2565 Christum,
967 2497 997 2550 et
1048 2510 1119 2552 men
1133 2492 1317 2569 reciprocum
1332 2485 1471 2565 ἑαυτοῖς,
1487 2490 1648 2568 sibiipsis,
1665 2490 1746 2572 quod

371 2584 485 2641 utrave
500 2582 536 2639 ln
551 2579 687 2654 plurium
703 2579 820 2639 suom?
1048 2596 1108 2640 nou
1124 2576 1163 2637 de
1186 2577 1270 2653 eliis,
1297 2596 1388 2657 quem
1411 2576 1449 2637 de
1471 2578 1627 2657 prophetis
1648 2578 1746 2659 arripi

371 2684 426 2727 see
440 2684 516 2726 vero
531 2674 742 2726 commemorat
752 2665 860 2726 beatus
875 2663 995 2737 Petrus,
1048 2673 1154 2746 potest
1177 2664 1238 2725 Sub
1255 2665 1361 2746 quibus
1383 2673 1484 2725 tamen
1500 2673 1530 2725 ot
1544 2667 1653 2726 oseteri
1668 2666 1745 2746 ejus·

371 2751 451 2813 iales
474 2753 575 2813 sciant
597 2751 735 2831 exemplo
751 2751 862 2812 Christi
885 2751 996 2830 ospitis
1048 2749 1117 2812 dsm
1131 2754 1275 2831 temporis
1290 2751 1424 2813 homiues
1445 2751 1659 2832 intelliguntur.

379 2858 416 2899 se
431 2837 473 2897 ed
488 2838 615 2920 gloriam
632 2857 690 2899 non
705 2846 918 2920 perventuros,
933 2838 995 2897 nisi
1092 2838 1185 2899 Porro
1202 2859 1261 2900 non
1283 2841 1376 2898 sentit
1390 2838 1554 2919 Apostolus
1567 2840 1686 2914 Petrus,
1702 2859 1746 2916 ea,

371 2926 544 2989 tffliotionas
560 2936 591 2986 et
607 2946 720 2988 ornnes.
745 2925 890 2987 Continet
905 2926 997 3005 igitur
1048 2945 1126 3008 qnae
1141 2926 1296 3006 praedicto
1307 2935 1377 2986 sunt
1390 2947 1410 2987 a
1423 2927 1594 3007 prophetis,
1612 2929 1690 2990 nihil
1705 2926 1745 2989 ad

380 3031 457 3096 pars
472 3015 593 3074 tacitam
609 3014 840 3074 consolationem
854 3012 995 3085 fidelium,
1049 3015 1132 3093 ipsos
1154 3014 1355 3092 pertinuiss03
1382 3034 1447 3074 oum
1475 3013 1551 3076 idem
1575 3016 1640 3096 ipse
1667 3015 1747 3076 diost

371 3109 488 3179 tropter
502 3100 651 3162 Christum
674 3102 760 3161 varie
776 3099 994 3179 affligebantur.
1047 3101 1188 3161 universe
1202 3099 1241 3160 de
1257 3100 1393 3180 patribus
1408 3102 1476 3162 Aet.
1495 3102 1560 3162 15.:
1591 3103 1655 3162 Per
1667 3121 1745 3180 pra·

371 3208 384 3248 s
415 3184 499 3266 quod
522 3188 605 3267 apud
631 3186 796 3268 Didymum
821 3187 872 3248 lib.
901 3187 928 3245 2.
957 3185 995 3245 de
1049 3190 1127 3247 tiam
1143 3187 1278 3247 Domini
1293 3191 1395 3249 nostri
1412 3193 1492 3251 Jesu
1509 3189 1627 3251 Christi
1641 3190 1745 3251 oredi-

371 3285 406 3334 ιιι
436 3281 560 3345 saneto,
587 3275 730 3336 citantem
753 3272 830 3334 buno
857 3272 995 3353 Apostoli
1048 3292 1119 3335 mus
1147 3274 1284 3348 salvari,
1320 3274 1587 3352 quemadmodum
1618 3283 1648 3336 et
1676 3276 1745 3355 illi,·

371 3383 400 3434 n,
417 3379 458 3421 οι
474 3362 613 3422 versione
627 3360 659 3422 fl.
674 3361 855 3440 Hieronymi
870 3360 994 3439 legitur:
1048 3360 1102 3421 sed
1118 3379 1206 3421 usum
1222 3361 1371 3440 signifieat
1381 3362 1603 3422 revolutionum
1619 3362 1745 3444 propbe

371 3455 439 3524 aa,
469 3467 539 3527 pro:
566 3450 686 3525 pierias
707 3443 763 3525 (sie
785 3447 864 3508 enim
887 3445 994 3506 babet:
1049 3449 1181 3508 tiosrum.
1212 3447 1283 3508 Non
1299 3449 1375 3508 enim
1391 3447 1545 3529 prophetis
1560 3448 1660 3510 iaetus
1675 3457 1746 3511 sunt

371 3554 409 3610 s,
433 3542 603 3612 puospost
618 3541 872 3598 monimentum
886 3533 994 3593 ‹leore-
1048 3542 1172 3615 propter
1194 3535 1293 3614 ipsos,
1320 3534 1428 3615 quibus
1453 3536 1558 3615 utique
1584 3555 1638 3597 sua
1660 3535 1744 3610 fides,

371 3642 438 3684 mon
455 3620 585 3682 arbitror
597 3621 812 3702 recipiendum.
846 3621 995 3701 Quamvis
1047 3630 1100 3681 aut
1116 3620 1256 3695 obseura,
1272 3630 1326 3682 aut
1341 3631 1460 3701 aperta,
1477 3623 1557 3681 siout
1571 3623 1638 3683 aliis
1651 3624 1744 3704 justis

383 3698 467 3773 δόξα
482 3705 608 3769 Graecis
623 3709 714 3769 etiam
729 3709 887 3769 decretum
903 3709 992 3768 inter·
1048 3708 1166 3769 illorum
1190 3718 1356 3788 temporum
1379 3709 1514 3771 sufficere
1529 3718 1664 3789 poterat3
1691 3709 1745 3771 sed

377 3794 551 3875 signifieat,
565 3795 636 3856 buio
654 3802 753 3856 tamen
768 3794 834 3855 loco
852 3813 888 3855 ea
903 3794 993 3874 signi·
1048 3802 1169 3876 propter
1192 3813 1258 3868 eos,
1284 3815 1412 3876 quorum
1435 3805 1568 3876 tempore
1590 3796 1743 3878 implenda

371 3903 394 3943 o
411 3902 475 3943 non
493 3880 631 3963 quadrat
1047 3890 1141 3956 orant,
1157 3902 1235 3962 quse
1250 3882 1294 3942 ilii
1308 3882 1535 3963 praedixerant3
1551 3891 1584 3945 nt
1594 3883 1741 3959 videntes,

371 3980 385 4031 t.
411 3965 731 4049 Quibus1reoelotum
752 3975 813 4044 est,
835 3969 912 4045 quia
926 3985 994 4028 non
1048 3989 1100 4042 ea,
1125 3989 1204 4047 quse
1227 3969 1341 4030 fiebant
1363 3980 1393 4029 et
1415 3969 1497 4031 facte
1519 3971 1742 4044 nuntiabuntur,

371 4063 416 4118 tet
429 4058 526 4134 ipris,
542 4056 631 4118 vobis
645 4062 750 4116 autem
765 4054 996 4115 ministrabant
1048 4056 1118 4116 olim
1133 4075 1153 4115 a
1167 4057 1321 4136 prophetis
1337 4055 1429 4116 iuIsse
1449 4057 1618 4137 praedicta,
1641 4058 1743 4119 oredo-

378 4161 470 4221 quoe
498 4161 587 4205 nuno
616 4143 769 4205 nuntiato
799 4149 874 4203 sunt
899 4141 994 4203 uobis.
1047 4151 1114 4204 rsnt
1130 4144 1162 4202 in
1178 4162 1258 4215 eum,
1280 4143 1392 4222 dequo
1409 4143 1560 4222 praedicta
1576 4155 1676 4222 ornnt3
1692 4152 1745 4206 sut

371 4234 534 4304 bouum,
550 4229 705 4290 Latinius:
729 4229 783 4291 ssd
797 4229 903 4306 uobio3
919 4237 993 4289 tam·
1048 4232 1072 4290 si
1091 4229 1156 4308 jam
1180 4228 1392 4303 prodidissent,
1419 4231 1548 4310 emplius
1575 4234 1606 4291 in
1629 4231 1746 4293 satida

371 4315 501 4397 quidam
527 4315 635 4379 Graeci
664 4315 784 4378 oodioes
809 4318 903 4397 priori
928 4315 994 4375 looo
1047 4316 1264 4377 roborarentur.
1300 4317 1347 4376 Its
1364 4315 1503 4377 Christus
1525 4336 1595 4379 suos
1617 4318 1745 4399 discipu·

371 4395 465 4483 ipit,
481 4402 536 4466 sed
551 4395 628 4482 ἡμῖν
645 4400 764 4483 legunt,
788 4402 819 4462 id
835 4410 880 4463 est
895 4403 993 4464 nobis.
1050 4403 1095 4464 los
1111 4422 1147 4463 ex
1163 4404 1316 4484 prophetis
1330 4403 1370 4464 ud
1384 4403 1471 4464 fidem
1488 4406 1629 4465 instruxit
1643 4405 1746 4466 Lucae

371 4501 401 4553 ta
422 4489 507 4572 apud
526 4489 692 4570 Didymon
707 4490 848 4552 Latinum
875 4487 993 4568 legitur.
1048 4490 1168 4562 ultimo,
1193 4499 1223 4550 et
1238 4489 1281 4550 illi
1305 4498 1459 4567 eaeteros,
1482 4500 1517 4551 ut
1540 4494 1570 4552 in
1586 4491 1671 4552 Antis
1687 4490 1745 4552 ire·

371 4578 475 4641 textui
494 4577 593 4657 magis
614 4578 753 4638 oonvsnit
772 4576 900 4637 eliorum
915 4575 993 4636 rodi·
1047 4584 1183 4657 quanter.

382 4663 494 4738 lartio,
520 4683 601 4745 quae
627 4666 717 4723 etiam
732 4660 906 4723 Osoumenii
929 4680 995 4723 esse
1091 4665 1155 4723 Pes·
1169 4682 1236 4738 sos,
1262 4666 1318 4741 qui
1334 4665 1635 4741 eoanpetizooeront
1649 4665 1745 4726 vobis.

371 4760 433 4826 tux,
459 4760 568 4832 astque
589 4751 721 4812 omnium
739 4749 935 4820 Latinorum,
961 4758 996 4807 ut
1048 4749 1085 4810 Id
1101 4757 1148 4809 est
1161 4770 1216 4831 per
1239 4770 1294 4811 nos
1309 4751 1486 4831 Apostolos,
1514 4752 1629 4813 aliosve
1644 4754 1744 4813 Even-

371 4857 502 4902 tmsnom
514 4844 657 4898 mutatur.
689 4838 832 4898 Erasmus
848 4838 879 4898 in
895 4843 995 4897 annot.
1049 4836 1123 4915 gelii
1149 4839 1308 4898 ministros.
1350 4838 1420 4899 Non
1446 4839 1524 4898 enim
1552 4834 1599 4914 (ut
1623 4837 1746 4919 quidam

371 4923 488 4990 wlamt
514 4924 643 5003 quibus,
670 4925 784 5004 exponi
798 4942 888 5004 posse
907 4922 997 4984 (louet
1051 4921 1256 5003 suspieentur)
1272 4924 1392 4998 indicat,
1408 4945 1511 4986 senon
1527 4924 1623 4986 fuisso
1634 4944 1745 5000 sorum,

371 5009 523 5094 iriixxism,
554 5010 666 5073 Varum
690 5010 777 5072 nobis
791 5029 870 5073 unns
884 5027 996 5085 sensns,
1051 5008 1090 5070 ad
1106 5028 1183 5090 qnos
1205 5011 1325 5085 soribit,
1350 5012 1592 5094 Evangelistam3
1619 5012 1672 5074 sed
1686 5034 1746 5075 non

371 5127 418 5170 ιιι.
435 5126 503 5169 rnen
515 5129 591 5169 ιιι..
603 5128 660 5167 τοι.
677 5126 713 5167 ιιι.
1497 5117 1537 5176 32
