4442 5825
422 590 473 669 40
941 590 1178 650 οοιιιιιιιτιιιιιε
1195 593 1227 652 ιιι
1245 594 1312 649 ιιι.
1330 593 1349 648 ι.
1441 599 1444 605 ·

420 768 617 850 relinquatur.
640 768 744 830 Nihilo
767 769 837 849 plus
858 771 1057 848 apparentiae
1073 779 1118 831 est
1221 771 1320 847 Virpo
1357 772 1527 846 aequitatis
1563 771 1657 845 viros
1686 767 1780 843 rspai
1812 768 1871 827 tui.

420 857 452 916 in
467 874 570 915 eornm
585 857 781 937 expositione,
797 857 848 937 qui
861 854 986 916 verbum
1002 853 1119 920 addunt
1173 856 1296 931 Grssee,
1305 844 1613 932 oirooreetitudiais,
1623 854 1653 915 id
1666 862 1714 914 est
1721 854 1873 936 justitiae.

412 941 460 1026 ‚ds
481 961 544 1015 suo,
567 949 596 1001 et
618 942 696 1003 banc
714 943 829 1003 iaciunt
852 944 1118 1004 constructionem:
1172 944 1222 1004 De
1238 947 1331 1022 uiroc
1346 943 1430 1023 regie
1441 963 1537 1004 sermo
1551 950 1606 1015 est,
1622 960 1703 1023 quae
1718 948 1874 1020 sceptrum

424 1029 589 1090 Tbroaum
609 1035 699 1091 tuum
716 1033 804 1091 Deus
823 1028 967 1106 firmavit
980 1048 1035 1092 seu
1049 1039 1118 1091 sto·
1174 1040 1305 1104 voratur,
1329 1039 1361 1090 et
1384 1031 1484 1110 regiae
1508 1032 1665 1109 potcstatis
1680 1036 1728 1088 est
1743 1028 1875 1106 insigne.

423 1114 526 1176 biiivit
541 1118 577 1174 ta
591 1116 752 1178 saeculum
766 1119 893 1179 soeculi.
916 1117 1024 1196 Neque
1039 1118 1118 1180 enim
1172 1116 1261 1179 Unde
1268 1119 1473 1196 Hieronymus
1481 1116 1572 1177 vertit
1579 1135 1618 1175 ex
1625 1115 1788 1175 Hebraeo:
1801 1114 1876 1174 sre-

422 1201 485 1262 uNo
501 1202 640 1281 exemplo
657 1203 728 1263 talis
743 1203 857 1265 additio
873 1204 994 1284 probari
1009 1214 1118 1284 petest
1171 1213 1282 1283 porum
1309 1205 1479 1281 aequitatis
1504 1210 1662 1279 sceptrum
1692 1204 1786 1278 repar·
1817 1202 1875 1259 tui

422 1365 425 1371 1
465 1288 614 1370 Quartum
636 1306 674 1348 sc
693 1297 873 1370 postremum
897 1291 1042 1370 cfftrgium
1065 1299 1119 1368 est,
1173 1292 1284 1371 Neque
1298 1309 1370 1352 vero
1384 1290 1433 1350 hie
1449 1291 1527 1351 iuter
1543 1291 1727 1370 aequitatem
1743 1296 1774 1347 et
1786 1287 1875 1366 justi-

422 1395 484 1457 que
508 1374 612 1436 dieunt
632 1374 775 1437 Messium
798 1378 842 1438 sic
863 1377 1021 1457 appellari,
1044 1398 1118 1458 quo·
1172 1379 1247 1439 tiam
1271 1378 1459 1457 distinguunt
1484 1378 1670 1456 interpretes.
1698 1374 1736 1434 In
1754 1373 1876 1435 Graece

422 1459 512 1523 medo
526 1460 654 1523 Judices
669 1470 700 1522 et
715 1463 825 1544 Angeli
846 1466 876 1525 in
895 1464 1059 1544 Seriptnris
1074 1465 1119 1525 in·
1173 1465 1315 1526 articulus
1327 1464 1484 1544 posteriori
1498 1461 1564 1522 lece
1580 1464 1697 1543 positus
1712 1460 1781 1520 vult
1795 1461 1876 1521 bunc

422 1547 541 1610 tardum
563 1548 701 1624 Elobim,
724 1548 756 1610 id
771 1557 817 1611 est
832 1552 898 1627 Dii,
920 1552 1119 1612 nominentur.
1174 1551 1321 1613 ordinem:
1350 1551 1449 1625 Vtrae
1470 1551 1563 1626 repsi
1585 1551 1635 1610 tui
1650 1555 1694 1609 cst
1709 1551 1804 1624 uirpa
1819 1565 1875 1607 oe·

423 1634 486 1698 Sed
505 1634 606 1716 nsque
626 1636 684 1697 boc
697 1636 795 1699 valete
822 1637 891 1699 licet
906 1640 984 1698 enim
1000 1637 1039 1699 ds
1054 1640 1118 1719 plu·
1173 1641 1321 1717 quitatis,
1349 1636 1380 1696 id
1403 1644 1457 1708 est,
1483 1644 1633 1717 sceptrum
1660 1643 1744 1695 tunm
1770 1633 1876 1714 regale

422 1721 507 1784 ribus
537 1721 657 1800 angelis
687 1733 740 1785 aut
769 1724 940 1785 hominibus
970 1725 1121 1786 interdum
1174 1734 1324 1807 sceptrum
1340 1731 1387 1784 est
1405 1723 1550 1801 justitiae.
1580 1722 1632 1782 'l'u
1647 1741 1773 1801 regnum
1789 1729 1875 1779 tuum

423 1809 581 1888 Scriptura
596 1810 641 1869 sic
655 1807 804 1892 loquatur,
820 1820 855 1870 nt
870 1830 921 1872 ees
935 1822 1025 1874 vocet
1041 1813 1122 1874 Elo-
1175 1832 1289 1873 summa
1300 1811 1421 1891 justitia
1433 1819 1464 1870 st
1475 1810 1630 1889 aequitate
1640 1807 1874 1869 administrabis

423 1897 507 1956 iim.-
528 1894 559 1955 id
575 1903 674 1956 tamen
689 1916 837 1978 nusquam
853 1898 976 1971 obtinet,
1001 1900 1119 1961 ubine·
1219 1903 1247 1960 9.
1272 1899 1421 1959 Dilexisti
1441 1899 1602 1972 ,iustitiam
1629 1903 1659 1956 ct
1684 1895 1781 1955 odisti
1808 1898 1875 1955 iai·

423 2001 491 2042 men
518 1981 594 2042 iliud
620 1982 731 2062 legiter
755 1986 807 2046 uni
832 1984 920 2046 elicui
947 1986 1122 2066 simpliciter
1174 1988 1336 2064 quitatem.
1360 1984 1430 2044 Hae
1441 1991 1542 2064 partes
1555 1990 1626 2043 sunt
1633 1982 1711 2061 justi
1722 1982 1877 2061 principis,

423 2068 609 2129 attributum.
633 2069 683 2130 Sic
706 2072 785 2132 enim
807 2091 869 2132 nen
892 2072 931 2132 ds
953 2072 1012 2132 alio
1029 2092 1121 2153 quam
1175 2081 1321 2133 amantem
1343 2090 1409 2131 esse
1423 2070 1562 2149 justitiae
1584 2079 1615 2129 et
1636 2067 1707 2127 odie
1731 2069 1877 2148 prosequi

425 2153 464 2219 de
487 2173 559 2215 rere
581 2154 649 2215 Deo
671 2156 783 2218 dietum
807 2159 967 2219 invenitur.
997 2159 1123 2221 Maneat
1174 2160 1365 2239 injustitiam,
1377 2177 1434 2218 nec
1450 2156 1480 2216 id
1496 2156 1560 2216 sole
1575 2156 1684 2216 affectu
1702 2156 1805 2228 animi,
1822 2153 1876 2214 sed

425 2261 499 2322 erge
515 2250 629 2303 certum
646 2251 676 2302 et
687 2246 889 2318 constitutum,
905 2242 1057 2306 Christum
1072 2246 1122 2307 hic
1174 2248 1293 2326 reipsa3
1316 2243 1461 2305 videlieet
1480 2242 1577 2304 bones
1599 2239 1710 2303 tuende
1733 2250 1766 2301 et
1789 2260 1876 2320 prae·

424 2347 496 2390 vers
512 2348 548 2411 sc
570 2331 692 2409 proprie
707 2329 805 2393 Deum
821 2334 939 2393 vocari:
963 2331 1045 2412 qnod
1060 2339 1122 2392 tam
1176 2334 1242 2392 miie
1258 2329 1422 2403 afficiendo,
1445 2330 1540 2391 maios
1565 2338 1665 2390 autem
1687 2349 1743 2409 pro
1758 2327 1875 2389 meritis

425 2414 535 2477 Graeci
546 2435 636 2497 qnam
649 2416 754 2479 Latini
765 2424 875 2499 patres,
892 2419 1038 2480 adversus
1049 2420 1120 2478 bae·
1175 2420 1336 2500 puniendo.
1359 2418 1420 2477 Ubi
1443 2426 1547 2477 tamen
1560 2435 1622 2477 non
1636 2433 1739 2475 carere
1752 2414 1875 2475 ridetur

425 2504 534 2564 reticos
550 2512 581 2563 st
591 2501 740 2576 deduces,
757 2519 798 2566 sx'
810 2505 867 2565 boe
883 2504 950 2566 loco
966 2505 1122 2567 coufirma-
1176 2507 1330 2586 mysterio,
1346 2502 1428 2584 quod
1440 2502 1593 2565 abstracta
1607 2503 1712 2581 posuit
1727 2521 1789 2561 non
1805 2521 1873 2562 con-

425 2595 511 2650 runt:
523 2590 698 2649 nominatim
710 2591 861 2653 usserius
873 2592 964 2652 libi.
977 2590 1122 2652 demensi.
1176 2601 1269 2654 creta.
1291 2591 1450 2653 Pecuiiare
1474 2591 1553 2651 enim
1575 2589 1652 2649 illnd
1666 2588 1788 2651 Christo
1813 2589 1877 2668 regi

426 2678 544 2755 Ersng.
560 2695 624 2755 cap.
644 2677 691 2737 15.
708 2686 738 2738 et
752 2678 954 2758 Hieronymus
979 2679 1010 2739 in
1024 2679 1123 2760 spise
1177 2689 1233 2755 est,
1253 2682 1294 2740 its
1309 2677 1434 2758 diligere
1454 2677 1613 2757 justitiam,
1636 2683 1670 2735 ut
1684 2675 1772 2736 nobis
1786 2675 1877 2736 etism

427 2761 467 2824 sd
481 2761 672 2842 Principiam.
1176 2767 1272 2846 ipsius
1290 2766 1431 2845 justitias
1453 2772 1557 2825 sector
1575 2771 1669 2844 atque
1683 2763 1814 2843 largitor
1827 2763 1877 2834 sit,

469 2847 634 2929 ιιιιιςῐιιιι
651 2849 837 2911 hiereneus:
862 2849 995 2925 onear,
1017 2850 1048 2911 id
1070 2861 1124 2927 est,
1177 2863 1208 2914 et
1223 2855 1265 2915 ita
1287 2851 1386 2914 odisse
1409 2850 1609 2932 iniquitatem,
1635 2856 1669 2910 nt
1691 2868 1746 2909 nos
1768 2849 1876 2909 merito

429 2935 548 2998 Christe
565 2955 675 3016 sponse
689 2936 857 3010 Ecclesiae,
880 2940 931 3020 qni
947 2958 981 2999 es
995 2940 1080 3000 Dens
1096 2949 1127 3000 et
1177 2961 1214 3002 ac
1227 2942 1341 3002 virtuts
1363 2958 1418 2998 sua
1440 2938 1478 2999 ab
1501 2939 1580 2998 omni
1604 2938 1769 3017 iniquitate
1790 2956 1875 2996 mun-

427 3023 488 3083 Dei
501 3022 589 3098 iilius,
610 3024 717 3084 solium
733 3027 820 3105 regni
835 3026 879 3086 tei
894 3025 1079 3107 permanebit
1094 3029 1126 3088 iu
1177 3026 1264 3087 datos
1286 3026 1459 3089 sanctificet
1482 3024 1571 3086 Unde
1592 3025 1624 3084 in
1647 3043 1684 3085 eo
1703 3025 1825 3103 justitia
1849 3030 1877 3083 et

388 3116 390 3119 ’
428 3109 579 3171 sarmium
604 3110 727 3171 saeculi.
750 3112 845 3173 Hebr.
868 3114 900 3173 in
923 3120 1075 3174 aeternum
1096 3121 1127 3174 st
1178 3110 1382 3174 misericordia
1405 3111 1605 3191 pulcherrimo
1629 3109 1750 3172 iesdsre
1766 3127 1876 3171 conns

429 3194 516 3257 niba„
544 3194 612 3275 Qua
636 3197 739 3278 pbrssi
762 3200 922 3279 significari
937 3199 1015 3260 solet
1030 3208 1125 3261 aster·
1178 3207 1307 3273 ctnntur,
1325 3200 1414 3277 juxta
1437 3197 1513 3258 illud
1536 3197 1648 3257 Psalm.
1667 3199 1717 3258 84.
1748 3198 1878 3259 Miseri·

431 3283 510 3344 nites
525 3284 754 3345 interminabilis
770 3294 802 3346 et
816 3285 973 3364 absoluts3
989 3306 1080 3365 quam
1095 3296 1127 3346 et
1178 3287 1289 3348 cordio
1311 3294 1342 3346 rt
1356 3287 1473 3346 veritos
1496 3286 1707 3347 obviaverunt
1729 3286 1801 3361 sibi,
1820 3287 1877 3359 ῥυ·

431 3368 637 3450 Hieronymus
671 3372 702 3431 in
728 3392 785 3433 sus
811 3374 947 3434 versione
979 3375 1127 3453 expressit
1177 3377 1264 3437 stitia
1280 3373 1666 3450 repraesentaremus.

429 3456 526 3518 dirod.
546 3457 594 3517 15.
612 3465 644 3518 et
658 3458 749 3520 Mich.
766 3461 804 3532 4.,
820 3460 980 3542 utrobique
995 3458 1126 3521 reddens
1220 3463 1398 3537 Propterea
1419 3461 1515 3520 unxit
1534 3467 1563 3519 te
1580 3462 1675 3532 Deus,
1702 3459 1790 3519 Deus
1805 3466 1879 3521 taur

430 3561 470 3606 er
483 3544 633 3619 Hebraeo,
649 3548 685 3605 ia
700 3555 865 3608 arternum
882 3554 912 3607 et
925 3548 1021 3609 uitro.
1045 3547 1127 3608 Hinc
1179 3550 1246 3609 oleo
1262 3548 1467 3609 eauitotioais
1478 3565 1560 3623 pros
1574 3545 1786 3622 participibus
1801 3549 1876 3621 tuis,

430 3630 571 3711 estquod
588 3631 713 3692 eandem
733 3636 937 3694 aeternitatem
953 3635 1032 3695 alias
1047 3634 1125 3694 Scri·
1178 3636 1243 3696 sive
1254 3653 1336 3711 prae
1351 3634 1546 3695 consortibus
1561 3636 1633 3707 tuis,
1657 3640 1690 3692 nt
1705 3634 1736 3692 in
1752 3631 1878 3693 Psalmo

430 3726 537 3797 pturac
560 3717 720 3797 designant
741 3722 900 3800 negatione
922 3722 990 3781 finis
1014 3722 1124 3781 autin·
1179 3722 1315 3803 legimns.
1339 3723 1426 3782 Deus
1432 3765 1443 3796 ,
1470 3722 1562 3801 priori
1588 3720 1670 3791 loeo,
1697 3720 1877 3780 nominativi

430 3804 541 3879 teritus,
558 3814 592 3864 ut
606 3804 685 3865 Dan.
702 3809 730 3865 2.
749 3809 894 3884 Reoaum
910 3814 975 3884 ejus
990 3826 1124 3884 rep-aum
1179 3828 1264 3869 casus
1280 3808 1374 3869 sitan
1390 3808 1532 3881 vocativi,
1547 3805 1670 3867 dubiem
1687 3824 1752 3867 esse
1767 3816 1879 3886 petest

429 3898 613 3966 oaerauar,
642 3894 728 3970 quod
754 3914 820 3955 aea
847 3895 1069 3973 dissipabitur,
1095 3902 1126 3955 ct
1178 3897 1299 3957 Etenim
1322 3902 1399 3968 sunt,
1421 3893 1474 3975 qui
1498 3892 1680 3953 contendant
1700 3894 1879 3954 rocstirum

402 4049 406 4054 ,
430 3998 495 4059 csp.
520 3978 548 4038 7.
571 3981 714 4040 Potestas
736 3985 802 4055 ejus
821 3991 959 4059 potestas
981 3990 1124 4057 aeterno,
1179 4001 1255 4052 esse,
1272 3988 1305 4040 ut
1316 3981 1464 4041 Eusebius
1476 3980 1541 4040 lere
1553 4000 1645 4060 supra
1661 3982 1753 4040 citato
1766 3990 1798 4039 et
1814 3982 1876 4039 An-

428 4084 511 4142 quos
536 4085 604 4127 aon
628 4068 814 4144 cusentum
838 4077 867 4130 et
889 4089 1023 4146 reoaum
1048 4074 1124 4145 ejus,
1178 4069 1315 4148 gostinus
1330 4068 1360 4127 in
1377 4067 1488 4127 Psslnr.
1506 4069 1556 4128 44.
1583 4066 1643 4147 Qui
1658 4066 1785 4146 proinde
1800 4068 1880 4128 affir-

430 4152 516 4230 quod
541 4170 608 4213 aaa
634 4162 865 4230 corrumpetur.
898 4157 976 4216 Item
998 4158 1070 4227 Luto.
1097 4160 1125 4216 1.
1180 4163 1244 4215 mat
1259 4157 1349 4215 etiam
1364 4154 1520 4233 bacpsrte
1532 4152 1881 4234 christumaPropbets

429 4237 548 4300 dicente
572 4239 680 4321 angeio
703 4240 743 4301 sd
758 4242 926 4322 Virginem:
955 4243 1054 4303 Dabit
1076 4244 1126 4303 ilii
1178 4242 1279 4303 Deum
1294 4240 1452 4321 appellari.

430 4321 590 4386 Dominus
628 4329 715 4389 Deus
747 4329 848 4390 sedem
879 4330 989 4390 Dauid
1020 4330 1127 4389 Patris
1221 4326 1281 4389 Sed
1305 4327 1461 4387 sciendum
1486 4333 1531 4386 est
1552 4325 1725 4407 frequenter
1749 4327 1808 4388 boc
1825 4348 1878 4387 uos

428 4414 504 4488 eius,
530 4420 559 4473 et
573 4414 723 4490 reprobit
736 4419 773 4476 ta
790 4417 883 4476 domo
896 4416 1003 4479 Jacob
1018 4418 1054 4477 ia
1070 4435 1125 4476 oe·
1177 4434 1244 4475 men
1261 4416 1348 4475 Deus
1369 4416 1400 4474 in
1416 4413 1581 4494 Scriptnris
1603 4411 1710 4474 eodem
1736 4433 1809 4474 casu
1826 4434 1878 4493 ge

427 4495 573 4576 ternum,
600 4508 630 4561 et
654 4504 748 4579 reperi
769 4506 835 4577 ejus
862 4520 929 4563 aaa
955 4505 1016 4562 erit
1041 4502 1124 4578 fluis.
1177 4502 1291 4573 minari,
1308 4520 1400 4562 causa
1414 4501 1539 4579 majoris
1554 4501 1766 4581 expressionis,
1783 4496 1878 4579 idque

428 4584 519 4665 Quod
534 4588 631 4669 ipsum
648 4597 679 4649 et
695 4589 725 4648 in
738 4588 875 4669 symbolo
887 4590 966 4649 canit
977 4588 1125 4650 Ecclesia.
1176 4587 1363 4667 potissimum
1390 4588 1421 4646 iu
1447 4586 1587 4647 Psalmis.
1619 4586 1770 4666 Exempla
1790 4597 1880 4647 sunt:

426 4671 476 4732 ux
498 4672 544 4737 his
569 4675 660 4736 etism
676 4674 783 4754 liquet,
806 4676 928 4737 nomIne
947 4677 1054 4736 tbroai
1070 4694 1124 4736 eeu
1177 4676 1265 4735 Deus
1287 4676 1374 4734 Deus
1395 4692 1481 4733 meus
1503 4676 1622 4750 respice
1643 4674 1678 4735 ia
1700 4693 1760 4748 me,
1789 4675 1879 4735 Deus

427 4757 496 4818 solii
519 4760 550 4819 in
573 4760 744 4840 hujusmodi
758 4761 921 4842 scripturis
942 4761 1056 4842 ηςίιιιιι
1071 4783 1123 4843 po·
1176 4763 1264 4822 Deus
1278 4780 1366 4822 meus
1386 4759 1430 4819 od
1445 4767 1475 4820 te
1489 4761 1528 4821 dc
1552 4762 1621 4822 lucc
1638 4760 1743 4836 rioilo.
1769 4764 1878 4822 Berre-

426 4851 565 4905 teststem
595 4848 777 4927 significari3
815 4848 934 4909 tarnem
963 4848 1125 4909 Psslmista
1175 4847 1262 4908 dicat
1277 4865 1335 4907 aos
1352 4849 1438 4908 Deus
1453 4850 1539 4909 Deus
1554 4856 1670 4908 aester.
1694 4846 1817 4927 Quibus
1833 4847 1876 4907 lo-

427 4931 556 4990 maxime
576 4936 729 5014 respicere
751 4932 871 4996 ridetur
891 4932 930 4994 ad
945 4943 1124 5016 potestatem
1176 4936 1219 4994 cis
1235 4933 1363 4995 eundem
1380 4952 1480 4994 essum
1494 4935 1619 4995 retineri
1635 4942 1761 5005 constat,
1786 4933 1877 4994 modo

424 5014 626 5097 judiciariam.
642 5019 722 5082 Nam
737 5041 773 5083 eo
788 5021 940 5103 pert‘nrent
953 5023 1124 5105 squentis:
1151 5096 1161 5106 ⁴.
1174 5022 1356 5094 occsurum,
1371 5018 1460 5082 modo
1475 5021 1704 5082 nominativum
1728 5019 1834 5102 Quare
1845 5028 1878 5082 et
