4442 5825
432 599 515 666 ’768
958 588 1193 643 COMMENTARIUS
1209 588 1241 644 lll
1258 588 1325 644 Gll’.
1341 590 1370 645 7.

440 768 540 826 menio
557 765 649 826 buno:
672 764 759 825 Haec
782 785 839 845 ego
863 763 958 839 vobis,
976 767 1040 846 jam
1056 785 1136 840 vera,
1189 766 1266 827 tanti
1296 764 1412 826 fruetus
1444 766 1700 828 consideratione
1729 763 1879 846 Apostolus

441 852 717 932 affectuosaatque
732 852 894 913 obediente
908 851 969 913 tide
983 851 1136 913 credenti·
1188 854 1245 914 boc
1271 853 1338 913 loco
1361 860 1393 913 et
1419 853 1633 935 superioribus
1663 854 1801 914 versibus
1826 853 1882 912 vult

440 939 498 1000 bus
513 941 543 999 in
559 939 673 1012 Jesum,
691 940 749 999 Dei
761 940 883 1011 Filium,
898 958 933 998 eo
948 939 1007 1000 fine
1020 941 1136 1017 scripsi,
1188 941 1320 1000 excitare
1351 940 1455 1003 fideles
1485 939 1525 1000 ad
1564 939 1824 1019 perseverandum
1856 940 1882 998 in

442 1036 476 1085 ut
491 1027 604 1099 sciatis,
627 1024 707 1105 quod
724 1046 778 1107 per
793 1046 860 1087 eum
872 1028 936 1105 jam
954 1026 984 1086 in
1000 1026 1055 1086 boe
1070 1046 1135 1086 sse·
1188 1025 1336 1105 ejusmodi
1358 1026 1428 1088 fide.
1453 1025 1514 1087 Sed
1537 1026 1694 1106 deinceps
1717 1027 1806 1086 aliurn
1820 1044 1880 1106 quo

442 1111 509 1173 culo
525 1112 642 1172 habetis
659 1114 752 1172 vitam
768 1121 938 1187 aeternam
961 1112 1016 1171 sed
1032 1113 1134 1172 incho-
1188 1132 1248 1192 que
1274 1121 1485 1174 commemorat
1504 1132 1713 1193 permagnum
1736 1113 1805 1173 talia
1825 1111 1881 1172 tidai

441 1209 522 1260 atam
542 1200 698 1272 duntaxat,
723 1219 821 1279 eoque
845 1198 1058 1276 amissibilsm3
1083 1200 1134 1259 ba·
1188 1200 1322 1273 fructum,
1343 1202 1431 1279 cujus
1447 1200 1710 1281 contemplatione
1727 1200 1773 1260 illi
1787 1218 1879 1278 provo

442 1285 517 1345 batis
533 1293 634 1346 autem
653 1289 683 1345 in
699 1286 752 1346 illa
766 1287 834 1366 ipsa
850 1284 917 1357 fide,
941 1294 1046 1365 utpote
1061 1287 1132 1345 cari·
1187 1294 1304 1361 oentur3
1321 1306 1430 1367 nempe
1443 1285 1585 1347 fiduciam
1597 1289 1670 1349 siae
1683 1296 1798 1347 eertm
1811 1304 1880 1365 spu

440 1380 531 1432 tatem
555 1372 612 1432 sibi
635 1374 820 1448 aesocisnm3
844 1392 879 1432 eo
903 1373 973 1432 item
995 1374 1070 1444 fine,
1094 1380 1136 1445 nt,
1188 1372 1379 1433 obtinendis
1395 1375 1471 1446 Deo,
1497 1372 1582 1452 qnod
1604 1375 1668 1434 rite
1683 1373 1723 1434 ab
1746 1374 1798 1433 illo
1817 1374 1880 1452 pati·

440 1458 529 1520 tidem
566 1458 643 1519 bano
687 1460 926 1519 constantissime
963 1462 1134 1530 retinentes,
1188 1462 1326 1519 verimus.
1367 1462 1415 1520 De
1438 1460 1495 1520 boc
1518 1458 1622 1520 fructu
1646 1469 1697 1522 ast
1720 1479 1825 1521 versus
1845 1477 1879 1518 ae

442 1565 561 1625 semper
577 1547 620 1605 sie
646 1546 774 1607 credatis
797 1548 827 1605 in
843 1547 1002 1606 Dominum
1018 1545 1134 1618 desum,
1188 1564 1304 1624 quensr

441 1643 717 1714 quantumcumque
743 1631 877 1713 undique
904 1631 990 1693 vobis
1018 1633 1132 1692 obstrs·
1233 1634 1280 1692 14.
1304 1634 1347 1696 m
1362 1634 1438 1692 bueo
1453 1640 1497 1693 ast
1520 1634 1659 1710 tidocio,
1684 1633 1879 1711 mambote-

440 1729 516 1800 pant
545 1720 594 1780 vel
631 1720 817 1779 insusurrant
849 1717 1134 1800 pseudoprophetae
1186 1738 1255 1779 mos
1277 1719 1322 1779 od
1341 1721 1443 1779 Eum:
1465 1722 1561 1799 Quia,
1589 1721 1817 1798 quodcumque
1834 1740 1879 1796 pr·

440 1806 520 1866 talea
546 1826 601 1865 sua
628 1806 786 1885 dogmata,
816 1805 885 1866 hnic
911 1807 1036 1867 salutari
1062 1804 1132 1865 fidei
1186 1807 1330 1866 tiarimua
1358 1807 1530 1867 tacendum
1563 1807 1774 1868 voluntatem
1803 1808 1878 1882 Eira,

442 1894 600 1954 contraria.
1186 1893 1279 1953 audit
1294 1911 1359 1954 ooa.
1383 1895 1484 1972 Quam
1500 1894 1670 1971 babemus,
1695 1915 1752 1955 nos
1768 1895 1878 1966 scilicet,

485 1982 608 2060 Exque
630 1980 878 2059 interpretatione
901 1980 989 2040 etiam
1013 1987 1133 2040 nostrae
1186 1998 1257 2039 vere
1272 1990 1303 2040 et
1317 1978 1494 2041 obedienter
1515 1980 1640 2043 fideles.
1678 1980 1793 2043 Omnes
1813 1982 1877 2041 enin

442 2066 581 2127 lectionis
596 2085 701 2126 sensus
721 2065 856 2139 habetur,
879 2066 932 2127 illa
948 2066 1132 2127 Graecorum
1186 2066 1217 2126 bi
1231 2074 1356 2146 possunt
1378 2066 1540 2140 confidere,
1565 2068 1648 2149 quod
1672 2069 1807 2148 ipsorum
1827 2087 1877 2127 ora·

440 2153 578 2215 clausula
601 2155 721 2213 omissa.
752 2153 800 2212 Ex
827 2154 930 2214 eadem
955 2155 1131 2233 interpreta-
1186 2155 1282 2213 tiones
1308 2155 1367 2213 sint
1396 2153 1608 2214 exaudiendae
1638 2176 1658 2216 a
1686 2157 1776 2227 Deo,
1806 2154 1878 2214 modo

441 2243 530 2314 tione,
546 2240 689 2301 conformi
705 2239 757 2312 bis,
782 2260 861 2319 quae
875 2239 951 2299 dixit
966 2239 1132 2320 Apostolus
1185 2238 1299 2300 luerint
1320 2239 1426 2312 factae,
1450 2241 1492 2299 ait
1507 2242 1692 2320 Apostolus,
1716 2244 1875 2303 amadan

440 2347 520 2389 vers.
539 2332 596 2400 11.,
611 2335 704 2407 patet,
726 2347 786 2386 non
802 2346 871 2387 esse
887 2327 1085 2387 laborandum
1102 2329 1133 2387 in
1187 2327 1381 2388 uoluntatem
1408 2328 1499 2402 Ejus.
1535 2329 1591 2388 Est
1615 2338 1725 2390 antem
1753 2329 1878 2389 solunte

441 2435 477 2500 ea
493 2415 678 2496 quaestione,
694 2413 801 2474 anboe
815 2413 1034 2473 locoverbum:
1050 2415 1132 2474 acio·
1187 2414 1242 2474 Dei
1273 2413 1360 2474 nobis
1388 2413 1611 2474 consideranda
1645 2424 1676 2475 et
1703 2418 1789 2477 circa
1823 2434 1877 2485 ran,

441 2506 491 2578 tis,
507 2501 652 2581 significet
668 2500 874 2561 certitudinem
890 2499 1069 2573 absolutam,
1093 2521 1133 2561 an
1185 2519 1264 2580 quae
1276 2498 1406 2580 petenda
1417 2501 1466 2572 sit,
1482 2509 1514 2560 et
1524 2503 1607 2560 circa
1623 2501 1755 2582 petendi
1767 2501 1875 2563 modun

441 2589 536 2649 solum
566 2587 716 2669 quandam
745 2587 897 2647 moralem.
936 2585 1056 2647 Clarum
1087 2596 1134 2647 eet
1185 2584 1275 2648 Circa
1290 2607 1353 2646 rem
1370 2585 1492 2666 qnidam
1509 2586 1687 2668 petendam,
1717 2601 1754 2650 nt
1770 2589 1872 2667 abipso

441 2677 529 2748 enim,
544 2674 712 2734 absolutam
727 2673 908 2754 significare,
931 2676 1003 2755 quia
1017 2674 1132 2734 indubi·
1185 2683 1322 2754 petamus
1333 2672 1497 2733 secundum
1510 2683 1680 2755 praecepta
1696 2677 1751 2737 vel
1766 2673 1874 2737 cunila

440 2771 535 2823 tatum
547 2769 600 2835 est,
616 2782 731 2822 omnem
744 2781 821 2834 enm,
833 2763 885 2839 qui
898 2759 956 2821 fide
967 2759 1028 2833 illa,
1040 2780 1132 2839 quarn
1186 2759 1263 2839 ejus,
1283 2760 1339 2820 boc
1354 2769 1408 2832 est,
1430 2761 1606 2820 necessaria
1629 2763 1682 2823 vel
1706 2762 1790 2824 bene
1804 2761 1875 2823 utilia

440 2848 583 2929 intelligit
607 2848 786 2929 Apostolus,
809 2848 972 2908 affectuosa
994 2847 1132 2906 nimirum
1186 2844 1375 2920 adsalutem,
1399 2846 1519 2906 dicente
1534 2847 1702 2910 salvatore
1718 2850 1825 2910 Mattb.
1842 2850 1874 2908 t:

441 2946 471 2998 et
494 2935 660 3009 obediente,
684 2933 777 2996 credit
797 2937 827 2995 in
846 2934 956 2996 Filium
979 2934 1049 3007 Dei,
1068 2934 1132 3013 jam
1186 2936 1333 2995 Primum
1348 2936 1493 3011 quaerite
1507 2952 1647 3010 raonem
1662 2939 1740 3012 Dei,
1758 2938 1873 3011 atjurts'·

440 3022 553 3084 babere
576 3021 657 3082 illam
678 3024 771 3082 vitam
795 3030 957 3082 aeternam.
989 3019 1050 3081 Sed
1073 3040 1134 3080 non
1186 3024 1265 3080 tiam
1278 3023 1359 3095 Ejus
1374 3018 1446 3096 (Dei
1457 3018 1623 3099 nimirum),
1639 3031 1671 3084 at
1686 3026 1769 3084 boec
1783 3024 1873 3085 amad

439 3119 603 3191 propterea
619 3118 663 3169 est
678 3107 815 3169 absolute
830 3116 944 3167 certum
959 3106 997 3167 de
1012 3106 1067 3166 boc
1082 3106 1134 3166 vel
1186 3105 1372 3187 (temporalia
1396 3107 1465 3167 buia
1488 3109 1570 3169 vitae
1597 3109 1819 3190 transigendae
1836 3126 1873 3168 ne

441 3196 494 3256 illo
508 3197 539 3256 in
554 3196 735 3275 particulari,
751 3194 831 3274 quod
848 3196 886 3254 sit
901 3195 931 3254 in
946 3201 1027 3253 statu
1044 3193 1134 3272 hujus
1186 3190 1327 3270 cessaria)
1344 3195 1539 3268 adjicientur
1555 3196 1656 3257 vebia.

440 3292 582 3344 aeternae
607 3284 691 3341 vitae
712 3301 766 3342 seu
793 3280 914 3357 salutis3
937 3282 1014 3341 elcut
1035 3299 1135 3359 neque
1229 3278 1318 3341 Circa
1329 3301 1400 3341 vero
1412 3279 1536 3360 petendi
1545 3281 1671 3342 modum
1687 3293 1736 3344 est
1750 3284 1872 3345 voluntas

441 3372 485 3431 aio
501 3378 546 3431 est
560 3377 671 3429 certum
693 3368 730 3429 de
746 3387 909 3447 quoquam,
925 3365 1007 3448 qnod
1022 3366 1135 3427 babeat
1188 3366 1255 3439 Dei,
1271 3375 1304 3426 ut
1320 3368 1370 3446 pie
1386 3375 1521 3445 petamus
1537 3375 1568 3427 et
1582 3381 1826 3448 perseveranter.
1839 3367 1873 3427 s·

441 3475 505 3517 eam
521 3454 620 3528 fidem,
636 3454 674 3514 de
689 3475 752 3535 qua
766 3454 817 3515 bio
831 3473 928 3513 sermo
945 3463 999 3513 est.
1187 3454 1283 3533 pietas
1306 3453 1401 3514 multa
1425 3452 1559 3513 includit
1583 3455 1693 3518 Primo
1719 3456 1789 3518 loco
1802 3454 1874 3517 ssu

484 3539 574 3623 Quod
587 3550 689 3602 autem
700 3561 797 3603 sermo
809 3541 947 3620 Apostoli
963 3543 1003 3600 sit
1015 3538 1054 3599 de
1069 3540 1134 3599 vita
1186 3558 1288 3601 veram
1319 3550 1351 3599 et
1379 3541 1524 3619 integram
1552 3539 1590 3600 de
1619 3544 1784 3617 omnibus,
1811 3558 1873 3624 quas

440 3628 803 3707 seusalntabujusvitae,
819 3626 1134 3707 quaeidcircoamitti
1187 3624 1272 3687 Deus
1293 3625 1382 3686 nobie
1401 3625 1560 3686 revelavit.
1596 3628 1706 3709 Quam
1731 3630 1817 3691 fidens
1836 3628 1874 3689 ue

440 3724 551 3796 potest,
567 3714 662 3794 liquet
676 3723 736 3775 turn
749 3713 908 3775 exrerbo:
923 3714 1053 3788 bebetis,
1069 3720 1134 3772 tum
1187 3714 1403 3794 praesupponit
1425 3712 1602 3791 Apostolus,
1626 3724 1661 3776 nt
1686 3726 1784 3796 patet
1805 3715 1874 3778 ΗΝ

440 3822 479 3862 ex
495 3803 586 3882 paulo
601 3810 672 3881 post
684 3801 888 3881 sequentibus,
903 3800 955 3861 ubi
971 3799 1134 3880 significat,
1188 3798 1263 3859 fides
1277 3800 1367 3860 etiam
1390 3798 1446 3858 boc
1461 3800 1599 3879 requirit,
1623 3811 1659 3862 ut
1678 3805 1875 3886 unusquisque

439 3888 559 3949 fratrem
575 3907 663 3969 posse
673 3907 800 3969 peccare
814 3886 852 3947 ad
867 3895 999 3947 mortem.
1022 3887 1135 3967 Liquet
1188 3884 1226 3945 de
1240 3903 1274 3945 se
1288 3888 1320 3946 in
1335 3884 1508 3966 particulari
1523 3886 1641 3961 credat,
1664 3907 1703 3949 se
1720 3897 1875 3953 conam

440 3978 528 4036 etiam
555 3995 592 4035 ex
620 3976 677 4035 fine
700 3974 790 4053 bajus
808 3975 932 4054 capitis,
957 3973 1009 4033 nbi
1032 3979 1135 4033 monet
1187 3992 1268 4045 rum,
1296 3992 1376 4053 quae
1401 3971 1547 4033 salutaria
1572 3977 1654 4053 petit
1680 3996 1722 4037 eo
1747 3978 1875 4038 modo&

443 4062 624 4141 generaliter
639 4080 740 4121 omnes
757 4060 872 4133 fideles,
895 4060 1005 4141 quibus
1021 4059 1134 4131 scribit,
1187 4068 1310 4132 tantum,
1334 4078 1395 4138 quo
1417 4056 1505 4117 modo
1521 4068 1551 4120 et
1566 4070 1723 4140 qnantum
1741 4084 1778 4124 ea
1792 4072 1874 4143 petat

441 4156 475 4208 ut
488 4157 616 4209 caveant
631 4167 664 4209 se
678 4147 716 4208 ab
731 4147 829 4208 idolis.
852 4147 904 4218 Et,
927 4147 1042 4207 omissis
1057 4145 1134 4217 aliis,
1188 4154 1314 4225 oportet
1348 4146 1417 4206 Non
1443 4152 1557 4219 autem,
1584 4167 1620 4209 se
1649 4160 1875 4216 consecutum.

443 4237 472 4294 in
490 4240 517 4297 7.
534 4236 631 4314 llpist.
647 4253 724 4295 vers.
742 4238 770 4296 6.
788 4237 815 4294 7.
833 4237 861 4295 8.
876 4232 1134 4294 monetChristia·
1189 4231 1338 4313 quidquid
1364 4228 1517 4312 (quamvis
1543 4233 1700 4311 salutare)
1729 4232 1874 4318 quomode

442 4340 505 4396 nos,
522 4330 556 4381 nt
569 4323 602 4382 in
618 4320 676 4381 fide
691 4319 850 4382 obediente
863 4327 1064 4400 perseverent,
1088 4339 1135 4378 ca·
1188 4338 1316 4399 cumque
1328 4318 1480 4399 petiverit
1504 4318 1624 4380 Horum
1638 4324 1731 4401 prins
1747 4324 1876 4404 liquat«

440 4417 595 4488 veantque
614 4407 673 4469 sibi
691 4407 729 4468 ab
753 4407 968 4467 baereticorum
992 4405 1135 4478 doctrina,
1189 4405 1302 4466 divinis
1316 4404 1570 4486 promissionibus,
1595 4426 1682 4487 qnae
1700 4422 1772 4472 sunt
1787 4406 1875 4472 uam

439 4513 477 4555 ne
494 4493 631 4573 perdant,
654 4513 783 4575 quaeso
801 4514 900 4574 usque
919 4494 998 4554 bene
1018 4492 1136 4573 operati
1190 4493 1218 4563 7,
1242 4495 1270 4553 7.
1286 4501 1314 4553 st
1331 4496 1378 4566 8.;
1400 4492 1493 4552 blare
1511 4496 1560 4564 11,
1576 4493 1650 4570 74.;
1674 4496 1785 4560 Lucae
1800 4493 1875 4569 lat.

439 4580 577 4655 luerunt,
608 4580 662 4642 sed
687 4591 721 4642 ut
746 4579 912 4642 mercedem
939 4579 1059 4660 plenam
1085 4598 1135 4639 sc·
1189 4580 1236 4655 8.;
1258 4579 1415 4651 Joan.14,
1445 4582 1494 4641 13.
1521 4582 1579 4652 14,
1608 4600 1680 4661 cap.
1709 4585 1761 4659 15,
1784 4587 1812 4646 7.
1832 4580 1875 4652 tl,

441 4669 563 4747 cipiunt
1188 4686 1254 4746 cap.
1272 4667 1320 4739 16,
1345 4667 1394 4726 73.
1419 4666 1487 4744 243
1510 4666 1624 4728 Jacobi
1650 4673 1682 4745 1,
1710 4671 1742 4732 5.
1760 4669 1875 4743 (1.7,1

484 4754 634 4834 Quoniam
657 4755 750 4833 igitur
772 4754 851 4815 fides
872 4755 903 4813 in
919 4753 1069 4816 Christum
1087 4772 1135 4813 ca·
1188 4752 1245 4813 boc
1260 4751 1398 4833 Apostoli
1414 4752 1489 4827 loco,
1504 4762 1537 4815 et
1551 4773 1644 4817 versu
1660 4761 1814 4839 aequanti.
1831 4754 1875 4818 it·

440 4843 532 4901 ritate
548 4839 678 4901 formata
698 4841 846 4902 hominem
870 4842 902 4899 in
924 4848 1005 4901 statu
1027 4838 1136 4899 salutis
1188 4840 1298 4901 sterius
1313 4850 1414 4901 autern
1429 4859 1541 4913 eorum,
1563 4860 1648 4921 quae
1663 4842 1813 4918 diximua
1830 4855 1880 4904 1.·

440 4946 494 4988 seu
515 4946 605 4989 verae
627 4929 710 4988 vitae
731 4928 894 5002 constituit,
918 4946 997 5007 qnae
1013 4934 1059 4986 cst
1073 4947 1134 4987 ma·
1188 4926 1331 4988 nitestum
1355 4935 1402 4988 est
1424 4947 1462 4988 ex
1485 4927 1543 4988 boc
1565 4927 1635 5008 ipso
1655 4928 1739 5007 loeo,
1763 4932 1814 4995 ubi

440 5016 522 5076 xima
551 5014 716 5096 spiritualis
744 5015 876 5076 utilitas:
907 5015 1019 5098 idcireo
1044 5012 1136 5094 hujus
1189 5014 1255 5074 sine
1266 5034 1358 5076 causa
1369 5016 1532 5096 apponitur
1542 5013 1600 5076 illa
1610 5015 1776 5083 limitatio:
