4442 5825
390 604 474 673 m·
931 596 1356 656 sussurrarnmcsnm.

389 775 536 845 videam,
548 774 597 833 vel
608 770 1082 851 singnlsindisersieoodieibm.
1138 777 1181 837 In
1195 776 1262 850 bes,
1286 772 1316 835 id
1338 781 1392 847 est,
1414 772 1453 843 sd
1473 773 1720 841 nondimeno
1735 792 1783 843 m

389 859 503 922 Similis
529 861 709 937 conjecturs·
723 857 763 921 de
785 859 925 919 versione
950 859 1083 938 vulgata
1138 862 1218 934 estis,
1234 859 1442 942 qnondeiscti
1456 860 1721 937 estistristianir
1734 861 1783 923 nti

389 947 452 1007 Ant
471 948 551 1007 enim
577 948 724 1024 interpres
750 954 910 1025 ntmmqne
933 944 1084 1007 Graecum
1136 947 1783 1025 nedieendopromereeminibssreditstsml

387 1032 568 1094 vocobulum
588 1033 673 1112 legit,
699 1042 730 1092 et
755 1033 846 1097 vertit
871 1032 926 1097 bis.
944 1032 1082 1095 vocibus:
1136 1033 1312 1095 nediotionis
1325 1033 1452 1093 ‘futurae
1477 1033 1627 1111 Plerique
1637 1053 1710 1095 vero
1723 1036 1783 1096 sier

389 1120 530 1194 modesti,
553 1119 705 1195 humilem
729 1129 780 1179 snt
802 1117 903 1197 (qnod-
914 1128 960 1179 est
977 1119 1081 1198 probs-
1136 1120 1264 1201 plicant:
1291 1120 1399 1181 Vocati
1424 1121 1497 1180 estis
1512 1122 1543 1181 in
1559 1120 1619 1181 hoe
1634 1122 1702 1187 sive
1716 1120 1783 1181 adt

389 1202 494 1282 bilius)
517 1227 556 1267 ex
578 1205 697 1267 diverse
719 1206 866 1282 quapiam
887 1206 1084 1267 translatione
1136 1206 1217 1286 qnod
1233 1209 1381 1284 sequitur,
1405 1205 1506 1276 idest,
1529 1215 1567 1267 ut
1587 1207 1783 1269 miens

389 1293 518 1354 sltsrnrn
540 1295 673 1353 mcessit
705 1291 769 1351 Nec
792 1293 869 1351 enirn
893 1295 924 1353 in
946 1294 1082 1353 omnibus
1135 1294 1331 1354 haereditate
1350 1293 1546 1369 possideatis.
1572 1293 1634 1373 Qui
1650 1313 1783 1372 semp

389 1379 540 1441 codicibus
563 1381 730 1441 invenitur:
751 1379 893 1439 bomiles.
916 1377 1082 1458 Siquidem,
1135 1383 1250 1441 monier
1265 1391 1319 1443 est.
1343 1379 1490 1440 Hortatur
1507 1381 1589 1441 euim
1606 1379 1783 1441 Pstrnstdl

388 1477 422 1527 nt
435 1474 564 1527 testetur
579 1466 730 1536 hermus,
746 1466 778 1525 in
793 1473 920 1544 utroque
935 1467 1041 1527 codiee
1051 1466 1082 1528 S.
1136 1467 1330 1528 nedicsndnm
1348 1467 1500 1546 proximis,
1525 1468 1619 1527 stiam
1635 1465 1783 1527 maledie·

387 1553 553 1616 Donatisni
579 1551 714 1614 additum
741 1571 800 1611 non
828 1560 899 1611 erat
944 1551 1081 1613 Isidorus
1135 1555 1207 1625 bns,
1238 1562 1416 1632 argumento
1443 1562 1565 1630 sumpto
1592 1573 1655 1612 non
1681 1574 1719 1615 ex
1741 1553 1783 1615 oi

389 1642 478 1701 etiam
499 1638 616 1700 Clarius
637 1648 728 1711 notat,
751 1638 905 1698 veteribus
925 1640 1081 1701 codicibus
1135 1639 1372 1702 Christianorum
1391 1638 1473 1713 (nam
1486 1640 1525 1699 od
1538 1638 1783 1701 officinmbortstr

389 1727 506 1789 obesse.
520 1728 578 1788 Est
590 1735 692 1786 sutem
703 1724 861 1797 humilitas,
874 1744 964 1805 qnam
977 1726 1081 1786 Latini
1135 1726 1187 1787 sed
1203 1746 1242 1786 ex
1259 1728 1389 1806 ipsorum
1404 1727 1472 1797 line
1489 1725 1530 1785 ed
1546 1746 1637 1805 quem
1653 1728 1713 1787 sint
1726 1745 1783 1787 rssr

388 1811 564 1874 modestiam
579 1821 698 1886 vocent,
721 1832 786 1872 cnm
808 1813 882 1890 quis
891 1833 952 1873 non
967 1812 1028 1873 alta
1043 1812 1082 1873 de
1135 1814 1193 1873 Est
1208 1822 1307 1873 antem
1324 1814 1441 1872 vnmtio
1458 1810 1701 1873 Christianorum
1713 1810 1749 1873 sd
1761 1811 1783 1873 h

389 1921 422 1961 se
446 1901 552 1972 sentit,
577 1899 630 1961 ssd
656 1900 814 1961 verimims
837 1900 885 1959 sni
911 1900 1082 1978 cognitione
1135 1899 1292 1961 reditstem
1314 1897 1537 1960 benedictionis
1560 1899 1713 1972 eoelestis,
1733 1898 1783 1960 sn

390 1987 449 2047 sibi
464 1986 546 2065 epod
560 1994 654 2046 sernet
670 1987 768 2065 ipsnnr
784 1985 913 2057 vilescit,
930 1984 1081 2064 talemque
1134 1984 1355 2065 percipiendos,
1367 1984 1487 2066 quando
1501 1987 1546 2044 eis
1560 1985 1695 2047 dicetur:
1714 1986 1783 2047 veae·

390 2094 422 2134 se
441 2072 531 2134 etism
554 2072 634 2152 apud
656 2073 733 2132 elios
756 2075 842 2151 gerit.
867 2071 971 2131 Virtus
995 2091 1080 2148 rara3
1135 2074 1289 2134 benedicti
1303 2074 1411 2133 Patris
1436 2074 1507 2145 mei,
1529 2077 1687 2150 percipite
1701 2091 1783 2149 repet

389 2180 467 2244 qnae
492 2167 593 2220 tamen
613 2159 644 2220 in
666 2159 831 2238 Scriptnris
853 2158 1080 2219 commendetis-
1135 2168 1200 2235 stc,
1217 2159 1322 2219 March.
1336 2161 1385 2220 25.
1412 2157 1492 2216 Nam
1509 2157 1549 2218 ad
1565 2151 1783 2221 eaCbristirsr

389 2248 473 2308 rima
1104 2237 1110 2271 ⁴
1135 2258 1261 2327 apparet
1291 2247 1414 2305 Petrum
1454 2243 1613 2320 allusisse,
1660 2254 1783 2326 praesent

433 2336 462 2394 9.
484 2333 739 2394 Nonredderrtes
759 2332 881 2393 molum
901 2350 964 2408 pro
985 2333 1081 2407 molo,
1136 2354 1202 2395 cum
1227 2333 1287 2393 illic
1308 2330 1385 2392 idern
1409 2351 1532 2410 quoqne
1556 2332 1680 2394 verbnm
1704 2333 1783 2413 posin

389 2438 447 2482 nse
460 2420 663 2480 maledictum
677 2439 738 2496 pro
750 2419 927 2480 maledicto.
951 2418 1080 2480 Graece:
1135 2422 1185 2491 sit,
1202 2419 1284 2497 quod
1300 2419 1455 2479 hocloco:
1479 2413 1741 2497 κληρονομήσατε,
1753 2419 1783 2477 te

389 2514 447 2567 oret
461 2509 636 2567 conuitium
655 2524 718 2583 pro
740 2509 889 2567 conuitio.
918 2505 1081 2583 Praecipit,
1134 2508 1270 2567 redttote
1284 2506 1448 2582 possidete.

389 2594 549 2673 utinjuria
565 2592 675 2665 effecti,
699 2612 758 2654 nse
780 2591 860 2653 t'acte
883 2612 937 2652 nos
958 2591 1081 2652 ulciscs·
1178 2593 1257 2654 'Pele
1279 2594 1371 2672 igitur
1393 2599 1455 2664 est,
1478 2589 1560 2671 qnod
1581 2590 1671 2652 dicit:
1695 2588 1777 2673 Quod

389 2702 464 2751 mur,
487 2681 513 2740 ei
527 2678 608 2740 facto
630 2679 704 2740 loesi
724 2699 839 2751 sumus,
860 2697 916 2739 nec
930 2679 1031 2749 verbo,
1055 2680 1080 2737 si
1134 2679 1383 2753 benedictionem,
1407 2697 1487 2758 qnae
1512 2679 1542 2736 in
1558 2680 1783 2757 possessiones

388 2767 480 2828 verbo
508 2767 577 2844 quis
603 2765 700 2827 laesit.
734 2766 796 2827 Sub
823 2785 884 2845 quo
912 2767 1081 2826 continetur
1134 2766 1253 2827 lestinm
1275 2767 1419 2826 bonorum
1444 2765 1588 2836 consistit,
1612 2764 1653 2825 sd
1675 2783 1783 2846 qnanr

388 2854 483 2914 omnis
497 2851 651 2914 vindictae
673 2854 814 2932 privatae
831 2850 1000 2931 probibitio.
1030 2851 1081 2913 Sic
1137 2855 1197 2914 cati
1213 2873 1325 2926 sumus,
1341 2853 1485 2931 consequi
1498 2852 1648 2931 cupimus,
1664 2848 1783 2933 ntiqnsi

390 2947 421 3000 et
435 2937 550 2999 Paulus
565 2940 651 3000 Rom.
672 2943 736 3002 12:
763 2940 855 3001 Nulli
876 2941 997 3000 molum
1018 2958 1080 3015 pro
1135 2940 1241 3001 bemus
1256 2949 1285 3001 et
1300 2960 1355 3000 nos
1372 2939 1524 3020 proximis,
1540 2950 1688 3018 qusntnm
1703 2937 1783 3000 innsl

389 3027 476 3087 malo
490 3028 666 3102 reddentes,
683 3036 716 3088 et
730 3029 854 3088 itsmnr:
877 3030 949 3088 Non
968 3033 1082 3087 vosmet
1135 3035 1197 3101 est,
1221 3027 1414 3099 benedicere,
1439 3026 1537 3085 Deum
1561 3035 1728 3106 procantu
1748 3031 1782 3100 nt

389 3117 474 3190 ipsos
502 3115 725 3192 descendentes,
755 3112 786 3174 id
816 3124 864 3174 est
891 3115 1081 3175 ulciscentes.
1134 3123 1257 3195 peccato
1274 3115 1417 3185 conversi,
1438 3111 1477 3172 ad
1494 3111 1576 3180 illins
1591 3113 1783 3174 welsst'ubfl

389 3203 466 3263 Nem
482 3200 564 3282 quod
575 3203 616 3264 ad
628 3200 790 3263 vindictam
802 3198 955 3281 publicem
968 3201 1083 3272 attinet,
1136 3201 1277 3261 dictionis
1293 3198 1510 3260 baereditstem
1523 3219 1585 3259 nna
1599 3201 1783 3279 nobiscnmpr

391 3289 457 3367 ejus
483 3298 617 3368 potestus
643 3297 674 3348 et
695 3290 747 3367 jus
773 3289 813 3348 ed
839 3287 939 3347 Deum
965 3294 1083 3366 spectat
1136 3290 1268 3348 veniant
1292 3288 1430 3366 Regnum
1451 3283 1584 3346 coeleste
1599 3295 1726 3347 roratur
1738 3286 1783 3348 bes

391 3375 517 3455 ejusque
528 3377 685 3437 ministrrrs.
697 3374 735 3435 Id
747 3376 823 3435 enirn
836 3383 893 3445 est,
908 3372 987 3453 qnod
1001 3372 1082 3453 apnd
1135 3375 1243 3450 dietis,
1267 3376 1341 3452 qnia
1357 3372 1483 3434 effectus
1505 3382 1552 3434 est
1566 3371 1780 3434 benedictionis

390 3460 519 3522 Paulum
535 3465 690 3543 sequitur:
718 3461 779 3523 Sed
795 3461 868 3520 dote
883 3461 988 3522 laeum
1002 3463 1081 3520 ires.
1135 3461 1353 3522 beneficentiae
1371 3459 1495 3521 divinae
1514 3480 1588 3539 erga
1599 3479 1665 3521 nos
1688 3455 1783 3520 Nersl

390 3550 551 3626 &reprom
566 3557 611 3610 est
622 3554 726 3610 enim:
748 3549 829 3609 Milli
843 3548 985 3608 andero
992 3572 1004 3623 ,·
1028 3565 1083 3623 epo
1137 3548 1316 3609 benedicere
1328 3546 1510 3607 benefacere
1521 3553 1575 3607 est.
1598 3546 1731 3608 vocatur
1740 3543 1783 3616 ert

389 3636 577 3712 retribuam,
598 3637 675 3696 elisit
689 3638 857 3697 Dominus·
1136 3636 1334 3709 baereditas,
1366 3636 1439 3713 quis
1464 3633 1535 3711 jure
1566 3631 1736 3712 ereptionis
1758 3647 1783 3694 Ι

433 3723 496 3786 Sed
511 3726 705 3784 econtrario
728 3721 950 3783 benedicentes.
973 3718 1011 3779 Id
1027 3729 1083 3791 est,
1136 3725 1222 3782 velut
1236 3720 1457 3782 haereditatem
1473 3720 1626 3796 accepturi
1640 3738 1746 3782 snmus

392 3811 470 3872 berre
487 3819 662 3887 precamen.
693 3809 762 3869 Hoc
784 3810 865 3869 eninr
889 3809 1015 3887 opponit
1037 3826 1082 3867 se·
1182 3811 1231 3868 10.
1254 3811 1316 3886 Orsi
1332 3809 1416 3868 enim
1434 3807 1502 3866 nult
1524 3810 1627 3866 uitem
1642 3808 1782 3884 dilioero:

390 3897 489 3958 cnudo
515 3898 647 3958 membro
671 3897 825 3975 praecepti
846 3894 1026 3975 superioris;
1049 3914 1085 3954 ac
1138 3895 1204 3956 dies
1235 3896 1340 3956 videre
1374 3893 1481 3954 bonos.
1519 3892 1571 3954 Ad
1599 3887 1783 3968 benediosdt

391 3985 417 4044 ei
440 3981 537 4044 dicet:
568 3984 602 4047 si
625 3985 677 4065 qni
702 3981 873 4044 maledictis
895 3989 926 4041 et
946 3981 1084 4041 convitiis
1138 3982 1283 4062 proximis
1298 3981 1436 4041 hortatus
1451 3989 1508 4053 est,
1531 3982 1687 4059 proposito
1701 3979 1783 4060 μα’

390 4090 445 4131 ros
469 4072 634 4150 impetunt,
661 4090 716 4130 ros
739 4069 920 4129 econtrario
941 4066 1019 4128 bene
1039 4068 1085 4127 eie
1137 4067 1356 4128 benedictionis
1383 4066 1537 4127 coelestis.
1571 4064 1607 4125 ld
1635 4068 1726 4148 ipsam
1746 4075 1783 4130 11

390 4158 561 4238 precemini,
582 4157 662 4219 bene
683 4156 786 4219 velitis
809 4164 839 4215 et
858 4153 974 4235 optetis,
996 4154 1085 4215 etiem
1138 4157 1292 4215 confirmat
1308 4153 1406 4216 verbis
1422 4174 1437 4212 e
1455 4152 1578 4212 Psalmo
1594 4153 1646 4214 33.
1662 4143 1783 4228 deust

392 4242 505 4305 orendo
521 4264 575 4324 pro
591 4245 644 4304 eis.
668 4242 716 4304 lta
731 4262 854 4322 qnoque
868 4240 985 4302 Paulus
999 4241 1084 4302 Rom
1138 4242 1250 4321 quibus
1266 4241 1378 4302 bomini
1393 4241 1470 4300 bene
1484 4239 1590 4320 lingna
1603 4259 1660 4301 sna
1675 4237 1783 4310 ιιι-κω

393 4334 459 4392 12:
474 4332 657 4394 Benedicits
668 4329 928 4407 persequentibus
943 4346 1016 4405 oor‚·
1032 4327 1085 4387 bs·
1137 4329 1215 4388 bene
1226 4330 1348 4401 viventi,
1361 4327 1489 4388 felicitas
1502 4326 1694 4405 promittitur.
1712 4317 1783 4392 Μ

390 4417 526 4479 nedieite
541 4425 571 4479 et
589 4419 687 4479 nolite
707 4416 904 4477 maledicere.
927 4416 973 4476 De
997 4433 1084 4475 vocs·
1139 4424 1238 4475 autem
1255 4415 1357 4487 verba,
1372 4421 1462 4494 prout
1473 4412 1556 4494 apud
1572 4413 1672 4475 Lxx.
1688 4411 1783 4490 rogus

389 4503 462 4565 bulo
484 4498 645 4583 εὐλογεῖν,
669 4504 866 4577 benedicere,
890 4521 979 4583 quem
998 4521 1086 4562 nsum
1139 4503 1196 4562 nisi
1212 4501 1293 4580 qnod
1309 4521 1352 4574 es,
1378 4521 1458 4580 qnae
1474 4500 1638 4561 Psalmists
1656 4496 1783 4574 dicens

389 4590 501 4652 bsbeat
515 4593 547 4653 in
562 4591 717 4671 Scriptura
732 4610 827 4662 sacre,
843 4586 921 4660 vids,
936 4607 1018 4668 qnae
1033 4609 1084 4648 an·
1141 4587 1239 4649 conde
1255 4608 1394 4667 persons,
1417 4594 1517 4647 mutet
1536 4588 1706 4648 intertium.
1723 4585 1783 4670 dt!

392 4679 561 4739 notavimus
576 4677 616 4739 sd
631 4676 759 4740 eundem
775 4675 862 4736 Pauli
878 4675 985 4733 locum.
1140 4695 1199 4754 qne
1221 4677 1298 4735 inter
1312 4673 1455 4735 Hebraea
1478 4681 1509 4732 et
1525 4672 1644 4734 Graece
1665 4693 1684 4753 q
1703 4671 1710 4687 ⁸
1757 4737 1760 4742 ,

435 4767 518 4842 Quia
533 4767 569 4825 in
590 4767 647 4826 boc
669 4765 774 4826 versati
795 4765 876 4835 estis,
898 4768 935 4822 ret
957 4761 1086 4822 benedi·
1140 4760 1222 4835 qnod
1238 4761 1275 4819 ad
1292 4780 1413 4821 sensum
1435 4760 1551 4830 attinet,
1579 4769 1626 4820 est
1649 4757 1678 4820 di
1722 4757 1730 4774 '

392 4852 526 4911 οίίοοοηι
536 4851 730 4912 baereditote
742 4849 938 4925 possidentis.
954 4845 1086 4909 Graece:
1141 4849 1200 4909 Hic
1216 4836 1336 4926 quidem
1353 4866 1458 4907 versus
1473 4848 1517 4906 sic
1532 4847 1563 4907 in
1576 4845 1695 4910 Psalmo

392 4938 540 5011 ficientes,
563 4939 649 5014 qood
672 4937 717 4997 nd
737 4937 795 4998 boe
819 4938 924 4996 uocati
946 4936 1017 4994 estis
1031 4941 1086 4996 etc.
1143 4938 1218 5015 Qor's
1238 4943 1281 4996 est
1296 4935 1399 5008 borno,
1428 4935 1484 5012 qui
1509 4933 1577 4996 ursit
1600 4935 1727 5010 os‘trrsu,¹

391 5021 537 5086 Bituism
547 5032 649 5086 anum
660 5021 692 5085 id
703 5029 864 5105 exponunt.
887 5019 1021 5104 Quidam
1031 5023 1087 5083 sic:
1110 4987 1116 5103 l
1144 5022 1210 5084 dier
1233 5023 1341 5084 videre
1363 5020 1484 5084 bonos?
1507 5020 1709 5084 verentem
1722 5013 1783 5100 Η
