<?xml version="1.0" encoding="UTF-8"?>
<!DOCTYPE html PUBLIC "-//W3C//DTD XHTML 1.0 Transitional//EN"
    "http://www.w3.org/TR/xhtml1/DTD/xhtml1-transitional.dtd">
<html xmlns="http://www.w3.org/1999/xhtml" xml:lang="en" lang="en">
 <head>
  <title>
</title>
<meta http-equiv="Content-Type" content="text/html;charset=utf-8" />
  <meta name='ocr-system' content='tesseract 3.04.00' />
  <meta name='ocr-capabilities' content='ocr_page ocr_carea ocr_par ocr_line ocrx_word'/>
</head>
<body>
  <div class='ocr_page' id='page_1' title='image "./guilielmiestiii01estigoog_0585.png"; bbox 0 0 4442 5825; ppageno 0'>
   <div class='ocr_carea' id='block_1_1' title="bbox 646 553 1676 641">
    <p class='ocr_par' dir='ltr' id='par_1_1' title="bbox 646 553 1676 641">
     <span class='ocr_line' id='line_1_1' title="bbox 646 553 1676 641; baseline 0.011 -29"><span class='ocrx_word' id='word_1_1' title='bbox 646 554 809 613; x_wconf 67' lang='lat' dir='ltr'>trimum</span> <span class='ocrx_word' id='word_1_2' title='bbox 826 558 844 612; x_wconf 92' lang='lat' dir='ltr'>l.</span> <span class='ocrx_word' id='word_1_3' title='bbox 862 553 951 612; x_wconf 75' lang='lat' dir='ltr'>eneti</span> <span class='ocrx_word' id='word_1_4' title='bbox 966 555 1061 613; x_wconf 70' lang='lat' dir='ltr'>imi.</span> <span class='ocrx_word' id='word_1_5' title='bbox 1078 555 1162 612; x_wconf 77' lang='lat' dir='ltr'>vites.</span> <span class='ocrx_word' id='word_1_6' title='bbox 1182 559 1206 611; x_wconf 79' lang='grc'>8.</span> <span class='ocrx_word' id='word_1_7' title='bbox 1223 558 1247 610; x_wconf 76' lang='lat' dir='ltr'>l.</span> <span class='ocrx_word' id='word_1_8' title='bbox 1603 564 1676 641; x_wconf 70' lang='lat'>575</span> 
     </span>
    </p>
   </div>
   <div class='ocr_carea' id='block_1_2' title="bbox 371 733 1686 5076">
    <p class='ocr_par' dir='ltr' id='par_1_2' title="bbox 371 733 1679 1771">
     <span class='ocr_line' id='line_1_2' title="bbox 371 733 1676 817; baseline 0.002 -22"><span class='ocrx_word' id='word_1_9' title='bbox 371 754 418 817; x_wconf 75' lang='lat' dir='ltr'>[us</span> <span class='ocrx_word' id='word_1_10' title='bbox 438 739 570 808; x_wconf 74' lang='lat' dir='ltr'>vetem,</span> <span class='ocrx_word' id='word_1_11' title='bbox 599 734 688 795; x_wconf 85' lang='lat' dir='ltr'>etism</span> <span class='ocrx_word' id='word_1_12' title='bbox 712 753 750 795; x_wconf 84' lang='lat' dir='ltr'>ex</span> <span class='ocrx_word' id='word_1_13' title='bbox 764 734 825 795; x_wconf 89' lang='lat' dir='ltr'>Dei</span> <span class='ocrx_word' id='word_1_14' title='bbox 841 754 928 815; x_wconf 90' lang='lat' dir='ltr'>prae·</span> <span class='ocrx_word' id='word_1_15' title='bbox 984 736 1096 816; x_wconf 85' lang='lat' dir='ltr'>species</span> <span class='ocrx_word' id='word_1_16' title='bbox 1112 733 1287 797; x_wconf 84' lang='lat' dir='ltr'>dominandi</span> <span class='ocrx_word' id='word_1_17' title='bbox 1301 737 1332 797; x_wconf 91' lang='lat' dir='ltr'>in</span> <span class='ocrx_word' id='word_1_18' title='bbox 1356 734 1473 816; x_wconf 79' lang='lat' dir='ltr'>plebem</span> <span class='ocrx_word' id='word_1_19' title='bbox 1494 736 1676 816; x_wconf 66' lang='lat' dir='ltr'>subjectam</span> 
     </span>
     <span class='ocr_line' id='line_1_3' title="bbox 371 820 1677 903; baseline 0 -20"><span class='ocrx_word' id='word_1_20' title='bbox 371 821 526 883; x_wconf 80' lang='lat' dir='ltr'>utebantur</span> <span class='ocrx_word' id='word_1_21' title='bbox 551 823 583 882; x_wconf 93' lang='lat' dir='ltr'>iu</span> <span class='ocrx_word' id='word_1_22' title='bbox 611 820 818 883; x_wconf 85' lang='lat' dir='ltr'>distribuenda</span> <span class='ocrx_word' id='word_1_23' title='bbox 850 832 929 884; x_wconf 88' lang='lat' dir='ltr'>terre</span> <span class='ocrx_word' id='word_1_24' title='bbox 983 824 1144 903; x_wconf 88' lang='lat' dir='ltr'>potiusque</span> <span class='ocrx_word' id='word_1_25' title='bbox 1159 842 1225 883; x_wconf 90' lang='lat' dir='ltr'>sese</span> <span class='ocrx_word' id='word_1_26' title='bbox 1241 842 1296 903; x_wconf 90' lang='lat' dir='ltr'>per</span> <span class='ocrx_word' id='word_1_27' title='bbox 1310 821 1507 883; x_wconf 88' lang='lat' dir='ltr'>humilitatem</span> <span class='ocrx_word' id='word_1_28' title='bbox 1522 834 1630 902; x_wconf 77' lang='lat' dir='ltr'>gerant</span> <span class='ocrx_word' id='word_1_29' title='bbox 1644 834 1677 884; x_wconf 93' lang='lat' dir='ltr'>ut</span> 
     </span>
     <span class='ocr_line' id='line_1_4' title="bbox 372 908 1676 990; baseline 0 -19"><span class='ocrx_word' id='word_1_30' title='bbox 372 909 406 971; x_wconf 92' lang='lat' dir='ltr'>iu</span> <span class='ocrx_word' id='word_1_31' title='bbox 419 909 647 990; x_wconf 78' lang='lat' dir='ltr'>pomessionem.</span> <span class='ocrx_word' id='word_1_32' title='bbox 670 908 751 969; x_wconf 86' lang='lat' dir='ltr'>Hinc</span> <span class='ocrx_word' id='word_1_33' title='bbox 766 911 846 969; x_wconf 89' lang='lat' dir='ltr'>enim</span> <span class='ocrx_word' id='word_1_34' title='bbox 862 929 927 989; x_wconf 88' lang='lat' dir='ltr'>par·</span> <span class='ocrx_word' id='word_1_35' title='bbox 982 911 1134 970; x_wconf 88' lang='lat' dir='ltr'>ministros</span> <span class='ocrx_word' id='word_1_36' title='bbox 1150 929 1267 983; x_wconf 89' lang='lat' dir='ltr'>eorum,</span> <span class='ocrx_word' id='word_1_37' title='bbox 1291 911 1401 990; x_wconf 89' lang='lat' dir='ltr'>quibus</span> <span class='ocrx_word' id='word_1_38' title='bbox 1415 920 1572 989; x_wconf 90' lang='lat' dir='ltr'>praesunt,</span> <span class='ocrx_word' id='word_1_39' title='bbox 1600 912 1676 971; x_wconf 85' lang='lat' dir='ltr'>atrli·</span> 
     </span>
     <span class='ocr_line' id='line_1_5' title="bbox 371 990 1677 1077; baseline 0.001 -20"><span class='ocrx_word' id='word_1_40' title='bbox 371 995 525 1075; x_wconf 87' lang='lat' dir='ltr'>esingulis</span> <span class='ocrx_word' id='word_1_41' title='bbox 540 994 741 1069; x_wconf 84' lang='lat' dir='ltr'>obvenerant,</span> <span class='ocrx_word' id='word_1_42' title='bbox 761 990 880 1074; x_wconf 70' lang='lat' dir='ltr'>clippei,</span> <span class='ocrx_word' id='word_1_43' title='bbox 897 996 929 1056; x_wconf 91' lang='lat' dir='ltr'>id</span> <span class='ocrx_word' id='word_1_44' title='bbox 982 1004 1075 1056; x_wconf 87' lang='lat' dir='ltr'>tetam</span> <span class='ocrx_word' id='word_1_45' title='bbox 1106 998 1236 1076; x_wconf 88' lang='lat' dir='ltr'>ipsorum</span> <span class='ocrx_word' id='word_1_46' title='bbox 1262 996 1447 1077; x_wconf 88' lang='lat' dir='ltr'>spiritualem</span> <span class='ocrx_word' id='word_1_47' title='bbox 1473 999 1552 1057; x_wconf 92' lang='lat' dir='ltr'>omui</span> <span class='ocrx_word' id='word_1_48' title='bbox 1577 997 1677 1060; x_wconf 84' lang='lat' dir='ltr'>studio</span> 
     </span>
     <span class='ocr_line' id='line_1_6' title="bbox 371 1080 1677 1164; baseline 0.003 -23"><span class='ocrx_word' id='word_1_49' title='bbox 371 1100 394 1157; x_wconf 91' lang='lat' dir='ltr'>s,</span> <span class='ocrx_word' id='word_1_50' title='bbox 411 1082 603 1145; x_wconf 83' lang='lat' dir='ltr'>vocabantur.</span> <span class='ocrx_word' id='word_1_51' title='bbox 628 1080 718 1142; x_wconf 85' lang='lat' dir='ltr'>Unde</span> <span class='ocrx_word' id='word_1_52' title='bbox 732 1082 845 1142; x_wconf 87' lang='lat' dir='ltr'>Pselm.</span> <span class='ocrx_word' id='word_1_53' title='bbox 863 1086 928 1143; x_wconf 82' lang='lat'><strong>67.:</strong></span> <span class='ocrx_word' id='word_1_54' title='bbox 982 1091 1192 1163; x_wconf 71' lang='lat' dir='ltr'>procurantes,</span> <span class='ocrx_word' id='word_1_55' title='bbox 1204 1083 1294 1161; x_wconf 83' lang='lat' dir='ltr'>juxte</span> <span class='ocrx_word' id='word_1_56' title='bbox 1309 1084 1389 1164; x_wconf 90' lang='lat' dir='ltr'>quod</span> <span class='ocrx_word' id='word_1_57' title='bbox 1402 1085 1549 1144; x_wconf 82' lang='lat' dir='ltr'>Dominus</span> <span class='ocrx_word' id='word_1_58' title='bbox 1566 1083 1677 1145; x_wconf 82' lang='lat' dir='ltr'>ibidem</span> 
     </span>
     <span class='ocr_line' id='line_1_7' title="bbox 371 1168 1679 1251; baseline 0.005 -26"><span class='ocrx_word' id='word_1_59' title='bbox 371 1171 451 1229; x_wconf 73' lang='lat' dir='ltr'>riutis</span> <span class='ocrx_word' id='word_1_60' title='bbox 463 1172 549 1230; x_wconf 80' lang='lat' dir='ltr'>ieter</span> <span class='ocrx_word' id='word_1_61' title='bbox 562 1168 680 1229; x_wconf 84' lang='lat' dir='ltr'>medios</span> <span class='ocrx_word' id='word_1_62' title='bbox 694 1171 808 1245; x_wconf 82' lang='lat' dir='ltr'>cleros,</span> <span class='ocrx_word' id='word_1_63' title='bbox 836 1168 866 1228; x_wconf 90' lang='lat' dir='ltr'>id</span> <span class='ocrx_word' id='word_1_64' title='bbox 882 1178 930 1229; x_wconf 90' lang='lat' dir='ltr'>est</span> <span class='ocrx_word' id='word_1_65' title='bbox 982 1178 1198 1250; x_wconf 77' lang='lat' dir='ltr'>consequenter</span> <span class='ocrx_word' id='word_1_66' title='bbox 1212 1172 1376 1251; x_wconf 83' lang='lat' dir='ltr'>praecipit:</span> <span class='ocrx_word' id='word_1_67' title='bbox 1405 1170 1467 1232; x_wconf 77' lang='lat' dir='ltr'>Sed</span> <span class='ocrx_word' id='word_1_68' title='bbox 1491 1175 1679 1249; x_wconf 77' lang='lat' dir='ltr'>quicumque</span> 
     </span>
     <span class='ocr_line' id='line_1_8' title="bbox 371 1256 1678 1334; baseline 0.001 -19"><span class='ocrx_word' id='word_1_69' title='bbox 371 1278 376 1315; x_wconf 78' lang='grc' dir='ltr'>ι</span> <span class='ocrx_word' id='word_1_70' title='bbox 391 1259 516 1319; x_wconf 85' lang='lat' dir='ltr'>sortium</span> <span class='ocrx_word' id='word_1_71' title='bbox 532 1264 706 1316; x_wconf 75' lang='lat' dir='ltr'>sesmarum.</span> <span class='ocrx_word' id='word_1_72' title='bbox 981 1257 1119 1318; x_wconf 84' lang='lat' dir='ltr'>voluerit</span> <span class='ocrx_word' id='word_1_73' title='bbox 1133 1260 1218 1317; x_wconf 82' lang='lat' dir='ltr'>inter</span> <span class='ocrx_word' id='word_1_74' title='bbox 1232 1275 1288 1317; x_wconf 86' lang='lat' dir='ltr'>vor</span> <span class='ocrx_word' id='word_1_75' title='bbox 1298 1261 1404 1333; x_wconf 77' lang='lat' dir='ltr'>major</span> <span class='ocrx_word' id='word_1_76' title='bbox 1415 1256 1487 1334; x_wconf 76' lang='lat' dir='ltr'>lieri</span> <span class='ocrx_word' id='word_1_77' title='bbox 1494 1301 1505 1333; x_wconf 92' lang='lat'>,</span> <span class='ocrx_word' id='word_1_78' title='bbox 1521 1261 1561 1320; x_wconf 84' lang='lat' dir='ltr'>cit</span> <span class='ocrx_word' id='word_1_79' title='bbox 1575 1265 1678 1319; x_wconf 78' lang='lat' dir='ltr'>vester</span> 
     </span>
     <span class='ocr_line' id='line_1_9' title="bbox 376 1342 1676 1424; baseline -0.001 -19"><span class='ocrx_word' id='word_1_80' title='bbox 376 1350 471 1405; x_wconf 78' lang='lat' dir='ltr'>mmm</span> <span class='ocrx_word' id='word_1_81' title='bbox 495 1361 616 1423; x_wconf 79' lang='lat' dir='ltr'>gregem</span> <span class='ocrx_word' id='word_1_82' title='bbox 638 1345 759 1403; x_wconf 89' lang='lat' dir='ltr'>nomine</span> <span class='ocrx_word' id='word_1_83' title='bbox 782 1344 858 1403; x_wconf 85' lang='lat' dir='ltr'>oleri</span> <span class='ocrx_word' id='word_1_84' title='bbox 880 1343 929 1403; x_wconf 89' lang='lat' dir='ltr'>bic</span> <span class='ocrx_word' id='word_1_85' title='bbox 980 1347 1134 1404; x_wconf 84' lang='lat' dir='ltr'>minister.</span> <span class='ocrx_word' id='word_1_86' title='bbox 1158 1342 1249 1422; x_wconf 78' lang='lat' dir='ltr'>Quod</span> <span class='ocrx_word' id='word_1_87' title='bbox 1264 1345 1385 1424; x_wconf 89' lang='lat' dir='ltr'>quidem</span> <span class='ocrx_word' id='word_1_88' title='bbox 1400 1344 1596 1405; x_wconf 89' lang='lat' dir='ltr'>ministerium</span> <span class='ocrx_word' id='word_1_89' title='bbox 1608 1365 1676 1405; x_wconf 92' lang='lat' dir='ltr'>con·</span> 
     </span>
     <span class='ocr_line' id='line_1_10' title="bbox 371 1427 1675 1511; baseline 0.001 -21"><span class='ocrx_word' id='word_1_90' title='bbox 371 1431 474 1503; x_wconf 86' lang='lat' dir='ltr'>,setis</span> <span class='ocrx_word' id='word_1_91' title='bbox 489 1432 592 1510; x_wconf 84' lang='lat' dir='ltr'>arguit</span> <span class='ocrx_word' id='word_1_92' title='bbox 605 1427 814 1502; x_wconf 77' lang='lat' dir='ltr'>adversative,</span> <span class='ocrx_word' id='word_1_93' title='bbox 838 1450 928 1510; x_wconf 89' lang='lat' dir='ltr'>qnam</span> <span class='ocrx_word' id='word_1_94' title='bbox 981 1431 1059 1490; x_wconf 87' lang='lat' dir='ltr'>sistit</span> <span class='ocrx_word' id='word_1_95' title='bbox 1085 1451 1145 1490; x_wconf 92' lang='lat' dir='ltr'>non</span> <span class='ocrx_word' id='word_1_96' title='bbox 1171 1430 1267 1491; x_wconf 89' lang='lat' dir='ltr'>solnm</span> <span class='ocrx_word' id='word_1_97' title='bbox 1294 1431 1326 1491; x_wconf 91' lang='lat' dir='ltr'>iu</span> <span class='ocrx_word' id='word_1_98' title='bbox 1349 1429 1484 1492; x_wconf 88' lang='lat' dir='ltr'>docendo</span> <span class='ocrx_word' id='word_1_99' title='bbox 1507 1450 1543 1492; x_wconf 85' lang='lat' dir='ltr'>ec</span> <span class='ocrx_word' id='word_1_100' title='bbox 1565 1433 1675 1511; x_wconf 76' lang='lat' dir='ltr'>praeci·</span> 
     </span>
     <span class='ocr_line' id='line_1_11' title="bbox 371 1515 1678 1596; baseline 0.002 -19"><span class='ocrx_word' id='word_1_101' title='bbox 371 1516 442 1577; x_wconf 89' lang='lat' dir='ltr'>scit:</span> <span class='ocrx_word' id='word_1_102' title='bbox 465 1518 537 1579; x_wconf 80' lang='lat' dir='ltr'>Noe</span> <span class='ocrx_word' id='word_1_103' title='bbox 556 1516 757 1578; x_wconf 83' lang='lat' dir='ltr'>dominantes</span> <span class='ocrx_word' id='word_1_104' title='bbox 775 1520 810 1577; x_wconf 83' lang='lat' dir='ltr'>ie</span> <span class='ocrx_word' id='word_1_105' title='bbox 826 1517 927 1593; x_wconf 85' lang='lat' dir='ltr'>cleris,</span> <span class='ocrx_word' id='word_1_106' title='bbox 981 1515 1107 1596; x_wconf 80' lang='lat' dir='ltr'>piendo,</span> <span class='ocrx_word' id='word_1_107' title='bbox 1130 1519 1342 1578; x_wconf 85' lang='lat' dir='ltr'>verumetiam</span> <span class='ocrx_word' id='word_1_108' title='bbox 1365 1518 1395 1578; x_wconf 89' lang='lat' dir='ltr'>in</span> <span class='ocrx_word' id='word_1_109' title='bbox 1418 1517 1595 1579; x_wconf 83' lang='lat' dir='ltr'>exhibendis</span> <span class='ocrx_word' id='word_1_110' title='bbox 1610 1538 1678 1581; x_wconf 89' lang='lat' dir='ltr'>aan-</span> 
     </span>
     <span class='ocr_line' id='line_1_12' title="bbox 371 1603 1675 1684; baseline 0.001 -20"><span class='ocrx_word' id='word_1_111' title='bbox 371 1621 408 1664; x_wconf 85' lang='lat' dir='ltr'>eu</span> <span class='ocrx_word' id='word_1_112' title='bbox 428 1605 511 1682; x_wconf 76' lang='lat' dir='ltr'>{acti</span> <span class='ocrx_word' id='word_1_113' title='bbox 531 1606 650 1680; x_wconf 56' lang='lat' dir='ltr'>propin</span> <span class='ocrx_word' id='word_1_114' title='bbox 677 1611 829 1683; x_wconf 72' lang='lat' dir='ltr'>mmqnam</span> <span class='ocrx_word' id='word_1_115' title='bbox 848 1603 927 1664; x_wconf 90' lang='lat' dir='ltr'>idem</span> <span class='ocrx_word' id='word_1_116' title='bbox 981 1612 1046 1663; x_wconf 83' lang='lat' dir='ltr'>ctae</span> <span class='ocrx_word' id='word_1_117' title='bbox 1068 1605 1303 1665; x_wconf 79' lang='lat' dir='ltr'>conversationis</span> <span class='ocrx_word' id='word_1_118' title='bbox 1326 1605 1483 1684; x_wconf 84' lang='lat' dir='ltr'>exemplis.</span> <span class='ocrx_word' id='word_1_119' title='bbox 1521 1604 1611 1667; x_wconf 85' lang='lat' dir='ltr'>Unde</span> <span class='ocrx_word' id='word_1_120' title='bbox 1630 1625 1675 1667; x_wconf 87' lang='lat' dir='ltr'>sc·</span> 
     </span>
     <span class='ocr_line' id='line_1_13' title="bbox 371 1689 1100 1771; baseline -0.004 -19"><span class='ocrx_word' id='word_1_121' title='bbox 371 1701 433 1752; x_wconf 72' lang='lat' dir='ltr'>eet</span> <span class='ocrx_word' id='word_1_122' title='bbox 450 1709 535 1767; x_wconf 68' lang='lat' dir='ltr'>yses.</span> <span class='ocrx_word' id='word_1_123' title='bbox 574 1690 767 1770; x_wconf 82' lang='lat' dir='ltr'>Quapropter</span> <span class='ocrx_word' id='word_1_124' title='bbox 789 1698 819 1750; x_wconf 91' lang='lat' dir='ltr'>et</span> <span class='ocrx_word' id='word_1_125' title='bbox 832 1689 927 1771; x_wconf 84' lang='lat' dir='ltr'>Syrus</span> <span class='ocrx_word' id='word_1_126' title='bbox 982 1691 1100 1769; x_wconf 85' lang='lat' dir='ltr'>quitur:</span> 
     </span>
    </p>

    <p class='ocr_par' dir='ltr' id='par_1_3' title="bbox 371 1777 1678 3680">
     <span class='ocr_line' id='line_1_14' title="bbox 371 1777 1676 1858; baseline 0.002 -20"><span class='ocrx_word' id='word_1_127' title='bbox 371 1797 450 1858; x_wconf 83' lang='lat' dir='ltr'>spru</span> <span class='ocrx_word' id='word_1_128' title='bbox 463 1778 688 1852; x_wconf 75' lang='lat' dir='ltr'>clerisprepem</span> <span class='ocrx_word' id='word_1_129' title='bbox 704 1778 837 1857; x_wconf 76' lang='lat' dir='ltr'>scripsit:</span> <span class='ocrx_word' id='word_1_130' title='bbox 854 1779 927 1839; x_wconf 81' lang='lat' dir='ltr'>Noa</span> <span class='ocrx_word' id='word_1_131' title='bbox 1023 1777 1085 1839; x_wconf 73' lang='lat' dir='ltr'>Sed</span> <span class='ocrx_word' id='word_1_132' title='bbox 1111 1777 1222 1855; x_wconf 72' lang='lat' dir='ltr'>forme</span> <span class='ocrx_word' id='word_1_133' title='bbox 1249 1778 1330 1855; x_wconf 74' lang='lat' dir='ltr'>(ceti</span> <span class='ocrx_word' id='word_1_134' title='bbox 1358 1781 1461 1855; x_wconf 68' lang='lat' dir='ltr'>precia</span> <span class='ocrx_word' id='word_1_135' title='bbox 1489 1796 1528 1839; x_wconf 80' lang='lat' dir='ltr'>ec</span> <span class='ocrx_word' id='word_1_136' title='bbox 1556 1782 1676 1841; x_wconf 83' lang='lat' dir='ltr'>animo.</span> 
     </span>
     <span class='ocr_line' id='line_1_15' title="bbox 371 1862 1677 1944; baseline 0.002 -18"><span class='ocrx_word' id='word_1_137' title='bbox 371 1885 395 1926; x_wconf 88' lang='lat' dir='ltr'>m</span> <span class='ocrx_word' id='word_1_138' title='bbox 414 1867 549 1927; x_wconf 79' lang='lat' dir='ltr'>Domini</span> <span class='ocrx_word' id='word_1_139' title='bbox 567 1867 671 1942; x_wconf 72' lang='lat' dir='ltr'>gregis</span> <span class='ocrx_word' id='word_1_140' title='bbox 692 1871 746 1925; x_wconf 86' lang='lat' dir='ltr'>etc.</span> <span class='ocrx_word' id='word_1_141' title='bbox 784 1864 928 1944; x_wconf 87' lang='lat' dir='ltr'>Denique</span> <span class='ocrx_word' id='word_1_142' title='bbox 980 1862 1096 1924; x_wconf 86' lang='lat' dir='ltr'>Graeca</span> <span class='ocrx_word' id='word_1_143' title='bbox 1111 1871 1142 1924; x_wconf 86' lang='lat' dir='ltr'>et</span> <span class='ocrx_word' id='word_1_144' title='bbox 1157 1864 1235 1943; x_wconf 81' lang='lat' dir='ltr'>Syra</span> <span class='ocrx_word' id='word_1_145' title='bbox 1250 1885 1309 1925; x_wconf 89' lang='lat' dir='ltr'>non</span> <span class='ocrx_word' id='word_1_146' title='bbox 1331 1863 1445 1926; x_wconf 89' lang='lat' dir='ltr'>habent</span> <span class='ocrx_word' id='word_1_147' title='bbox 1464 1865 1611 1927; x_wconf 85' lang='lat' dir='ltr'>edditum:</span> <span class='ocrx_word' id='word_1_148' title='bbox 1638 1885 1677 1929; x_wconf 72' lang='lat' dir='ltr'>etc</span> 
     </span>
     <span class='ocr_line' id='line_1_16' title="bbox 371 1950 1676 2033; baseline 0 -20"><span class='ocrx_word' id='word_1_149' title='bbox 371 1960 491 2014; x_wconf 88' lang='lat' dir='ltr'>suetum</span> <span class='ocrx_word' id='word_1_150' title='bbox 520 1960 582 2025; x_wconf 88' lang='lat' dir='ltr'>est,</span> <span class='ocrx_word' id='word_1_151' title='bbox 617 1952 743 2012; x_wconf 87' lang='lat' dir='ltr'>clericos</span> <span class='ocrx_word' id='word_1_152' title='bbox 771 1951 928 2030; x_wconf 80' lang='lat' dir='ltr'>appellare</span> <span class='ocrx_word' id='word_1_153' title='bbox 980 1953 1098 2011; x_wconf 81' lang='lat' dir='ltr'>animo.</span> <span class='ocrx_word' id='word_1_154' title='bbox 1140 1950 1312 2012; x_wconf 88' lang='lat' dir='ltr'>Bernardus</span> <span class='ocrx_word' id='word_1_155' title='bbox 1341 1972 1462 2033; x_wconf 89' lang='lat' dir='ltr'>quoque</span> <span class='ocrx_word' id='word_1_156' title='bbox 1491 1974 1550 2015; x_wconf 90' lang='lat' dir='ltr'>uon</span> <span class='ocrx_word' id='word_1_157' title='bbox 1580 1951 1676 2027; x_wconf 86' lang='lat' dir='ltr'>addit,</span> 
     </span>
     <span class='ocr_line' id='line_1_17' title="bbox 371 2036 1678 2118; baseline 0.003 -23"><span class='ocrx_word' id='word_1_158' title='bbox 371 2039 528 2113; x_wconf 66' lang='lat' dir='ltr'>iluraliter,</span> <span class='ocrx_word' id='word_1_159' title='bbox 558 2036 612 2099; x_wconf 89' lang='lat' dir='ltr'>aed</span> <span class='ocrx_word' id='word_1_160' title='bbox 642 2039 778 2114; x_wconf 77' lang='lat' dir='ltr'>clamem,</span> <span class='ocrx_word' id='word_1_161' title='bbox 809 2039 928 2099; x_wconf 88' lang='lat' dir='ltr'>nomine</span> <span class='ocrx_word' id='word_1_162' title='bbox 980 2039 1077 2098; x_wconf 88' lang='lat' dir='ltr'>citans</span> <span class='ocrx_word' id='word_1_163' title='bbox 1098 2036 1178 2098; x_wconf 86' lang='lat' dir='ltr'>hunc</span> <span class='ocrx_word' id='word_1_164' title='bbox 1201 2038 1299 2099; x_wconf 88' lang='lat' dir='ltr'>locum</span> <span class='ocrx_word' id='word_1_165' title='bbox 1319 2039 1535 2118; x_wconf 78' lang='lat' dir='ltr'>epistola23&#39;i.</span> <span class='ocrx_word' id='word_1_166' title='bbox 1558 2038 1678 2101; x_wconf 89' lang='lat' dir='ltr'>Deinde</span> 
     </span>
     <span class='ocr_line' id='line_1_18' title="bbox 371 2119 1674 2205; baseline -0.002 -16"><span class='ocrx_word' id='word_1_167' title='bbox 371 2147 396 2189; x_wconf 90' lang='lat' dir='ltr'>o.</span> <span class='ocrx_word' id='word_1_168' title='bbox 979 2143 1037 2185; x_wconf 89' lang='lat' dir='ltr'>nec</span> <span class='ocrx_word' id='word_1_169' title='bbox 1051 2134 1095 2185; x_wconf 85' lang='lat' dir='ltr'>eet</span> <span class='ocrx_word' id='word_1_170' title='bbox 1111 2123 1406 2203; x_wconf 73' lang='lat' dir='ltr'>inGreecosorme,</span> <span class='ocrx_word' id='word_1_171' title='bbox 1422 2125 1478 2188; x_wconf 89' lang='lat' dir='ltr'>sed</span> <span class='ocrx_word' id='word_1_172' title='bbox 1490 2119 1585 2202; x_wconf 76' lang='grc' dir='ltr'>τύποι,</span> <span class='ocrx_word' id='word_1_173' title='bbox 1601 2128 1674 2205; x_wconf 73' lang='lat' dir='ltr'>(cr-</span> 
     </span>
     <span class='ocr_line' id='line_1_19' title="bbox 371 2210 1676 2295; baseline 0 -21"><span class='ocrx_word' id='word_1_174' title='bbox 371 2215 405 2274; x_wconf 87' lang='lat' dir='ltr'>de</span> <span class='ocrx_word' id='word_1_175' title='bbox 430 2234 491 2274; x_wconf 92' lang='lat' dir='ltr'>non</span> <span class='ocrx_word' id='word_1_176' title='bbox 518 2211 706 2283; x_wconf 84' lang='lat' dir='ltr'>dubitemus,</span> <span class='ocrx_word' id='word_1_177' title='bbox 734 2210 814 2271; x_wconf 87' lang='lat' dir='ltr'>hunc</span> <span class='ocrx_word' id='word_1_178' title='bbox 839 2211 924 2272; x_wconf 88' lang='lat' dir='ltr'>intel·</span> <span class='ocrx_word' id='word_1_179' title='bbox 979 2230 1066 2286; x_wconf 85' lang='lat' dir='ltr'>mac,</span> <span class='ocrx_word' id='word_1_180' title='bbox 1095 2210 1203 2291; x_wconf 92' lang='lat' dir='ltr'>plurali</span> <span class='ocrx_word' id='word_1_181' title='bbox 1230 2231 1371 2286; x_wconf 87' lang='lat' dir='ltr'>numero,</span> <span class='ocrx_word' id='word_1_182' title='bbox 1401 2212 1483 2294; x_wconf 89' lang='lat' dir='ltr'>quod</span> <span class='ocrx_word' id='word_1_183' title='bbox 1513 2222 1541 2274; x_wconf 82' lang='lat' dir='ltr'>et</span> <span class='ocrx_word' id='word_1_184' title='bbox 1571 2213 1676 2295; x_wconf 81' lang='lat' dir='ltr'>legunt</span> 
     </span>
     <span class='ocr_line' id='line_1_20' title="bbox 378 2297 1675 2382; baseline 0.001 -21"><span class='ocrx_word' id='word_1_185' title='bbox 378 2320 438 2382; x_wconf 79' lang='lat' dir='ltr'>quo</span> <span class='ocrx_word' id='word_1_186' title='bbox 463 2300 534 2361; x_wconf 90' lang='lat' dir='ltr'>cleri</span> <span class='ocrx_word' id='word_1_187' title='bbox 553 2298 732 2361; x_wconf 83' lang='lat' dir='ltr'>vocabulum</span> <span class='ocrx_word' id='word_1_188' title='bbox 755 2298 926 2359; x_wconf 83' lang='lat' dir='ltr'>extenditur</span> <span class='ocrx_word' id='word_1_189' title='bbox 979 2298 1066 2358; x_wconf 89' lang='lat' dir='ltr'>multi</span> <span class='ocrx_word' id='word_1_190' title='bbox 1080 2297 1262 2379; x_wconf 88' lang='lat' dir='ltr'>probatique</span> <span class='ocrx_word' id='word_1_191' title='bbox 1277 2298 1396 2359; x_wconf 88' lang='lat' dir='ltr'>codices</span> <span class='ocrx_word' id='word_1_192' title='bbox 1411 2302 1526 2375; x_wconf 85' lang='lat' dir='ltr'>Letini,</span> <span class='ocrx_word' id='word_1_193' title='bbox 1549 2309 1610 2361; x_wconf 88' lang='lat' dir='ltr'>tsm</span> <span class='ocrx_word' id='word_1_194' title='bbox 1626 2320 1675 2362; x_wconf 83' lang='lat' dir='ltr'>ve·</span> 
     </span>
     <span class='ocr_line' id='line_1_21' title="bbox 371 2385 1675 2469; baseline -0.002 -19"><span class='ocrx_word' id='word_1_195' title='bbox 371 2407 521 2469; x_wconf 85' lang='lat' dir='ltr'>rgregem</span> <span class='ocrx_word' id='word_1_196' title='bbox 544 2389 654 2467; x_wconf 83' lang='lat' dir='ltr'>cuique</span> <span class='ocrx_word' id='word_1_197' title='bbox 668 2386 821 2465; x_wconf 79' lang='lat' dir='ltr'>Episcopo</span> <span class='ocrx_word' id='word_1_198' title='bbox 843 2387 925 2445; x_wconf 88' lang='lat' dir='ltr'>attri-</span> <span class='ocrx_word' id='word_1_199' title='bbox 979 2385 1065 2460; x_wconf 89' lang='lat' dir='ltr'>tueti,</span> <span class='ocrx_word' id='word_1_200' title='bbox 1093 2405 1183 2465; x_wconf 89' lang='lat' dir='ltr'>quem</span> <span class='ocrx_word' id='word_1_201' title='bbox 1208 2387 1400 2447; x_wconf 85' lang='lat' dir='ltr'>recentiores.</span> <span class='ocrx_word' id='word_1_202' title='bbox 1440 2387 1554 2448; x_wconf 85' lang='lat' dir='ltr'>Sensus</span> <span class='ocrx_word' id='word_1_203' title='bbox 1575 2395 1675 2448; x_wconf 86' lang='lat' dir='ltr'>sutem</span> 
     </span>
     <span class='ocr_line' id='line_1_22' title="bbox 371 2470 1677 2555; baseline -0.005 -16"><span class='ocrx_word' id='word_1_204' title='bbox 371 2477 453 2543; x_wconf 69' lang='lat' dir='ltr'>uriom</span> <span class='ocrx_word' id='word_1_205' title='bbox 466 2483 657 2555; x_wconf 86' lang='lat' dir='ltr'>anteponere,</span> <span class='ocrx_word' id='word_1_206' title='bbox 670 2473 927 2544; x_wconf 87' lang='lat' dir='ltr'>secutiauctores,</span> <span class='ocrx_word' id='word_1_207' title='bbox 980 2471 1087 2550; x_wconf 86' lang='lat' dir='ltr'>planus</span> <span class='ocrx_word' id='word_1_208' title='bbox 1102 2480 1163 2533; x_wconf 91' lang='lat' dir='ltr'>est:</span> <span class='ocrx_word' id='word_1_209' title='bbox 1189 2470 1229 2531; x_wconf 87' lang='lat' dir='ltr'>Ut</span> <span class='ocrx_word' id='word_1_210' title='bbox 1246 2491 1278 2532; x_wconf 90' lang='lat' dir='ltr'>se</span> <span class='ocrx_word' id='word_1_211' title='bbox 1300 2474 1383 2552; x_wconf 87' lang='lat' dir='ltr'>ipsos</span> <span class='ocrx_word' id='word_1_212' title='bbox 1406 2494 1461 2535; x_wconf 83' lang='lat' dir='ltr'>suo</span> <span class='ocrx_word' id='word_1_213' title='bbox 1484 2474 1569 2554; x_wconf 84' lang='lat' dir='ltr'>gregi</span> <span class='ocrx_word' id='word_1_214' title='bbox 1591 2472 1677 2534; x_wconf 80' lang='lat' dir='ltr'>uelut</span> 
     </span>
     <span class='ocr_line' id='line_1_23' title="bbox 383 2558 1674 2641; baseline -0.003 -17"><span class='ocrx_word' id='word_1_215' title='bbox 383 2562 609 2635; x_wconf 85' lang='lat' dir='ltr'>intellexerunt,</span> <span class='ocrx_word' id='word_1_216' title='bbox 640 2558 789 2640; x_wconf 84' lang='lat' dir='ltr'>Cyrillum</span> <span class='ocrx_word' id='word_1_217' title='bbox 817 2560 869 2621; x_wconf 91' lang='lat' dir='ltr'>lib.</span> <span class='ocrx_word' id='word_1_218' title='bbox 898 2563 926 2619; x_wconf 92' lang='lat'>1.</span> <span class='ocrx_word' id='word_1_219' title='bbox 979 2567 1085 2639; x_wconf 85' lang='lat' dir='ltr'>typos,</span> <span class='ocrx_word' id='word_1_220' title='bbox 1111 2558 1222 2619; x_wconf 83' lang='lat' dir='ltr'>formas</span> <span class='ocrx_word' id='word_1_221' title='bbox 1249 2567 1279 2620; x_wconf 91' lang='lat' dir='ltr'>et</span> <span class='ocrx_word' id='word_1_222' title='bbox 1309 2560 1494 2641; x_wconf 85' lang='lat' dir='ltr'>exemplaris</span> <span class='ocrx_word' id='word_1_223' title='bbox 1520 2561 1674 2640; x_wconf 83' lang='lat' dir='ltr'>quaedem</span> 
     </span>
     <span class='ocr_line' id='line_1_24' title="bbox 371 2645 1675 2725; baseline -0.005 -12"><span class='ocrx_word' id='word_1_224' title='bbox 371 2653 469 2713; x_wconf 81' lang='lat' dir='ltr'>seiam</span> <span class='ocrx_word' id='word_1_225' title='bbox 485 2657 557 2709; x_wconf 85' lang='lat' dir='ltr'>oret.</span> <span class='ocrx_word' id='word_1_226' title='bbox 575 2652 612 2721; x_wconf 84' lang='lat'>3,</span> <span class='ocrx_word' id='word_1_227' title='bbox 628 2655 657 2706; x_wconf 88' lang='lat' dir='ltr'>et</span> <span class='ocrx_word' id='word_1_228' title='bbox 671 2647 762 2725; x_wconf 87' lang='lat' dir='ltr'>hujus</span> <span class='ocrx_word' id='word_1_229' title='bbox 776 2645 835 2707; x_wconf 91' lang='lat' dir='ltr'>loci</span> <span class='ocrx_word' id='word_1_230' title='bbox 847 2665 925 2707; x_wconf 91' lang='lat' dir='ltr'>com·</span> <span class='ocrx_word' id='word_1_231' title='bbox 978 2646 1140 2713; x_wconf 84' lang='lat' dir='ltr'>exhibeant</span> <span class='ocrx_word' id='word_1_232' title='bbox 1159 2646 1241 2707; x_wconf 82' lang='lat' dir='ltr'>ritae</span> <span class='ocrx_word' id='word_1_233' title='bbox 1261 2645 1448 2708; x_wconf 86' lang='lat' dir='ltr'>Christianae</span> <span class='ocrx_word' id='word_1_234' title='bbox 1471 2667 1508 2708; x_wconf 89' lang='lat' dir='ltr'>ac</span> <span class='ocrx_word' id='word_1_235' title='bbox 1529 2647 1675 2709; x_wconf 88' lang='lat' dir='ltr'>bonorum</span> 
     </span>
     <span class='ocr_line' id='line_1_25' title="bbox 371 2731 1675 2814; baseline -0.003 -16"><span class='ocrx_word' id='word_1_236' title='bbox 371 2758 430 2811; x_wconf 88' lang='lat' dir='ltr'>ros,</span> <span class='ocrx_word' id='word_1_237' title='bbox 455 2735 586 2809; x_wconf 89' lang='lat' dir='ltr'>Bedam,</span> <span class='ocrx_word' id='word_1_238' title='bbox 616 2731 810 2814; x_wconf 75' lang='lat' dir='ltr'>cajetanum,</span> <span class='ocrx_word' id='word_1_239' title='bbox 834 2733 925 2812; x_wconf 85' lang='lat' dir='ltr'>Gsig·</span> <span class='ocrx_word' id='word_1_240' title='bbox 979 2753 1118 2814; x_wconf 87' lang='lat' dir='ltr'>operum,</span> <span class='ocrx_word' id='word_1_241' title='bbox 1144 2731 1413 2813; x_wconf 85' lang='lat' dir='ltr'>quibusinspectie</span> <span class='ocrx_word' id='word_1_242' title='bbox 1428 2732 1467 2794; x_wconf 85' lang='lat' dir='ltr'>ed</span> <span class='ocrx_word' id='word_1_243' title='bbox 1482 2734 1594 2795; x_wconf 88' lang='lat' dir='ltr'>similia</span> <span class='ocrx_word' id='word_1_244' title='bbox 1609 2753 1675 2813; x_wconf 92' lang='lat' dir='ltr'>pro·</span> 
     </span>
     <span class='ocr_line' id='line_1_26' title="bbox 371 2818 1676 2900; baseline -0.005 -14"><span class='ocrx_word' id='word_1_245' title='bbox 371 2823 596 2894; x_wconf 84' lang='lat' dir='ltr'>l&#39;itelmannnm,</span> <span class='ocrx_word' id='word_1_246' title='bbox 607 2839 663 2881; x_wconf 91' lang='lat' dir='ltr'>nec</span> <span class='ocrx_word' id='word_1_247' title='bbox 673 2839 733 2883; x_wconf 89' lang='lat' dir='ltr'>non</span> <span class='ocrx_word' id='word_1_248' title='bbox 745 2820 768 2882; x_wconf 85' lang='lat' dir='ltr'><strong>J</strong></span> <span class='ocrx_word' id='word_1_249' title='bbox 771 2823 925 2881; x_wconf 81' lang='lat' dir='ltr'>ausonium</span> <span class='ocrx_word' id='word_1_250' title='bbox 978 2830 1112 2881; x_wconf 86' lang='lat' dir='ltr'>vocetur.</span> <span class='ocrx_word' id='word_1_251' title='bbox 1143 2819 1292 2880; x_wconf 82' lang='lat' dir='ltr'>Admonet</span> <span class='ocrx_word' id='word_1_252' title='bbox 1307 2818 1363 2881; x_wconf 92' lang='lat' dir='ltr'>hoc</span> <span class='ocrx_word' id='word_1_253' title='bbox 1379 2820 1495 2881; x_wconf 87' lang='lat' dir='ltr'>Paulus</span> <span class='ocrx_word' id='word_1_254' title='bbox 1510 2819 1676 2900; x_wconf 90' lang='lat' dir='ltr'>discipulos</span> 
     </span>
     <span class='ocr_line' id='line_1_27' title="bbox 371 2905 1677 2974; baseline -0.002 -2"><span class='ocrx_word' id='word_1_255' title='bbox 371 2920 436 2974; x_wconf 64' lang='lat' dir='ltr'>rtem</span> <span class='ocrx_word' id='word_1_256' title='bbox 461 2908 539 2971; x_wconf 91' lang='lat' dir='ltr'>illud</span> <span class='ocrx_word' id='word_1_257' title='bbox 563 2905 677 2970; x_wconf 79' lang='lat' dir='ltr'>Psalmi</span> <span class='ocrx_word' id='word_1_258' title='bbox 710 2907 798 2970; x_wconf 93' lang='lat' dir='ltr'>modo</span> <span class='ocrx_word' id='word_1_259' title='bbox 824 2909 926 2970; x_wconf 86' lang='lat' dir='ltr'>citati:</span> <span class='ocrx_word' id='word_1_260' title='bbox 980 2927 1050 2968; x_wconf 86' lang='lat' dir='ltr'>suos</span> <span class='ocrx_word' id='word_1_261' title='bbox 1065 2907 1170 2968; x_wconf 83' lang='lat' dir='ltr'>Titum</span> <span class='ocrx_word' id='word_1_262' title='bbox 1193 2915 1222 2966; x_wconf 90' lang='lat' dir='ltr'>et</span> <span class='ocrx_word' id='word_1_263' title='bbox 1238 2907 1449 2969; x_wconf 80' lang='lat' dir='ltr'>Timotheum:</span> <span class='ocrx_word' id='word_1_264' title='bbox 1472 2909 1514 2969; x_wconf 82' lang='lat' dir='ltr'>Ia</span> <span class='ocrx_word' id='word_1_265' title='bbox 1530 2907 1677 2971; x_wconf 80' lang='lat' dir='ltr'>omnibus</span> 
     </span>
     <span class='ocr_line' id='line_1_28' title="bbox 371 2989 1675 3076; baseline -0.003 -16"><span class='ocrx_word' id='word_1_266' title='bbox 371 3000 455 3061; x_wconf 83' lang='lat' dir='ltr'>edice</span> <span class='ocrx_word' id='word_1_267' title='bbox 470 2998 576 3058; x_wconf 85' lang='lat' dir='ltr'>cleros.</span> <span class='ocrx_word' id='word_1_268' title='bbox 610 2995 728 3076; x_wconf 77' lang='lat' dir='ltr'>Quibus</span> <span class='ocrx_word' id='word_1_269' title='bbox 743 2994 822 3055; x_wconf 90' lang='lat' dir='ltr'>adde</span> <span class='ocrx_word' id='word_1_270' title='bbox 836 2995 923 3055; x_wconf 85' lang='lat' dir='ltr'>Eres-</span> <span class='ocrx_word' id='word_1_271' title='bbox 979 3002 1009 3055; x_wconf 89' lang='lat' dir='ltr'>te</span> <span class='ocrx_word' id='word_1_272' title='bbox 1023 2997 1128 3072; x_wconf 86' lang='lat' dir='ltr'>iprum</span> <span class='ocrx_word' id='word_1_273' title='bbox 1148 2995 1265 3069; x_wconf 86' lang='lat' dir='ltr'>praebe</span> <span class='ocrx_word' id='word_1_274' title='bbox 1288 2997 1464 3075; x_wconf 74' lang='lat' dir='ltr'>exemplam</span> <span class='ocrx_word' id='word_1_275' title='bbox 1484 2989 1603 3074; x_wconf 82' lang='grc' dir='ltr'>(τύπον)</span> <span class='ocrx_word' id='word_1_276' title='bbox 1618 2995 1675 3056; x_wconf 90' lang='lat' dir='ltr'>bo·</span> 
     </span>
     <span class='ocr_line' id='line_1_29' title="bbox 371 3082 1674 3159; baseline -0.003 -13"><span class='ocrx_word' id='word_1_277' title='bbox 371 3093 506 3148; x_wconf 79' lang='lat' dir='ltr'>annotet</span> <span class='ocrx_word' id='word_1_278' title='bbox 529 3083 604 3145; x_wconf 86' lang='lat' dir='ltr'>Item</span> <span class='ocrx_word' id='word_1_279' title='bbox 615 3082 777 3144; x_wconf 84' lang='lat' dir='ltr'>Vatablum</span> <span class='ocrx_word' id='word_1_280' title='bbox 793 3090 824 3143; x_wconf 92' lang='lat' dir='ltr'>et</span> <span class='ocrx_word' id='word_1_281' title='bbox 837 3083 925 3143; x_wconf 82' lang='lat' dir='ltr'>Ema-</span> <span class='ocrx_word' id='word_1_282' title='bbox 978 3100 1094 3142; x_wconf 82' lang='lat' dir='ltr'>norum</span> <span class='ocrx_word' id='word_1_283' title='bbox 1126 3099 1277 3158; x_wconf 82' lang='lat' dir='ltr'>operum,</span> <span class='ocrx_word' id='word_1_284' title='bbox 1312 3082 1375 3142; x_wconf 82' lang='lat' dir='ltr'>Tit.</span> <span class='ocrx_word' id='word_1_285' title='bbox 1407 3084 1435 3142; x_wconf 80' lang='lat'>2.</span> <span class='ocrx_word' id='word_1_286' title='bbox 1481 3083 1674 3159; x_wconf 76' lang='lat' dir='ltr'>Ecemplum</span> 
     </span>
     <span class='ocr_line' id='line_1_30' title="bbox 371 3162 1675 3245; baseline 0.007 -22"><span class='ocrx_word' id='word_1_287' title='bbox 371 3173 418 3234; x_wconf 68' lang='grc' dir='ltr'>Β..</span> <span class='ocrx_word' id='word_1_288' title='bbox 980 3162 1100 3245; x_wconf 78' lang='grc' dir='ltr'>(τύπος)</span> <span class='ocrx_word' id='word_1_289' title='bbox 1116 3176 1178 3229; x_wconf 84' lang='lat' dir='ltr'>esto</span> <span class='ocrx_word' id='word_1_290' title='bbox 1193 3166 1334 3243; x_wconf 64' lang='lat' dir='ltr'>fidelium</span> <span class='ocrx_word' id='word_1_291' title='bbox 1358 3172 1394 3230; x_wconf 84' lang='lat' dir='ltr'>ia</span> <span class='ocrx_word' id='word_1_292' title='bbox 1410 3170 1504 3230; x_wconf 86' lang='lat' dir='ltr'>verbo</span> <span class='ocrx_word' id='word_1_293' title='bbox 1512 3214 1524 3245; x_wconf 88' lang='lat'>,</span> <span class='ocrx_word' id='word_1_294' title='bbox 1546 3172 1581 3231; x_wconf 85' lang='lat' dir='ltr'>ia</span> <span class='ocrx_word' id='word_1_295' title='bbox 1597 3187 1675 3232; x_wconf 80' lang='lat' dir='ltr'>core·</span> 
     </span>
     <span class='ocr_line' id='line_1_31' title="bbox 371 3252 1674 3337; baseline -0.001 -18"><span class='ocrx_word' id='word_1_296' title='bbox 371 3258 419 3321; x_wconf 88' lang='lat' dir='ltr'>bet</span> <span class='ocrx_word' id='word_1_297' title='bbox 449 3259 540 3337; x_wconf 81' lang='lat' dir='ltr'>igitur</span> <span class='ocrx_word' id='word_1_298' title='bbox 568 3255 733 3336; x_wconf 75' lang='lat' dir='ltr'>Apostolus</span> <span class='ocrx_word' id='word_1_299' title='bbox 764 3253 812 3328; x_wconf 89' lang='lat' dir='ltr'>id,</span> <span class='ocrx_word' id='word_1_300' title='bbox 846 3252 927 3335; x_wconf 91' lang='lat' dir='ltr'>quod</span> <span class='ocrx_word' id='word_1_301' title='bbox 978 3257 1173 3329; x_wconf 82' lang='lat' dir='ltr'>versatione,</span> <span class='ocrx_word' id='word_1_302' title='bbox 1190 3260 1226 3314; x_wconf 83' lang='lat' dir='ltr'>ia</span> <span class='ocrx_word' id='word_1_303' title='bbox 1242 3257 1394 3330; x_wconf 85' lang='lat' dir='ltr'>caritate,</span> <span class='ocrx_word' id='word_1_304' title='bbox 1421 3259 1458 3318; x_wconf 83' lang='lat' dir='ltr'>ire</span> <span class='ocrx_word' id='word_1_305' title='bbox 1473 3255 1553 3333; x_wconf 75' lang='lat' dir='ltr'>tide,</span> <span class='ocrx_word' id='word_1_306' title='bbox 1569 3259 1605 3317; x_wconf 81' lang='lat' dir='ltr'>in</span> <span class='ocrx_word' id='word_1_307' title='bbox 1620 3274 1674 3318; x_wconf 85' lang='lat' dir='ltr'>cc·</span> 
     </span>
     <span class='ocr_line' id='line_1_32' title="bbox 371 3340 1675 3425; baseline -0.002 -19"><span class='ocrx_word' id='word_1_308' title='bbox 371 3367 392 3408; x_wconf 89' lang='lat' dir='ltr'>n</span> <span class='ocrx_word' id='word_1_309' title='bbox 418 3364 505 3405; x_wconf 85' lang='lat' dir='ltr'>sunm</span> <span class='ocrx_word' id='word_1_310' title='bbox 533 3343 738 3425; x_wconf 88' lang='lat' dir='ltr'>prohibentem</span> <span class='ocrx_word' id='word_1_311' title='bbox 769 3340 928 3401; x_wconf 81' lang='lat' dir='ltr'>audiverat</span> <span class='ocrx_word' id='word_1_312' title='bbox 979 3345 1101 3416; x_wconf 85' lang='lat' dir='ltr'>stitete,</span> <span class='ocrx_word' id='word_1_313' title='bbox 1133 3341 1245 3401; x_wconf 78' lang='lat' dir='ltr'>l&#39;l&#39;im.</span> <span class='ocrx_word' id='word_1_314' title='bbox 1261 3345 1290 3402; x_wconf 88' lang='grc'>4.</span> <span class='ocrx_word' id='word_1_315' title='bbox 1324 3341 1384 3402; x_wconf 90' lang='lat' dir='ltr'>Sed</span> <span class='ocrx_word' id='word_1_316' title='bbox 1408 3343 1675 3423; x_wconf 88' lang='lat' dir='ltr'>etsemetipsum</span> 
     </span>
     <span class='ocr_line' id='line_1_33' title="bbox 371 3421 1674 3510; baseline -0.003 -16"><span class='ocrx_word' id='word_1_317' title='bbox 371 3433 434 3494; x_wconf 87' lang='lat' dir='ltr'>bis:</span> <span class='ocrx_word' id='word_1_318' title='bbox 464 3433 630 3508; x_wconf 67' lang='grc' dir='ltr'>Ριίιιοίρει</span> <span class='ocrx_word' id='word_1_319' title='bbox 653 3430 795 3506; x_wconf 73' lang='lat' dir='ltr'>gentium</span> <span class='ocrx_word' id='word_1_320' title='bbox 822 3428 927 3488; x_wconf 86' lang='lat' dir='ltr'>domi-</span> <span class='ocrx_word' id='word_1_321' title='bbox 979 3428 1094 3488; x_wconf 84' lang='lat' dir='ltr'>Peulus</span> <span class='ocrx_word' id='word_1_322' title='bbox 1109 3439 1143 3488; x_wconf 85' lang='lat' dir='ltr'>ut</span> <span class='ocrx_word' id='word_1_323' title='bbox 1157 3421 1264 3504; x_wconf 81' lang='grc' dir='ltr'><strong>τύπον,</strong></span> <span class='ocrx_word' id='word_1_324' title='bbox 1292 3429 1389 3489; x_wconf 84' lang='lat' dir='ltr'>idest</span> <span class='ocrx_word' id='word_1_325' title='bbox 1410 3427 1535 3490; x_wconf 79' lang='lat' dir='ltr'>formam</span> <span class='ocrx_word' id='word_1_326' title='bbox 1557 3430 1674 3510; x_wconf 82' lang='lat' dir='ltr'>imiten-</span> 
     </span>
     <span class='ocr_line' id='line_1_34' title="bbox 384 3515 1672 3596; baseline -0.002 -17"><span class='ocrx_word' id='word_1_327' title='bbox 384 3536 514 3594; x_wconf 78' lang='lat' dir='ltr'>eorum,</span> <span class='ocrx_word' id='word_1_328' title='bbox 545 3524 574 3578; x_wconf 84' lang='lat' dir='ltr'>ct</span> <span class='ocrx_word' id='word_1_329' title='bbox 600 3518 655 3595; x_wconf 81' lang='lat' dir='ltr'>qui</span> <span class='ocrx_word' id='word_1_330' title='bbox 680 3519 817 3590; x_wconf 79' lang='lat' dir='ltr'>majores</span> <span class='ocrx_word' id='word_1_331' title='bbox 840 3522 925 3590; x_wconf 85' lang='lat' dir='ltr'>suat,</span> <span class='ocrx_word' id='word_1_332' title='bbox 979 3515 1048 3576; x_wconf 89' lang='lat' dir='ltr'>dem</span> <span class='ocrx_word' id='word_1_333' title='bbox 1064 3516 1205 3596; x_wconf 89' lang='lat' dir='ltr'>proponit</span> <span class='ocrx_word' id='word_1_334' title='bbox 1221 3516 1272 3584; x_wconf 87' lang='lat' dir='ltr'>iic,</span> <span class='ocrx_word' id='word_1_335' title='bbox 1292 3533 1369 3593; x_wconf 88' lang='lat' dir='ltr'>quoe</span> <span class='ocrx_word' id='word_1_336' title='bbox 1384 3515 1504 3576; x_wconf 86' lang='lat' dir='ltr'>Christo</span> <span class='ocrx_word' id='word_1_337' title='bbox 1519 3526 1672 3596; x_wconf 86' lang='lat' dir='ltr'>genuerat,</span> 
     </span>
     <span class='ocr_line' id='line_1_35' title="bbox 371 3600 1399 3680; baseline -0.006 -11"><span class='ocrx_word' id='word_1_338' title='bbox 371 3626 412 3668; x_wconf 75' lang='lat' dir='ltr'>em</span> <span class='ocrx_word' id='word_1_339' title='bbox 429 3612 574 3668; x_wconf 71' lang='lat' dir='ltr'>exerceret</span> <span class='ocrx_word' id='word_1_340' title='bbox 590 3606 626 3663; x_wconf 83' lang='lat' dir='ltr'>ie</span> <span class='ocrx_word' id='word_1_341' title='bbox 642 3620 711 3680; x_wconf 86' lang='lat' dir='ltr'>eos,·</span> <span class='ocrx_word' id='word_1_342' title='bbox 726 3620 794 3662; x_wconf 84' lang='lat' dir='ltr'>aua</span> <span class='ocrx_word' id='word_1_343' title='bbox 806 3604 852 3662; x_wconf 86' lang='lat' dir='ltr'>ite</span> <span class='ocrx_word' id='word_1_344' title='bbox 867 3604 927 3661; x_wconf 88' lang='lat' dir='ltr'>erit</span> <span class='ocrx_word' id='word_1_345' title='bbox 978 3611 1012 3661; x_wconf 87' lang='lat' dir='ltr'>ut</span> <span class='ocrx_word' id='word_1_346' title='bbox 1027 3601 1105 3661; x_wconf 88' lang='lat' dir='ltr'>Phil.</span> <span class='ocrx_word' id='word_1_347' title='bbox 1122 3604 1151 3663; x_wconf 79' lang='lat'>2.</span> <span class='ocrx_word' id='word_1_348' title='bbox 1168 3609 1198 3661; x_wconf 86' lang='lat' dir='ltr'>et</span> <span class='ocrx_word' id='word_1_349' title='bbox 1213 3603 1232 3660; x_wconf 78' lang='lat'>2</span> <span class='ocrx_word' id='word_1_350' title='bbox 1245 3600 1352 3662; x_wconf 84' lang='lat' dir='ltr'>Thess.</span> <span class='ocrx_word' id='word_1_351' title='bbox 1370 3606 1399 3665; x_wconf 89' lang='lat'>3.</span> 
     </span>
    </p>

    <p class='ocr_par' dir='ltr' id='par_1_4' title="bbox 371 3688 1686 5076">
     <span class='ocr_line' id='line_1_36' title="bbox 371 3688 1672 3771; baseline -0.002 -17"><span class='ocrx_word' id='word_1_352' title='bbox 371 3713 402 3771; x_wconf 87' lang='lat' dir='ltr'>s,</span> <span class='ocrx_word' id='word_1_353' title='bbox 430 3691 538 3753; x_wconf 83' lang='lat' dir='ltr'>blattlr.</span> <span class='ocrx_word' id='word_1_354' title='bbox 555 3692 606 3751; x_wconf 77' lang='lat'>20.</span> <span class='ocrx_word' id='word_1_355' title='bbox 639 3688 707 3750; x_wconf 79' lang='lat' dir='ltr'>Nou</span> <span class='ocrx_word' id='word_1_356' title='bbox 730 3688 827 3748; x_wconf 89' lang='lat' dir='ltr'>solum</span> <span class='ocrx_word' id='word_1_357' title='bbox 848 3691 925 3748; x_wconf 89' lang='lat' dir='ltr'>enim</span> <span class='ocrx_word' id='word_1_358' title='bbox 1021 3690 1051 3748; x_wconf 80' lang='grc'>4.</span> <span class='ocrx_word' id='word_1_359' title='bbox 1074 3690 1211 3749; x_wconf 81' lang='lat' dir='ltr'>Etcum</span> <span class='ocrx_word' id='word_1_360' title='bbox 1234 3691 1424 3765; x_wconf 84' lang='lat' dir='ltr'>apperuerit</span> <span class='ocrx_word' id='word_1_361' title='bbox 1444 3692 1593 3767; x_wconf 81' lang='lat' dir='ltr'>princeps</span> <span class='ocrx_word' id='word_1_362' title='bbox 1611 3709 1672 3767; x_wconf 84' lang='lat' dir='ltr'>pu·</span> 
     </span>
     <span class='ocr_line' id='line_1_37' title="bbox 371 3774 1673 3857; baseline -0.002 -16"><span class='ocrx_word' id='word_1_363' title='bbox 371 3779 535 3841; x_wconf 89' lang='lat' dir='ltr'>idicuntur</span> <span class='ocrx_word' id='word_1_364' title='bbox 555 3780 586 3837; x_wconf 92' lang='lat' dir='ltr'>iu</span> <span class='ocrx_word' id='word_1_365' title='bbox 609 3774 700 3850; x_wconf 84' lang='lat' dir='ltr'>elios,</span> <span class='ocrx_word' id='word_1_366' title='bbox 723 3776 774 3857; x_wconf 84' lang='lat' dir='ltr'>qni</span> <span class='ocrx_word' id='word_1_367' title='bbox 795 3782 924 3856; x_wconf 89' lang='lat' dir='ltr'>potesta·</span> <span class='ocrx_word' id='word_1_368' title='bbox 977 3782 1117 3851; x_wconf 85' lang='lat' dir='ltr'>storum,</span> <span class='ocrx_word' id='word_1_369' title='bbox 1162 3777 1344 3852; x_wconf 83' lang='lat' dir='ltr'>percipietis</span> <span class='ocrx_word' id='word_1_370' title='bbox 1387 3777 1673 3838; x_wconf 77' lang='lat' dir='ltr'>immarcescibilem</span> 
     </span>
     <span class='ocr_line' id='line_1_38' title="bbox 371 3860 1672 3946; baseline -0.002 -20"><span class='ocrx_word' id='word_1_371' title='bbox 371 3886 422 3927; x_wconf 81' lang='lat' dir='ltr'>am</span> <span class='ocrx_word' id='word_1_372' title='bbox 438 3885 528 3946; x_wconf 89' lang='lat' dir='ltr'>super</span> <span class='ocrx_word' id='word_1_373' title='bbox 547 3864 615 3925; x_wconf 88' lang='lat' dir='ltr'>illos</span> <span class='ocrx_word' id='word_1_374' title='bbox 633 3862 759 3936; x_wconf 87' lang='lat' dir='ltr'>habent,</span> <span class='ocrx_word' id='word_1_375' title='bbox 785 3860 822 3921; x_wconf 91' lang='lat' dir='ltr'>ad</span> <span class='ocrx_word' id='word_1_376' title='bbox 840 3880 925 3922; x_wconf 90' lang='lat' dir='ltr'>snam</span> <span class='ocrx_word' id='word_1_377' title='bbox 977 3862 1100 3938; x_wconf 75' lang='lat' dir='ltr'>ploriae</span> <span class='ocrx_word' id='word_1_378' title='bbox 1116 3880 1278 3924; x_wconf 82' lang='lat' dir='ltr'>eoronam.</span> <span class='ocrx_word' id='word_1_379' title='bbox 1310 3863 1512 3942; x_wconf 77' lang='lat' dir='ltr'>Percipietis,</span> <span class='ocrx_word' id='word_1_380' title='bbox 1540 3861 1672 3925; x_wconf 83' lang='lat' dir='ltr'>Graece:</span> 
     </span>
     <span class='ocr_line' id='line_1_39' title="bbox 387 3945 1674 4031; baseline -0.002 -17"><span class='ocrx_word' id='word_1_381' title='bbox 387 3961 565 4014; x_wconf 85' lang='lat' dir='ltr'>convertunt</span> <span class='ocrx_word' id='word_1_382' title='bbox 590 3970 627 4010; x_wconf 90' lang='lat' dir='ltr'>ac</span> <span class='ocrx_word' id='word_1_383' title='bbox 651 3950 785 4011; x_wconf 81' lang='lat' dir='ltr'>referunt</span> <span class='ocrx_word' id='word_1_384' title='bbox 814 3948 923 4009; x_wconf 89' lang='lat' dir='ltr'>utilita-</span> <span class='ocrx_word' id='word_1_385' title='bbox 978 3945 1158 4026; x_wconf 75' lang='grc' dir='ltr'>κομιεῖσθε,</span> <span class='ocrx_word' id='word_1_386' title='bbox 1179 3949 1398 4026; x_wconf 86' lang='lat' dir='ltr'>reportabitis,</span> <span class='ocrx_word' id='word_1_387' title='bbox 1422 3949 1674 4031; x_wconf 87' lang='lat' dir='ltr'>quemadmodum</span> 
     </span>
     <span class='ocr_line' id='line_1_40' title="bbox 371 4034 1675 4119; baseline -0.002 -18"><span class='ocrx_word' id='word_1_388' title='bbox 371 4038 496 4117; x_wconf 75' lang='lat' dir='ltr'>jusmodi</span> <span class='ocrx_word' id='word_1_389' title='bbox 518 4045 651 4119; x_wconf 85' lang='lat' dir='ltr'>potestas</span> <span class='ocrx_word' id='word_1_390' title='bbox 674 4043 721 4098; x_wconf 86' lang='lat' dir='ltr'>est</span> <span class='ocrx_word' id='word_1_391' title='bbox 739 4034 924 4096; x_wconf 91' lang='lat' dir='ltr'>dominorum</span> <span class='ocrx_word' id='word_1_392' title='bbox 978 4038 1067 4096; x_wconf 86' lang='lat' dir='ltr'>vertit</span> <span class='ocrx_word' id='word_1_393' title='bbox 1087 4038 1187 4115; x_wconf 89' lang='lat' dir='ltr'>capite</span> <span class='ocrx_word' id='word_1_394' title='bbox 1209 4037 1321 4116; x_wconf 90' lang='lat' dir='ltr'>primo:</span> <span class='ocrx_word' id='word_1_395' title='bbox 1344 4038 1558 4114; x_wconf 69' lang='lat' dir='ltr'>asportante</span> <span class='ocrx_word' id='word_1_396' title='bbox 1577 4037 1675 4114; x_wconf 76' lang='lat' dir='ltr'>tinem</span> 
     </span>
     <span class='ocr_line' id='line_1_41' title="bbox 371 4122 1675 4203; baseline 0 -17"><span class='ocrx_word' id='word_1_397' title='bbox 371 4146 395 4203; x_wconf 69' lang='grc' dir='ltr'>ις</span> <span class='ocrx_word' id='word_1_398' title='bbox 421 4145 525 4190; x_wconf 80' lang='lat' dir='ltr'>verum</span> <span class='ocrx_word' id='word_1_399' title='bbox 550 4126 641 4187; x_wconf 88' lang='lat' dir='ltr'>etiam</span> <span class='ocrx_word' id='word_1_400' title='bbox 657 4125 724 4203; x_wconf 89' lang='lat' dir='ltr'>qui,</span> <span class='ocrx_word' id='word_1_401' title='bbox 746 4142 829 4182; x_wconf 90' lang='lat' dir='ltr'>more</span> <span class='ocrx_word' id='word_1_402' title='bbox 844 4124 923 4202; x_wconf 90' lang='lat' dir='ltr'>prin·</span> <span class='ocrx_word' id='word_1_403' title='bbox 977 4122 1053 4199; x_wconf 75' lang='lat' dir='ltr'>tidei</span> <span class='ocrx_word' id='word_1_404' title='bbox 1067 4130 1189 4183; x_wconf 83' lang='lat' dir='ltr'>vertrae</span> <span class='ocrx_word' id='word_1_405' title='bbox 1203 4123 1337 4184; x_wconf 81' lang='lat' dir='ltr'>salutem</span> <span class='ocrx_word' id='word_1_406' title='bbox 1353 4128 1547 4185; x_wconf 80' lang='lat' dir='ltr'>animarum.</span> <span class='ocrx_word' id='word_1_407' title='bbox 1574 4125 1675 4186; x_wconf 84' lang='lat' dir='ltr'>Prie·</span> 
     </span>
     <span class='ocr_line' id='line_1_42' title="bbox 371 4207 1675 4293; baseline 0 -21"><span class='ocrx_word' id='word_1_408' title='bbox 371 4214 435 4293; x_wconf 83' lang='lat' dir='ltr'>rjus</span> <span class='ocrx_word' id='word_1_409' title='bbox 450 4212 573 4286; x_wconf 89' lang='lat' dir='ltr'>saeculi,</span> <span class='ocrx_word' id='word_1_410' title='bbox 588 4211 738 4291; x_wconf 88' lang='lat' dir='ltr'>imperant</span> <span class='ocrx_word' id='word_1_411' title='bbox 748 4228 814 4269; x_wconf 85' lang='lat' dir='ltr'>cum</span> <span class='ocrx_word' id='word_1_412' title='bbox 828 4217 923 4270; x_wconf 88' lang='lat' dir='ltr'>osten·</span> <span class='ocrx_word' id='word_1_413' title='bbox 977 4212 1077 4286; x_wconf 87' lang='lat' dir='ltr'>eipem</span> <span class='ocrx_word' id='word_1_414' title='bbox 1090 4216 1257 4286; x_wconf 84' lang='lat' dir='ltr'>pestomsm</span> <span class='ocrx_word' id='word_1_415' title='bbox 1274 4208 1426 4271; x_wconf 78' lang='lat' dir='ltr'>Christum</span> <span class='ocrx_word' id='word_1_416' title='bbox 1446 4219 1550 4283; x_wconf 77' lang='lat' dir='ltr'>vocat·</span> <span class='ocrx_word' id='word_1_417' title='bbox 1560 4207 1675 4272; x_wconf 84' lang='lat' dir='ltr'>Graece</span> 
     </span>
     <span class='ocr_line' id='line_1_43' title="bbox 371 4287 1673 4380; baseline -0.002 -19"><span class='ocrx_word' id='word_1_418' title='bbox 371 4301 538 4373; x_wconf 77' lang='lat' dir='ltr'>ieteatstis,</span> <span class='ocrx_word' id='word_1_419' title='bbox 552 4318 610 4360; x_wconf 90' lang='lat' dir='ltr'>nec</span> <span class='ocrx_word' id='word_1_420' title='bbox 625 4298 684 4357; x_wconf 87' lang='lat' dir='ltr'>nisi</span> <span class='ocrx_word' id='word_1_421' title='bbox 697 4317 763 4356; x_wconf 89' lang='lat' dir='ltr'>cum</span> <span class='ocrx_word' id='word_1_422' title='bbox 775 4295 923 4356; x_wconf 86' lang='lat' dir='ltr'>&#39;satellitio</span> <span class='ocrx_word' id='word_1_423' title='bbox 976 4316 1037 4357; x_wconf 90' lang='lat' dir='ltr'>uno</span> <span class='ocrx_word' id='word_1_424' title='bbox 1050 4296 1211 4359; x_wconf 87' lang='lat' dir='ltr'>vocabulo:</span> <span class='ocrx_word' id='word_1_425' title='bbox 1237 4287 1439 4377; x_wconf 76' lang='grc' dir='ltr'>ἂρχιποιμὲνα</span> <span class='ocrx_word' id='word_1_426' title='bbox 1447 4342 1458 4373; x_wconf 85' lang='grc'><strong><em>,</em></strong></span> <span class='ocrx_word' id='word_1_427' title='bbox 1474 4298 1562 4378; x_wconf 81' lang='lat' dir='ltr'>qussi</span> <span class='ocrx_word' id='word_1_428' title='bbox 1578 4296 1673 4380; x_wconf 78' lang='lat' dir='ltr'>dicet:</span> 
     </span>
     <span class='ocr_line' id='line_1_44' title="bbox 371 4380 1672 4465; baseline -0.003 -17"><span class='ocrx_word' id='word_1_429' title='bbox 371 4387 579 4448; x_wconf 78' lang='lat' dir='ltr'>esmeclsrum</span> <span class='ocrx_word' id='word_1_430' title='bbox 601 4383 802 4465; x_wconf 82' lang='lat' dir='ltr'>prodeuntia</span> <span class='ocrx_word' id='word_1_431' title='bbox 825 4380 922 4461; x_wconf 91' lang='lat' dir='ltr'>publi·</span> <span class='ocrx_word' id='word_1_432' title='bbox 977 4385 1236 4460; x_wconf 80' lang='lat' dir='ltr'>archipastorem.</span> <span class='ocrx_word' id='word_1_433' title='bbox 1274 4383 1330 4443; x_wconf 80' lang='lat' dir='ltr'>Est</span> <span class='ocrx_word' id='word_1_434' title='bbox 1352 4393 1451 4445; x_wconf 81' lang='lat' dir='ltr'>antem</span> <span class='ocrx_word' id='word_1_435' title='bbox 1467 4384 1606 4447; x_wconf 86' lang='lat' dir='ltr'>Christus</span> <span class='ocrx_word' id='word_1_436' title='bbox 1622 4405 1672 4464; x_wconf 86' lang='lat' dir='ltr'>pa·</span> 
     </span>
     <span class='ocr_line' id='line_1_45' title="bbox 371 4467 1674 4550; baseline -0.004 -14"><span class='ocrx_word' id='word_1_437' title='bbox 371 4473 452 4536; x_wconf 91' lang='lat' dir='ltr'>ilicet</span> <span class='ocrx_word' id='word_1_438' title='bbox 473 4482 508 4533; x_wconf 92' lang='lat' dir='ltr'>ut</span> <span class='ocrx_word' id='word_1_439' title='bbox 529 4481 670 4535; x_wconf 86' lang='lat' dir='ltr'>terrorem</span> <span class='ocrx_word' id='word_1_440' title='bbox 694 4467 823 4531; x_wconf 84' lang='lat' dir='ltr'>subditis</span> <span class='ocrx_word' id='word_1_441' title='bbox 842 4470 922 4532; x_wconf 90' lang='lat' dir='ltr'>incu·</span> <span class='ocrx_word' id='word_1_442' title='bbox 977 4479 1090 4530; x_wconf 87' lang='lat' dir='ltr'>storum</span> <span class='ocrx_word' id='word_1_443' title='bbox 1117 4472 1256 4550; x_wconf 87' lang='lat' dir='ltr'>princeps</span> <span class='ocrx_word' id='word_1_444' title='bbox 1285 4472 1462 4550; x_wconf 87' lang='lat' dir='ltr'>primarius,</span> <span class='ocrx_word' id='word_1_445' title='bbox 1489 4472 1574 4550; x_wconf 88' lang='lat' dir='ltr'>cujus</span> <span class='ocrx_word' id='word_1_446' title='bbox 1600 4490 1674 4534; x_wconf 82' lang='lat' dir='ltr'>oves</span> 
     </span>
     <span class='ocr_line' id='line_1_46' title="bbox 371 4556 1672 4642; baseline -0.001 -21"><span class='ocrx_word' id='word_1_447' title='bbox 371 4561 428 4642; x_wconf 71' lang='lat' dir='ltr'>uui</span> <span class='ocrx_word' id='word_1_448' title='bbox 443 4557 695 4629; x_wconf 79' lang='lat' dir='ltr'>Christusvoluit,</span> <span class='ocrx_word' id='word_1_449' title='bbox 711 4556 923 4635; x_wconf 70' lang='lat' dir='ltr'>inpactoribus</span> <span class='ocrx_word' id='word_1_450' title='bbox 976 4566 1046 4617; x_wconf 87' lang='lat' dir='ltr'>sunt</span> <span class='ocrx_word' id='word_1_451' title='bbox 1075 4558 1165 4617; x_wconf 92' lang='lat' dir='ltr'>etism</span> <span class='ocrx_word' id='word_1_452' title='bbox 1192 4564 1329 4636; x_wconf 86' lang='lat' dir='ltr'>pastores</span> <span class='ocrx_word' id='word_1_453' title='bbox 1355 4559 1430 4637; x_wconf 89' lang='lat' dir='ltr'>ipsi,</span> <span class='ocrx_word' id='word_1_454' title='bbox 1464 4559 1576 4637; x_wconf 83' lang='lat' dir='ltr'>pariter</span> <span class='ocrx_word' id='word_1_455' title='bbox 1604 4577 1672 4620; x_wconf 86' lang='lat' dir='ltr'>cem</span> 
     </span>
     <span class='ocr_line' id='line_1_47' title="bbox 371 4643 1673 4725; baseline -0.003 -15"><span class='ocrx_word' id='word_1_456' title='bbox 371 4645 446 4710; x_wconf 65' lang='lat' dir='ltr'>dune</span> <span class='ocrx_word' id='word_1_457' title='bbox 471 4645 633 4708; x_wconf 78' lang='lat' dir='ltr'>Ecclesiae</span> <span class='ocrx_word' id='word_1_458' title='bbox 657 4644 755 4723; x_wconf 84' lang='lat' dir='ltr'>magis</span> <span class='ocrx_word' id='word_1_459' title='bbox 777 4663 923 4723; x_wconf 88' lang='lat' dir='ltr'>apparere</span> <span class='ocrx_word' id='word_1_460' title='bbox 976 4644 1042 4704; x_wconf 89' lang='lat' dir='ltr'>aliia</span> <span class='ocrx_word' id='word_1_461' title='bbox 1058 4643 1165 4704; x_wconf 84' lang='lat' dir='ltr'>ovibus</span> <span class='ocrx_word' id='word_1_462' title='bbox 1177 4645 1323 4724; x_wconf 85' lang='lat' dir='ltr'>sanguiue</span> <span class='ocrx_word' id='word_1_463' title='bbox 1335 4645 1401 4722; x_wconf 89' lang='lat' dir='ltr'>ejus</span> <span class='ocrx_word' id='word_1_464' title='bbox 1413 4643 1572 4725; x_wconf 87' lang='lat' dir='ltr'>redempti.</span> <span class='ocrx_word' id='word_1_465' title='bbox 1594 4644 1673 4722; x_wconf 69' lang='lat' dir='ltr'>Nem</span> 
     </span>
     <span class='ocr_line' id='line_1_48' title="bbox 371 4729 1686 4811; baseline -0.003 -15"><span class='ocrx_word' id='word_1_466' title='bbox 371 4742 425 4796; x_wconf 83' lang='lat' dir='ltr'>lem</span> <span class='ocrx_word' id='word_1_467' title='bbox 455 4741 487 4794; x_wconf 84' lang='lat' dir='ltr'>et</span> <span class='ocrx_word' id='word_1_468' title='bbox 521 4730 795 4803; x_wconf 85' lang='lat' dir='ltr'>mansuetudinem,</span> <span class='ocrx_word' id='word_1_469' title='bbox 834 4751 923 4810; x_wconf 86' lang='lat' dir='ltr'>quem</span> <span class='ocrx_word' id='word_1_470' title='bbox 975 4731 1098 4804; x_wconf 89' lang='lat' dir='ltr'>Petrus,</span> <span class='ocrx_word' id='word_1_471' title='bbox 1129 4731 1182 4811; x_wconf 88' lang='lat' dir='ltr'>qui</span> <span class='ocrx_word' id='word_1_472' title='bbox 1207 4730 1281 4792; x_wconf 84' lang='lat' dir='ltr'>haec</span> <span class='ocrx_word' id='word_1_473' title='bbox 1308 4729 1429 4803; x_wconf 87' lang='lat' dir='ltr'>scribit,</span> <span class='ocrx_word' id='word_1_474' title='bbox 1459 4740 1525 4792; x_wconf 90' lang='lat' dir='ltr'>erat</span> <span class='ocrx_word' id='word_1_475' title='bbox 1551 4730 1686 4811; x_wconf 41' lang='lat' dir='ltr'>quidem:</span> 
     </span>
     <span class='ocr_line' id='line_1_49' title="bbox 371 4815 1671 4898; baseline -0.003 -16"><span class='ocrx_word' id='word_1_476' title='bbox 371 4841 385 4882; x_wconf 89' lang='lat' dir='ltr'>s</span> <span class='ocrx_word' id='word_1_477' title='bbox 406 4821 638 4882; x_wconf 88' lang='lat' dir='ltr'>ostentationem</span> <span class='ocrx_word' id='word_1_478' title='bbox 661 4827 751 4898; x_wconf 87' lang='lat' dir='ltr'>atque</span> <span class='ocrx_word' id='word_1_479' title='bbox 777 4820 921 4878; x_wconf 80' lang='lat' dir='ltr'>severita-</span> <span class='ocrx_word' id='word_1_480' title='bbox 977 4819 1041 4896; x_wconf 86' lang='lat' dir='ltr'>ipse</span> <span class='ocrx_word' id='word_1_481' title='bbox 1056 4818 1148 4878; x_wconf 87' lang='lat' dir='ltr'>etiam</span> <span class='ocrx_word' id='word_1_482' title='bbox 1161 4827 1315 4897; x_wconf 89' lang='lat' dir='ltr'>pastorum</span> <span class='ocrx_word' id='word_1_483' title='bbox 1330 4820 1487 4898; x_wconf 79' lang='lat' dir='ltr'>princeps3</span> <span class='ocrx_word' id='word_1_484' title='bbox 1502 4815 1671 4879; x_wconf 85' lang='lat' dir='ltr'>sedecenn-</span> 
     </span>
     <span class='ocr_line' id='line_1_50' title="bbox 371 4904 1671 4985; baseline -0.006 -13"><span class='ocrx_word' id='word_1_485' title='bbox 371 4926 504 4972; x_wconf 85' lang='lat' dir='ltr'>smoreru</span> <span class='ocrx_word' id='word_1_486' title='bbox 520 4906 629 4985; x_wconf 85' lang='lat' dir='ltr'>magis,</span> <span class='ocrx_word' id='word_1_487' title='bbox 653 4924 744 4985; x_wconf 89' lang='lat' dir='ltr'>qnam</span> <span class='ocrx_word' id='word_1_488' title='bbox 767 4912 923 4981; x_wconf 78' lang='lat' dir='ltr'>terrorem3</span> <span class='ocrx_word' id='word_1_489' title='bbox 975 4904 1077 4964; x_wconf 85' lang='lat' dir='ltr'>derina</span> <span class='ocrx_word' id='word_1_490' title='bbox 1093 4912 1187 4984; x_wconf 85' lang='lat' dir='ltr'>atque</span> <span class='ocrx_word' id='word_1_491' title='bbox 1201 4906 1340 4965; x_wconf 79' lang='lat' dir='ltr'>vicarius.</span> <span class='ocrx_word' id='word_1_492' title='bbox 1375 4906 1455 4966; x_wconf 80' lang='lat' dir='ltr'>Cum</span> <span class='ocrx_word' id='word_1_493' title='bbox 1470 4908 1671 4982; x_wconf 81' lang='lat' dir='ltr'>apperuerit,</span> 
     </span>
     <span class='ocr_line' id='line_1_51' title="bbox 385 4989 1672 5076; baseline -0.003 -18"><span class='ocrx_word' id='word_1_494' title='bbox 385 5015 447 5058; x_wconf 87' lang='lat' dir='ltr'>uon</span> <span class='ocrx_word' id='word_1_495' title='bbox 468 4990 569 5055; x_wconf 89' lang='lat' dir='ltr'>solum</span> <span class='ocrx_word' id='word_1_496' title='bbox 593 4992 724 5067; x_wconf 81' lang='lat' dir='ltr'>animus,</span> <span class='ocrx_word' id='word_1_497' title='bbox 753 4989 921 5052; x_wconf 79' lang='lat' dir='ltr'>sedetiam</span> <span class='ocrx_word' id='word_1_498' title='bbox 975 4990 1127 5071; x_wconf 87' lang='lat' dir='ltr'>intellige:</span> <span class='ocrx_word' id='word_1_499' title='bbox 1149 4992 1273 5052; x_wconf 81' lang='lat' dir='ltr'>veniens</span> <span class='ocrx_word' id='word_1_500' title='bbox 1295 4989 1444 5072; x_wconf 83' lang='lat' dir='ltr'>gloriosus</span> <span class='ocrx_word' id='word_1_501' title='bbox 1464 4990 1672 5076; x_wconf 74' lang='lat' dir='ltr'>adjudicium,</span> 
     </span>
    </p>
   </div>
   <div class='ocr_carea' id='block_1_3' title="bbox 0 0 2226 5825">
    <p class='ocr_par' dir='ltr' id='par_1_5' title="bbox 0 0 2226 5825">
     <span class='ocr_line' id='line_1_52' title="bbox 0 0 2226 5825; baseline 0 0"><span class='ocrx_word' id='word_1_502' title='bbox 0 0 2226 5825; x_wconf 95' lang='lat' dir='ltr'> </span> 
     </span>
    </p>
   </div>
  </div>
 </body>
</html>
