4442 5825
450 602 524 671 545
950 591 1372 648 commrmusntosrm

447 773 499 834 vel
518 773 671 850 turmot,
698 789 734 833 eo
763 770 881 834 scilicet
909 779 1060 852 tempore,
1083 790 1144 851 qno
1196 773 1326 834 nimitas
1354 764 1576 851 (μακροθυμία)
1605 776 1644 835 irs
1682 773 1795 836 diebus
1821 775 1888 850 b'ot,

444 860 658 940 praedicavit.
681 859 806 932 Rursus,
823 857 904 939 qnod
920 860 952 919 in
967 856 1143 940 quibusdem
1197 859 1273 920 dum
1287 862 1513 936 apparabatur
1524 878 1610 921 arca.
1635 859 1830 942 Quamquam
1843 882 1885 922 so

448 945 600 1009 codicibus
631 943 734 1006 addito
763 946 922 1026 participio
952 946 1074 1026 legitur:
1107 947 1143 1004 in
1196 945 1264 1006 cula
1278 948 1372 1008 semel
1388 948 1419 1007 in
1441 955 1527 1008 textu
1542 946 1674 1027 Syriaco
1698 968 1763 1008 non
1781 947 1887 1026 legitur,

447 1052 573 1096 carcere
588 1033 727 1094 conclusi
741 1040 845 1107 erant,
862 1033 1000 1112 quamvis
1015 1040 1045 1092 et
1058 1031 1143 1092 Beda
1196 1039 1226 1093 st
1248 1030 1364 1094 Graeca
1390 1035 1516 1096 variant.
1551 1034 1630 1095 Nam
1661 1034 1753 1096 multi
1778 1034 1885 1114 quiden

448 1119 590 1200 siclegat,
603 1120 697 1200 idque
709 1120 797 1181 etiam
810 1120 954 1200 Syriacae
965 1119 1142 1201 paraphrasi
1196 1120 1316 1181 codices
1330 1120 1459 1196 hubent,
1473 1130 1506 1182 ut
1520 1120 1602 1182 dixi:
1616 1113 1675 1180 ὅτι
1693 1115 1782 1187 ἅπαξ
1798 1113 1885 1188 stret

447 1208 598 1269 coniorme
613 1209 660 1279 sit,
675 1207 892 1268 inmelioribus
903 1214 1004 1268 umen
1014 1207 1142 1279 Latinis,
1195 1222 1288 1284 χετο,
1318 1208 1450 1284 quaudo
1485 1209 1580 1270 semel
1609 1209 1835 1286 exspectabat,
1859 1220 1884 1270 ιι

447 1315 571 1376 qnorum
587 1306 619 1356 et
639 1293 727 1356 Beda
748 1294 896 1367 meminit,
923 1313 982 1355 nou
1005 1291 1141 1366 babetur,
1195 1295 1284 1356 etiam
1307 1294 1418 1374 legisse
1440 1296 1559 1357 videtur
1574 1292 1802 1373 Oscumeniue;
1824 1306 1882 1357 tan

447 1391 480 1443 ut
494 1402 549 1442 nec
564 1381 595 1441 in
610 1381 680 1442 ullis
696 1379 836 1456 Graecis,
855 1400 948 1442 uuum
964 1382 989 1441 si
1005 1379 1141 1440 domasa
1195 1383 1250 1442 etsi
1264 1381 1400 1442 nonnulli
1416 1403 1486 1462 pro:
1509 1373 1563 1440 bre
1571 1427 1582 1459 ,
1604 1383 1743 1460 quando
1750 1428 1762 1460 ,
1778 1382 1882 1464 legant:

446 1468 522 1530 Bab.
537 1467 690 1548 Stephano
708 1477 899 1542 annotatum,
925 1466 979 1529 sed
997 1466 1065 1527 fidei
1081 1487 1142 1526 nou
1194 1459 1260 1543 dte,
1286 1471 1379 1544 qaia,
1406 1467 1604 1551 quodminus
1625 1470 1742 1551 placet
1782 1472 1824 1532 a:
1839 1470 1880 1531 alii

446 1574 591 1636 magnae,
621 1553 703 1636 quod
732 1556 922 1617 existimetur
951 1553 989 1614 ad
1015 1554 1140 1614 Latinos
1193 1576 1254 1616 nen
1276 1557 1380 1635 pauci,
1406 1557 1497 1617 etiam
1518 1576 1536 1615 a
1556 1555 1691 1618 Roberto
1715 1559 1828 1632 notati,
1850 1557 1880 1618 le·

447 1642 569 1704 codices
584 1661 652 1703 esse
666 1641 923 1719 accommodatus:
947 1641 1064 1701 ιιιιιιιιί
1082 1642 1141 1701 ista
1193 1651 1279 1721 gunt:
1307 1632 1361 1699 ὅτι
1378 1633 1602 1719 ἀπεξεδέχετο,
1629 1645 1769 1721 wando
1788 1663 1881 1722 erepr-

445 1728 562 1790 additio
577 1749 698 1789 ameum
713 1748 773 1789 non
793 1737 905 1801 mutat,
926 1729 985 1788 imo
1001 1727 1082 1788 iacta
1097 1728 1138 1788 si·
1193 1729 1308 1790 etabat.
1343 1728 1413 1808 Qua
1428 1731 1546 1791 Graeca
1567 1749 1643 1791 voce
1667 1734 1764 1792 etism
1784 1731 1881 1793 Psalu

446 1815 533 1879 detur
547 1814 587 1875 ad
601 1834 721 1876 sensum
736 1815 954 1895 explicandam.
1194 1815 1322 1877 libenter
1346 1818 1455 1893 utitur,
1475 1825 1511 1876 ut
1532 1825 1579 1877 ter
1602 1818 1633 1878 in
1656 1818 1769 1880 eodem
1784 1839 1845 1899 cap.
1856 1818 1880 1878 8.

489 1902 597 1962 Tertia
615 1901 751 1963 lectionis
773 1904 904 1963 various
927 1909 973 1962 est
995 1901 1027 1962 iu
1049 1921 1138 1961 voca·
1193 1902 1232 1964 ad
1247 1904 1351 1978 Rom,
1380 1903 1626 1978 itsmlCor.1.,
1655 1903 1728 1965 Gal.
1745 1905 1791 1980 6.,
1813 1904 1879 1967 Pbil

445 1987 534 2050 bulo:
562 1989 743 2065 spiritibus,
774 2009 828 2069 pro
844 2009 905 2065 quo
920 1988 1005 2049 multi
1020 1987 1138 2048 codices
1193 1995 1235 2064 3.,
1267 1989 1360 2051 Hebr.
1377 1992 1408 2050 9.
1442 1990 1507 2051 Neo
1528 2010 1600 2051 voro
1623 1991 1779 2070 particula
1801 1992 1879 2054 ursel

446 2077 534 2137 ιιίιιιι
545 2074 633 2137 MSS
644 2075 765 2154 legunt:
781 2078 905 2152 spiritu.
928 2076 1038 2137 Verum
1047 2075 1138 2135 Grae·
1191 2077 1294 2156 agnita
1316 2075 1437 2138 videtur
1455 2097 1475 2137 a
1496 2079 1650 2139 vetedbus
1670 2078 1793 2140 Latinis
1814 2079 1879 2140 bano

445 2181 483 2224 oa
505 2170 675 2223 constanter
697 2162 843 2223 exhibent
864 2181 1018 2223 numerum
1038 2160 1137 2241 plura·
1191 2163 1286 2224 locum
1303 2163 1471 2225 citantibns.
1494 2163 1561 2224 Nec
1572 2164 1612 2225 ad
1627 2184 1690 2225 ιιιι
1706 2167 1879 2246 propositam

444 2250 520 2311 lom:
535 2243 692 2326 πνεύμασι,
708 2251 880 2326 spiritibus,
897 2270 950 2328 pro
966 2269 1027 2328 quo
1043 2248 1138 2328 Syrus
1191 2249 1294 2311 iacere
1309 2250 1442 2326 videtur,
1464 2252 1522 2311 nisi
1546 2252 1647 2326 dices,
1675 2253 1879 2333 significaritd,

445 2336 611 2400 transtulit:
634 2338 811 2400 animabus.
848 2339 896 2397 Ea
911 2355 1035 2416 queque
1049 2334 1138 2396 lectio
1192 2337 1274 2419 qnod
1300 2337 1368 2397 olim
1395 2337 1487 2398 semel
1511 2337 1597 2400 Dens
1622 2338 1699 2400 fecit
1731 2342 1764 2401 in
1791 2341 1879 2420 figura,

443 2433 491 2487 est
519 2432 655 2485 veterum
685 2425 824 2498 Petrum,
861 2431 923 2484 tam
953 2423 1138 2493 Latinorum,
1191 2444 1271 2485 nunc
1285 2443 1353 2484 enm
1368 2423 1469 2486 iacere
1484 2426 1515 2485 in
1531 2444 1564 2486 re
1584 2445 1638 2507 per
1654 2425 1788 2506 figuram
1802 2427 1878 2507 agni
1912 2418 1919 2433 ’

443 2532 534 2593 qnam
550 2510 748 2589 Graecorum
763 2521 798 2572 ut
810 2511 886 2571 hanc
900 2510 984 2570 velut
997 2510 1139 2569 sincerio-
1191 2512 1289 2572 ficata

443 2619 506 2660 rem
520 2600 627 2659 merito
643 2618 715 2678 prae
736 2599 832 2660 altera
851 2597 996 2676 clegerint
1009 2595 1138 2656 Romani
1234 2597 1395 2658 Caeterum
1415 2597 1495 2659 male
1510 2599 1656 2659 Erasmus
1679 2601 1806 2679 passive
1823 2618 1877 2663 ιιι

443 2694 635 2746 causatores.
658 2683 844 2746 Carnuntem
855 2675 1138 2760 πνεύμαοιιιπνιὺ-
1191 2687 1243 2745 tit:
1271 2684 1525 2760 exspectabatur,
1553 2685 1626 2746 licet
1649 2686 1681 2747 id
1700 2687 1757 2747 alii
1770 2685 1878 2768 quiden

442 2787 515 2850 part
537 2780 653 2832 tantum
678 2771 798 2832 literula
824 2770 949 2844 distent,
975 2771 1040 2830 lieri
1066 2787 1139 2829 sane
1190 2773 1300 2833 imitati
1316 2773 1383 2832 sint
1405 2771 1485 2832 Nom
1500 2772 1650 2834 Graecum
1663 2763 1878 2834 verberabat

443 2859 561 2939 potnit,
576 2865 611 2918 ιι
625 2859 782 2939 interpres,
802 2858 853 2920 vel
867 2866 978 2930 noster,
992 2856 1044 2919 vel
1058 2856 1137 2917 alius
1191 2855 1321 2938 χειθαι,
1353 2859 1418 2919 sive
1444 2850 1695 2937 ἀπικδίχειῦαι,
1728 2862 1796 2923 sive
1822 2862 1877 2921 eia

443 2946 608 3027 quispiam,
632 2946 761 3007 alterum
782 2966 837 3026 pro
859 2944 954 3006 altero
973 2942 1088 3024 legeret
1102 2964 1139 3004 ac
1191 2946 1263 3028 plen
1280 2936 1447 3023 δέχεσθαι,
1464 2946 1545 3026 quod
1560 2948 1705 3007 Erasmus
1723 2948 1755 3007 iu
1770 2948 1876 3029 quibus·

442 3030 627 3093 ιιιιιιῐιιτιι.
1190 3032 1259 3094 dam
1276 3032 1427 3093 codicibus
1442 3032 1546 3094 haberi
1563 3042 1707 3108 testatur,
1736 3037 1795 3097 etsi
1815 3051 1877 3093 roos

485 3118 624 3199 Denique
659 3117 831 3190 sciendum,
867 3118 933 3178 loco
971 3117 1137 3197 participii:
1190 3119 1322 3180 medium
1337 3121 1389 3194 sit,
1408 3128 1509 3180 tamen
1525 3122 1625 3182 ιιιίιι
1641 3139 1766 3200 semper
1779 3120 1875 3200 aecipi-

441 3204 755 3280 vertierts,inGraeco
773 3204 849 3283 legi:
864 3195 1039 3281 πορευθεὶς,
1052 3223 1136 3283 prae·
1190 3215 1254 3284 tur:
1279 3216 1312 3267 ut
1334 3205 1428 3267 multa
1444 3206 1510 3285 ejus
1534 3208 1655 3286 generis
1681 3207 1755 3268 alia.
1793 3206 1875 3268 Plane

440 3292 521 3353 teriti
543 3295 686 3372 temporis
707 3291 915 3373 participium,
939 3291 971 3353 id
993 3300 1038 3351 ιιι
1055 3308 1136 3367 pra·
1189 3292 1351 3353 verisimile
1366 3301 1426 3367 est,
1444 3294 1601 3375 irrepsisse
1617 3292 1763 3354 mendum
1779 3296 1811 3355 in
1823 3292 1875 3353 sal

439 3379 557 3457 sectus,
584 3387 619 3438 ιιι
633 3378 687 3440 ι]ἰί
701 3388 838 3451 venunt,
862 3386 894 3438 ιι
910 3380 975 3457 ipse
989 3378 1136 3456 interpres
1189 3388 1289 3458 getam
1317 3381 1499 3455 versionem,
1525 3388 1559 3440 nt
1584 3400 1639 3461 pro
1663 3399 1717 3453 eo,
1746 3379 1825 3462 quod
1846 3395 1875 3438 rx

439 3465 631 3547 paulopost:
650 3468 863 3544 profecturis:
878 3465 1008 3526 eoelum.
1044 3464 1134 3523 Eras-
1190 3463 1306 3526 Graeco
1325 3464 1475 3526 transtulit
1497 3468 1661 3547 interpres:
1688 3467 1876 3545 exspectatos

439 3572 507 3613 mus
521 3562 637 3626 autem,
662 3553 815 3614 Henteuio
830 3550 1030 3631 suffragante,
1046 3547 1135 3611 resol·
1189 3553 1250 3612 Det
1263 3555 1440 3630 patientta,
1463 3555 1603 3633 scriptum
1626 3554 1668 3613 sit
1688 3553 1730 3614 ab
1747 3552 1876 3615 indoet's:

440 3658 512 3701 vere
533 3637 641 3699 maluit
661 3640 693 3700 ia
715 3638 856 3711 verbnm,
882 3637 939 3698 boc
960 3636 1049 3698 modo
1067 3635 1133 3697 red·
1187 3641 1410 3716 exspectabant
1430 3642 1491 3700 Dei
1509 3642 1717 3716 patientiam.
1753 3643 1800 3703 Ac
1821 3657 1874 3722 pro·

442 3722 517 3786 dens
532 3727 726 3787 sententiam:
744 3728 787 3787 Ia
803 3742 865 3804 quo
880 3728 976 3784 atam
992 3723 1088 3799 abitt,
1105 3730 1134 3782 et
1186 3724 1265 3786 tecto
1289 3728 1320 3788 in
1335 3726 1451 3786 Missali
1465 3726 1601 3787 Romano
1623 3745 1679 3805 per
1701 3725 1875 3789 Clementem

436 3813 618 3889 spiritibus,
646 3816 702 3892 qui
717 3820 813 3881 erant
826 3814 862 3871 ir:
877 3830 1000 3871 earcere
1008 3855 1020 3885 ,
1033 3830 1133 3889 prae·
1188 3810 1334 3873 Octavum
1350 3821 1494 3886 correcto,
1510 3814 1540 3872 iu
1556 3813 1697 3893 Epistola
1708 3812 1808 3875 ierim
1819 3831 1873 3875 sex·

438 3898 567 3960 dicavit.
604 3900 756 3975 Rudinus,
782 3916 903 3960 sensum
918 3906 1049 3972 secutus,
1063 3898 1132 3959 red·
1186 3910 1237 3961 tae
1258 3899 1430 3972 Paschalis,
1453 3898 1578 3978 legitur:
1601 3902 1807 3977 exspectabat
1825 3900 1876 3963 vt

437 3982 513 4046 didit
524 4006 578 4067 per
592 3987 731 4048 verbnm:
748 3986 915 4047 descendit.
1184 3989 1351 4062 patientia
1382 3985 1540 4065 Quomodo
1556 3985 1662 4066 legunt
1677 3987 1873 4069 Hieronymus

481 4073 530 4134 to.
554 4075 616 4153 Qui
630 4070 1132 4150 ineredulifueraataliquaado.
1185 4081 1215 4132 et
1240 4073 1441 4152 Augustinus,
1467 4074 1541 4133 item
1566 4073 1688 4133 ldacine
1715 4075 1875 4156 Episcopo

436 4155 569 4219 Graece:
599 4151 787 4239 ἀπειθήσασι
806 4175 899 4232 ποτε,
926 4159 982 4218 hec
998 4165 1055 4231 est,
1081 4160 1131 4232 iis,
1184 4158 1261 4219 libro
1282 4162 1393 4239 scripto
1416 4169 1520 4220 conus
1535 4160 1754 4239 Verimadum3
1778 4164 1874 4222 irnost

437 4246 493 4323 qui
507 4245 633 4306 ardere
648 4248 824 4309 noluerunt
839 4247 914 4307 olim
921 4289 932 4320 ,
957 4244 1130 4322 quondam,
1186 4246 1264 4307 inter
1278 4248 1460 4308 recentiores
1471 4247 1640 4326 Dionysius
1653 4245 1874 4310 carthusianae

433 4331 621 4410 aliquando.
644 4334 787 4396 Erasmus
799 4334 902 4394 vertit:
918 4331 1131 4393 inobedienti·
1184 4332 1297 4393 Bedam
1321 4352 1444 4412 quoqne
1471 4353 1507 4393 eo
1533 4332 1622 4394 modo
1647 4332 1781 4412 legisse,
1808 4353 1871 4396 com·

433 4418 499 4482 but.
536 4419 647 4481 Verum
663 4419 780 4482 Graeca
803 4439 863 4480 vox
878 4418 1035 4498 possimis
1051 4418 1129 4478 Scri·
1183 4421 1348 4480 menmrius
1374 4420 1440 4498 ejus
1466 4418 1549 4480 haud
1571 4420 1700 4480 obscuro
1724 4422 1872 4502 signifiat

431 4507 532 4587 ptnris
547 4516 707 4589 usurpatur
722 4507 761 4568 de
776 4509 821 4580 iis,
837 4508 890 4585 qui
904 4503 992 4564 tidem
1009 4507 1130 4564 veritati
1182 4506 1300 4567 Dicitur
1315 4514 1413 4566 autem
1435 4509 1595 4583 patientia
1610 4509 1673 4568 Dei
1692 4517 1872 4585 exspectare,

431 4594 506 4656 satis
521 4592 694 4657 declaratae
715 4592 860 4656 adhibere
879 4592 1070 4671 pertinaciter
1084 4611 1127 4651 re·
1183 4594 1255 4672 qnia
1266 4593 1352 4652 Deus
1368 4594 1517 4672 patienter
1530 4603 1698 4673 exspectat.
1722 4593 1872 4676 Quomodo

431 4689 538 4743 uunnt
1182 4680 1220 4739 de
1235 4700 1270 4740 eo
1287 4680 1360 4739 dicit
1380 4680 1428 4740 hic
1443 4680 1607 4760 Apostolus
1622 4682 1654 4741 in
1670 4683 1690 4741 ι
1703 4683 1804 4763 Epist.
1818 4700 1871 4761 etp

475 4768 613 4849 Quaado
625 4766 848 4846 exspectabant
860 4765 922 4825 Dei
933 4766 1127 4841 patientiam
1182 4766 1226 4825 3.:
1242 4768 1409 4827 Patteater
1423 4769 1491 4843 opit
1501 4775 1639 4845 propter
1654 4787 1719 4830 voe
1758 4767 1869 4848 Alioqui

430 4856 467 4918 itt
482 4856 591 4916 diebus
606 4855 690 4931 Noe,
714 4873 785 4915 eum
807 4852 1026 4930 fabricaretur
1041 4868 1127 4909 arca.
1181 4851 1288 4924 dicere,
1304 4852 1386 4931 quod
1402 4854 1540 4916 homines
1559 4865 1740 4936 exspectant
1755 4855 1815 4917 Dei
1829 4873 1869 4935 ps·

429 4939 547 5004 Graeca
561 4941 656 5003 multa
671 4944 716 5003 sio
731 4940 858 5002 habent:
881 4938 1020 5017 mando
1035 4938 1128 4997 semel
1181 4940 1335 5012 tientiem,
1358 4959 1414 5001 nec
1434 4942 1580 5002 usitatum
1601 4952 1649 5003 est
1665 4944 1696 5004 in
1711 4942 1868 5025 Scripttrit

429 5028 630 5106 exspectabat
652 5030 716 5091 Dei
733 5028 913 5105 patientia,
933 5044 989 5087 ιιι
1011 5025 1127 5101 torpa·
1179 5045 1235 5087 nec
1257 5044 1378 5089 emnam
1400 5025 1491 5089 babet
1510 5028 1712 5092 commodam.
1750 5028 1818 5112 Qua
1831 5045 1867 5089 rr
