4442 5825
392 589 466 660 632
906 587 1308 646 comminuuntur

390 780 445 821 nos
466 759 606 822 emundat
627 765 751 845 sanguis
774 762 904 842 Christi;
931 767 1081 846 quomodo
1135 766 1265 828 destrui:
1294 765 1561 839 Manichaeorum,
1591 767 1651 846 qui
1682 765 1828 828 vsritstssr

390 848 490 908 statim
512 856 602 928 negat
616 850 695 910 idem
711 852 882 932 Apostolus,
905 851 1005 913 dicere
1027 873 1081 914 nos
1134 854 1285 916 hnmanae
1314 861 1442 914 naturae
1472 851 1598 914 Christo
1640 852 1826 926 ademeruntt

391 953 493 1015 posse:
532 938 614 1014 Quia
636 947 800 1012 peecatum
825 959 891 1000 non
910 941 1082 1001 habemus?
1134 940 1356 1014 Ebionitarum,
1379 941 1431 1019 qui
1447 939 1603 1000 Christum
1621 939 1726 1001 Deum
1746 958 1826 1019 noga·

390 1022 477 1082 Ratio
494 1031 546 1094 est,
563 1025 635 1102 qnia
651 1045 710 1084 non
726 1026 939 1086 emundat'nos
956 1029 1081 1106 sanguis
1135 1036 1211 1100 runt,
1228 1036 1258 1088 et
1273 1027 1530 1098 Nestoriunorum,
1554 1027 1609 1107 qui
1627 1028 1829 1106 personsmiu

390 1107 502 1168 Christi
523 1109 611 1168 simul
635 1120 664 1169 et
686 1112 777 1172 semel
802 1113 839 1173 ob
857 1114 935 1173 omui
950 1123 1081 1192 peccato,
1135 1111 1256 1175 Ohristo
1272 1113 1448 1173 diviserunt

389 1206 422 1254 ut
437 1194 537 1254 dicero
552 1199 618 1276 quis
634 1199 743 1276 possit:
770 1199 933 1259 Peccatum
955 1220 1014 1259 non
1029 1201 1081 1260 ha·
1177 1201 1206 1260 8.
1230 1203 1264 1262 st
1280 1200 1468 1261 dixerimus:
1492 1200 1660 1277 Quoniam
1675 1205 1829 1275 paccatum

388 1282 455 1354 boo,
483 1290 519 1353 et,
545 1283 625 1360 quud
640 1295 731 1363 negot
746 1285 891 1365 Sapiens:
922 1287 1080 1346 Mundum
1133 1304 1200 1347 non
1226 1287 1395 1362 holmum
1422 1287 1483 1362 ipsi
1507 1305 1568 1347 nos
1589 1285 1830 1360 seducimuqst

389 1375 433 1428 eat
458 1383 512 1427 cor
538 1387 651 1446 meum,
677 1391 780 1448 purus
804 1390 874 1432 sum
900 1390 921 1431 a
939 1380 1079 1448 peccato,
1133 1377 1250 1434 inritos
1276 1376 1312 1435 in
1338 1373 1427 1433 nobis
1453 1389 1521 1434 non
1545 1380 1597 1432 eat.
1639 1372 1828 1445 seducimus,

389 1457 477 1515 Prov.
494 1453 561 1532 uu,
579 1455 634 1518 sed
645 1459 780 1518 mundati
792 1478 901 1530 sumus,
918 1468 947 1519 et
959 1459 1079 1519 munda·
1134 1459 1264 1520 Graece:
1285 1455 1457 1536 πλανῶμεν,
1473 1458 1636 1536 fallimus,
1655 1458 1829 1532 decipimus

388 1562 454 1601 mur
476 1543 507 1601 in
529 1541 610 1617 diss,
632 1539 711 1606 nunc
733 1545 771 1604 ab
787 1546 848 1617 his,
872 1565 952 1604 nune
967 1544 1004 1604 ab
1021 1546 1081 1606 illis
1134 1547 1252 1608 Pendet
1279 1547 1446 1607 intellectus
1475 1546 1567 1622 hujus
1596 1545 1828 1605 sententiosas

389 1630 538 1708 peccatis,
564 1631 608 1689 ito
622 1639 736 1703 tumen,
765 1642 798 1691 ut
812 1651 983 1711 numquam,
1011 1632 1079 1692 dum
1134 1654 1204 1694 vero
1227 1652 1316 1693 sensu
1339 1634 1414 1710 ejus,
1439 1631 1519 1712 quod
1535 1639 1581 1690 est
1595 1639 1766 1708 peccatum
1780 1631 1829 1689 lto·

388 1716 435 1775 hic
450 1717 587 1787 vivimus,
602 1719 693 1778 simus
708 1718 745 1778 ab
763 1721 840 1779 omni
857 1727 983 1797 peccato
998 1739 1079 1798 pror·
1134 1720 1213 1779 ders.
1229 1719 1333 1780 Multis
1348 1720 1428 1779 enim
1439 1716 1536 1777 modis
1548 1726 1715 1796 peccatum
1727 1716 1828 1777 habos

389 1823 439 1862 sus
463 1802 624 1862 emundati.
662 1805 761 1885 Igitur
783 1806 841 1865 ista
864 1803 1019 1864 mundatio
1042 1806 1080 1866 ab
1133 1809 1202 1887 quis
1219 1805 1335 1865 dicitur.

388 1891 468 1949 omni
484 1899 607 1968 peccato
625 1894 768 1965 consistit,
792 1901 826 1950 nt
842 1890 1022 1952 scholastici
1037 1893 1079 1953 lo·
1175 1894 1277 1952 Primo
1300 1900 1423 1972 propter
1443 1891 1583 1951 affectum
1609 1892 1742 1970 peccati
1766 1887 1825 1968 Quo

389 1985 531 2054 quuntur,
556 1976 584 2035 in
611 1977 692 2054 pieri,
718 1999 778 2038 non
804 1980 835 2038 in
855 1980 978 2057 fuctum
1001 1998 1080 2056 csss‚·
1134 1981 1253 2059 quidem
1269 1978 1356 2038 modo
1371 1979 1530 2038 veritatem
1552 1976 1651 2037 habet
1666 1977 1744 2036 hseo
1758 1976 1827 2055 Apo

388 2061 480 2142 fitque
496 2072 564 2121 actu
581 2064 776 2144 incompleto,
799 2085 858 2125 nou
881 2074 979 2125 antem
1002 2086 1079 2125 cum·
1133 2065 1203 2126 stoli
1225 2066 1383 2136 sententia,
1406 2073 1556 2143 quatenus
1580 2063 1614 2124 in
1638 2063 1698 2124 hoe
1713 2061 1827 2124 namuh

388 2147 484 2229 pluto,
510 2150 566 2209 nisi
581 2151 610 2209 in
627 2151 695 2211 fine.
726 2152 773 2212 Ex
789 2172 849 2231 quo
864 2153 954 2213 etiam
971 2152 1080 2212 iutelli-
1133 2171 1220 2212 nemo
1246 2154 1402 2232 reperitur,
1429 2152 1482 2230 qni
1507 2150 1600 2228 plene
1625 2159 1775 2230 purgatus
1794 2147 1828 2208 sit

388 2236 488 2314 gitur,
522 2236 552 2296 in
582 2236 744 2298 electorum
775 2258 903 2316 persona
932 2239 1081 2299 Joannem
1132 2239 1170 2299 ab
1202 2240 1281 2299 omni
1311 2237 1479 2297 inordinato
1509 2244 1539 2296 st
1568 2236 1686 2296 vitioso
1718 2236 1826 2297 sumtu

388 2323 480 2401 loqui.
496 2323 573 2383 Nam
589 2325 610 2383 ii
626 2325 681 2385 soli
696 2325 859 2404 perfectum
876 2328 1003 2386 omnium
1015 2346 1080 2405 peo-
1133 2324 1221 2385 Unde
1237 2324 1422 2404 Augustinus
1438 2325 1468 2384 in
1484 2331 1615 2384 enarrat
1632 2322 1755 2383 Psalmi
1768 2324 1828 2382 118.

388 2420 522 2470 catorum
559 2412 798 2472 emundationem
828 2412 948 2473 tandem
979 2431 1079 2472 conse·
1133 2414 1299 2472 eonc.10.:
1330 2410 1511 2487 Intellipsrs
1534 2409 1699 2483 debemus,
1730 2410 1827 2489 inquil,

388 2506 528 2577 quuntnr.
1133 2499 1367 2574 quantumlibet
1381 2500 1511 2574 quisque
1523 2495 1679 2573 proficiat
1691 2499 1730 2558 s'n
1740 2499 1826 2570 ,iusti-

430 2584 514 2642 Dicit
530 2594 645 2644 autem:
661 2584 701 2643 oh
717 2589 805 2647 omni
817 2593 958 2661 peccato,
975 2585 1081 2645 volens
1133 2585 1334 2661 fluctionibus
1353 2586 1503 2657 Domini,
1526 2582 1737 2643 tuberosum
1751 2601 1828 2643 mor·

387 2673 490 2750 utique
516 2671 767 2750 comprehendere
797 2691 884 2732 omne
915 2679 1079 2751 peccatum,
1133 2672 1206 2732 tolia
1221 2673 1328 2732 curnis
1344 2671 1492 2750 affectum
1512 2673 1597 2729 mrsu
1613 2671 1677 2729 uta
1694 2678 1826 2742 terreto,

389 2756 548 2834 originale,
570 2758 703 2830 mortale,
725 2760 863 2835 veniole;
887 2758 1077 2838 quemadmo·
1133 2765 1162 2819 st
1187 2761 1223 2818 in
1246 2759 1359 2836 quibus
1381 2760 1449 2818 vito
1468 2758 1614 2816 humone
1637 2759 1825 2817 nunninus

388 2844 458 2904 dnm
475 2843 550 2903 bons
566 2843 720 2904 declarant
742 2846 773 2905 in
788 2846 850 2905 suis
865 2845 1081 2904 commentariis
1134 2853 1372 2923 superterram.
1401 2845 1452 2905 Sic
1467 2851 1496 2902 st
1513 2842 1577 2902 Leo
1594 2862 1728 2923 magnus
1750 2862 1825 2903 sarm

387 2932 575 3011 Augustinus
598 2942 629 2992 et
650 2931 750 3008 Beda;
774 2953 830 2993 nec
853 2953 911 2993 non
931 2932 1080 3012 Hierony·
1137 2936 1163 2992 7.
1188 2932 1227 2992 de
1250 2932 1360 3013 Epiph.
1384 2932 1522 2992 Domini:
1555 2932 1827 3009 Quirinumistut

387 3039 453 3079 mus
475 3018 525 3078 lib.
542 3020 570 3078 2.
595 3019 707 3100 dialogi
728 3032 832 3080 contra
846 3019 951 3099 Polag.
983 3018 1080 3099 Origi-
1134 3023 1181 3080 itu
1195 3022 1348 3081 immunis
1362 3037 1383 3078 a
1398 3020 1508 3094 culpo,
1532 3026 1567 3077 ut
1584 3019 1621 3078 in
1637 3035 1676 3078 so
1692 3018 1825 3079 nonio

387 3105 457 3168 nale
481 3105 600 3185 qnidam
624 3106 711 3167 simul
735 3127 800 3167 cum
824 3107 989 3168 actualibus
1011 3115 1082 3168 ante
1135 3107 1353 3181 beotiustits’a,
1371 3105 1456 3181 quod
1471 3105 1615 3179 arquut?
1638 3103 1685 3165 Bt
1700 3122 1827 3166 sermons

389 3194 570 3273 baptismum
593 3195 758 3255 commissis
781 3196 912 3256 abluitur
935 3196 1082 3273 sanguine
1136 3196 1163 3254 6.
1195 3193 1468 3272 Quadragesimoe:
1504 3191 1595 3253 ratu
1622 3200 1668 3253 ost
1696 3191 1826 3255 conotus

390 3281 500 3342 Christi
515 3281 546 3342 in
560 3281 728 3361 bsptism03
744 3281 876 3342 actualia
890 3301 962 3341 vero
974 3290 1082 3362 postea
1135 3283 1229 3341 etiam
1253 3299 1374 3354 sorum,
1393 3281 1449 3355 qui
1464 3280 1736 3355 concupiscentiis
1749 3280 1826 3339 reni-

389 3369 553 3440 commissu,
577 3371 747 3447 praesertim
764 3369 907 3441 mortalia,
930 3369 1081 3428 remittun—
1134 3376 1259 3443 tantur,
1284 3375 1319 3428 ut
1340 3384 1516 3442 numquam
1530 3369 1660 3442 possint
1677 3371 1715 3427 in
1731 3365 1825 3427 eordi-

389 3466 436 3516 tur
452 3474 505 3534 per
520 3464 736 3515 sacramentum
754 3456 964 3535 poeniteutiae.
1002 3455 1080 3514 Num
1135 3456 1191 3515 om
1205 3458 1269 3515 suis
1283 3474 1349 3515 non
1366 3453 1519 3526 invenire,
1544 3454 1633 3529 quod
1652 3454 1825 3531 reprobent

389 3541 520 3604 venialia
535 3543 626 3603 etiam
643 3543 710 3603 aliis
726 3543 831 3615 modis,
853 3541 968 3621 absque
983 3560 1080 3601 sacra·
1135 3544 1171 3601 Et
1187 3542 1335 3621 generalis
1350 3548 1397 3601 est
1411 3539 1724 3600 sentcntiaJob14.:
1739 3542 1824 3601 uam

388 3638 495 3701 mento,
511 3630 619 3688 remitti
634 3641 775 3708 possunt,
790 3633 833 3690 ita
846 3638 953 3700 tamen,
970 3636 1005 3686 ut
1016 3630 1082 3687 sine
1134 3630 1275 3690 muudus
1289 3648 1310 3687 a
1323 3627 1423 3688 eorde.

389 3719 498 3777 virtute
513 3717 669 3795 sanguinis
684 3719 715 3777 in
731 3736 817 3777 cruce
833 3736 886 3795 pro
898 3715 984 3776 nobis
997 3715 1082 3774 affusi
1177 3713 1315 3777 Secundo
1331 3713 1420 3773 modo
1436 3718 1557 3792 propter
1573 3721 1698 3773 testum
1710 3710 1823 3794 pseusti,

389 3803 474 3865 nulla
497 3803 550 3863 fist
571 3815 763 3884 peccatorum
778 3804 922 3877 remissio,
947 3822 1004 3862 nec
1018 3800 1082 3861 ulla
1135 3812 1168 3862 ut
1181 3802 1295 3862 nobem
1308 3807 1490 3878 peecatum,
1516 3798 1556 3857 sit
1581 3818 1668 3858 reum
1686 3818 1754 3861 osse
1768 3816 1821 3878 pro

389 3892 593 3951 remissionem
620 3889 804 3969 praecedens
831 3889 983 3970 purgatio,
1009 3889 1080 3961 sire,
1134 3899 1200 3970 pter
1224 3889 1350 3968 primum
1376 3905 1451 3966 opus
1478 3885 1691 3960 commissum,
1719 3889 1762 3946 ita
1783 3881 1822 3942 ds

390 3986 424 4037 ut
446 3979 591 4056 interpres
617 3977 757 4057 loquitur,
783 3978 977 4039 emundatio.
1012 3975 1082 4035 Non
1134 3978 1257 4038 finiente
1272 3976 1307 4034 Β.
1323 3977 1480 4053 Angustus
1495 3970 1546 4031 lib.
1565 3975 1593 4030 1.
1619 3973 1660 4034 ds
1677 3973 1823 4053 nuptiisot

389 4066 466 4124 enim
482 4064 577 4123 solum
593 4063 651 4124 hoc
664 4085 754 4126 sensu
770 4065 891 4143 sanguis
904 4062 1013 4123 Christi
1026 4082 1082 4121 nos
1135 4063 1305 4143 concupisc.
1333 4080 1400 4138 cap.
1427 4060 1479 4119 26.
1516 4059 1625 4137 Atque
1656 4058 1720 4120 hoc
1749 4059 1821 4118 son

389 4148 530 4211 emundat
551 4169 570 4209 a
592 4155 737 4230 peccatis,
763 4152 844 4232 qnod
867 4158 981 4211 rentum
1005 4148 1083 4208 tollit
1134 4148 1222 4210 modo
1239 4147 1400 4220 intellecta,
1421 4164 1494 4206 vera
1509 4154 1555 4203 est
1569 4144 1606 4204 B.
1623 4146 1757 4207 Joaunia
1770 4161 1821 4205 ssu

389 4235 628 4317 praecedentium
644 4247 851 4318 peccatorum
867 4236 1082 4307 verumetiam,
1134 4238 1236 4297 tentia.
1262 4234 1341 4294 Nam
1357 4234 1481 4294 durante
1495 4229 1552 4290 hac
1568 4232 1651 4305 vita,
1675 4246 1821 4314 numqua!

389 4325 462 4403 qnia
484 4323 668 4384 voluntatem
691 4333 801 4405 purgat
822 4326 860 4385 nb
882 4325 990 4384 affecto
1013 4342 1080 4402 pec·
1136 4341 1237 4383 sumus
1252 4320 1290 4380 ab
1307 4321 1387 4380 omni
1400 4327 1485 4379 reatu
1500 4316 1600 4379 liberi.
1616 4317 1822 4401 sompnum

389 4407 485 4484 candi,
509 4417 664 4491 praestans
678 4430 780 4471 veram
798 4411 894 4471 cordis
910 4409 1080 4472 conversio·
1135 4419 1190 4481 est,
1206 4407 1287 4468 undo
1303 4407 1405 4468 dicere
1420 4407 1485 4466 Deo
1501 4403 1690 4467 debeamus:
1707 4406 1822 4469 ΒΜ*

388 4516 458 4557 nem
484 4506 514 4558 et
539 4517 669 4559 amorem
692 4498 851 4575 justitiae,
877 4500 1083 4575 virtutumque
1135 4497 1225 4557 nohis
1240 4495 1347 4554 dubim
1364 4500 1483 4555 nostro.
1516 4491 1613 4571 Quod
1629 4494 1723 4554 stiam
1739 4490 1820 4553 adro

389 4586 601 4661 operationem.
635 4583 685 4644 Ad
699 4583 775 4644 haec
789 4585 867 4644 enim
884 4587 983 4646 omnia
998 4590 1082 4661 patet
1135 4602 1205 4644 cens
1217 4583 1387 4660 baptizatos
1403 4576 1540 4640 extendis
1554 4578 1770 4661 Hieronymus
1782 4572 1820 4637 tt.

389 4671 525 4730 meritum
547 4670 676 4748 Christi3
703 4669 952 4749 quemadmodum
975 4670 1006 4730 id
1022 4670 1081 4729 sin·
1136 4676 1164 4733 3.
1180 4668 1249 4729 dial.
1266 4676 1370 4728 contra
1385 4666 1489 4745 Polag.
1505 4664 1564 4726 sub
1581 4665 1686 4728 finem.
1710 4661 1821 4728 utrm·

390 4755 517 4836 gillotim
544 4757 631 4818 docte
657 4758 789 4837 explicat
811 4766 841 4816 et
863 4777 900 4817 ex
922 4757 1082 4836 Scripturis
1135 4766 1228 4817 tatem
1244 4755 1336 4816 habet
1350 4762 1495 4832 respectu
1509 4753 1736 4834 poenalitstnm
1751 4751 1821 4829 huj·

389 4844 497 4923 prohat
519 4843 653 4905 Jounnes
674 4843 830 4905 Hesselins
852 4846 884 4905 in
903 4850 1081 4904 commenta·
1137 4842 1258 4913 soeculi,
1274 4840 1381 4921 quibus
1397 4838 1497 4899 adhuc
1512 4847 1586 4900 sunt
1601 4840 1736 4904 obnoxii.
1759 4840 1821 4900 lun

390 4930 442 4988 rio.
480 4930 621 5010 Denique
643 4941 807 5004 nutantum,
830 4930 875 4991 his
890 4930 1081 5012 paucissimis
1137 4932 1188 5010 qui
1202 4928 1298 4990 adulti
1314 4934 1384 4989 sunt
1398 4927 1568 5007 baptisati,
1592 4926 1819 4991 iirscsnsmtn

391 5015 506 5077 vorbis:
528 5016 1081 5096 &monitumnonitum
1135 5024 1204 5099 post
1226 5016 1407 5099 baptismum
1430 5025 1561 5096 peecata
1586 5015 1694 5101 aliqua
1711 5009 1818 5081 sonuli
