4442 5825
591 579 1044 637 1113101111111111011113.
1078 572 1164 636 mii.
1186 583 1303 636 id.-ld.
1602 588 1674 657 m

371 758 450 837 quasi
470 758 575 818 sensus
596 758 651 818 ait:
678 759 722 819 Eo
748 769 927 837 argumento
981 775 1106 835 ramat,
1142 766 1173 819 et
1208 757 1309 820 adhuc
1331 754 1548 839 ,narramur
1585 759 1678 838 signis

371 862 453 918 mus,
474 864 530 904 nos
548 847 654 905 intime
669 845 735 905 Deo
750 846 928 924 conjunctos
982 844 1228 925 cooperantibus,
1258 847 1344 924 quod
1367 848 1454 907 Deus
1475 846 1573 906 Potor
1595 847 1680 906 misit

371 929 420 990 rod
438 930 477 990 ab
502 930 568 1008 ejus
583 930 713 1011 Spiritu,
737 952 826 1011 quem
842 932 928 993 nobis
982 932 1102 994 dilium
1118 950 1227 1008 mum,
1243 942 1278 993 nt
1289 932 1371 995 asset
1386 933 1499 994 muudi
1514 933 1676 1006 Salvator,

371 1037 530 1078 uoveamnr
555 1018 594 1078 ad
614 1017 783 1098 diligendos
809 1019 926 1079 fratres.
980 1018 1012 1079 id
1027 1025 1079 1092 est,
1094 1028 1128 1079 nt
1141 1018 1278 1080 hominos
1295 1028 1357 1079 toto
1375 1018 1445 1080 orbe
1460 1022 1491 1080 in
1505 1037 1539 1079 se
1554 1018 1675 1079 creden-

371 1104 434 1191 huip
454 1104 637 1180 intellectui,
664 1107 745 1184 quod
771 1127 832 1167 non
855 1104 929 1166 dicit
981 1113 1026 1165 tes
1049 1125 1067 1165 a
1088 1106 1222 1185 peccatis
1246 1116 1277 1166 et
1299 1115 1396 1167 morte
1423 1105 1527 1166 salvos
1552 1104 1677 1166 iaceret.

375 1213 382 1250 ε
409 1191 567 1267 Spiritum
594 1209 687 1253 aaron
714 1192 801 1253 dudit
825 1193 927 1267 roobia
981 1185 1071 1253 Unde
1086 1200 1118 1252 ot
1130 1197 1261 1269 Jerum,
1278 1192 1309 1253 id
1324 1203 1371 1254 est
1385 1192 1580 1265 Salvatorcm,
1595 1191 1679 1253 illum

371 1279 494 1354 Spiritu
504 1296 570 1340 ruo.
584 1279 653 1357 Quo
666 1279 824 1341 locutionis
839 1277 928 1339 modo
981 1277 1128 1360 appellari
1151 1281 1308 1359 praecepit
1322 1279 1430 1341 Matth.
1448 1289 1474 1340 1.
1499 1287 1531 1339 ot
1548 1279 1622 1338 Luc.
1640 1284 1678 1351 1.,

373 1373 423 1424 tur
444 1364 586 1426 donorum
610 1367 745 1446 partitio,
767 1366 838 1428 dum
859 1366 929 1426 aliis
982 1376 1014 1426 et
1028 1366 1216 1444 praesignari
1231 1367 1329 1426 voluit
1347 1386 1400 1447 per
1415 1364 1533 1443 Joaeph
1546 1364 1678 1426 Patriar·

371 1460 437 1526 rtor3
464 1454 572 1513 caritas
592 1461 691 1512 antem
711 1473 801 1513 annm
817 1453 927 1513 donum
982 1452 1083 1525 cham,
1111 1471 1215 1531 quem,
1238 1461 1352 1514 mutato
1368 1455 1504 1526 nomine,
1529 1471 1582 1513 rex
1598 1451 1676 1512 Pha·

371 1540 397 1598 »d
420 1539 557 1600 omnibns
579 1538 667 1600 debet
681 1559 747 1600 esse
761 1558 927 1601 commune.
981 1559 1033 1598 rao
1044 1540 1149 1599 vocari
1156 1541 1250 1618 jussit
1262 1540 1456 1622 Aegyptiace
1466 1540 1588 1619 lingna:
1604 1538 1677 1601 Sat·

374 1626 470 1704 magis
496 1628 585 1687 etiam
619 1627 718 1688 obstat
742 1627 815 1701 hoo,
847 1624 927 1707 qnod
980 1633 1124 1686 vatorum
1139 1627 1271 1703 mandi,
1287 1626 1362 1689 Gen.
1379 1629 1430 1688 41.

379 1714 444 1773 :Et
458 1732 517 1775 uoa
532 1714 687 1789 vidimus,
704 1721 759 1774 etc.
784 1711 872 1793 Quod
888 1711 928 1773 ad
1026 1713 1075 1773 16.
1099 1715 1245 1791 Quisquis
1270 1716 1430 1794 confusus
1454 1713 1574 1791 fucrit,
1597 1727 1678 1788 quo·

371 1819 452 1859 nsum
472 1820 533 1860 non
555 1800 694 1880 quadrat.
733 1800 837 1862 Potius
852 1819 927 1878 ergo
980 1801 1069 1860 nium
1084 1802 1181 1863 Jesutr
1203 1808 1247 1861 art
1262 1802 1365 1863 Filius
1380 1801 1457 1875 Dei,
1483 1802 1569 1861 Deua
1591 1801 1628 1861 io
1643 1816 1679 1859 ao

371 1906 390 1945 n
406 1895 467 1960 cst,
483 1888 662 1967 Apostolum
680 1886 764 1966 loqui
780 1888 818 1949 de
831 1887 927 1946 varie·
980 1893 1106 1961 munet,
1130 1894 1160 1946 at
1174 1890 1291 1963 ipsein
1307 1891 1383 1950 Deo.
1420 1887 1508 1948 Haec
1522 1905 1591 1967 pars
1612 1885 1678 1946 illa·

371 1974 526 2033 rismatum
541 1974 673 2053 Spiritus
695 1977 806 2048 aenou,
834 1973 929 2033 etinoa
980 1975 1042 2033 tire
1069 1973 1247 2053 accipienda
1272 1985 1334 2047 est,
1367 1981 1398 2035 et
1423 1993 1462 2034 ex
1487 1971 1679 2054 praecedenti

371 2059 444 2118 eles.
480 2060 553 2120 Cum
569 2064 649 2121 enim
665 2060 806 2134 dixisset,
830 2061 927 2121 Deum
980 2059 1149 2140 supplenda
1177 2060 1235 2121 hoo
1268 2061 1374 2123 modo:
1412 2062 1558 2141 Quisquis
1586 2060 1680 2137 igitur

371 2169 373 2200 t
399 2166 534 2221 manere,
561 2150 588 2207 ai
608 2147 769 2227 diligamus
792 2149 927 2219 invicem,
979 2146 1139 2224 confertur
1151 2147 1270 2224 fucrit,
1294 2149 1380 2225 quod
1393 2149 1489 2211 Jasrcr
1512 2155 1556 2207 cst
1573 2146 1678 2207 Filius

371 2252 388 2291 o
403 2235 487 2312 signo
501 2233 688 2295 evidentiore
699 2236 797 2308 docet,
812 2254 872 2294 non
887 2232 927 2295 de
979 2234 1058 2308 Dei,
1075 2234 1226 2294 Salvator
1241 2236 1371 2310 mundi,
1396 2242 1468 2312 cto.,·
1494 2232 1582 2315 qnasi
1597 2231 1679 2292 dicat

371 2371 372 2381 .
394 2319 448 2379 sed
464 2321 503 2381 de
518 2321 657 2382 Ecclesia
671 2323 821 2393 fidelium,
845 2320 926 2399 qnod
979 2319 1157 2399 Apostolus:
1185 2320 1286 2400 Quum
1310 2330 1340 2383 et
1354 2323 1528 2382 testimonio
1547 2319 1677 2398 Spiritus

379 2426 446 2466 eum
462 2407 530 2467 Deo
553 2409 726 2470 societatem
749 2407 860 2468 habeut
883 2404 927 2482 (id
979 2407 1089 2478 saneti,
1120 2408 1174 2487 qui
1204 2407 1299 2468 multa
1325 2417 1354 2468 et
1382 2409 1469 2468 varia
1498 2407 1678 2468 charismate

371 2493 519 2571 mificatur
533 2494 592 2554 illis
606 2495 723 2556 vorbis:
740 2500 775 2556 irr
791 2497 841 2556 Eo
857 2513 926 2554 mo·
980 2491 1087 2553 effudit
1114 2495 1145 2554 in
1167 2494 1335 2555 Ecclesiam
1359 2513 1412 2574 per
1435 2491 1677 2565 necfundam,

376 2588 405 2639 ct
419 2583 491 2655 Ipsa
508 2583 543 2641 ira
558 2579 679 2658 uobis),
696 2585 769 2662 quis
788 2583 926 2642 nimirum
980 2589 1010 2639 et
1024 2581 1249 2659 praedicatione
1265 2590 1386 2655 nostra,
1408 2581 1439 2641 id
1455 2590 1501 2642 est
1515 2579 1678 2659 Apostolo-

371 2674 401 2727 tu
414 2686 471 2727 auo
494 2668 582 2728 dudit
603 2670 710 2744 nebu,
735 2669 766 2729 id
782 2678 830 2729 est
843 2668 928 2728 varia
980 2687 1061 2737 rum,
1076 2669 1128 2748 qni
1144 2686 1246 2728 snmus
1262 2668 1375 2729 oculati
1388 2677 1498 2742 testes,
1513 2666 1678 2728 nouissime

378 2756 424 2812 sui
445 2755 627 2816 charismata
646 2756 801 2816 distribuit
823 2754 926 2830 nobis3
980 2762 1108 2826 constet,
1138 2754 1239 2814 Deum
1266 2755 1387 2817 Patrem
1422 2756 1538 2815 misisse
1567 2753 1676 2814 Jcsnm

371 2840 398 2899 di
429 2841 519 2921 longo
548 2841 654 2903 ordine
686 2853 878 2904 recensentur
908 2860 928 2901 a
979 2841 1091 2901 Filium
1107 2860 1210 2915 saum,
1233 2843 1284 2923 qui
1300 2860 1403 2905 omnes
1425 2843 1457 2903 in
1472 2860 1506 2901 se
1521 2839 1677 2902 credontes

378 2927 444 2989 Oor.
464 2934 512 2990 12.
550 2931 699 3008 Loquitur
715 2940 816 2991 antem
831 2930 926 2991 Joan·
979 2928 1079 2989 salvos
1090 2926 1221 3005 laceret3
1237 2950 1309 3009 ergo
1320 2932 1500 3012 quicumque
1511 2929 1677 3009 hocipsurn

371 3035 468 3075 ersuna
480 3016 642 3077 Ecclesiae
654 3018 733 3078 illius
746 3019 925 3096 primitivae,
981 3017 1097 3096 integra
1110 3015 1172 3077 fide
1187 3017 1341 3079 mutum·
1355 3016 1457 3090 fuerit,
1474 3018 1609 3078 intimam
1626 3016 1678 3076 ob·

371 3104 522 3182 Apostolis
538 3112 570 3164 et
584 3104 652 3165 aliis
668 3105 771 3165 multis
785 3103 926 3166 fidelibus
979 3105 1055 3163 tinet
1070 3122 1136 3162 cum
1152 3103 1220 3165 Deo
1240 3106 1493 3184 conjunctionem
1514 3121 1577 3183 qua
1598 3103 1629 3162 in
1644 3122 1678 3164 re

371 3201 397 3249 tu
414 3190 485 3262 Dei,
505 3193 596 3269 juxte
618 3192 697 3253 hunc
719 3211 853 3263 sensum,
877 3209 925 3249 co·
981 3190 1061 3251 salus
1077 3193 1347 3264 nostraoonsistlt,
1362 3189 1539 3270 imperfecte
1554 3188 1677 3268 quidem

371 3287 493 3356 ceperat.
529 3277 619 3356 Quod
644 3287 709 3340 erat
727 3279 926 3339 certissimum
979 3277 1010 3336 in
1035 3276 1093 3336 hac
1117 3278 1198 3351 rita,
1226 3278 1359 3357 perfecte
1386 3286 1484 3339 autem
1510 3278 1541 3337 ia
1564 3275 1678 3336 sutura.

371 3372 451 3435 tum,
479 3385 530 3424 eos
560 3367 590 3425 in
621 3366 687 3426 Deo
718 3383 858 3437 manere,
896 3372 927 3425 st
980 3360 1192 3425 Conferendus
1213 3376 1259 3426 est
1280 3366 1330 3426 hic
1353 3365 1437 3425 locus
1460 3384 1528 3425 oum
1547 3383 1598 3437 eo,
1624 3363 1679 3443 qni

371 3453 480 3529 oipsis.
518 3451 605 3513 Unde
623 3453 737 3513 Paulus
763 3451 859 3512 lGor.
878 3454 925 3512 14.
980 3448 1088 3510 estad
1111 3452 1196 3512 Rom.
1219 3455 1366 3532 cap.10.:
1389 3454 1424 3514 ss·
1445 3451 1679 3527 confitearitirt

371 3538 397 3597 uli
413 3539 541 3598 intrante
562 3541 593 3598 in
609 3540 792 3612 Ecclesiam,
818 3541 848 3599 in
865 3558 926 3616 qua
980 3556 1033 3600 erc
1055 3545 1110 3598 tuo
1128 3540 1304 3601 Dominum
1320 3545 1451 3613 Jerum,
1476 3547 1505 3598 rt
1526 3542 1564 3600 tn
1586 3538 1679 3598 corde

371 3633 453 3684 intur
482 3624 650 3704 hujusmodi
678 3626 771 3699 dona,
798 3627 841 3686 sio
868 3626 925 3686 ait:
979 3633 1034 3686 tato
1050 3625 1238 3703 crediderit,
1263 3627 1349 3705 quod
1365 3628 1452 3687 Dorta
1473 3627 1565 3687 illum
1581 3628 1679 3686 autoi-

371 3716 405 3772 in
420 3712 536 3788 facicm
552 3713 703 3773 adorabit
718 3715 832 3787 Deum,
845 3730 926 3789 pro·
980 3715 1062 3773 tavit
1092 3731 1112 3770 o
1141 3718 1294 3789 mortuis,
1325 3714 1434 3774 saluas
1464 3716 1533 3774 cria.
1577 3713 1679 3774 Corda

371 3819 402 3873 a,
427 3800 512 3875 quod
528 3818 599 3860 vcra
615 3803 700 3862 Dour
722 3803 758 3861 irc
773 3799 861 3861 vobis
874 3804 925 3875 rit,
980 3804 1065 3861 cuim
1080 3801 1222 3863 creditur
1237 3802 1282 3861 od
1300 3804 1458 3876 justitium
1466 3824 1478 3877 ,-
1503 3818 1557 3860 ora
1572 3807 1679 3861 autom

371 3906 419 3964 ap.
435 3886 573 3964 praeced.
590 3906 619 3946 v.
635 3888 689 3948 ult.
979 3885 1133 3963 confusio
1149 3888 1185 3964 tit
1200 3890 1244 3949 od
1257 3889 1400 3950 solutam.
1439 3887 1517 3947 Nam
1533 3887 1612 3947 sicut
1628 3886 1679 3947 ille

371 3976 391 4033 :r
405 3989 464 4032 root
487 3974 641 4048 vidimus,
665 3982 695 4035 et
710 3975 925 4051 testificamur,
979 3974 1070 4045 leons,
1086 3975 1131 4034 sio
1145 3981 1176 4035 et
1189 3977 1249 4036 iste
1264 3974 1482 4036 contessionem
1498 3975 1625 4053 requirit
1639 3992 1680 4034 ex

371 4080 380 4119 t
398 4060 496 4118 Potor
510 4062 597 4121 misit
608 4062 729 4122 Filium
745 4079 837 4123 artum
853 4062 926 4122 snt·
979 4059 1059 4121 fideli
1075 4060 1164 4122 corde
1176 4062 1348 4142 perfectam,
1365 4071 1394 4120 et
1405 4062 1596 4138 conjunctam
1612 4079 1678 4121 oum

387 4146 509 4206 muudi.
547 4147 681 4208 Dicens:
707 4150 751 4209 Et
772 4166 848 4222 uos,
877 4146 925 4207 de·
980 4146 1400 4230 earoiuntate‚quaparatns
1415 4148 1453 4207 sit
1468 4146 1678 4219 homofacera,

371 4253 439 4292 runc
455 4234 616 4312 specialius
639 4253 671 4294 se
690 4234 787 4316 loqui,
810 4234 928 4295 scilieet
980 4253 1058 4315 quae
1072 4234 1209 4296 iacienda
1224 4256 1276 4317 por
1291 4234 1380 4295 fidem
1395 4235 1576 4315 cognoverit.

371 4319 646 4398 coapostolorum,
670 4323 820 4401 quomodo
843 4321 924 4380 locu·
1024 4323 1073 4382 16.
1096 4323 1141 4383 Et
1154 4341 1213 4384 nor
1227 4324 1432 4399 coynovimus
1444 4328 1473 4381 rt
1487 4321 1680 4383 credidimus

371 4407 437 4466 nitio
454 4406 546 4488 hujus
559 4407 730 4486 Epistulae.
765 4409 843 4468 Nem
858 4427 926 4468 sen·
979 4410 1129 4483 caritati,
1157 4428 1255 4487 quom
1279 4409 1373 4470 habet
1400 4410 1485 4469 Dauo
1513 4411 1551 4470 iu
1579 4408 1679 4468 nobis.

371 4493 413 4551 Et
423 4501 457 4551 ut
469 4491 597 4573 amplius
611 4496 810 4573 intelligatur,
825 4494 925 4554 Deum
981 4494 1135 4571 Ooritoti,
1152 4495 1287 4558 Graece:
1306 4499 1483 4557 curitmam.
1518 4493 1677 4555 Commen-

373 4598 460 4652 ease,
489 4590 519 4639 et
540 4600 595 4640 nos
616 4582 647 4641 in
663 4583 746 4656 Deo,
772 4600 831 4643 nos
845 4582 926 4659 Apo·
980 4580 1107 4642 daverut
1137 4582 1304 4663 Apostolus
1340 4584 1494 4643 mritatem
1530 4579 1679 4655 fidelibus,

371 4685 461 4726 rorum
477 4669 651 4752 magisterio
672 4667 761 4728 fidem
778 4666 925 4729 Christis·
980 4672 1133 4751 proposito
1144 4670 1204 4731 Dei
1220 4669 1320 4732 Patris
1335 4668 1483 4749 exemplo,
1500 4669 1554 4750 qui
1564 4668 1678 4730 Filium

373 4754 510 4833 cepistis,
537 4753 676 4815 uidimus
700 4755 796 4816 oeulis
817 4756 927 4815 nostris
979 4773 1064 4816 sunm
1079 4759 1162 4818 misit
1178 4777 1231 4835 pro
1253 4755 1357 4816 mnndi
1372 4756 1485 4829 aalute3
1512 4775 1607 4826 nunc,
1633 4757 1679 4816 in·

371 4838 424 4900 bna
454 4842 703 4901 contrectavimus
733 4838 821 4917 (haec
850 4843 927 4902 eninr
980 4843 1078 4903 stituti
1109 4846 1157 4905 sui
1186 4862 1379 4924 nequaqnam
1410 4842 1538 4915 oblitus,
1573 4841 1678 4904 codam

398 4928 494 5004 primo
522 4924 636 5005 capite)
661 4929 755 5001 llum,
781 4930 812 4988 in
838 4947 927 5000 quom
979 4932 1158 5004 revertitur,
1173 4938 1363 5002 enarratur,
1383 4936 1495 5008 quanto
1510 4927 1610 4989 atndio
1626 4948 1679 4989 no·

371 5013 412 5093 ia5
426 5021 460 5075 et
472 5011 551 5076 siout
565 5013 703 5091 virdinus,
717 5013 760 5076 ita
770 5015 929 5095 testificati
979 5014 1028 5077 bis
1043 5016 1212 5080 exercenda
1227 5018 1267 5080 sit
1279 5024 1383 5079 mutua
1406 5035 1443 5079 aa
1457 5015 1592 5079 iraoerua
1606 5016 1679 5078 cari·
