4442 5825
442 583 514 651 '108

439 753 579 833 plerique
601 749 721 830 legunt:
749 741 785 807 τὸ
809 740 883 808 οὔτὸ
908 743 1042 828 χρίσμα,
1066 752 1136 827 ipsa

439 843 559 912 unctio,
576 859 629 919 pro
646 856 707 916 quo
723 836 866 916 Syriacez
883 838 942 896 illa
956 842 1089 914 unctio,·
1105 841 1137 895 in

442 927 549 1006 paucis
570 933 670 984 antem
695 923 821 1002 legitur:
845 917 881 981 τὸ
901 917 992 982 αὐτοῦ
1008 918 1136 1001 χρίσμα,

442 1015 541 1089 ipsius
569 1012 697 1084 unctio,
727 1030 835 1090 nempe
865 1010 977 1071 Christi
1007 1010 1138 1086 Domini,

442 1098 522 1178 quod
539 1118 605 1158 cum
621 1095 745 1176 vulgata
762 1098 899 1156 versione
914 1098 1070 1172 convenit3
1094 1104 1137 1157 at·

442 1204 502 1264 qne
528 1185 585 1244 boc
610 1183 699 1242 modo
725 1184 799 1262 legit
826 1184 914 1244 etiam
941 1184 1139 1263 Augustinus.

441 1273 531 1332 Hanc
557 1279 688 1352 partem,
715 1270 802 1333 velut
822 1268 1042 1350 imperfectam,
1069 1269 1139 1332 libri

442 1356 565 1437 quidam
592 1358 695 1419 excusi
724 1352 882 1436 supplent,
910 1355 1067 1417 addendo:
1090 1361 1138 1417 ita

440 1447 587 1523 faciatis,
619 1443 700 1523 quod
726 1445 825 1523 ipsum
856 1453 1045 1503 enarratores
1075 1447 1138 1504 lere

442 1529 586 1610 supplent
611 1530 798 1610 exponendo.
835 1529 994 1589 Hesselins
1020 1539 1138 1590 santen-

441 1619 513 1678 tiam
529 1618 647 1698 perficit
669 1617 724 1676 hoc
740 1617 843 1678 modo:
872 1615 934 1676 Sed
950 1617 1006 1677 boc
1022 1625 1138 1677 tantum

443 1725 509 1783 ago,
534 1712 575 1776 ut,
598 1706 674 1763 siout
695 1705 795 1765 unctio
811 1723 866 1762 vos
889 1702 978 1763 docet
993 1702 1031 1763 de
1045 1705 1138 1763 omni·

442 1791 510 1862 bus,
526 1793 649 1849 etaient
665 1789 769 1850 imbuti
786 1793 866 1862 estis,
883 1791 914 1851 in
930 1810 965 1850 eo
980 1793 1138 1850 maneatis.

443 1877 555 1938 Verum
578 1875 751 1955 hujusmodi
774 1875 989 1956 supplementis
1011 1877 1140 1937 fortasse

444 1984 504 2023 non
515 1982 590 2043 opus
603 1971 657 2036 est,
669 1972 704 2022 ut
716 1962 959 2042 exsequentibus
973 1964 1138 2042 apparebit.

488 2051 532 2111 Et
547 2068 658 2110 verum
674 2057 727 2124 est,
744 2058 774 2109 et
788 2067 855 2110 non
871 2057 915 2109 est
929 2052 1140 2110 nuenducium.

445 2134 528 2196 Illud
552 2137 703 2208 nimirum,
731 2135 812 2217 quod
838 2137 939 2196 unctio
962 2157 1017 2196 vos
1044 2136 1140 2196 docet.

445 2223 486 2283 I⁴lt
501 2241 604 2282 sensus
620 2231 681 2281 est:
703 2222 750 2295 Id,
773 2221 852 2303 quod
869 2221 957 2283 docet
971 2242 1026 2282 vos
1041 2224 1141 2284 unctio

445 2308 540 2371 semel
563 2317 694 2389 accepta,
717 2311 830 2370 veritas
851 2318 904 2382 est,
927 2330 987 2369 non
1007 2309 1142 2384 falsitas3

446 2416 518 2457 vera
540 2395 689 2468 doctrina,
714 2417 772 2456 non
795 2396 883 2468 falsa,
910 2396 1028 2477 qualem
1055 2396 1143 2457 vobis

446 2483 587 2545 adferunt
599 2491 630 2542 et
641 2482 805 2544 obtrudunt
819 2485 890 2543 novi
902 2486 1050 2563 magistri.
1068 2485 1141 2542 Ροε-

446 2580 493 2631 set
508 2572 599 2629 etism
622 2589 658 2628 ex
674 2568 790 2630 Graeco
814 2572 907 2630 verti:
936 2572 978 2630 Et
994 2589 1071 2631 vera
1087 2578 1142 2642 est,

447 2657 566 2718 scilicet
581 2658 707 2732 unctio,·
731 2657 783 2717 esd
800 2676 858 2716 non
874 2656 962 2716 valde
983 2656 1143 2738 respondet

447 2742 575 2804 alterum
598 2743 774 2802 membrum:
801 2745 844 2803 Et
859 2762 926 2803 non
950 2751 993 2803 cst
1008 2744 1143 2804 menda·

451 2833 544 2890 cium
569 2827 760 2907 Quemquam
775 2830 963 2908 Augustinus
982 2838 1144 2909 utrumque

452 2916 524 2996 legit
539 2914 704 2993 adjective:
727 2918 770 2976 Et
785 2935 884 2978 verua
900 2925 952 2992 est,
975 2926 1003 2978 et
1017 2938 1085 2979 urin
1101 2924 1145 2977 est

450 3003 609 3078 mendum·
633 3011 667 3059 ut
688 3022 794 3063 sensus
817 3004 867 3062 sit:
895 3004 1090 3077 Unctionem,
1114 3003 1143 3063 id

448 3104 496 3150 est
518 3089 663 3168 Spiritum
679 3098 824 3162 sanctum,
849 3091 879 3148 iu
894 3093 1040 3163 omuibus,
1064 3108 1144 3171 quae

449 3176 551 3250 docet,
577 3194 714 3235 veracem
739 3195 817 3249 esse,
842 3178 907 3237 sine
929 3176 1068 3239 falsitatis
1090 3179 1143 3238 ad·

448 3264 603 3323 mixtione.
910 3337 912 3339 Ι

494 3349 537 3410 Et
559 3352 639 3408 sieut
662 3349 769 3409 docuit
790 3368 855 3424 vos,
881 3357 1006 3410 manete
1028 3354 1063 3411 in
1085 3352 1142 3411 Εο.

450 3435 525 3496 Vel:
554 3438 589 3496 in
617 3454 670 3511 ee,
698 3444 730 3495 nt
756 3434 796 3495 ad
818 3438 987 3496 unctionem
1013 3433 1144 3513 (Graece

452 3516 581 3599 χρίσμα)
606 3523 761 3583 referatur.
800 3522 863 3582 Nec
891 3531 938 3582 est
963 3526 993 3581 in
1019 3522 1144 3583 Graecis

451 3608 620 3689 plerisque:
643 3600 759 3686 μένετε,
777 3617 921 3685 muncte;
939 3607 992 3668 sed
1008 3612 1143 3687 μενεῖτε,

450 3696 627 3768 summurn,
641 3694 721 3775 quod
733 3702 831 3755 tamen
844 3694 924 3755 idem
936 3695 1048 3756 valeat.
1064 3697 1144 3756 Nam

450 3781 598 3843 Hebraeis
614 3782 753 3863 frequens
769 3791 822 3855 est,
844 3784 888 3841 uti
905 3781 1016 3843 futuris
1032 3782 1143 3843 indica·

449 3870 504 3930 tivi
530 3889 583 3947 pro
606 3870 807 3950 imperativis3
838 3878 887 3929 ut:
917 3870 990 3928 Non
1017 3871 1144 3929 occides.

449 3957 489 4016 Bt
512 3975 583 4016 mox
604 3964 769 4016 commutat
790 3956 821 4016 in
843 3954 966 4015 verbum
991 3958 1142 4036 impereti-

448 4060 533 4102 vum:
550 4034 665 4119 μένετε.
689 4042 861 4122 Completur
874 4052 976 4103 autem
990 4042 1046 4103 bac
1059 4052 1144 4120 perte

448 4127 606 4208 (qnantum
629 4129 700 4189 mibi
726 4126 857 4206 videtur)
880 4129 1022 4209 periodus
1037 4130 1075 4189 ab
1091 4130 1143 4188 illo

448 4216 550 4275 initio:
575 4216 636 4275 Sed
659 4219 737 4275 sicut
755 4219 864 4277 unctio
887 4223 952 4290 etc,
976 4216 1076 4276 medis
1098 4225 1141 4274 ta·

447 4320 514 4361 men
531 4301 723 4379 parenthesi;
745 4311 854 4361 uttota
868 4302 1007 4363 distincte
1023 4302 1143 4381 legatur

447 4389 505 4449 boc
519 4386 624 4447 modo:
651 4388 722 4461 Sed,
746 4391 826 4448 umet
841 4394 948 4450 unctio
971 4395 1037 4464 ejus
1053 4390 1142 4449 docet

448 4493 503 4536 οοε
517 4476 556 4536 cie
568 4474 715 4536 omnibus
731 4469 774 4547 (et
785 4494 895 4535 verum
908 4485 960 4550 est,
978 4485 1006 4534 et
1019 4495 1085 4537 non
1098 4484 1141 4536 est

445 4560 674 4640 menducium),
698 4568 727 4621 et
749 4564 829 4621 sicut
851 4562 957 4621 docuit
981 4582 1044 4637 οοε,
1068 4583 1140 4623 mu·

445 4657 516 4710 nete
530 4652 567 4710 in
584 4668 627 4710 eo.
652 4649 740 4728 Quae
761 4648 909 4707 sententia
930 4648 1140 4723 absolutorem,

446 4744 480 4795 ut
502 4738 567 4816 jam
594 4744 755 4816 appareat,
785 4736 816 4793 iu
843 4736 942 4811 priore
970 4743 1053 4812 parte
1080 4757 1139 4796 uon

445 4821 541 4884 inisse
557 4821 762 4903 quaerendum
778 4818 1024 4900 supplementum.

622 4907 855 4969 additiunculas
870 4908 908 4967 Β.
925 4908 960 4966 Ρ.

489 4995 637 5053 Fortassis
649 4993 817 5075 expeditius
825 5003 878 5066 est,
891 4992 1046 5075 periodum
1057 4995 1137 5053 clau·

957 569 1194 627 COMMENTARIUS
1212 571 1244 627 ut
1261 571 1326 628 clv.
1345 572 1372 626 ll.

1191 748 1263 811 dere
1287 751 1352 811 siue
1367 748 1430 808 ulla
1451 745 1641 826 parenthesi,
1668 746 1804 825 proxime
1825 752 1880 806 ants

1192 838 1244 897 illa
1259 836 1369 898 verba:
1394 844 1424 895 et
1445 839 1526 896 sicut
1549 834 1665 895 docuit
1682 854 1749 908 vos,
1774 841 1881 893 manete

1191 927 1227 985 in
1243 943 1279 984 eo
1286 947 1299 1002 ,-
1322 931 1354 982 ut
1376 923 1452 982 haee
1468 923 1506 982 sit
1521 941 1604 981 nova
1621 940 1681 1001 per
1696 940 1734 982 se
1752 919 1883 998 periodus,

1191 1012 1284 1092 priori
1305 1009 1348 1069 illi
1372 1008 1458 1069 velut
1479 1007 1635 1087 copulata,
1660 1006 1717 1068 sed
1741 1009 1839 1088 potius
1855 1025 1884 1067 ea

1192 1118 1237 1169 ea,
1260 1097 1424 1158 secundum
1442 1113 1572 1177 sensum,
1596 1094 1691 1156 illata
1714 1094 1775 1155 hoc
1795 1094 1884 1155 modo:

1192 1186 1280 1247 Sicut
1294 1185 1403 1245 unctio
1420 1185 1487 1258 eius
1502 1181 1593 1242 docet
1610 1200 1669 1244 οοε
1685 1182 1728 1242 de
1744 1181 1885 1255 omnibu,

1193 1274 1239 1330 ita
1261 1291 1291 1332 se
1310 1271 1401 1331 babet
1423 1270 1578 1330 soluturis
1599 1271 1738 1344 veritas,
1761 1270 1885 1346 scibilem

1192 1362 1227 1418 in
1243 1360 1302 1418 bec
1317 1358 1360 1416 ud
1375 1359 1508 1417 sulutem
1530 1358 1726 1434 pertinente
1742 1356 1885 1429 doctrine,

1194 1465 1257 1523 quea
1273 1448 1367 1506 unxit
1390 1451 1509 1504 mentes
1525 1450 1652 1504 vestras
1669 1444 1816 1504 Christus
1830 1444 1885 1503 Do-

1193 1535 1309 1607 minus,
1334 1539 1376 1591 est
1391 1531 1443 1590 vel
1457 1533 1614 1591 minimae
1637 1530 1807 1608 falsitatis.
1831 1530 1887 1591 Ito·

1195 1638 1253 1695 que
1276 1622 1355 1678 siout
1377 1618 1485 1679 docuit
1508 1635 1573 1692 vos,
1599 1618 1780 1678 manebitis
1801 1620 1833 1677 in
1850 1636 1886 1691 eo,

1194 1705 1317 1778 scilicet,
1339 1702 1418 1784 quod
1434 1723 1488 1763 vos
1504 1703 1619 1763 docuit
1645 1703 1738 1782 Quae
1762 1704 1886 1765 exhorta·

1194 1793 1236 1851 tio
1275 1792 1419 1871 proximis
1449 1790 1561 1850 deinde
1591 1792 1702 1853 verbis
1735 1791 1887 1852 inculcatas

1193 1899 1272 1939 vers.
1289 1881 1339 1940 28.

1237 1966 1344 2025 Monet
1358 1983 1429 2043 ergo
1440 1963 1470 2024 S.
1483 1962 1506 2024 J
1508 1983 1634 2034 oannes,
1649 1973 1684 2022 ut
1701 1966 1734 2025 in
1751 1966 1886 2036 unedone,

1194 2054 1308 2112 sivein
1329 2050 1462 2112 doctrina
1483 2071 1538 2131 per
1560 2052 1743 2112 unctionem
1768 2059 1886 2132 accepta.

1195 2148 1350 2218 tamquam
1375 2137 1544 2198 indubitate
1569 2157 1664 2214 vere,
1692 2146 1886 2219 permaneant

1195 2225 1299 2286 Utitur
1314 2232 1412 2284 autem
1427 2225 1521 2284 verbo
1534 2233 1598 2284 tam
1612 2227 1797 2305 praesentis,
1812 2244 1887 2305 quau

1196 2312 1351 2393 praeteriti
1375 2313 1532 2390 temporis:
1557 2312 1651 2372 docet
1676 2322 1712 2373 et
1729 2314 1886 2385 domnina

1196 2402 1312 2471 innuat,
1335 2399 1499 2458 doctrinam
1522 2417 1559 2458 ac
1577 2400 1795 2479 magisterium
1810 2398 1885 2479 spiri·

1196 2498 1244 2546 tus
1271 2486 1366 2545 sancti
1394 2486 1422 2543 in
1446 2484 1585 2544 Ecclesia
1615 2506 1686 2547 esse
1716 2496 1885 2569 perpetuum.

1197 2594 1251 2634 nec
1266 2574 1308 2632 ita
1320 2572 1402 2631 abire
1417 2573 1448 2630 in
1461 2574 1668 2651 praeteritum,
1687 2585 1724 2634 ut
1740 2572 1884 2655 aliquando

1196 2660 1320 2720 desinat.
1344 2659 1442 2717 Datus
1458 2667 1502 2717 est
1517 2660 1597 2718 enim
1617 2660 1784 2721 Ecclesiae
1800 2662 1883 2738 Spiri-

1197 2754 1247 2807 tus
1263 2747 1415 2818 veritatie,
1439 2751 1475 2805 ut
1489 2754 1624 2805 maneat
1647 2766 1723 2807 oum
1743 2766 1781 2808 eu
1796 2752 1828 2808 in
1841 2765 1881 2804 se

1197 2841 1334 2906 ternum,
1350 2831 1374 2892 J
1376 2850 1441 2890 sam
1461 2834 1508 2891 14.

1242 2924 1292 2983 28.
1316 2921 1359 2980 Et
1382 2938 1479 2993 nunc,
1503 2920 1610 2995 filioli,
1635 2931 1773 2983 manete
1796 2926 1827 2981 in
1848 2940 1879 2977 eo.

1196 3006 1349 3086 Repetitio
1363 3015 1408 3064 est
1420 3008 1575 3085 praecepti
1588 3025 1660 3066 cum
1673 3009 1791 3068 blanda
1803 3005 1879 3087 appel·

1198 3094 1319 3167 latione,
1343 3112 1402 3172 qua
1423 3102 1582 3172 paternum
1609 3114 1686 3175 erga
1704 3115 1757 3155 eos
1774 3110 1878 3153 amerus

1198 3179 1336 3241 declaret.
1359 3178 1439 3238 Nasu
1462 3189 1582 3259 praeter
1607 3184 1824 3241 suavissimum
1842 3197 1876 3237 uo

1197 3287 1267 3327 meu
1279 3266 1464 3342 fllioierum,
1481 3267 1571 3325 etiam
1584 3266 1682 3327 illud:
1701 3287 1801 3342 nunc,
1814 3267 1877 3328 obse

1198 3355 1302 3414 crsndi
1315 3352 1462 3433 particula
1475 3360 1528 3423 est,
1540 3353 1737 3433 respondens
1751 3355 1878 3415 Hebraea

1198 3460 1279 3501 rum:
1301 3460 1355 3513 ua,
1372 3458 1431 3517 quo
1448 3439 1492 3498 illi
1507 3447 1639 3499 utuntur
1654 3443 1686 3501 in
1705 3461 1762 3502 suo
1777 3439 1878 3503 tonat

1197 3545 1250 3589 nu.
1274 3525 1332 3586 Illo
1348 3544 1436 3584 vero:
1460 3544 1559 3601 nunc,
1583 3535 1721 3588 utuntur
1736 3538 1768 3589 et
1782 3528 1879 3607 lingue

1198 3613 1338 3690 vulgares
1368 3621 1518 3693 tamquam
1537 3604 1783 3694 ‘interjectione
1815 3614 1878 3676 blan

1198 3700 1305 3760 dientis
1321 3708 1375 3758 aut
1397 3698 1591 3760 obsecrantis.
1618 3700 1775 3781 Quidam:
1796 3708 1827 3763 in
1844 3718 1877 3769 eo,

1198 3793 1362 3866 exponunt,
1380 3787 1411 3845 in
1427 3784 1553 3858 Christo,
1570 3798 1703 3869 propter
1719 3790 1805 3860 illud,
1817 3782 1878 3869 quui

1197 3872 1348 3952 sequitur:
1383 3872 1431 3946 Ut,
1456 3890 1525 3932 cum
1553 3882 1768 3954 apparuerit,
1794 3888 1878 3953 nempe

1198 3959 1341 4044 thistus.
1366 3957 1427 4018 Sed
1452 3960 1508 4019 hoc
1522 3980 1582 4020 uon
1598 3972 1700 4043 urget,
1726 3974 1760 4024 nt
1781 3963 1877 4024 alione

1197 4045 1313 4105 feretur
1328 4064 1366 4105 ea
1381 4044 1538 4125 particula,
1559 4065 1655 4125 quam
1673 4070 1740 4130 quo
1753 4047 1879 4112 mimu-

1197 4141 1246 4191 tnr
1261 4134 1291 4191 in
1307 4150 1397 4192 versu
1413 4133 1549 4210 proxime
1566 4136 1788 4212 praecedente,
1809 4134 1835 4195 id
1846 4137 1879 4192 d

1196 4217 1234 4279 ad
1251 4221 1430 4290 unctionem,
1446 4227 1498 4277 ant
1513 4221 1618 4298 potius
1633 4222 1675 4282 ad
1693 4225 1736 4299 id,
1752 4224 1829 4305 quod
1841 4218 1878 4279 do

1196 4314 1274 4365 ctum
1291 4306 1398 4365 fuerat
1420 4305 1498 4363 Nam
1510 4304 1547 4364 ud
1561 4303 1727 4372 Christum
1741 4312 1801 4372 illic
1811 4310 1878 4369 stim

1195 4391 1309 4464 rotoni,
1327 4393 1425 4452 minus
1441 4391 1598 4471 probabile
1616 4405 1673 4455 est.

1244 4480 1293 4551 Ut,
1317 4498 1387 4538 cum
1403 4482 1606 4555 apparuerit,
1624 4483 1804 4546 babeamus
1813 4480 1878 4560 itit·

1195 4566 1285 4624 cium.
1325 4563 1469 4624 Fructum
1498 4585 1534 4625 ac
1565 4574 1741 4645 praemium
1772 4564 1879 4632 onmis

1195 4653 1454 4732 perseverantiae,
1481 4671 1590 4731 nempe
1619 4654 1769 4719 fiduciam
1791 4655 1878 4719 haten

1194 4741 1274 4798 vitae
1294 4739 1466 4818 promissae,
1491 4758 1558 4798 curn
1583 4748 1772 4823 apparuerit
1785 4766 1801 4806 s
1814 4737 1878 4803 coelo

1195 4825 1319 4885 veniens
1356 4823 1496 4886 Christus
1535 4826 1573 4886 sd
1610 4831 1778 4909 judicium.
1820 4830 1877 4891 lieu

1195 4912 1312 4973 (Ἰονίοιο
1339 4913 1453 4972 mentio
1484 4918 1657 4991 praecessit
1696 4920 1755 4981 snb
1784 4916 1877 4981 nomiae

1196 4998 1284 5070 Filii,
1309 5001 1366 5074 qui
1379 4998 1542 5074 pollicitus
1562 5003 1604 5060 sit
1620 5005 1717 5067 nobis
1733 5011 1826 5069 uitem
1837 5018 1876 5060 ot·
