4442 5825
392 579 469 649 its
923 572 1344 630 ceusmrsssusncsm,

392 747 572 831 Apostolum
597 751 748 831 respicere
772 751 812 813 sd
837 752 1091 832 expuguationem
1144 754 1218 829 stis,-
1237 750 1332 832 idque
1348 770 1421 813 sane
1437 751 1644 831 probabiliter.
1678 748 1727 813 Rc

392 837 585 899 Judseornm
599 858 618 898 s
632 838 794 912 Romanis,
817 836 857 898 ad
880 856 985 918 qnam,
1006 838 1092 899 velut
1144 839 1193 899 bic
1204 837 1326 918 judices
1340 840 1503 920 Apostolus
1528 839 1700 921 compellat,
1723 860 1727 899 ι

392 925 605 986 mactationem
621 932 651 986 et
664 926 820 986 victimam
832 925 1004 1000 solemnem,
1020 945 1090 1008 epu·
1143 927 1224 987 vites
1239 927 1390 1006 privatos,
1417 928 1469 1006 qni
1480 930 1605 1001 jisstwu
1621 926 1727 1007 agebas

393 1010 432 1073 lis
446 1021 478 1073 et
492 1009 607 1073 deliciis
623 1013 858 1093 impinguandos
882 1031 952 1073 sese
966 1031 1091 1093 praepa·
1144 1014 1185 1072 tis
1200 1032 1285 1073 reum
1304 1013 1476 1092 injudicio.
1514 1013 1578 1074 Sed
1602 1033 1693 1094 quem
1701 1014 1727 1093 js

392 1098 508 1159 rabant.
531 1098 581 1160 De
592 1119 654 1180 qus
665 1099 853 1161 Judaeorum
866 1097 1093 1160 csedevidetur
1144 1099 1229 1160 Beda
1244 1108 1275 1160 et
1290 1097 1492 1161 Oecumeuius
1507 1100 1661 1161 Christum
1680 1101 1726 1160 Do

393 1187 486 1247 etiam
501 1185 654 1247 Jeremias
677 1187 854 1268 prophetice
875 1187 961 1267 loqui
979 1186 1012 1247 in
1025 1206 1090 1249 ver·
1144 1186 1336 1267 intelligunt,
1359 1187 1398 1248 de
1413 1207 1473 1267 quo
1488 1189 1637 1267 scriptum
1652 1194 1714 1248 estu

392 1271 662 1354 bissnprsdietis.
1143 1281 1188 1334 est
1208 1278 1314 1349 ,iussim
1339 1293 1444 1349 mm,
1470 1274 1536 1335 Jes.
1563 1274 1616 1334 tl.
1650 1273 1727 1334 nrt

436 1358 600 1441 Plerisque
621 1367 722 1421 tamen
742 1360 906 1421 neotericis
927 1361 1009 1441 prior
1026 1379 1092 1420 sen·
1143 1360 1313 1441 Stephanus
1338 1360 1379 1421 ad
1405 1359 1545 1422 Judaeos
1570 1362 1640 1421 Act.
1668 1362 1713 1421 ‘tr

394 1463 445 1507 sus
465 1448 564 1527 magis
593 1446 751 1507 allubescit
773 1455 898 1527 propter
917 1445 1093 1509 adverbium
1142 1449 1378 1524 Prcpbetonsm
1404 1467 1473 1509 coss
1501 1454 1577 1510 sunt
1597 1466 1727 1525 persecs

393 1532 599 1596 similitudinis
621 1536 653 1594 iu
668 1532 788 1596 Graeco
811 1542 896 1594 textu
912 1536 1092 1615 appositum.
1143 1535 1336 1595 tresoestrs'?
1351 1537 1396 1596 Et
1407 1535 1594 1596 occiderunt
1605 1555 1667 1611 eos,
1678 1553 1727 1611 pst

393 1619 489 1682 Porro
504 1641 567 1682 nou
582 1621 708 1694 desssnt,
731 1621 785 1701 qui
803 1624 966 1682 oictimnus
980 1619 1091 1682 intelli·
1141 1622 1340 1683 rsrsssts'obosst
1370 1623 1409 1682 de
1441 1623 1585 1683 adventus
1611 1625 1719 1699 Μ,

393 1717 468 1788 gant
478 1708 597 1787 justum
613 1708 762 1780 occisum,
780 1708 848 1767 sire
862 1726 1026 1788 pauperem
1040 1728 1092 1788 op
1142 1726 1230 1771 suone
1242 1727 1297 1770 uos
1304 1710 1487 1786 proditores
1498 1711 1727 1786 etbomics'due,

394 1813 544 1875 pressum,
567 1814 659 1876 super
680 1813 742 1874 quo
762 1793 874 1855 divites
889 1813 1092 1875 oppressores,
1183 1795 1280 1856 Addit
1309 1796 1411 1870 Beda,
1448 1807 1541 1857 totam
1578 1798 1726 1858 commiss

394 1890 548 1963 umquam
570 1891 642 1943 voto
664 1882 767 1961 potiti,
795 1879 945 1942 laetantur
965 1890 998 1944 et
1018 1901 1090 1961 epu·
1141 1882 1369 1963 praecedentem
1384 1883 1423 1943 ab
1439 1886 1526 1944 initio
1541 1883 1634 1963 bujus
1649 1885 1727 1963 capit

395 1966 505 2030 lantur.
526 1968 577 2030 De
592 1989 654 2051 quo
666 1969 749 2048 justo
764 1970 914 2049 sequitur:
1141 1971 1263 2031 dicitnr:
1279 1972 1372 2045 Agite
1386 1989 1484 2047 nunc,
1497 1973 1624 2045 diuites,
1634 1971 1727 2047 ploro

437 2057 466 2118 6.
488 2056 666 2119 Addseoso
702 2062 732 2115 et
772 2057 926 2117 occidistis
957 2060 1091 2131 iudum.
1140 2054 1374 2138 praedictionem
1400 2059 1554 2136 quandam
1580 2077 1649 2119 asse
1676 2076 1727 2118 erc

392 2141 514 2205 Partem
530 2142 776 2224 praecedentem:
799 2145 899 2204 indie
917 2144 1091 2216 occisionis,
1140 2146 1274 2205 civitatis
1295 2143 1522 2226 Jerosolymae,
1545 2157 1575 2206 et
1596 2144 1726 2205 borrend

392 2231 481 2291 multi
496 2231 597 2293 Latini
614 2229 734 2293 codices
746 2231 862 2291 initium
874 2229 1092 2308 iaciuutlsujus
1141 2230 1189 2292 dis
1204 2251 1240 2292 ac
1253 2232 1479 2304 internecionis,
1495 2251 1586 2311 quam
1603 2234 1685 2312 passi
1700 2252 1727 2293 m

391 2336 514 2381 rems:
541 2320 584 2380 Iss
598 2319 650 2381 dis
667 2319 832 2381 occisionis
853 2318 1022 2378 addidistis
1036 2324 1092 2375 etc.
1142 2317 1211 2379 daei
1226 2321 1258 2379 in
1278 2319 1424 2379 ultionem
1440 2321 1542 2380 mortis
1556 2321 1727 2380 Dominicas

393 2404 495 2485 Quam
524 2406 748 2468 distinctionem
777 2407 870 2465 etism
905 2405 1092 2485 expositores
1141 2424 1192 2465 sus
1217 2406 1266 2465 bic
1291 2407 1379 2466 esiam
1408 2407 1631 2467 recentioribus
1661 2405 1727 2488 quil

393 2513 452 2555 uon
468 2495 559 2574 pauci
581 2495 676 2555 οοσοιὶ
696 2500 774 2552 sunt
811 2493 856 2552 At
876 2492 973 2553 minus
994 2501 1092 2565 recte,
1141 2491 1271 2571 placuit,
1294 2490 1508 2565 Titelmanuo,
1531 2493 1706 2573 Gaignaeo,

392 2600 463 2641 uam
478 2581 571 2641 multo
582 2577 767 2642 commodius
779 2577 955 2658 adjungitur
968 2597 1008 2639 ea
1021 2596 1091 2657 pars
1140 2578 1217 2640 lensi
1247 2588 1279 2639 et
1307 2579 1393 2655 aliis,
1425 2599 1553 2660 quorum
1584 2582 1675 2641 etiam
1703 2601 1727 2642 n

393 2668 608 2749 superioribus.
646 2665 739 2746 Quod
758 2669 790 2727 in
811 2667 915 2726 multis
938 2663 1092 2726 codicibus
1141 2666 1223 2727 diem
1239 2670 1404 2727 occisionis
1419 2668 1658 2747 interpretantur
1676 2666 1726 2728 de

393 2753 520 2834 legitur:
535 2756 725 2827 adduxistis,
734 2773 806 2834 pro:
822 2753 1091 2825 addixistismeu·
1140 2752 1233 2813 lemni
1248 2753 1398 2825 Paschae,
1424 2772 1485 2834 φο
1505 2753 1622 2833 legales
1638 2757 1727 2815 immo

394 2839 464 2901 dum
481 2850 527 2901 est
541 2841 582 2903 ab
595 2842 742 2923 imperitis
756 2841 923 2911 invectum,
938 2840 1000 2918 qui,
1018 2836 1091 2919 qnid
1140 2848 1227 2900 erant
1252 2842 1409 2913 victimae,
1436 2860 1496 2921 qno
1523 2841 1630 2902 eodem
1649 2843 1727 2922 justu

393 2930 434 2989 sit
448 2926 588 2990 addicere
602 2930 782 3010 quempiam,
797 2949 857 2988 nou
873 2926 1091 2988 intellexeruut.
1141 2936 1186 2987 est
1200 2925 1355 2988 Christum
1371 2928 1614 2991 condemnasset
1626 2930 1727 2991 occide

393 3015 516 3095 Alioqui
539 3024 671 3088 constat,
693 3014 853 3095 legendum
875 3012 922 3090 (ut
937 3016 969 3075 in
983 3013 1090 3094 pleris-
1140 3024 1210 3074 sunt
1225 3017 1323 3075 veriti.

394 3121 454 3184 φο
482 3104 695 3183 manuscriptis
724 3098 882 3177 babetur):
911 3101 1090 3174 addixistis,
1183 3102 1295 3161 Verum
1318 3100 1388 3161 buic
1410 3104 1511 3162 sensui
1534 3102 1633 3163 multa
1653 3111 1723 3164 sunt

392 3210 446 3271 pru
469 3208 531 3268 φο
557 3189 674 3252 Graece
699 3199 761 3250 eet:
787 3180 1033 3262 κατεδικάσατε,
1060 3186 1091 3247 id
1139 3187 1301 3249 videantur
1322 3188 1451 3248 obstare.
1489 3189 1638 3262 Primum,
1664 3210 1727 3270 quo

392 3284 438 3336 est
451 3276 704 3355 eossdemsuoetis3
730 3276 812 3356 quod
827 3285 860 3336 et
873 3275 1001 3356 Syriaca
1016 3293 1092 3334 voce
1139 3284 1229 3354 ptura
1250 3283 1375 3336 monem
1399 3274 1510 3336 Christi
1530 3297 1593 3337 non
1616 3275 1727 3338 divitds

392 3363 587 3444 significatur.
610 3365 690 3425 Nam
704 3365 853 3424 addicere
871 3383 925 3442 pro
940 3362 1090 3422 condem·
1140 3372 1241 3442 putet,
1272 3360 1326 3422 sed
1352 3362 1539 3442 principibus
1569 3383 1606 3423 ae
1632 3383 1727 3425 sacen

391 3468 490 3524 nore,
516 3472 577 3513 non
601 3460 650 3513 est
674 3450 806 3512 alienum
831 3470 851 3510 a
872 3447 1090 3510 consuetudine
1139 3449 1338 3509 Judaeorum.
1361 3449 1421 3509 Hic
1439 3458 1543 3510 autem
1557 3452 1716 3529 speciatim

392 3539 537 3598 sermonis
571 3539 689 3614 Latiui3
714 3538 833 3598 tametsi
858 3537 956 3615 magis
977 3538 1089 3594 usitate
1140 3555 1191 3595 sus
1207 3536 1317 3595 divites
1333 3537 1500 3615 increpatio
1524 3538 1673 3617 dirigitur.
1709 3538 1727 3600 Ι

392 3622 519 3695 dicitur,
547 3624 652 3686 addito
681 3644 754 3685 caen
782 3622 904 3683 dativo:
941 3622 1089 3682 addicere
1139 3624 1209 3702 quis
1232 3623 1371 3682 scribitur
1393 3621 1469 3683 haec
1484 3624 1625 3703 Epistola
1648 3624 1727 3686 sco

392 3711 568 3788 supplicio,
595 3714 700 3773 morti.
738 3709 799 3772 Sed
821 3708 852 3769 id
866 3709 924 3770 hoc
938 3708 1006 3770 loco
1020 3729 1088 3789 sup·
1137 3708 1243 3769 fideles
1258 3708 1417 3769 duodecim
1439 3710 1571 3771 tribuum
1593 3712 1627 3771 in
1649 3712 1727 3793 dispe

392 3797 492 3880 pletur
503 3818 559 3877 per
569 3798 694 3860 verbum
705 3798 899 3877 adjunctum:
914 3796 1069 3857 occidistis
1076 3818 1088 3873 ;
1139 3798 1268 3876 positos,
1295 3797 1326 3856 in
1341 3815 1432 3876 quoe,
1453 3799 1518 3875 jam
1534 3796 1650 3859 Christi
1671 3798 1727 3860 lida

393 3885 479 3965 quasi
494 3884 587 3946 dicat:
602 3884 772 3946 Addixistis
783 3885 902 3964 justum
917 3884 1015 3957 morti,
1030 3903 1089 3962 qua
1138 3884 1244 3963 plexos
1260 3903 1296 3942 ac
1314 3884 1498 3962 poenitentia
1513 3879 1553 3959 (si
1574 3904 1615 3945 cx
1638 3885 1727 3967 illisp

390 3980 424 4033 et
448 3971 590 4032 affecistis
616 3992 693 4034 eum.
731 3972 922 4052 Quamquam
949 3968 1089 4031 absolute
1138 3966 1727 4045 uistncmr)dnctcs,n01nissesss.o

392 4057 481 4120 etism
496 4058 578 4139 apud
594 4060 718 4120 Latinos
733 4058 873 4120 dicuutur
887 4056 1017 4128 addicti,
1037 4059 1089 4138 qui
1139 4057 1196 4117 bac
1208 4058 1501 4136 exprobrationcnti.
1524 4057 1689 4131 ltem,cnm
1700 4075 1727 4121 a·

391 4144 509 4207 Graece
524 4137 826 4223 καταδεδικασμένοι,
842 4143 871 4205 id
887 4153 935 4204 ost
949 4143 1088 4205 condem·
1138 4154 1234 4205 morte
1245 4146 1309 4223 jem
1323 4146 1395 4203 anui
1409 4142 1504 4205 ferme
1529 4147 1657 4225 triginta
1670 4146 1727 4210 dns

390 4232 464 4293 nati.
500 4232 550 4293 De
565 4252 626 4312 quo
642 4234 733 4296 Valla
755 4233 807 4293 lib.
823 4233 853 4292 ὁ.
867 4231 999 4311 elegant
1022 4251 1088 4310 cap.
1137 4230 1304 4291 uerisimile
1318 4238 1378 4301 est,
1394 4249 1507 4310 puneos
1521 4251 1558 4293 ac
1572 4233 1627 4293 vix
1640 4233 1726 4297 ullos¹

391 4321 442 4380 28.
476 4319 583 4399 Ipsum
600 4340 723 4400 quoque
742 4318 867 4380 verbnm
882 4317 1021 4379 absolute
1035 4339 1087 4398 po·
1138 4317 1219 4378 illius
1249 4325 1404 4388 auctores,
1431 4338 1498 4378 eum
1523 4318 1598 4379 baec
1627 4320 1727 4384 scribs

390 4406 450 4467 snit
463 4403 629 4487 Gregorius
651 4409 683 4469 in
697 4407 776 4468 mus.
793 4407 842 4467 17.
858 4425 947 4484 super
960 4406 1088 4484 Erang,
1138 4404 1336 4485 superfuisse,
1364 4404 1395 4463 in
1414 4424 1492 4485 qnos
1513 4408 1624 4486 stringi
1646 4425 1727 4488 pou

390 4512 458 4554 cusa
472 4493 532 4554 sit:
558 4495 606 4556 Ne
621 4495 712 4572 opud
728 4499 851 4570 justum
869 4493 1012 4567 judicem
1026 4511 1088 4553 rso·
1137 4492 1337 4552 comminatio.
1374 4490 1434 4551 Sed
1463 4501 1494 4552 et
1522 4502 1664 4567 caetera,
1692 4493 1727 4559 ad

390 4587 458 4642 stro
478 4599 537 4642 suos
561 4584 766 4644 summisse
791 4580 932 4640 addicet
969 4579 1035 4640 Imo
1056 4588 1088 4639 et
1137 4580 1295 4639 avaritiam
1322 4585 1354 4637 et
1374 4575 1479 4638 luxum
1499 4577 1628 4642 divitum
1650 4581 1727 4646 bae

390 4665 499 4730 Cicero
512 4669 545 4729 iu
558 4669 714 4730 Pisonem:
729 4670 847 4742 flodus,
865 4667 974 4747 iuquit,
988 4669 1089 4743 ipsisss
1137 4665 1171 4724 R
1187 4664 1304 4727 «Iacobo
1319 4664 1417 4740 dicta,
1439 4685 1543 4745 parum
1564 4666 1605 4727 ad
1624 4668 1727 4733 bonas

390 4753 522 4816 dossum
536 4758 695 4831 semim,
718 4759 808 4831 cuius
822 4757 1011 4831 enumerem
1025 4753 1087 4814 ed·
1136 4751 1300 4813 conterunt

390 4840 526 4904 diserns.
1179 4838 1331 4919 Quocirca
1359 4838 1549 4919 probabilius
1579 4849 1645 4914 est,
1674 4859 1727 4924 φο

432 4927 540 4989 Potest
561 4937 664 4991 susem
685 4930 776 4990 etiam
797 4946 836 4990 ex
851 4924 970 4989 Gnsec
990 4928 1087 4987 mii:
1135 4928 1284 4998 sentiunt,
1309 4928 1342 4986 iu
1368 4945 1493 4988 numero
1515 4927 1667 5008 singula-i
1690 4937 1727 4992 d

391 5013 1087 5092 mais‚reesaseotstis,dicosstseripsi·
1136 5033 1204 5074 cum
1233 5032 1298 5096 esse
1327 5032 1511 5091 sermonem,
1549 5034 1612 5097 φο
1641 5015 1727 5097 ῌ
