4442 5825
435 602 482 669 14
1037 586 1260 642 ssossuema

434 770 462 829 1.
478 787 543 846 esp.
562 769 611 826 11.
628 773 659 827 et
676 765 725 826 lib.
742 769 788 826 12.
802 785 866 844 esp.
884 766 912 825 9.
929 771 960 822 et
975 761 1125 824 Galenum
1179 763 1264 824 dicit:
1287 772 1320 823 ut
1342 763 1420 823 infra
1442 761 1619 824 videbimus
1641 762 1767 822 Illorum
1785 781 1873 843 porro

433 853 836 1010 itllttljlttbti.
859 851 1072 996 littttt‘l
1094 857 1127 994 ¹0¹¹
1180 847 1875 1006 tt³¹²t00¹t⁰lit¹t¹e¹¹t⁰stffltitt:

433 959 711 1087 stoluspmateriam
736 984 912 1084 seribelrdae
939 1023 1030 1100 hujus
1053 957 1127 1101 Elpi-
1180 957 1374 1101 nerllraqnam
1389 1020 1427 1081 de
1442 1023 1604 1081 sacratiore
1621 1020 1724 1100 lingua
1738 1029 1875 1080 veterum

434 1113 529 1172 stolee
552 1111 800 1191 suppeditaverit,
824 1109 1020 1188 ordinemque
1042 1128 1125 1186 prae·
1180 1109 1406 1188 prophetarum,
1429 1107 1481 1166 sed
1502 1105 1540 1166 de
1561 1107 1701 1186 Syrieea,
1724 1126 1786 1187 que
1805 1115 1874 1167 tem·

434 1200 603 1278 scripserit:
619 1196 671 1257 sed
686 1217 725 1255 sn
741 1198 807 1276 ipse
822 1197 861 1255 sit
876 1204 979 1255 suatur
993 1196 1126 1274 scriptio·
1180 1214 1252 1275 pore
1269 1194 1479 1274 Apostolorum
1494 1193 1654 1254 utebantur
1667 1191 1792 1265 Judaei,
1809 1213 1874 1253 eeu·

434 1287 482 1345 nis
498 1303 550 1345 seu
566 1284 795 1364 compositionis.
1181 1290 1246 1341 seat
1260 1279 1476 1360 accipiendum.
1492 1278 1581 1340 Unde
1597 1288 1627 1339 et
1637 1281 1702 1360 ipse
1717 1279 1876 1358 Syriacum

1180 1374 1294 1427 textum
1315 1366 1407 1444 hujus
1434 1365 1605 1445 Epistulae,
1631 1364 1716 1426 velut
1737 1386 1757 1426 a
1779 1366 1875 1427 Paulo

638 1449 852 1533 QUAES'HO
875 1451 930 1513 111.
1181 1452 1355 1513 immediate
1376 1451 1552 1531 profectum,
1574 1461 1639 1511 toto
1661 1454 1876 1512 commentario

455 1596 526 1674 ινα
541 1594 653 1669 e...
668 1594 786 1667 rur
801 1592 842 1650 ἰ
855 1591 933 1649 r...
947 1589 1103 1666 Etrur-
1182 1536 1639 1698 :titttlitzttttltg
1653 1538 1877 1703 iiiiii?

476 1713 572 1773 Vetus
594 1722 624 1771 et
644 1711 770 1790 vulgata
791 1712 892 1790 opinio
913 1718 967 1781 est,
989 1709 1067 1770 bene
1089 1706 1128 1769 ud
1182 1714 1220 1772 tis
1238 1711 1360 1771 adducti
1375 1712 1495 1771 minime
1510 1710 1686 1770 efficacibus.
1708 1710 1779 1770 Non
1795 1709 1875 1771 aliud

432 1798 590 1859 Hebraeos
612 1797 780 1877 Epistulam
803 1799 928 1876 primum
949 1804 981 1858 et
1002 1797 1041 1856 ab
1062 1798 1128 1875 ipso
1182 1800 1261 1858 enim
1273 1798 1323 1857 isti
1335 1797 1472 1868 efficiunt,
1484 1817 1581 1876 quem,
1593 1795 1877 1857 sidsturHebreiee

433 1894 557 1946 auewre
572 1883 722 1944 Hebraico
737 1885 876 1962 seriptum
892 1901 965 1943 esse
995 1882 1045 1941 lta
1059 1903 1125 1942 aen·
1182 1886 1324 1962 scriptam
1346 1902 1413 1943 esse
1428 1883 1505 1943 huno
1520 1882 1698 1962 Epistolam,
1718 1882 1749 1942 id
1765 1881 1805 1942 de
1821 1883 1877 1962 Sy·

433 1972 513 2032 tiunt
527 1973 605 2030 inter
625 1973 802 2029 vetustiores
815 1968 968 2030 Eusebius
986 1968 1054 2029 hiet
1070 1969 1127 2029 Eo·
1181 1972 1261 2030 riaoo
1285 1969 1442 2041 idiomate,
1465 1988 1526 2048 quo
1547 1969 1662 2029 Patulus
1684 1976 1714 2028 et
1735 1970 1877 2030 universa

434 2057 562 2117 elesiast
576 2056 628 2116 lib.
645 2058 675 2116 3.
699 2076 763 2135 esp.
780 2059 830 2118 32.
846 2064 877 2114 et
891 2062 960 2114 ante
976 2074 1045 2114 eum
1056 2054 1127 2114 ¹Cle·
1181 2077 1256 2134 gens
1270 2056 1478 2116 Hebraeorum
1494 2064 1566 2116 tuna
1581 2056 1732 2128 utebatur,
1747 2056 1876 2134 intelligi

433 2162 520 2206 mens
536 2141 684 2203 Alexand.
708 2142 759 2201 lib.
776 2146 805 2202 4.
822 2142 929 2201 Strom.
954 2150 984 2200 et
999 2142 1030 2200 in
1045 2140 1128 2200 libris
1182 2143 1306 2203 debere:
1340 2141 1584 2222 quandoquidem
1611 2142 1687 2202 ratio
1713 2161 1774 2201 non
1804 2151 1876 2212 erat,

433 2229 583 2310 hypotyp.
599 2227 704 2289 eodem
717 2227 852 2288 Eusebio
868 2227 979 2287 eitante
994 2227 1063 2285 hist.
1075 2227 1126 2286 lib.
1182 2249 1233 2289 our
1256 2228 1370 2289 Paulus
1393 2227 1432 2288 ad
1452 2226 1588 2288 Judaeos
1610 2230 1784 2308 scriptume,
1812 2247 1876 2287 eam

435 2319 464 2378 6.
480 2336 544 2396 esp.
563 2320 611 2375 11.
634 2314 752 2393 Quibus
767 2313 928 2373 subscribit
942 2313 1128 2392 Nicephorua
1182 2316 1315 2393 linguam
1342 2315 1483 2394 eligeret,
1511 2334 1606 2392 quse,
1637 2314 1757 2376 tametsi
1784 2333 1876 2383 saera,

432 2421 507 2463 suae
529 2402 599 2462 hist.
622 2402 673 2461 lib.
691 2405 719 2462 2.
743 2420 807 2481 cap.
823 2401 874 2460 46.
897 2407 927 2459 et
949 2399 1000 2459 lib.
1017 2400 1046 2459 4.
1063 2419 1128 2479 nep.
1178 2400 1355 2481 Jamdudum
1371 2409 1470 2461 tamen
1482 2409 1567 2464 extra
1579 2419 1667 2460 usum
1682 2400 1875 2461 scribentium

435 2489 485 2552 33.
512 2487 629 2547 Eadem
652 2496 698 2547 est
720 2487 871 2548 sententia
892 2485 1076 2545 Tbeodoreti
1098 2494 1129 2545 et
1182 2507 1248 2548 esse
1271 2497 1420 2568 coeperat,
1445 2494 1549 2565 utpote
1567 2487 1633 2565 jum
1654 2485 1725 2546 inde
1738 2505 1757 2544 e
1779 2485 1875 2546 reditu

436 2572 614 2634 Oeoumeuii
629 2575 658 2632 iu
674 2574 834 2652 prooemiis
853 2571 944 2648 hujus
959 2571 1057 2650 Epist.
1083 2571 1129 2631 Ae
1181 2575 1286 2655 populi
1302 2593 1320 2633 e
1334 2574 1509 2653 captivitate
1522 2571 1718 2653 Babylonica,
1734 2572 1876 2649 quemad·

433 2658 566 2740 denique
591 2659 653 2718 fere
679 2660 824 2731 omnium,
847 2659 902 2736 qui
927 2666 995 2737 post
1021 2676 1074 2717 eos
1099 2660 1131 2718 in
1182 2659 1300 2721 modum
1322 2659 1409 2720 bonis
1427 2658 1593 2721 rationibus
1609 2657 1793 2719 ostenditR
1809 2656 1876 2718 Bel-

434 2745 686 2824 baueEpistolam
698 2745 924 2805 oommentarios
937 2746 1130 2823 seripserunt,
1183 2745 1326 2808 lerminus
1350 2745 1388 2808 de
1409 2745 1502 2806 verbo
1525 2744 1586 2806 Dei
1608 2745 1660 2805 lib.
1683 2747 1710 2805 2.
1735 2763 1801 2824 esp.
1820 2746 1877 2817 15,

435 2830 513 2893 adeo
528 2840 561 2891 ut
575 2850 615 2892 ex
629 2830 936 2891 neotericisnonnulli
952 2832 1129 2890 senteutiam
1183 2852 1219 2893 ae
1233 2853 1292 2892 non
1306 2834 1406 2915 potius
1427 2851 1464 2892 ea
1484 2830 1589 2893 mallet
1604 2832 1657 2904 uti,
1680 2848 1742 2909 qua
1764 2831 1877 2909 passim

434 2918 643 2981 hanoeertam
665 2936 806 2978 essenon
825 2916 962 2977 dubitent
977 2918 1131 2977 affirmare.
1184 2938 1286 2980 omnes
1315 2919 1398 2981 illius
1434 2921 1531 2998 gentis
1561 2918 1695 2978 homines
1724 2916 1877 2997 loquendo

434 3003 597 3066 Moventur
620 3011 719 3063 autem
746 3022 849 3063 omnes
871 3022 931 3064 une
958 3013 1011 3065 aut
1036 3003 1131 3064 altera
1183 3004 1401 3086 scribendoque
1411 3005 1589 3066 utebantur:
1605 3023 1666 3084 quo
1681 3003 1818 3064 nimirum
1834 3003 1877 3063 fa·

433 3091 560 3163 ratione,
584 3108 662 3169 quas
677 3089 892 3169 Hieronymus,
914 3088 1011 3150 alieno
1033 3092 1131 3169 magis
1183 3091 1269 3152 cilius
1285 3112 1322 3151 ae
1335 3093 1499 3172 promptius
1515 3089 1740 3169 intelligeretur.
1765 3090 1878 3151 Hacte-

434 3177 523 3259 qusm'
537 3195 591 3236 sno
605 3178 734 3247 nomine,
749 3174 846 3236 refert
861 3177 891 3236 in
907 3176 1044 3254 estalogo
1060 3177 1129 3235 seri·
1182 3197 1238 3239 nus
1264 3180 1371 3256 igitur,
1399 3188 1516 3239 utnon
1542 3177 1681 3248 ulterius,
1712 3175 1880 3254 procedunt

434 3269 554 3346 ptorum
567 3261 743 3323 Ecclesiast
759 3260 798 3323 de
812 3262 910 3322 Panlo
927 3281 1027 3340 agens.
1043 3264 1131 3323 Sori-
1182 3283 1284 3326 eorum
1307 3273 1500 3344 argumenta,
1524 3264 1575 3341 qui
1598 3261 1780 3322 contendunt
1802 3262 1880 3322 hane

432 3351 508 3426 psit,
531 3349 639 3429 inquit,
660 3356 698 3409 ut
717 3348 882 3410 Hebraeus
896 3348 1049 3409 Hebraeis
1063 3350 1131 3408 He·
1182 3350 1349 3431 Epistolam
1371 3351 1495 3429 Syriaco
1517 3350 1658 3429 seriptum
1681 3367 1757 3408 osse.
1788 3347 1881 3428 Quod

436 3436 551 3511 broiee,
575 3434 610 3494 id
625 3442 669 3495 est
688 3453 746 3496 suo
768 3435 905 3512 eloquio,
915 3435 1132 3495 disertissime:
1184 3436 1267 3499 etde
1283 3437 1451 3515 Evangelio
1466 3436 1614 3496 Matthaei
1627 3434 1693 3515 pari
1708 3435 1824 3494 ratione
1836 3436 1880 3493 vi·

435 3529 473 3584 tet
487 3540 536 3596 ea,
562 3540 644 3598 quae
659 3522 843 3598 eloquenter
864 3523 983 3597 scripto
997 3522 1132 3598 fueraut
1184 3523 1293 3583 deutur
1307 3523 1453 3583 evincere

435 3612 472 3669 in
487 3608 643 3681 Hebraeo,
668 3608 865 3684 eloquentius
879 3613 1080 3667 verterentur
1095 3610 1131 3667 iu
1226 3609 1340 3670 Verum
1355 3607 1448 3668 multa
1469 3615 1548 3679 sunt,
1574 3624 1655 3685 quae
1676 3606 1754 3667 bano
1769 3608 1801 3665 in
1815 3607 1879 3665 nni-

438 3693 611 3774 Graeoum3
633 3699 662 3752 et
676 3693 760 3755 burte
774 3711 835 3752 ease
849 3710 987 3765 eausam,
1010 3692 1096 3769 quod
1111 3711 1132 3752 o
1184 3714 1304 3755 versum
1316 3694 1496 3773 opinionem,
1508 3693 1566 3753 etei
1577 3692 1706 3751 amultis
1717 3701 1880 3770 receptam,

439 3781 568 3850 eueterie
590 3780 687 3839 Pauli
707 3779 860 3855 Epistolis
881 3778 1061 3854 discrepare
1083 3780 1132 3840 υἰ-
1184 3781 1345 3841 subsistere
1367 3802 1428 3841 non
1443 3781 1609 3861 patiantur:
1632 3785 1666 3837 ut
1680 3777 1805 3856 proinde
1819 3799 1882 3837 non

438 3865 562 3925 deutur.
585 3865 673 3924 Heoe
688 3864 747 3938 ille,
762 3863 946 3925 solamente
957 3873 989 3924 et
999 3864 1133 3925 Eusebio
1185 3865 1246 3928 alia
1261 3866 1366 3945 lingua
1380 3865 1558 3947 quaerenda
1579 3867 1619 3924 sit
1636 3864 1707 3924 huie
1722 3864 1882 3943 Hpistolae

436 3958 603 4023 mutuatus,
627 3950 708 4029 apud
731 3969 806 4032 quos
830 3948 932 4031 quoad
954 3952 1132 4012 senteutiam
1186 3954 1297 4025 nativa,
1319 3971 1409 4032 quem
1431 3971 1511 4033 quae
1534 3952 1662 4013 caeteris
1678 3958 1724 4008 est
1737 3950 1882 4029 Epistolis

437 4036 543 4097 eadem
556 4038 676 4096 omniuo
688 4037 839 4116 leguntur.
862 4036 952 4115 Quod
963 4037 1041 4097 euim
1058 4036 1133 4097 haee
1184 4035 1333 4118 Paulinis,
1355 4037 1499 4100 videlicet
1510 4036 1637 4099 Graees.
1651 4036 1792 4103 Primum,
1809 4038 1883 4114 quia

437 4143 499 4182 non
513 4131 574 4182 tam
589 4141 643 4182 suo
667 4141 755 4201 quem
771 4121 869 4183 alieno
885 4124 1006 4184 nomine
1020 4122 1135 4184 referet
1187 4125 1265 4186 sieut
1280 4124 1311 4183 in
1327 4122 1531 4205 superioribus
1545 4123 1731 4203 praemonui,
1745 4122 1819 4181 satis
1834 4142 1883 4181 res

437 4207 658 4287 Hieronymus,
688 4210 814 4286 primum
841 4227 879 4268 ex
908 4227 943 4269 eo
973 4208 1133 4289 subigitur,
1185 4212 1251 4291 ipss
1266 4208 1408 4287 loquitur,
1431 4209 1541 4291 stylum
1557 4230 1593 4269 ae
1608 4208 1767 4269 dictionem
1789 4207 1884 4286 hujus

437 4294 510 4374 quia
532 4293 623 4353 dubie
646 4301 675 4353 et
697 4292 876 4372 disjunctive
899 4293 1046 4374 loquitur,
1069 4296 1132 4373 opi·
1185 4296 1352 4377 Epistulae,
1375 4316 1436 4357 uon
1452 4297 1633 4367 Hebraeum,
1652 4293 1707 4355 sed
1722 4293 1882 4354 Graecani·

437 4380 542 4442 niunes
550 4379 937 4460 referens,utpatetloeum
950 4380 1133 4460 inspitienti3
1187 4401 1251 4443 eum
1282 4383 1486 4462 eloquentiam
1512 4380 1654 4443 redolere.
1693 4380 1762 4459 Quo
1793 4399 1882 4457 argn-

438 4465 557 4540 deiude,
574 4467 719 4545 quianon
735 4464 816 4538 dicit,
832 4466 951 4526 otbuee
967 4473 1010 4528 eet
1024 4484 1132 4541 euusu,
1186 4476 1287 4529 mento
1316 4468 1503 4551 Sapientiam
1534 4467 1702 4528 Salomonis
1731 4485 1792 4525 non
1821 4466 1883 4526 He·

437 4554 523 4631 quod
535 4572 556 4613 o
568 4556 696 4613 coeteris
710 4552 809 4613 Pauli
822 4553 975 4629 Epistolis
989 4560 1056 4628 ete,
1072 4551 1133 4626 sed,
1185 4554 1296 4629 braiao,
1319 4554 1373 4616 sed
1389 4553 1505 4615 Graece
1524 4555 1563 4614 ab
1585 4562 1707 4613 auctore
1729 4571 1784 4612 suo
1810 4553 1882 4611 scri·

438 4647 468 4699 et
497 4642 580 4701 barre
609 4658 670 4699 esre
699 4657 849 4716 ouuaom;
880 4639 933 4700 ubi
962 4641 1142 4700 necessario
1185 4648 1266 4722 ptam
1292 4639 1403 4710 luisse,
1430 4641 1633 4719 Hieronymus
1656 4638 1777 4718 probat3
1801 4637 1884 4716 quod

437 4725 647 4804 supplendum,
661 4729 766 4800 ajunt,
782 4736 835 4784 aut
849 4724 922 4804 quid
938 4724 1044 4797 simile,
1060 4745 1132 4804 quo·
1184 4727 1281 4807 ipsum
1298 4736 1329 4788 et
1343 4730 1374 4788 in
1392 4731 1419 4789 2.
1436 4727 1686 4787 llaehabaeorum
1702 4723 1777 4786 libro
1792 4724 1884 4784 facile

437 4810 526 4871 modo
539 4811 622 4891 loqui
638 4811 743 4885 solent,
760 4813 812 4890 qui
827 4811 953 4872 aliorum
969 4814 1134 4873 sententies
1187 4820 1233 4873 est
1248 4813 1419 4874 observare.
1439 4812 1519 4874 Nam
1534 4812 1616 4892 quod
1632 4813 1720 4889 ajunt
1734 4829 1779 4881 eu,
1803 4830 1884 4890 quae

438 4896 582 4960 referunt.
627 4897 786 4978 Denique,
824 4898 897 4977 quia
925 4898 1134 4978 Hieronymus
1187 4898 1364 4979 eloquenter
1389 4900 1499 4981 scripta
1525 4896 1644 4960 luerent
1670 4899 1703 4958 iu
1729 4897 1883 4969 Hebraeo,

438 4982 510 5044 alibi
532 4984 657 5065 loquens
680 5005 719 5046 ex
734 5003 790 5045 sua
803 4986 959 5058 sententio,
983 4984 1134 5047 diversum
1188 4986 1379 5066 eloquentius
1393 4984 1488 5047 luisse
1510 5004 1654 5048 unverre
1669 4985 1701 5045 in
1715 4982 1883 5045 Graecum:
