4442 5825
400 590 473 660 ιη
912 588 1345 647 cossusrmmsutcrrm.
1417 618 1434 625 --

396 768 570 843 ergumeute
592 761 720 842 prebere
740 764 851 825 veteris
873 764 949 843 legis
963 765 1088 845 sbroges
1140 788 1200 829 nou
1215 766 1298 829 eliud
1317 768 1519 847 significasne
1544 776 1817 850 putent-quemue

396 851 514 924 tionem.
1139 851 1409 916 sumsecerdotem
1422 853 1817 927 Christumuouseuudm

365 979 370 989 .
439 936 475 996 st
495 935 669 996 secundum
694 937 936 997 similitudinem
957 938 1087 999 Melchi-
1139 940 1235 1020 legem
1250 941 1415 1001 Moseicsm
1436 937 1550 1000 fectum
1573 960 1641 1001 esse
1655 938 1817 1003 mosee

396 1021 504 1082 sedech
527 1029 675 1098 excocunt
696 1023 779 1083 alius
800 1023 952 1084 meerdos.
986 1025 1087 1086 Scien-
1140 1021 1221 1102 (uem
1247 1046 1285 1086 ee
1305 1027 1451 1106 prohihet,
1478 1027 1669 1088 secerdotem
1692 1027 1765 1099 fieri,
1785 1047 1817 1108 qr

395 1106 464 1168 dum
488 1118 541 1182 est,
567 1108 769 1189 prolixitatem
795 1110 912 1190 periodi
934 1112 1087 1190 sequentis
1139 1132 1198 1174 non
1216 1114 1255 1174 sit
1276 1112 1445 1174 desemine
1465 1110 1590 1188 Acron),
1614 1113 1670 1174 sed
1685 1114 1817 1195 soprsh

395 1213 462 1254 eom
475 1194 650 1275 pereothesi
671 1195 779 1269 medie,
801 1197 939 1276 epsucis
954 1196 1086 1258 euimed-
1138 1218 1223 1279 gem,
1245 1201 1355 1259 virtute
1379 1219 1415 1259 ec
1440 1199 1598 1260 voluntete
1619 1200 1700 1274 Dei,
1723 1201 1778 1280 qni
1797 1219 1817 1262 e

394 1300 527 1355 verum,
550 1280 693 1342 fefellisse
715 1282 871 1343 Eresmom
892 1292 923 1344 st
943 1284 1021 1345 elios
1041 1285 1086 1345 iu·
1140 1295 1245 1346 unctor
1258 1284 1426 1346 insolubilis
1444 1287 1532 1346 vites.

393 1377 547 1449 terpretes,
559 1371 619 1429 imo
632 1378 824 1430 etenotorem
835 1371 980 1451 Syr-troes
992 1381 1086 1432 treus·
1182 1373 1242 1434 Alii
1263 1392 1336 1433 vero
1355 1373 1400 1432 sic
1422 1380 1589 1451 exponunt,
1616 1379 1653 1432 ut
1675 1374 1817 1454 prseoipu

393 1455 526 1528 lotionis,
552 1464 587 1515 ot
606 1457 637 1515 io
660 1454 804 1517 vertendo
824 1455 965 1516 hocloco
987 1456 1086 1517 minos
1138 1468 1264 1539 urgeeut
1274 1459 1356 1518 illem
1367 1467 1498 1538 perlem:
1513 1459 1817 1522 mosdoeeomote

393 1544 524 1603 assecuti
547 1543 659 1603 inerint
680 1549 808 1602 mentem
831 1542 978 1623 Apostoli.
1000 1543 1086 1604 Unus
1138 1545 1195 1606 hoc
1209 1544 1347 1606 niniirom
1369 1563 1477 1605 senso:
1502 1544 1562 1624 Qui
1585 1563 1648 1606 nou
1664 1546 1706 1608 sit
1720 1555 1817 1607 cresto

393 1628 536 1708 vulgatus
552 1630 708 1708 interpres,
725 1636 758 1687 nt
772 1629 938 1708 simplicius
953 1629 1085 1703 coeteris,
1138 1630 1279 1692 secordes
1306 1630 1471 1691 secundnm
1494 1630 1592 1709 legem
1616 1632 1787 1706 semelem,
1807 1633 1817 1692 i

394 1716 436 1775 ite
451 1723 483 1774 et
497 1716 600 1775 melius
616 1715 721 1789 vertit,
741 1714 907 1793 etquidem
924 1718 1044 1795 optime,
1060 1717 1087 1777 si
1139 1727 1193 1791 est,
1208 1717 1369 1792 infirmem,
1395 1717 1443 1778 vel
1454 1718 1545 1796 juxte
1560 1718 1646 1789 elios,
1671 1717 1817 1779 secundm

393 1810 494 1861 textus
512 1801 591 1862 hene
614 1801 820 1879 distinguetur.
844 1802 934 1876 Nem,
956 1811 990 1863 nt
1011 1821 1086 1883 pree
1137 1804 1235 1883 legem
1258 1803 1393 1863 mendeti
1420 1803 1558 1876 ceroslis,
1584 1803 1615 1864 id
1640 1813 1697 1876 est,
1724 1806 1817 1887 inqu

392 1889 462 1947 eliis
485 1887 574 1949 docte
596 1898 627 1947 et
648 1889 798 1949 subtiliter
813 1887 843 1948 S.
859 1889 992 1949 Thomes
1006 1890 1087 1950 huuc
1138 1891 1232 1950 multe
1253 1899 1322 1950 sont
1342 1888 1487 1950 meudete
1505 1891 1764 1952 esercmouisrum
1778 1911 1817 1952 cut

392 1974 490 2035 locum
507 1973 658 2055 expendit,
681 1982 745 2034 tote
761 1975 854 2034 cretio
875 1973 913 2034 eb
929 1975 985 2036 hoc
1000 1975 1085 2036 initio
1138 1977 1294 2056 puralium,
1317 1974 1356 2035 ed
1380 1986 1500 2054 tempos
1522 1969 1719 2038 correctionis
1744 1979 1817 2058 impe

393 2080 490 2140 usqne
513 2061 552 2122 ed
574 2060 647 2122 illud
672 2061 841 2123 exclusive:
864 2062 908 2123 Et
929 2070 1085 2139 quantum
1138 2065 1211 2138 site,
1235 2065 1312 2123 sicut
1333 2062 1503 2142 explicator
1524 2061 1606 2124 infre
1626 2081 1695 2142 cep.
1719 2065 1760 2136 9.,
1784 2082 1817 2127 se

393 2156 447 2223 est,
462 2167 531 2208 non
545 2148 849 2223 siney'erejerendo,
865 2149 1086 2228 argumentatio
1137 2149 1302 2211 secondom
1324 2151 1465 2211 virtutem
1490 2168 1543 2211 seu
1566 2151 1737 2229 potentiam
1756 2151 1817 2210 vite

393 2233 604 2299 conditionelis
627 2245 681 2307 est,
704 2236 735 2295 in
758 2254 819 2315 que
840 2242 910 2295 suut
931 2235 991 2296 dno
1005 2246 1085 2296 ente·
1138 2235 1366 2310 indissolubilis,
1389 2237 1446 2295 hoc
1467 2244 1529 2307 est,
1554 2244 1683 2316 eccepto
1703 2256 1724 2297 s
1747 2236 1817 2297 Petu

392 2321 532 2383 cedentia
555 2331 586 2382 et
601 2321 661 2382 duo
681 2323 912 2401 consequentie3
936 2323 1084 2383 interseri·
1136 2331 1284 2403 potestate
1302 2321 1475 2382 conferendi
1487 2323 1551 2382 eois
1563 2325 1660 2382 vitem
1671 2332 1817 2385 solemn

392 2417 441 2470 tur
463 2418 563 2469 sotem
585 2410 676 2469 totius
702 2407 910 2469 antecedentis
939 2409 1085 2487 prohelio,
1138 2410 1186 2470 Its
1201 2409 1265 2470 iere
1281 2408 1517 2487 chrysostomus
1540 2418 1571 2468 et
1589 2410 1657 2488 ejus
1680 2427 1817 2488 seqeeces

392 2515 483 2576 quum
514 2496 639 2556 dicitnr:
685 2496 886 2557 contutatur
915 2498 1000 2556 enim
1029 2505 1084 2557 etc
1136 2496 1235 2556 Fovet
1257 2499 1347 2557 etiem
1363 2496 1489 2574 Syrisce
1507 2497 1615 2570 versio,
1639 2513 1724 2574 quse
1739 2494 1817 2575 plurs

392 2583 482 2663 Ques
498 2583 647 2643 sententie
669 2582 788 2642 sinetis
812 2582 1026 2659 parentheticis
1041 2584 1082 2643 in·
1137 2583 1207 2643 liter
1220 2584 1310 2663 legit:
1332 2581 1562 2643 mundatorem
1577 2583 1772 2643 demolirer.

391 2668 584 2741 terciodetnr,
599 2670 655 2729 erit
670 2677 829 2729 contextus
845 2670 988 2730 orationis
1005 2668 1084 2748 Apo·
1180 2670 1287 2731 Tertie
1317 2677 1364 2729 est
1400 2671 1606 2746 interpretetio
1637 2666 1817 2730 'l‘hcodorst'

391 2756 516 2818 stolieee
542 2755 636 2815 molto
666 2754 781 2814 clerior.
830 2753 892 2814 Sed
921 2753 959 2814 ed
991 2756 1085 2832 ipsios
1138 2757 1188 2836 qni
1219 2757 1316 2831 leuem
1345 2756 1492 2815 mundati
1521 2755 1666 2818 cornelio
1695 2753 1816 2834 intelligi

391 2851 493 2906 textus
519 2842 736 2922 expositionem
762 2841 963 2917 accingamur.
995 2839 1085 2921 Quod
1138 2842 1246 2902 dictem
1273 2851 1392 2923 propter
1423 2842 1576 2902 cernelem
1605 2845 1817 2903 comedens·

392 2950 485 3009 cupre
499 2930 660 3009 aliquoties
674 2928 761 2999 dixit,
786 2925 937 2988 Christum
959 2948 1023 2989 esse
1039 2948 1085 2988 se·
1138 2931 1187 2989 coi
1211 2932 1302 3011 juxte
1328 2927 1544 3009 presseriptnm
1569 2930 1648 3010 legis
1675 2927 1817 3010 alliget!

391 3016 541 3079 cerdotem
567 3014 730 3077 secondom
757 3015 902 3075 ordinem
928 3014 1084 3076 Melchise·
1138 3026 1200 3077 eret
1215 3015 1414 3077 secerdotium
1437 3023 1532 3075 vetos.
1560 3015 1630 3077 Nou
1650 3017 1733 3077 enim
1749 3011 1817 3077 chi

392 3103 477 3177 decb,
500 3102 532 3163 id
554 3121 635 3164 nune
657 3101 728 3163 dicit
751 3101 916 3162 secondom
936 3103 1085 3164 dmiiitts-
1137 3113 1201 3164 etos
1224 3106 1265 3163 ite
1284 3101 1381 3161 iectus
1400 3111 1446 3162 est
1463 3101 1612 3176 sacerdos,
1639 3112 1673 3163 nt
1695 3101 1748 3164 vel
1769 3102 1817 3179 ipst

392 3192 499 3252 dinem
513 3188 744 3251 Melchisedech.
767 3188 827 3249 Ubi
847 3210 907 3250 non
923 3199 968 3248 est
983 3189 1085 3250 existi·
1137 3191 1228 3269 priori
1241 3187 1424 3261 succederet,
1439 3188 1491 3250 vel
1502 3188 1593 3250 elium
1610 3197 1683 3268 post
1695 3208 1732 3251 se
1744 3186 1816 3251 sel'm

391 3276 541 3350 mendum,
562 3276 696 3338 voluisse
711 3276 887 3357 Apostolum
910 3275 1026 3356 eliqoid
1042 3274 1083 3335 di·
1138 3285 1260 3356 queret3
1282 3274 1336 3336 sed
1360 3294 1398 3334 ex
1412 3276 1528 3336 virtute
1552 3274 1665 3350 divine,
1688 3294 1770 3356 quse
1786 3273 1817 3335 si

390 3383 510 3427 vesum
536 3363 646 3437 dicere,
673 3362 727 3424 sed
754 3365 853 3444 potius
874 3363 1003 3423 elternm
1030 3381 1084 3443 per
1137 3373 1197 3423 tem
1221 3365 1249 3424 ei
1271 3370 1407 3444 praestet
1428 3362 1635 3436 insolubilem,
1662 3361 1695 3423 id
1716 3370 1764 3423 est
1781 3362 1817 3422 h

390 3453 517 3515 sitorum
540 3451 702 3533 explicere.
728 3450 807 3511 Nem
831 3459 862 3510 et
876 3450 972 3531 Syros
995 3452 1083 3510 inter·
1137 3450 1308 3521 mertelem,
1338 3458 1373 3508 nt
1398 3451 1565 3511 successori
1591 3468 1652 3511 uon
1678 3449 1719 3509 sit
1743 3449 1817 3510 locst

390 3559 459 3620 pres
469 3540 710 3601 similitudinem
721 3540 821 3609 vortit,
837 3536 1017 3615 ubicumque
1028 3555 1084 3597 nos
1138 3538 1264 3598 Sensum
1291 3538 1369 3598 hono
1394 3536 1498 3599 merito
1525 3538 1653 3598 coeteris
1676 3533 1817 3615 euteposl

390 3626 540 3690 hebemus
564 3628 717 3687 ordinem.
742 3623 824 3703 Quid
839 3643 911 3685 vero
926 3642 981 3703 per
996 3623 1084 3684 ordi·
1138 3623 1273 3684 Gelonos
1295 3633 1404 3683 noster.
1431 3622 1512 3684 Nem
1535 3642 1603 3683 enm
1626 3622 1721 3702 pleno
1743 3620 1817 3700 exigi

390 3733 462 3776 nesn
490 3731 544 3773 seu
570 3712 812 3774 similitudinem
838 3718 899 3770 tem
925 3710 1083 3790 Prophete,
1138 3712 1351 3790 consequentis
1373 3709 1712 3789 sermonis-Apostolici.
1736 3709 1817 3789 Atqu

391 3820 480 3881 qoem
503 3799 667 3881 Apostolus
694 3798 872 3877 intelligent,
899 3796 989 3877 paulo
1016 3805 1085 3876 poet
1123 3818 1174 3875 ,eo
1197 3806 1314 3876 spectet
1334 3796 1479 3877 allegatio
1502 3795 1663 3857 secerdotii
1677 3794 1816 3857 hleicltin

391 3877 583 3968 exponemus.
1138 3883 1231 3961 doch,
1258 3904 1347 3963 qoem
1373 3883 1486 3945 dictum
1518 3892 1564 3944 est
1594 3902 1698 3964 neque
1720 3883 1817 3945 iuit‘n

436 3975 484 4037 16.
507 3975 570 4053 Qui
590 3992 659 4036 eon
680 3972 851 4034 secundnm
874 3972 974 4048 lenem
989 3990 1084 4030 mon·
1137 3969 1262 4042 dierum,
1281 3991 1382 4051 neque
1396 3971 1486 4032 finem
1502 3972 1583 4031 vites
1597 3968 1768 4045 bsbcutem,
1786 3983 1816 4028 υ

390 4062 459 4122 doti
473 4061 616 4122 ecmelis
635 4062 742 4141 factm
764 4066 818 4134 est,
843 4060 897 4120 sed
910 4058 1084 4121 serendum
1137 4058 1301 4118 similatum
1324 4068 1424 4118 eutem
1447 4058 1525 4119 Filio
1548 4058 1624 4129 Dei,
1645 4076 1772 4119 menese
1787 4071 1817 4115 n

390 4151 539 4210 sidetem
569 4153 653 4210 vitoe
681 4146 867 4207 insolubilis.
911 4146 1083 4208 Reletivnm
1138 4145 1288 4205 cerdotsm
1314 4147 1345 4205 in
1367 4152 1552 4224 perpetuum.
1583 4144 1711 4224 Spectet
1731 4140 1817 4204 eod·

389 4239 456 4314 qni,
478 4244 557 4308 sunt,
577 4237 628 4316 qni
650 4234 782 4295 referent
796 4233 835 4293 ed
849 4230 1083 4303 Melchisedech,
1137 4230 1272 4311 probatio
1298 4231 1489 4312 subsequens
1515 4250 1554 4292 ex
1576 4230 1754 4311 Scripturs:
1784 4226 1817 4290 ss

390 4331 423 4384 ut
439 4329 470 4384 ot
484 4323 617 4384 meminit
632 4320 896 4399 Theophylectus3
912 4319 1005 4398 idque
1024 4337 1084 4379 nou
1138 4336 1169 4379 es
1191 4320 1334 4380 sacerdos
1355 4322 1392 4380 in
1410 4326 1585 4380 aeternnm.
1609 4317 1754 4398 Denique
1767 4331 1817 4397 μ

388 4427 510 4492 prorsus
539 4411 650 4489 inepte.
684 4407 762 4468 Nem
791 4406 831 4467 ed
860 4403 1084 4468 Melchisedech
1137 4407 1195 4466 tior
1220 4406 1277 4467 hcc
1300 4405 1386 4467 modo
1413 4403 1548 4466 redditur
1573 4404 1736 4465 eutitbesis
1759 4404 1817 4465 ts·

389 4496 478 4558 iecile
492 4507 617 4576 possunt
633 4495 706 4555 hoec
720 4494 947 4556 accommodari.
970 4495 1081 4555 Verum
1136 4492 1235 4573 legem
1257 4493 1389 4554 mendeti
1409 4492 1536 4554 cernelis
1551 4500 1583 4553 et
1597 4492 1741 4553 virtutem
1754 4492 1817 4552 ’Β

389 4583 527 4664 probetio
544 4581 705 4660 subjuncte
720 4581 794 4639 setis
810 4580 938 4643 ostendit
953 4580 1082 4641 referen-
1136 4579 1324 4657 insolubilis,
1348 4579 1477 4640 ecmelis
1494 4580 1572 4639 enim
1587 4580 1744 4640 successio
1757 4592 1817 4638 ιι

389 4670 461 4730 dnm
483 4667 523 4729 ad
544 4667 584 4737 id,
607 4667 689 4746 qood
711 4668 845 4745 proxime
866 4666 1030 4748 praecedit,
1053 4662 1084 4725 id
1136 4666 1261 4728 talitatis
1278 4667 1473 4728 certissimum
1490 4674 1702 4745 argumentum
1716 4658 1817 4726 cstlt

390 4766 445 4827 est,
467 4753 511 4813 nd
533 4754 635 4814 olium
649 4753 842 4814 sacerdotem
859 4761 956 4831 jecto
969 4753 1083 4815 simili·
1137 4756 1184 4814 his
1201 4764 1350 4834 postremo
1374 4752 1481 4832 liquet,
1505 4752 1685 4833 Apostolum
1700 4751 1817 4813 sibit·

390 4841 535 4901 tudinem
561 4836 782 4901 Melchisedech
810 4850 1004 4919 monentem,
1030 4840 1084 4921 qui
1138 4839 1756 4920 essecontrsrium,dum1lom.l.legem
1769 4843 1817 4916 Qut

390 4934 439 4988 est
458 4923 603 4985 Christus.
631 4924 691 4985 Sed
712 4924 750 4986 de
772 4928 865 5005 pertis
886 4928 977 5009 thns
997 4927 1082 4989 intel·
1137 4928 1226 4989 decet
1241 4928 1437 5009 spiritoelem‚
1455 4925 1506 4989 hic
1528 4946 1601 4988 vero
1617 4946 1687 4988 en
1701 4919 1817 5007 epp&

389 5013 473 5082 lecto
493 5030 554 5073 nou
574 5030 668 5092 perse
687 5006 846 5075 difficulter
869 5024 921 5077 est.
952 5013 1084 5100 Quidem
1135 5017 1235 5099 legem
1244 5014 1523 5078 mendetiosruelis.
1546 5012 1730 5097 idemque,
1744 5025 1817 5077 su
