4442 5825
398 585 471 660 lio
911 578 1144 634 commanus
1161 578 1193 632 ns
1210 578 1278 633 cru.
1295 575 1334 632 u
1378 576 1380 581 ·

395 761 481 832 catis,
503 756 592 819 simul
613 756 727 817 scilicet
746 776 782 816 ac
803 753 894 816 semel
919 753 1089 815 auferendis
1142 755 1261 833 ptismo,
1277 751 1393 815 nullum
1408 759 1477 834 post
1492 752 1718 834 serelinqusns

395 864 584 927 quocumque
599 843 740 916 remedio,
759 841 939 923 applicanda
954 850 1088 920 negatur.
1142 851 1267 901 reatum.
1284 841 1342 902 His
1354 842 1417 902 tere
1430 842 1632 913 consentiunt,
1648 841 1703 920 qui
1718 864 1723 895 ι

394 934 568 994 Remittitur
589 938 688 990 antem
705 929 748 990 ibi
770 937 910 1010 peccator
931 925 970 987 sd
992 929 1087 987 terri·
1142 931 1344 990 eonscientiae
1370 936 1533 1009 exponunt
1564 927 1722 1007 Percipitu

395 1021 487 1080 bilem
502 1019 607 1079 divini
624 1017 741 1092 ,iudicii
762 1019 1034 1093 exspectationem,
1059 1012 1089 1074 id
1143 1016 1259 1075 occulto
1272 1016 1401 1097 quodam
1414 1021 1505 1094 gustu
1518 1015 1654 1073 suavitas
1666 1012 1722 1073 illis

396 1115 455 1179 eat,
482 1104 644 1165 horrendas
670 1105 747 1182 ignis
773 1103 939 1183 purgatorii
966 1118 1089 1181 poenas,
1142 1102 1336 1176 remissionis,
1352 1104 1482 1182 inquam,
1504 1109 1708 1180 peecatorum,

395 1195 453 1254 nisi
467 1192 638 1252 voluntaria
659 1189 808 1271 plenaque
823 1189 1028 1250 satisfactione
1039 1190 1088 1267 ju·
1143 1209 1209 1249 eam
1237 1191 1439 1249 consuiantiae
1464 1207 1526 1268 pax
1549 1196 1581 1247 et
1601 1189 1723 1247 aaronita

395 1281 507 1342 dicium
523 1277 599 1339 illud
610 1279 640 1337 in
652 1276 709 1336 hac
723 1278 787 1336 vita
802 1277 987 1357 praeveniat,
999 1276 1090 1354 juxta
1144 1278 1260 1336 interna
1275 1278 1397 1356 spiritus
1421 1273 1625 1336 consolatione
1640 1292 1723 1335 conss

394 1367 476 1448 quod
499 1366 544 1426 ait
567 1364 647 1425 idem
662 1363 828 1442 Apostolus
846 1368 861 1422 l
880 1362 949 1424 Cor.
967 1366 1031 1422 11.:
1055 1363 1091 1423 si
1144 1364 1206 1423 Alii
1229 1364 1307 1425 idem
1334 1382 1402 1422 esse
1427 1362 1535 1423 volunt
1560 1380 1628 1421 curn
1653 1362 1723 1442 impr

395 1471 454 1516 nos
481 1455 565 1530 ipsos
591 1450 858 1526 dijudicaremus,
888 1468 956 1512 non
981 1452 1090 1526 utique
1143 1469 1284 1511 manuum
1298 1450 1434 1530 superins
1450 1449 1609 1520 nominata,
1633 1466 1723 1527 quam

390 1540 621 1616 judicaremur.
1144 1545 1208 1596 trus
1223 1539 1291 1597 Act.
1308 1540 1336 1597 2.
1352 1535 1526 1616 baptismati
1541 1532 1709 1613 subjunxit,

437 1627 498 1689 Sed
513 1627 553 1686 ad
569 1625 787 1705 expositionem
804 1633 905 1685 textus
920 1625 1088 1686 redeamus.
1143 1627 1334 1701 Baptizatur
1348 1625 1564 1699 unusquisque
1575 1628 1723 1695 vessmm,

394 1714 456 1775 Ubi
471 1715 669 1773 illuminatos
688 1714 753 1772 sine
775 1710 867 1771 dubio
888 1720 977 1773 vocat
992 1710 1089 1790 bapti·
1144 1713 1265 1788 cipiets's
1280 1711 1400 1772 donum
1412 1711 1553 1786 Spiritus
1567 1710 1679 1769 mnes.
1697 1708 1723 1769 N

395 1800 780 1878 satousieutetcap.10.:
808 1799 1089 1872 Rememoramini,
1144 1818 1255 1877 panem
1277 1797 1437 1858 coelestem
1460 1795 1641 1875 intelligunt,
1665 1795 1723 1855 ids

393 1887 499 1967 iuquit,
520 1889 675 1962 pristinos
690 1886 764 1959 dies,
788 1888 824 1945 in
840 1885 952 1963 quibus
967 1885 1090 1946 illumi·
1144 1895 1332 1946 crementum
1347 1885 1478 1963 corporis
1493 1890 1525 1943 et
1539 1881 1698 1961 sanguinis
1716 1883 1723 1941 l

393 1977 476 2048 nati,
493 1974 592 2045 idest,
608 1971 756 2052 baptismo
767 1981 907 2053 srrscepto
919 1970 994 2031 iacti
1006 1968 1089 2031 Chri·
1145 1972 1226 2053 quod
1242 1981 1285 2031 est
1301 1972 1496 2032 veredunum
1512 1969 1654 2041 coeleste,
1670 1968 1723 2028 dat

393 2061 503 2132 atiani,
533 2077 688 2135 mapnum
714 2067 874 2120 certamen
899 2061 1091 2120 sustinuistis
1144 2059 1190 2119 bis
1206 2060 1245 2118 ad
1261 2057 1443 2139 gustandum
1465 2055 1503 2116 ab
1518 2077 1564 2130 aa,
1588 2057 1641 2134 qui
1657 2055 1720 2116 dici

390 2151 587 2224 passionum.
610 2145 702 2206 Unde
724 2154 754 2206 et
776 2146 921 2226 Syriacus
944 2147 1091 2225 interpres
1144 2164 1212 2206 sum
1225 2147 1334 2222 panis,
1350 2147 1405 2220 qui
1420 2143 1459 2204 de
1474 2144 1561 2205 coelo
1576 2142 1724 2204 demendi

394 2243 523 2314 utroque
537 2232 602 2293 loco
617 2231 802 2312 baptismum
817 2234 973 2313 expressit
994 2232 1090 2293 Voce·
1145 2236 1174 2293 6.
1198 2232 1249 2293 Sic
1263 2233 1384 2312 Haymo
1400 2238 1430 2292 st
1440 2229 1723 2309 commentarius?

394 2320 482 2380 batur
503 2320 668 2400 baptismus
691 2320 823 2401 antiquis
844 2319 1003 2380 Ecclesiae
1016 2327 1090 2379 tem·
1144 2320 1322 2399 adscriptus,
1335 2336 1424 2379 sensu
1435 2335 1631 2399 nequaquam
1642 2317 1723 2396 impr

394 2407 518 2489 poribus
531 2415 748 2467 sacramentum
764 2405 1002 2476 illuminationis,
1024 2407 1093 2466 sive
1144 2403 1248 2467 Solent
1263 2407 1344 2467 enirn
1359 2405 1496 2485 Apostoli
1523 2411 1648 2484 propter
1670 2422 1723 2463 aus

395 2502 429 2554 ut
444 2492 553 2555 Graeci
567 2493 731 2572 loquuntur
744 2493 1005 2566 illuminationum,
1029 2509 1090 2569 φω-
1145 2494 1258 2553 delium
1273 2494 1311 2552 de
1327 2493 1420 2552 tantis
1435 2491 1589 2571 mysteriis
1603 2507 1664 2550 non
1678 2509 1722 2570 ap

395 2576 562 2657 stopoirsos,
587 2580 661 2658 quia
683 2598 738 2658 per
759 2580 837 2639 illud
860 2578 1014 2640 transtulit
1036 2597 1091 2639 nos
1144 2580 1204 2658 qui,
1226 2581 1280 2639 ssd
1295 2600 1332 2640 ea
1345 2586 1450 2658 tegere
1471 2576 1573 2640 verbis
1596 2576 1723 2657 quibusd

395 2667 480 2728 Dens
511 2667 550 2728 ds
575 2662 708 2724 tenebris
733 2666 763 2725 in
789 2664 966 2727 admirabile
991 2663 1092 2726 lumen
1144 2665 1301 2727 neralibus.
1326 2664 1487 2746 Quomodo
1511 2664 1593 2744 apud
1613 2661 1723 2725 Graece

395 2772 491 2826 suum,
513 2752 597 2832 quod
612 2758 657 2812 est
672 2750 772 2814 lumen
795 2753 919 2832 gratiae.
946 2750 996 2812 Sic
1012 2753 1092 2812 enirn
1144 2759 1245 2833 ptores
1270 2750 1405 2832 generali
1430 2750 1652 2812 nominationi
1678 2751 1723 2812 sol

394 2841 503 2900 Petrus
533 2835 699 2919 Apostolus
735 2838 885 2920 loquitur,
924 2837 1092 2919 baptizatos
1143 2838 1287 2900 charistia
1313 2837 1486 2920 significari.
1526 2835 1723 2899 Theodoratu

395 2925 578 3006 compellans
602 2933 633 2985 et
648 2926 688 2987 ad
708 2923 891 3004 baptismum
914 2925 1054 2987 alludens
1072 2930 1088 2986 1
1144 2924 1212 2986 (lor.
1228 2930 1286 3000 11,
1302 2945 1457 3006 exponens
1471 2924 1560 2987 illud:
1583 2926 1628 2986 ets
1643 2925 1723 2987 sicd

393 3014 489 3092 Epist.
502 3015 530 3074 2.
555 3012 604 3073 lex
620 3032 679 3093 quo
694 3012 769 3086 loeo,
785 3032 852 3073 cum
868 3012 986 3075 duobus
1001 3011 1092 3093 hujus
1144 3011 1202 3074 illo
1217 3013 1303 3089 edat,
1320 3014 1378 3074 ait:
1401 3013 1442 3074 Et
1455 3015 1500 3073 sic
1514 3012 1626 3073 donum
1641 3015 1723 3094 aecip

394 3100 554 3181 Epistulae
566 3098 685 3173 collato,
703 3099 854 3172 discimus,
870 3119 937 3161 earn
949 3099 1092 3180 baptismi
1144 3098 1222 3161 forte
1237 3101 1423 3180 significatus
1439 3108 1486 3160 est
1500 3099 1580 3160 idem
1596 3100 1689 3180 panis
1703 3119 1721 3182 p

395 3188 651 3267 nuncupationem
677 3184 716 3247 ab
742 3187 815 3266 ipsis
842 3185 998 3266 Apostolis
1024 3206 1092 3247 esse
1144 3209 1163 3248 a
1176 3189 1210 3249 B.
1227 3186 1319 3247 Petro
1337 3191 1353 3247 1
1371 3187 1470 3267 Epist
1488 3191 1526 3259 A,
1550 3187 1723 3266 quando,s

396 3273 573 3347 derivatam,
597 3293 657 3354 qna
679 3281 784 3354 postea
807 3282 926 3353 praeter
948 3272 1023 3333 alios
1046 3275 1093 3335 usi
1145 3274 1185 3335 ad
1207 3294 1269 3347 eos,
1292 3293 1369 3355 quos
1394 3281 1548 3355 comparat
1567 3273 1723 3334 infantibus

394 3369 465 3421 sunt
479 3359 623 3422 Clemens
637 3359 862 3423 Alexandrinus
881 3360 963 3442 apud
977 3359 1092 3421 Eussb.
1145 3362 1263 3441 genitis,
1286 3370 1317 3422 et
1332 3362 1372 3421 ad
1387 3361 1437 3422 lac
1459 3359 1607 3423 rationale
1631 3377 1723 3421 eones

396 3447 447 3508 lib.
472 3448 500 3507 3.
523 3448 592 3510 hist
617 3468 682 3528 cap.
709 3451 767 3521 17,
791 3455 822 3508 et
844 3446 1007 3529 Gregorius
1029 3448 1091 3509 Na·
1146 3449 1216 3510 dum
1232 3448 1402 3521 exhortans,
1418 3448 1464 3508 sic
1479 3448 1588 3508 deinde
1603 3449 1664 3506 ait:
1687 3447 1723 3509 et

396 3537 558 3597 uianuenus
573 3544 648 3595 orat.
664 3537 696 3597 in
711 3546 817 3596 sancta
830 3535 952 3611 lumina,
971 3536 1035 3615 qui,
1050 3535 1092 3595 al·
1146 3537 1304 3613 protestis,
1322 3538 1477 3614 quoniam
1492 3538 1602 3596 mauis
1616 3541 1662 3596 est
1676 3534 1723 3595 Dc

396 3622 505 3683 ludens
526 3623 567 3682 ad
588 3622 666 3681 hanc
690 3623 922 3703 appellationem
943 3622 1093 3702 baptismi,
1145 3622 1319 3702 Neophytis
1334 3623 1411 3683 enim
1435 3623 1537 3682 statim
1552 3641 1571 3681 a
1585 3621 1723 3701 baptism

396 3711 490 3792 etiam
506 3709 545 3767 de
561 3706 682 3770 Christo
698 3729 717 3769 a
731 3709 853 3770 Joaune
866 3709 1026 3788 baptisato,
1050 3709 1094 3768 sic
1146 3711 1271 3793 gebatur
1294 3709 1507 3781 Eucharistia,
1533 3718 1610 3769 teste
1632 3707 1723 3771 Amba

398 3795 486 3858 dicit:
518 3795 659 3857 oseem
685 3814 759 3871 erpo
781 3797 1004 3869 illuminatur,
1029 3798 1093 3855 imo
1146 3797 1231 3859 libris
1255 3797 1294 3857 de
1316 3804 1492 3857 sacrament.
1516 3793 1656 3857 Dabatur
1678 3796 1722 3857 eti

394 3884 504 3959 potius
523 3882 653 3958 sulpure
675 3901 731 3945 suo
755 3901 814 3944 nos
835 3882 1009 3944 illuminat.
1032 3882 1092 3942 Rs·
1146 3883 1329 3965 gustandum
1351 3884 1398 3943 lac
1421 3881 1524 3943 etmel
1546 3884 1578 3943 in
1600 3900 1723 3943 ceremur

398 3970 510 4030 tionem
527 3986 598 4028 vero
613 3971 741 4031 nominis
756 3989 824 4030 cum
840 3989 886 4043 ea,
902 3989 992 4051 quam
1009 3969 1092 4030 dadi·
1146 3972 1255 4052 ptismi,
1276 3977 1311 4030 ut
1324 3977 1428 4030 auctru
1450 3978 1496 4029 est
1510 3967 1723 4030 Tertullianus

397 4072 480 4126 mus,
508 4064 739 4116 consentaneam
766 4057 900 4118 reddunt
925 4056 1094 4137 Dionysius
1147 4078 1206 4118 cor.
1223 4056 1284 4116 mil.
1301 4076 1366 4136 cap.
1383 4058 1412 4116 3.
1436 4055 1497 4117 Sed
1520 4076 1582 4117 non
1605 4062 1653 4116 est
1672 4074 1723 4117 vas

399 4139 504 4202 eccles.
527 4138 599 4201 hier.
623 4160 690 4220 cap.
707 4147 734 4204 3.
756 4152 787 4203 et
810 4144 931 4204 Nicetes
954 4145 986 4205 in
999 4140 1092 4203 schol.
1148 4145 1186 4204 de
1200 4162 1235 4203 eo
1252 4143 1380 4203 Paulum
1404 4142 1454 4202 hic
1476 4143 1570 4222 loqui,
1586 4141 1635 4204 de
1649 4142 1722 4204 mall

398 4227 437 4288 ad
461 4226 572 4286 dictam
595 4230 757 4290 orationem
782 4229 976 4291 Nasianaeni.
998 4230 1094 4289 Porro
1148 4239 1179 4292 et
1192 4231 1279 4291 lacte.
1301 4228 1381 4288 Nam
1403 4226 1484 4308 quod
1500 4247 1553 4307 per
1574 4229 1699 4290 donum
1714 4256 1723 4283 -ι

398 4314 438 4374 ad
459 4313 549 4390 huJua
572 4315 709 4394 mysterii
731 4315 982 4394 significationem
1006 4313 1093 4375 Chri·
1147 4316 1297 4395 intelligat
1308 4314 1534 4376 Sacramentum
1546 4314 1722 4376 Euchariati

399 4408 464 4460 stus
486 4398 571 4459 illum
586 4419 604 4459 a
618 4401 780 4461 nativitate
804 4421 922 4463 mecum
946 4402 986 4479 ad
1001 4421 1095 4481 aquas
1147 4403 1334 4463 habilitatem
1346 4401 1466 4473 habere,
1478 4420 1570 4482 supra
1582 4402 1722 4463 diximus.

399 4485 575 4548 Siloiiurisit
587 4486 827 4562 illuminandum,
839 4488 929 4549 Joan.
943 4492 981 4561 9.,
996 4507 1095 4568 quem·
1148 4492 1229 4551 enirn
1256 4490 1376 4550 donum
1403 4488 1531 4549 coeteste
1556 4487 1723 4568 appellatas

400 4574 561 4634 admodum
584 4573 672 4634 docet
687 4573 883 4653 Augustinus,
906 4575 945 4635 ad
970 4594 1039 4636 snm
1054 4574 1096 4634 lo·
1147 4578 1229 4637 niam
1244 4594 1353 4656 corpus
1368 4575 1491 4636 Domini
1510 4584 1558 4635 est
1573 4574 1718 4650 moleste,

400 4678 466 4720 eum
486 4666 569 4719 tract
587 4660 638 4721 44.
696 4676 699 4679 ⁴
1149 4660 1443 4724 Christnscoelestis
1461 4660 1561 4723 1001.
1579 4661 1628 4722 le.

446 4745 661 4808 Gustaoerunt
690 4751 784 4809 etiam
813 4749 934 4809 donum
959 4747 1095 4809 coetnte.
1189 4750 1232 4811 lit
1236 4746 1723 4827 participesfactisuntspiritsa

400 4828 494 4892 Varia
516 4840 562 4893 est
584 4834 679 4910 hujus
701 4835 780 4897 doni
800 4834 938 4896 coelestis
951 4834 1095 4916 interpra·
1150 4834 1281 4915 Quidam
1309 4834 1485 4917 intelligunt
1507 4855 1574 4895 earn
1598 4833 1723 4914 spiritu

401 4917 484 4977 tatio.
508 4915 616 4981 Graeci
630 4923 833 4984 remissionem
848 4926 1038 5002 peccatorum
1052 4922 1096 4982 in·
1149 4924 1418 5003 participationem,
1441 4938 1520 5003 quaa
1541 4922 1676 4983 daturin
1689 4921 1723 4983 bs

401 5000 551 5089 nunnus,
567 5006 668 5089 qualis
683 5010 822 5071 nimirum
836 5007 983 5088 accipitur
998 5009 1030 5070 in
1044 5006 1095 5072 ta
1150 5009 1190 5070 ds
1212 5028 1273 5091 qus
1292 5009 1357 5071 'ria
1380 5013 1409 5073 3.
1439 5010 1503 5074 Per
1523 5009 1713 5085 meum,
