4442 5825
766 565 928 622 tetstotte
945 565 1034 620 estut
1050 564 1162 619 Jtcott.
1199 563 1282 619 mis.
1301 566 1385 619 2.-t.
1715 570 1790 640 416

375 742 570 811 hhmorrlvur
587 745 829 822 Ecclesiastieis3
852 745 971 804 tametsi
987 762 1043 805 neo
1096 741 1215 815 Graeci,
1237 745 1317 803 servi
1338 750 1367 802 et
1383 742 1479 816 liberi,
1500 742 1542 802 itu
1563 760 1618 802 nec
1639 739 1742 802 divitis
1758 750 1791 802 et

371 834 517 917 malem
532 853 654 896 sensum
670 832 775 911 rejicit.
1095 828 1256 909 pauperis?
1279 830 1393 891 Horum
1419 830 1496 889 onim
1521 827 1595 889 nihil
1619 839 1681 903 est,
1709 828 1791 909 qnod

398 922 559 985 latrus'ert't
569 927 676 981 uestem
689 927 719 979 et
728 935 855 997 pauper
865 919 901 977 itt
912 916 1042 977 sordido
1095 917 1245 977 hominem
1268 918 1364 996 magis
1380 916 1542 977 autminus
1558 917 1588 974 in
1603 915 1723 977 Christo
1738 918 1789 976 ho·

371 1008 466 1073 attus
488 1006 622 1071 Graece:
637 1008 673 1067 in
688 1006 920 1068 sordidavestc.
945 1003 1040 1065 Voca-
1094 1003 1260 1065 notabilem
1283 1003 1399 1066 reddat.
1422 1003 1454 1063 Si
1474 1003 1594 1083 passive
1617 1002 1715 1083 legas:
1738 1003 1790 1063 di·

371 1096 451 1159 tulum
466 1094 548 1157 idern
563 1114 628 1155 oum
644 1093 806 1172 superiore
1091 1091 1230 1165 judicati
1253 1092 1333 1165 estis,
1356 1109 1460 1151 sensus
1484 1092 1554 1150 crit:
1581 1092 1629 1151 Au
1648 1110 1707 1150 non
1723 1110 1790 1171 pro·

392 1184 421 1247 b.
442 1184 486 1245 Er
509 1181 684 1242 intendetis
706 1183 742 1240 ire
757 1198 838 1253 eum,
866 1181 922 1255 qui
944 1177 1042 1237 indu·
1096 1178 1165 1257 pria
1192 1179 1373 1238 conscientia
1399 1198 1454 1239 vos
1479 1178 1559 1257 ipsos
1582 1177 1738 1256 redarguit
1759 1185 1792 1239 et

371 1278 457 1333 mett
475 1276 559 1331 verte
578 1267 757 1346 praeclara.
781 1264 910 1328 Graece:
934 1265 977 1324 Et
991 1282 1042 1323 re·
1097 1265 1248 1324 convincit
1273 1264 1350 1324 male
1376 1262 1489 1344 agere?
1527 1263 1789 1343 Gonjnnctionem:

371 1358 574 1437 puerilitia
600 1372 690 1428 eum,
724 1357 780 1432 qui
804 1359 904 1428 postet
930 1359 1042 1411 vestem
1096 1358 1135 1425 ct,
1153 1352 1183 1411 in
1200 1349 1314 1411 Graeco
1330 1350 1506 1426 redundare,
1522 1352 1599 1410 siout
1613 1362 1645 1411 et
1659 1351 1731 1412 alibi
1747 1352 1789 1411 in·

371 1442 561 1523 plcadtdam.
587 1442 644 1501 Est
665 1443 743 1501 onim
766 1440 814 1500 bic
836 1457 939 1499 rursus
963 1432 1043 1514 λαμ·
1095 1436 1221 1509 terdunv,
1236 1445 1317 1497 recte
1329 1435 1790 1513 GraeensauotorOeoumeuius

371 1520 436 1611 pn'v.
459 1528 654 1609 significatur
678 1528 800 1588 effectus
823 1526 975 1586 hominum
991 1523 1041 1583 ad·
1096 1523 1247 1584 admonet.

371 1618 519 1679 &ndum
545 1612 733 1696 splendorem
756 1620 922 1676 externum.
953 1609 1042 1690 Quod
1139 1612 1182 1673 Et
1210 1611 1291 1687 facti
1318 1613 1389 1671 estis
1410 1612 1533 1686 judicet
1561 1614 1790 1687 coptsottooam

371 1706 427 1767 aiut
439 1701 627 1763 admirantur
638 1708 669 1761 et
680 1703 779 1781 magni
791 1699 912 1772 iaciunt,
927 1700 1042 1759 intente
1094 1698 1304 1775 iniquarum?
1317 1696 1446 1759 Graece:
1458 1700 1609 1775 πονηρῶν,
1618 1699 1790 1776 melanem,

371 1791 507 1873 qiciunt.
538 1787 604 1849 Nee
629 1787 765 1869 emphasi
792 1795 874 1847 caret
899 1784 1043 1847 articulus
1094 1802 1329 1861 perversurum.
1353 1785 1545 1865 Periphrasie
1561 1795 1606 1846 est
1619 1787 1790 1866 iniquorum

371 1874 513 1941 theco
525 1875 693 1936 inculcatus
706 1873 745 1935 ad
758 1871 958 1936 denotandam
975 1890 1041 1931 cau·
1092 1871 1240 1950 judicum.
1270 1870 1418 1932 Dicuntur
1440 1873 1518 1933 enim
1539 1874 1663 1947 judiees
1683 1874 1791 1934 mala-

371 1984 412 2025 mu
428 1961 652 2024 admirationis:
677 1954 730 2039 τὴν
753 1954 871 2040 ἐσθῆτα
893 1951 948 2037 τὴν
964 1954 1042 2035 λαμ·
1095 1978 1167 2018 rum
1181 1961 1418 2034 copitettonam,
1436 1959 1507 2040 quia
1518 1963 1623 2040 pravis
1635 1945 1791 2021 affectibus

371 2042 438 2129 pb,
458 2055 575 2111 vestem
589 2049 680 2109 illem
693 2048 907 2125 praeclarum.
931 2047 1042 2125 Quem·
1097 2045 1201 2106 imbuti
1216 2054 1248 2106 et
1263 2045 1383 2125 impulsi
1406 2066 1546 2127 perverse
1570 2045 1608 2107 de
1623 2047 1691 2108 aliis
1710 2047 1791 2126 judi·

371 2156 440 2219 μω
470 2134 504 2197 id
532 2136 640 2197 Latius
669 2137 735 2216 pari
772 2135 916 2196 sermonis
946 2133 1044 2213 gratia
1097 2140 1182 2205 eant,
1210 2134 1295 2210 quasi
1322 2132 1465 2193 videlieet
1490 2133 1596 2194 melior
1623 2144 1654 2195 et
1679 2136 1792 2196 honore

371 2220 435 2285 eddi
448 2243 510 2283 uon
529 2230 640 2303 potest.
1097 2217 1215 2299 dignior
1230 2220 1299 2299 quis
1314 2222 1360 2292 sit,
1376 2221 1446 2300 qnia
1460 2220 1550 2280 ditior
1566 2229 1619 2281 aut
1633 2223 1791 2301 potentior,

392 2310 435 2373 Bt
455 2308 602 2371 dixeritis
626 2312 672 2370 ei:
712 2310 761 2368 Tu
787 2307 856 2368 sede
884 2305 1043 2367 lichene.
1097 2314 1150 2365 aut
1164 2324 1274 2385 genere
1290 2305 1405 2379 clarior,
1427 2316 1481 2367 ant
1503 2309 1651 2387 sanguine
1666 2309 1790 2389 conjun-

371 2394 483 2459 hoece:
507 2390 624 2471 καλῶς,
649 2394 730 2478 quod
753 2394 804 2454 alii
824 2401 962 2456 vertunt:
986 2394 1044 2452 ho·
1097 2394 1181 2452 otior.
1226 2393 1266 2452 Et
1296 2394 1337 2453 ita
1366 2393 1464 2454 locum
1494 2392 1573 2454 hunc
1602 2397 1792 2476 Augustinus

371 2490 442 2547 tate.
476 2481 552 2543 Vult
580 2485 657 2543 enim
682 2480 848 2561 Apostolus
874 2480 1044 2561 significare
1097 2480 1178 2540 dieta
1193 2480 1288 2558 Epist.
1302 2482 1351 2543 29.
1368 2481 1525 2541 intellexit.
1548 2481 1721 2542 Notandum
1736 2490 1791 2555 eet,

371 2572 511 2633 taionem
522 2569 725 2631 honorificum.
741 2567 819 2629 Nem
831 2566 870 2628 ds
882 2567 1044 2629 honoribus
1096 2562 1313 2626 Oecumeniurn
1336 2567 1412 2628 haec
1427 2568 1542 2646 absque
1558 2568 1791 2649 interrogatione

371 2658 518 2739 iungitur.
545 2655 629 2717 Idem
641 2663 727 2737 patet
741 2676 779 2716 ex
794 2654 935 2717 antithesi
950 2655 1044 2734 partis
1096 2652 1205 2731 legere,
1228 2671 1317 2732 quem
1333 2663 1364 2715 et
1378 2655 1429 2714 alii
1446 2654 1580 2715 nonnulli
1603 2659 1698 2717 secuti
1713 2664 1789 2716 sunt.

371 2745 514 2825 quentis.
1096 2740 1164 2799 Non
1188 2741 1265 2798 enim
1292 2742 1323 2801 in
1347 2740 1465 2802 Graeco
1493 2751 1538 2802 est
1559 2733 1645 2819 οὐχὶ,
1672 2742 1726 2803 sed
1744 2736 1790 2819 οὖ,

389 2830 535 2908 Pauperi
550 2837 657 2891 sutem
682 2829 809 2889 dicetis:
837 2830 886 2891 Tu
902 2836 951 2889 ete
966 2828 1043 2901 illic,
1096 2845 1172 2888 nort.
1195 2826 1283 2886 Facit
1298 2835 1399 2888 autem
1416 2828 1493 2890 hunc
1508 2848 1645 2889 sensnm:
1672 2829 1790 2909 Dijudi·

371 2925 406 2980 ut
425 2919 499 2980 tede
519 2918 577 2980 esth
598 2917 732 2978 reubello
751 2917 871 2994 pedum
891 2934 1042 2977 meorum.
1096 2913 1185 2974 candi
1201 2915 1270 2988 vim,
1287 2935 1364 2994 quae
1377 2917 1589 2989 invehiserat,
1606 2919 1791 2998 corrupistis,-

371 3001 465 3076 [ηοω
480 3013 510 3064 et
525 3005 667 3085 Syriaca:
684 3004 949 3065 nmecdehlcetc.
964 3003 1042 3063 Nam
1096 3000 1207 3061 nnllam
1232 3000 1376 3062 facientes
1396 3003 1623 3082 inquisitionem,
1646 3014 1713 3065 uter
1735 3024 1790 3067 suo

370 3089 429 3170 trud
443 3111 484 3154 ex
499 3088 618 3153 Graeco
637 3098 775 3152 vertunt:
799 3091 905 3151 subter
926 3089 1043 3152 scabel-
1096 3089 1201 3147 merito
1224 3089 1324 3167 potins
1346 3088 1538 3151 honorandus
1557 3099 1642 3164 esset,
1667 3110 1790 3172 pauper,

371 3195 414 3242 m
428 3195 547 3254 meum,
572 3186 673 3238 noster
687 3178 834 3259 interpres
854 3176 932 3238 dixit
947 3176 1042 3256 expli·
1096 3194 1136 3235 an
1157 3173 1257 3248 dives3
1280 3175 1338 3234 imo
1360 3175 1433 3236 facti
1454 3178 1527 3237 estis
1547 3178 1643 3256 iniqui
1662 3176 1789 3256 judiees,

371 3265 458 3326 stiva:
472 3263 676 3326 eubaeebello
687 3264 806 3340 pedum
820 3282 971 3326 mestrem.
992 3263 1045 3323 Est
1096 3261 1222 3321 alterum
1252 3260 1436 3323 honorantes
1466 3262 1638 3324 divitiarum
1669 3265 1789 3340 intuitu,

371 3351 425 3412 elur
439 3349 558 3414 caece
574 3342 748 3427 ὑποπόδιον,
771 3349 801 3411 id
818 3358 870 3424 est,
892 3370 1042 3411 scamnum
1096 3348 1223 3408 alterurn
1261 3350 1299 3408 oh
1337 3357 1544 3428 paupertatem
1584 3358 1789 3430 aspernantes.

371 3438 466 3511 anile,
491 3437 573 3520 quod
590 3439 754 3499 sedentium
778 3437 905 3517 pedihus
920 3437 1041 3515 subjici·
1096 3434 1207 3495 Verum
1224 3434 1441 3514 interrogativa
1456 3436 1556 3510 lectio,
1576 3456 1665 3518 quarn
1682 3445 1713 3498 et
1727 3446 1790 3499 tex·

371 3541 404 3586 tr.
426 3523 538 3587 Verrio
553 3525 678 3605 Syriaca
693 3525 738 3585 sie
751 3523 860 3585 hahet:
875 3527 959 3586 Ante
974 3542 1042 3583 een·
1097 3528 1144 3582 tus
1160 3521 1306 3601 Syriacus
1325 3521 1425 3596 hahet.
1450 3525 1545 3603 magis
1569 3523 1702 3604 prolecto
1718 3525 1789 3586 arri·

371 3609 464 3674 ilum
476 3611 597 3690 pedum
609 3619 801 3687 avarorum,
819 3610 960 3690 intellige,
976 3609 1042 3670 loco
1096 3607 1153 3669 det.
1192 3608 1258 3668 Nec
1284 3609 1385 3670 obstat
1407 3609 1554 3671 Graecum
1580 3603 1622 3670 οὐ.
1658 3611 1736 3672 Nam
1759 3620 1790 3673 et

371 3693 490 3770 duriori.
524 3697 683 3761 Caeterum
705 3699 736 3758 in
757 3697 815 3758 hae
835 3698 951 3758 mimssi
978 3717 1041 3757 ver·
1094 3693 1169 3754 illud
1191 3695 1419 3775 interrogationi
1441 3697 1592 3758 subservit
1613 3696 1693 3758 hand
1712 3718 1788 3771 raro,

371 3803 460 3860 uum,
483 3804 563 3864 quae
579 3783 618 3845 ad
634 3784 757 3846 divitem
774 3793 805 3846 et
819 3802 983 3866 pauperem
999 3782 1040 3843 di·
1094 3802 1131 3841 ac
1150 3783 1322 3842 nominatim
1346 3782 1403 3843 hoc
1418 3785 1483 3864 ipso
1500 3785 1596 3862 capite
1612 3786 1644 3844 in
1659 3804 1787 3864 sequeu-

371 3879 461 3948 μὴτ,
474 3870 667 3934 observanda
681 3880 750 3932 sunt
765 3870 927 3932 antitheta:
950 3870 1040 3944 Sede,
1093 3869 1174 3929 tibus
1187 3868 1359 3946 aliquoties,
1371 3870 1422 3931 ubi
1433 3891 1487 3931 nos
1500 3871 1642 3949 legimns:
1655 3872 1788 3934 nouere?

371 3963 413 4038 le,·
433 3957 504 4034 ltie,
526 3959 612 4036 titte-
634 3957 728 4032 hetse,
751 3958 807 4019 ereb
829 3958 962 4020 seobello
984 3977 1040 4035 pe·
1092 3955 1262 4035 Utrumque
1277 3954 1356 4035 legis
1379 3957 1460 4037 apud
1476 3957 1606 4018 Paulum
1624 3962 1640 4017 1
1658 3955 1725 4020 Gor.
1743 3963 1788 4022 9.r

371 4061 422 4118 ¹usu
449 4063 604 4106 meorum.
657 4043 745 4124 Quae
776 4045 876 4106 omnia
905 4045 1041 4104 serviunt
1092 4043 1166 4103 Neu
1181 4060 1249 4102 sum
1265 4044 1434 4118 Apostolus
1449 4042 1529 4105 etc?

371 4132 583 4214 mutationi.
1135 4129 1185 4189 Ex
1199 4128 1289 4206 hujus
1304 4131 1363 4192 loei
1380 4128 1516 4191 doctriua
1531 4139 1620 4210 patet,
1638 4152 1697 4194 non
1711 4133 1790 4196 inter

386 4219 416 4280 h
438 4219 555 4283 troam
572 4218 727 4294 judicatis
749 4218 839 4295 opud
856 4225 972 4278 uosmet
987 4221 1039 4295 ip·
1091 4217 1173 4278 levia
1199 4228 1331 4295 peccata
1355 4217 1570 4279 numerandum
1596 4238 1678 4292 esse,
1704 4220 1731 4282 si
1758 4222 1789 4284 lu

371 4305 415 4370 a?
436 4303 569 4368 Graece:
594 4307 638 4368 Et
651 4324 720 4366 oon
734 4305 904 4380 dt'y‘adiceti
920 4309 989 4365 ertia
1003 4307 1039 4365 ire
1091 4300 1283 4365 consessibus
1316 4304 1555 4378 Ecclesiastieis,
1585 4305 1636 4366 ubi
1665 4318 1790 4370 aarum

371 4383 432 4466 ebir
454 4393 557 4470 spru?
585 4391 735 4472 quomodo
762 4392 854 4452 vertit
879 4392 1038 4468 Erasmus3
1091 4390 1163 4452 fidoi
1188 4397 1313 4452 nostrae
1340 4394 1483 4471 mysteria
1508 4399 1690 4467 tractantur,
1716 4414 1789 4475 prae

371 4479 463 4554 natsi
476 4488 582 4562 potest
595 4481 685 4540 etiam
701 4480 801 4540 active
815 4480 892 4539 verti
905 4477 1039 4540 Graecus
1093 4477 1220 4539 caeteris
1247 4475 1427 4539 honorentur
1454 4479 1578 4553 divites,
1609 4499 1646 4540 eo
1671 4488 1788 4541 uatum

371 4567 487 4636 ahur:
510 4561 697 4644 διεκρίθητε,
721 4565 917 4641 dijudicastis
923 4589 936 4644 ,-
959 4567 1040 4645 quod
1092 4566 1222 4638 nomine,
1247 4565 1319 4644 quia
1335 4564 1444 4626 divites
1461 4575 1547 4643 sunt3
1570 4567 1699 4627 maxime
1716 4568 1742 4628 si
1757 4565 1788 4628 id

371 4649 432 4732 [deo
446 4651 584 4734 pluribus
607 4653 736 4734 plaeere,
759 4653 870 4733 quibus
886 4662 917 4712 et
931 4652 1040 4733 Syrum
1093 4653 1145 4712 dat
1157 4670 1223 4712 oum
1235 4659 1407 4729 contemptu
1421 4671 1595 4731 pauperum.
1618 4651 1706 4714 Unde
1718 4673 1787 4716 eon·

371 4749 542 4822 hreptetem
573 4760 752 4816 annumer03
785 4748 820 4798 nt
848 4759 955 4801 sensus
985 4740 1040 4799 sit:
1094 4747 1252 4818 sequenter
1275 4738 1458 4818 intelligitur,
1480 4739 1569 4818 longe
1585 4740 1706 4818 gravius
1722 4759 1787 4804 eae

371 4845 449 4904 enne
472 4827 633 4889 discrimen
654 4825 768 4888 lecistis
790 4826 873 4907 apud
891 4846 946 4887 vos
962 4828 1041 4886 inter
1093 4834 1258 4905 peecatum,
1280 4824 1306 4884 si
1320 4825 1358 4884 ad
1374 4845 1460 4885 sacra
1482 4826 1646 4886 ministeris
1661 4826 1787 4906 gradus·

371 4915 469 4996 uitem
498 4923 529 4976 et
555 4933 733 4994 pauperem
771 4933 837 4974 cum
868 4915 898 4974 in
924 4912 1040 4974 Christo
1094 4931 1155 4991 qus
1172 4911 1401 4972 Ecclesiasticos
1422 4932 1494 4993 prae
1513 4912 1697 4992 pauperibus
1713 4913 1788 4978 divi·

371 5019 429 5076 rea,
449 5001 532 5062 sicut
554 5019 616 5062 non
639 5008 686 5061 est
707 4999 861 5063 distinctio
875 5001 989 5062 Judaei
1011 5007 1041 5060 et
1092 5008 1138 5062 tes
1160 5006 1366 5076 assumentum
1395 4997 1467 5061 licet
1487 4998 1517 5062 id
1539 4999 1705 5080 Apostolus
1726 5023 1787 5066 nou
