4442 5825
538 1499 604 1602 IN
640 1496 1004 1603 EPISTOLAM
1040 1493 1396 1600 SECUNDAM

395 1703 583 1876 itt
682 1701 1014 1875 tutu!
1120 1699 1691 1873 tttstttt

478 2021 1454 2160 renutrimus.

759 2289 1173 2336 —murearm—

777 2508 1158 2579 PROOEMIUM.

371 2704 462 2783 hujus
484 2703 636 2766 secundae
659 2705 816 2786 Epistulae
837 2711 937 2765 eneto-
1035 2704 1096 2766 Alii
1112 2713 1214 2765 tamma
1228 2704 1305 2765 huno
1323 2703 1486 2766 osraeteris
1501 2699 1687 2764 dissimilitu-

372 2791 517 2853 ubitatnm
539 2791 701 2872 sliqnendo
725 2790 819 2853 fuisse
834 2812 852 2851 a
866 2811 938 2852 non·
991 2791 1108 2863 dinem,
1132 2791 1218 2870 eujus
1241 2792 1320 2852 inter
1342 2799 1465 2854 veteres
1485 2789 1568 2850 solus
1582 2789 1690 2850 Hiero·

371 2886 506 2940 ertantur
517 2886 651 2955 veteres;
667 2880 780 2961 primus
792 2876 938 2959 Origenes
991 2897 1101 2960 nymns
1115 2879 1266 2952 meminit,
1281 2899 1340 2941 non
1357 2885 1540 2958 agnoscunt3
1566 2874 1643 2937 sdan
1657 2882 1691 2938 nt

371 2986 399 3026 a
415 2967 502 3046 primi
518 2965 632 3030 Psalmi
647 2966 811 3043 Davidioi3
827 2965 938 3030 deinde
991 2968 1082 3029 etiam
1096 2965 1373 3048 Megdeburgensss
1390 2967 1552 3038 affirment,
1576 2964 1690 3045 stylum

371 3073 389 3113 s
411 3054 556 3113 historiae
573 3052 688 3114 Euclea.
712 3053 763 3114 lib.
780 3053 808 3112 3.
825 3072 891 3134 eap.
907 3054 937 3113 3.
992 3054 1083 3132 hujus
1097 3053 1255 3132 Epistulae
1267 3074 1333 3115 oum
1343 3055 1444 3134 priore
1457 3049 1549 3113 vulda
1564 3052 1690 3113 similem

386 3158 423 3200 su
452 3157 553 3200 rursus
574 3139 625 3201 lib.
650 3143 679 3203 6.
703 3161 769 3221 esp.
794 3140 860 3215 19,
887 3138 939 3199 nbi
993 3140 1051 3202 sibi
1065 3137 1172 3201 uideri
1196 3138 1266 3220 Qua
1280 3142 1312 3204 in
1326 3137 1586 3202 renosOatlroliei
1600 3137 1690 3200 fenile

371 3245 384 3286 s
413 3225 507 3287 verba
537 3236 755 3292 commemorat.
801 3226 841 3286 Et
870 3236 940 3306 post
993 3228 1029 3288 iis
1044 3228 1233 3288 assentimur.
1256 3225 1336 3288 Nam
1355 3227 1456 3308 opinio
1471 3223 1686 3288 dissimilitudi-

371 3330 530 3393 eronymus
544 3315 575 3374 in
591 3314 750 3394 catalogo,
774 3312 827 3374 ubi
848 3320 879 3374 et
892 3333 938 3375 re·
992 3315 1039 3375 nis
1054 3313 1128 3394 styli
1142 3333 1181 3376 ex
1202 3314 1345 3376 materies
1368 3312 1542 3375 diversitate
1557 3320 1629 3373 nats
1643 3312 1687 3373 vi·

371 3399 462 3473 addit,
476 3419 529 3460 nur
540 3400 710 3462 dubitatum
720 3400 820 3473 fuerit,
831 3418 940 3479 nempe
993 3401 1090 3462 detur.
1129 3400 1270 3482 Alioqui,
1299 3402 1389 3461 etism
1418 3399 1547 3462 Celsino
1572 3398 1689 3479 judioe,

371 3487 571 3548 insonantium
606 3507 625 3548 s
661 3489 761 3569 priore
789 3486 938 3567 Epistola
992 3485 1065 3548 nihil
1074 3486 1168 3548 hubet
1177 3488 1253 3550 haee
1264 3486 1404 3568 Epistola
1414 3487 1506 3548 Petro
1517 3484 1687 3565 indignnm3

371 3573 459 3653 hujus
482 3574 649 3652 argumenti
670 3573 849 3636 solutionem
872 3574 938 3652 ipse
992 3576 1036 3636 its
1057 3592 1147 3649 sene,
1178 3583 1212 3633 ut
1233 3576 1295 3637 vim
1314 3574 1444 3656 Spiritus
1465 3571 1633 3657 Apostoliei
1659 3578 1690 3634 et

371 3680 445 3720 nnus
491 3658 665 3741 suppeditet
701 3663 733 3723 in
766 3661 862 3740 Epist
899 3658 939 3725 sd
992 3662 1119 3740 gratim
1134 3661 1248 3740 ubique
1263 3662 1422 3741 exprimet.

371 3754 480 3827 puaest.
495 3750 544 3808 11.
560 3746 607 3807 his
618 3749 733 3811 verbis:
748 3749 841 3810 Duae
856 3747 939 3822 Epi·
1034 3749 1130 3808 Porro
1141 3748 1300 3829 Didymus,
1312 3746 1489 3830 Hieronymi
1501 3754 1688 3828 praereptor,

374 3852 455 3912 quus
469 3835 624 3912 feruutur
637 3837 742 3913 Petri,
758 3834 838 3909 stylo
853 3836 940 3894 iuter
992 3836 1234 3896 comentariolum
1259 3854 1346 3896 snum
1363 3834 1394 3895 in
1420 3834 1497 3896 hano
1519 3833 1689 3914 Epistulam

371 3928 490 3981 ructare
505 3920 699 3999 discrepant,
715 3928 938 3998 structuraque
992 3922 1035 3982 sio
1054 3920 1219 3982 eonoludit:
1247 3924 1321 3983 Nou
1342 3929 1384 3982 ert
1407 3924 1507 3998 ὁρίων
1528 3922 1689 3998 ipsoram·

371 4027 419 4069 tua
453 4009 505 4070 Eu
530 4026 593 4084 quo
618 4010 843 4086 iutelliptmus,
874 4025 938 4083 pro
992 4008 1086 4085 dum,
1101 4016 1300 4086 praesentem
1312 4008 1493 4086 Epistulam
1510 4026 1571 4070 esse
1583 4008 1688 4086 falsa·

371 4102 424 4154 ate
449 4112 558 4155 sarum
584 4095 716 4158 diversis
746 4114 817 4157 eum
844 4112 938 4155 usum
991 4103 1076 4173 tum,
1113 4114 1213 4173 quur,
1250 4097 1321 4157 liert
1354 4096 1537 4173 publicetur
1571 4093 1615 4172 (id
1644 4102 1689 4156 est

371 4181 475 4242 stibus.
498 4180 551 4242 Sia
562 4180 624 4255 ille,
636 4183 855 4244 dissonantiam
866 4181 937 4261 styli
991 4181 1111 4262 publice
1125 4202 1179 4264 per
1196 4182 1353 4244 Ecclesiae
1375 4177 1524 4263 legatur),
1546 4200 1614 4245 rsou
1637 4189 1688 4243 ta·

371 4288 383 4328 s
409 4269 441 4328 in
465 4267 667 4330 diversitatum
694 4269 879 4348 interpretis,
905 4267 937 4328 id
991 4289 1065 4331 mers
1079 4271 1116 4330 r'n
1135 4288 1258 4332 eunom
1278 4277 1330 4331 est.
1367 4270 1427 4333 Sed
1450 4268 1611 4331 dioeudum
1634 4276 1688 4343 ost,

371 4374 428 4428 tas,
445 4373 505 4435 quo
520 4374 575 4434 pro
590 4364 725 4435 tempore
740 4356 850 4416 Petrus
865 4373 938 4415 usus
990 4356 1157 4437 Didymum
1173 4359 1204 4419 in
1219 4358 1276 4418 hon
1291 4355 1380 4438 psalli,
1403 4358 1496 4437 idque
1509 4357 1590 4418 male
1605 4354 1687 4417 oolli-

371 4440 460 4502 lliter
470 4441 633 4522 respondet
644 4441 815 4523 Osjetsnus,
827 4440 939 4504 ideireo
990 4462 1110 4523 gereax
1119 4444 1164 4517 iis,
1180 4464 1258 4526 quae
1265 4444 1296 4505 in
1304 4444 1363 4505 fine
1375 4444 1532 4523 Epistulas
1538 4444 1686 4507 habentur

395 4527 512 4589 firmum
539 4547 607 4592 esse
633 4530 691 4592 hoe
721 4538 938 4610 argumentum,
991 4530 1028 4591 de
1052 4531 1156 4592 mundi
1181 4533 1392 4604 renovatione,
1418 4530 1470 4592 nbi
1496 4530 1575 4593 tradi
1600 4539 1689 4612 putat

371 4633 456 4676 mum
486 4622 582 4694 atque
611 4616 747 4679 suadem
778 4618 936 4678 homiaem
989 4617 1194 4680 revolutiones
1209 4619 1396 4680 Platonicae.

380 4702 464 4778 stylo
481 4704 673 4781 quandoque
695 4704 826 4766 seribere
842 4722 936 4780 espr-
1033 4705 1110 4766 Esse
1125 4714 1225 4767 autem
1248 4705 1327 4768 hano
1341 4703 1512 4783 Epistulam
1527 4724 1642 4766 suornm
1657 4718 1689 4769 st

374 4795 512 4850 testatum
549 4789 592 4850 ut
613 4790 722 4870 probat
740 4810 779 4852 ox
802 4790 937 4871 epistolia
990 4793 1175 4866 oanonieam,
1189 4791 1278 4854 nobis
1293 4791 1603 4874 confirmantantiqus
1618 4812 1686 4854 eun·

371 4876 433 4954 prii
454 4874 559 4957 Papae
580 4877 663 4957 stylo
692 4875 820 4944 multum
842 4876 936 4939 disso-
989 4879 1058 4941 eilia
1079 4878 1285 4942 Lnodioenum
1308 4887 1337 4941 et
1359 4876 1608 4960 Gurthsginiense
1630 4886 1688 4944 ter·

371 4961 435 5027 tab
450 4960 676 5044 eliisejusderu
689 4965 817 5047 seriptis
987 4965 1076 5041 tium,
1102 4966 1260 5049 inquibus
1272 4965 1409 5048 ortalogo
1424 4966 1681 5032 saurommlibro·
