4442 5825
439 590 512 663 650
1056 582 1291 640 commissus

435 763 535 835 citato,
552 761 582 820 in
599 780 660 842 qua
673 758 791 821 luerent
806 761 914 838 aneath
930 759 1042 822 donum
1057 759 1133 823 illud
1187 760 1306 823 modum
1321 759 1506 823 ostendimus
1522 759 1554 820 in
1568 757 1622 820 illo
1637 758 1680 822 ad
1693 756 1793 822 locum
1803 761 1873 822 Petri

436 847 600 928 gratuitum
627 848 745 929 primae
771 847 954 910 conditionis
981 868 1042 911 non
1062 850 1129 910 reti·
1187 849 1407 924 commentario,
1423 846 1463 909 ad
1478 866 1568 928 quem
1582 868 1639 929 pro
1651 846 1746 928 hujus
1760 847 1874 930 lociplc·

437 944 573 996 uueruut
1186 937 1263 998 niori
1278 935 1479 1016 intelligentia
1494 934 1638 997 lectorem
1654 937 1786 997 munitio.

479 1022 540 1084 Sed
555 1021 795 1099 dereliquerunt
813 1038 905 1081 enum
925 1021 1132 1083 domicilium.
1232 1026 1259 1084 7.
1276 1025 1364 1085 siml
1371 1022 1510 1086 Sodoma
1522 1030 1551 1084 ct
1565 1022 1761 1099 Gomorrha,
1774 1029 1803 1084 ct
1813 1022 1875 1101 lini·

436 1107 508 1170 Sive
523 1109 749 1170 habitaculam.
780 1104 815 1166 ld
831 1116 884 1181 eat,
900 1108 1051 1188 peccando
1067 1129 1131 1170 coe·
1187 1113 1282 1171 timae
1297 1114 1449 1184 civitaica,
1472 1111 1570 1172 eimili
1588 1111 1687 1172 modo
1703 1112 1876 1190 exfornica-

436 1194 541 1257 leatem
556 1196 781 1269 habitationem,
801 1193 888 1255 velut
903 1197 1063 1257 stationem
1079 1197 1131 1257 ho·
1187 1205 1248 1273 luc,
1273 1205 1302 1258 ct
1320 1199 1470 1261 obeantur
1489 1205 1563 1275 poet
1585 1216 1719 1260 carnem
1742 1198 1876 1260 altam

437 1282 611 1357 notabilem,
634 1285 666 1343 in
687 1300 749 1364 qua
771 1279 912 1342 collocati
933 1281 1060 1357 fumant,
1082 1282 1131 1344 de·
1187 1285 1328 1346 Tertium
1354 1293 1400 1347 est
1425 1285 1609 1366 exemplum,
1640 1284 1725 1346 idem
1752 1305 1820 1348 cum
1842 1305 1877 1359 eo,

436 1378 601 1431 cernerent.
635 1370 713 1431 Nam
743 1369 892 1448 erigentes
922 1389 956 1431 se
985 1369 1132 1432 adsersus
1187 1370 1269 1452 quod
1284 1371 1365 1452 apud
1380 1372 1503 1433 Petrum
1519 1372 1644 1432 tertium
1661 1381 1738 1449 erat,
1754 1372 1794 1434 de
1808 1392 1876 1436 orer

434 1457 534 1518 Deum
549 1476 603 1537 per
619 1455 800 1538 superbiam,
816 1476 915 1537 neque
930 1465 1066 1532 naturae,
1081 1476 1130 1517 ue·
1186 1461 1271 1519 sione
1285 1458 1435 1519 Sodomae
1452 1468 1483 1519 et
1497 1456 1696 1533 Gomorrbae,
1720 1469 1753 1521 et
1775 1463 1876 1522 civita·

436 1564 496 1626 quo
511 1544 572 1605 loci
586 1546 774 1624 primaevum
793 1542 936 1605 honorem
952 1564 1132 1605 conservare
1187 1553 1253 1606 lum
1269 1546 1307 1606 iia
1322 1546 1547 1624 finitimarum,
1572 1547 1647 1620 aive,
1671 1547 1757 1628 quod
1772 1546 1877 1609 Graeca

435 1640 607 1713 potuerunt.
1186 1633 1274 1694 lectio
1297 1643 1392 1709 sonat,
1415 1636 1731 1695 circumvicinorum
1760 1634 1829 1696 Hae
1846 1634 1876 1694 ci

479 1720 520 1779 In
531 1720 689 1794 judicium
705 1719 815 1794 mapni
830 1716 905 1792 dici,
921 1718 1058 1780 ‘vinculis
1076 1736 1131 1778 ac·
1186 1721 1294 1782 vitatas
1325 1729 1410 1781 erant
1437 1719 1556 1780 Adama
1582 1730 1612 1781 et
1638 1720 1784 1796 Seboim,
1812 1740 1877 1802 quar

436 1808 546 1881 ternis,
569 1806 625 1867 aab
641 1806 778 1882 caliainc
793 1809 976 1866 reservavit.
999 1803 1131 1866 Graece:
1186 1807 1262 1867 duas
1285 1808 1375 1868 etiam
1392 1806 1470 1868 Osee
1490 1807 1648 1887 Propheta
1671 1811 1810 1871 nominat
1823 1828 1876 1889 rap

436 1887 494 1952 ὑπὸ
510 1885 603 1971 ζόφον
616 1886 793 1972 τετήρηκεν,
809 1891 1010 1970 subcaliqinc
1022 1910 1132 1953 acroa-
1188 1899 1237 1955 ll.
1264 1892 1404 1956 Omnium
1425 1903 1527 1954 antem
1550 1902 1684 1976 quatuor
1703 1898 1828 1957 nomina
1840 1914 1876 1955 re·

435 1984 491 2042 vit.
514 1981 651 2062 Utraque
673 2000 734 2040 vox
749 1980 838 2040 etiam
856 1979 936 2059 apud
955 1981 990 2040 B.
1006 1980 1131 2040 Petrum
1187 1990 1330 2063 petantur
1344 2002 1363 2042 a
1376 1981 1459 2042 Mose
1485 1981 1579 2043 Dant.
1597 1985 1649 2045 29.
1679 1983 1765 2045 Nam
1786 1985 1878 2064 quinta

435 2067 556 2148 legitur.
579 2069 736 2144 Mapnum
747 2066 829 2126 dicen
841 2075 940 2140 vocat,
955 2087 1045 2148 quem
1057 2067 1131 2127 alibi
1187 2071 1290 2149 Segor,
1303 2069 1508 2131 intercedente
1516 2069 1586 2142 Lot,
1598 2079 1725 2131 servata
1736 2071 1805 2144 tuit,
1816 2070 1876 2130 alie

436 2154 603 2236 Scriptura:
628 2155 712 2215 dicon
728 2155 874 2229 Domini,
898 2162 929 2213 et
947 2154 1131 2234 emphatice:
1186 2158 1240 2237 qni
1267 2177 1332 2218 cum
1359 2158 1484 2217 caeteris
1514 2158 1668 2236 peritura,
1699 2157 1814 2220 Genea.
1836 2160 1876 2218 19.

435 2243 630 2318 illamdicm,
644 2242 737 2315 idest,
750 2240 1019 2320 diemsentempua
1030 2240 1133 2321 magui
1187 2244 1280 2304 Porro
1296 2245 1438 2304 civitatee
1452 2251 1543 2304 vocat
1566 2263 1669 2307 aarum
1690 2244 1878 2316 habitatores,

436 2338 467 2391 et
482 2330 661 2391 universalia
673 2328 790 2409 judicii.
813 2328 892 2389 Nam
913 2327 992 2409 qnod
1015 2330 1046 2388 in
1069 2329 1132 2409 qui·
1186 2330 1218 2390 id
1235 2338 1280 2391 eat
1303 2331 1391 2404 cives,
1414 2330 1543 2406 incolaa3
1566 2339 1621 2390 aut
1643 2340 1729 2393 certe
1752 2333 1879 2394 cirinus

435 2416 561 2479 busdam
591 2417 746 2478 codicibus
776 2414 887 2496 legitur
918 2419 1029 2493 mapni
1058 2418 1132 2490 Dei,
1187 2437 1255 2477 cnm
1266 2416 1492 2478 habitatoribus.
1516 2419 1622 2479 Simili
1633 2420 1745 2496 modo,
1762 2419 1877 2482 Graece:

435 2503 614 2565 mendosum
636 2524 719 2578 ease,
746 2511 870 2565 constat.
916 2503 1052 2565 Vincula
1077 2523 1133 2564 ac·
1186 2505 1292 2566 Simili
1314 2524 1385 2565 cam
1400 2505 1464 2566 illie
1479 2505 1585 2580 modo,
1607 2525 1722 2587 nempe
1745 2528 1812 2568 cum
1832 2505 1876 2567 So

435 2599 541 2667 urna,
558 2612 611 2673 pro
628 2591 741 2673 quibua
756 2591 865 2651 Petrus
880 2588 974 2651 dixit:
994 2599 1132 2666 catenae,
1187 2591 1275 2652 dome
1288 2600 1318 2653 et
1330 2590 1506 2653 Gomorrha.
1534 2592 1693 2671 Significat
1714 2595 1876 2674 enimhpe-
1920 2596 1922 2621 ²

437 2689 468 2740 et
484 2681 648 2760 interpres:
671 2677 830 2753 manue,
852 2677 1057 2758 metaphorice
1072 2681 1131 2759 aig·
1187 2678 1291 2752 stolus,
1314 2679 1453 2740 civitates
1475 2679 1625 2740 Sodomae
1648 2691 1679 2740 et
1703 2679 1879 2742 Gomorrbee

435 2765 629 2828 nificantDei
644 2767 815 2846 potentiam,
830 2768 1132 2847 quatumquamviu·
1186 2766 1302 2826 vicinas
1324 2766 1435 2826 similia
1454 2787 1523 2827 cnm
1545 2763 1605 2826 illis
1625 2766 1748 2847 flagitia
1771 2767 1877 2830 commi·

436 2852 515 2915 culis
537 2853 718 2934 quibusdam
741 2853 888 2926 aeternis,
911 2852 942 2914 id
964 2861 1027 2928 eat,
1050 2874 1133 2915 unm·
1187 2853 1272 2928 sisae,
1294 2852 1427 2933 ideoque
1443 2853 1540 2915 eidem
1558 2873 1676 2935 poenae
1692 2853 1792 2918 fuisse
1806 2855 1876 2917 iuro

436 2961 527 3022 quam
538 2940 701 3014 solvendis,
714 2960 764 3001 eos
776 2941 953 3020 constringit
964 2960 1000 3001 ac
1011 2940 1133 3016 detinet,
1187 2940 1274 3001 lutus.
1298 2940 1344 3001 aa
1367 2941 1483 3021 flagitia
1507 2942 1649 3015 denotat,
1672 2942 1795 3005 dicens:
1819 2944 1876 3005 lle·

435 3048 474 3089 ne
499 3028 587 3089 liberi
610 3026 760 3101 ferantur,
787 3046 847 3107 quo
870 3028 986 3088 volunt.
1020 3026 1133 3108 ltaque
1185 3029 1370 3106 fornicatae
1385 3036 1414 3089 ct
1429 3030 1579 3090 alcanica
1596 3036 1673 3105 poet
1689 3049 1822 3093 carnem
1835 3029 1877 3089 al·

435 3134 543 3177 aenaue
567 3125 629 3176 eat:
653 3114 801 3175 Dominus
821 3114 915 3176 Jeaus
936 3115 1059 3193 angelos
1083 3113 1132 3175 de·
1187 3123 1300 3176 taram.
1339 3114 1470 3195 Quidam
1498 3118 1720 3195 exfornicatae
1747 3119 1876 3199 iuterpre

436 3212 582 3276 sartores,
609 3201 792 3282 simulatque
816 3211 986 3281 peccarunt,
1011 3222 1027 3262 e
1049 3202 1132 3263 coelo
1186 3210 1288 3263 tantm
1299 3199 1470 3277 fornicatas,
1483 3204 1596 3284 stupris
1609 3204 1797 3284 inquinatas,
1810 3224 1876 3266 cour

435 3291 663 3371 praecipitatos,
691 3290 722 3349 iu
746 3288 844 3349 locum
867 3287 1078 3368 caliginosum,
1102 3287 1133 3351 id
1186 3290 1319 3369 positum
1334 3290 1516 3370 accipientes
1535 3309 1589 3370 pro
1604 3290 1750 3370 simplici.

435 3386 490 3450 est,
514 3379 544 3437 in
567 3375 726 3450 infernum,
748 3374 892 3452 detrusit3
914 3376 1027 3456 inquo
1049 3376 1134 3437 velut
1228 3376 1341 3437 Verum
1356 3376 1387 3437 S.
1398 3376 1497 3438 Judaa
1509 3380 1572 3439 sina
1585 3377 1678 3439 dubio
1690 3377 1764 3459 plus
1775 3373 1877 3460 aliquid

436 3463 617 3545 quibusdam
628 3460 767 3535 vinculis,
784 3463 882 3543 iisque
896 3464 1058 3542 perpetuis,
1074 3473 1131 3525 tra·
1186 3462 1355 3542 significare
1376 3464 1475 3524 voluit
1497 3485 1532 3525 ea
1555 3486 1631 3527 voce
1654 3468 1830 3546 composita,
1848 3482 1878 3522 eo

436 3550 516 3611 ditos
532 3558 561 3611 et
576 3550 734 3611 adstrictos
751 3551 892 3623 servavit,
916 3568 952 3608 ac
966 3558 1069 3611 servat
1082 3549 1131 3611 de·
1185 3569 1290 3631 parum
1327 3552 1454 3629 usitata3
1499 3570 1608 3633 nempe
1646 3551 1875 3621 fornicationem,

435 3639 583 3718 tinetque,
600 3637 672 3697 dum
687 3637 746 3697 aibi
762 3635 960 3716 adjudicium
975 3636 1051 3698 illud
1065 3639 1131 3698 uni·
1185 3656 1263 3717 quae
1284 3635 1339 3698 fiat
1361 3649 1445 3698 extra
1461 3647 1635 3718 repraeter
1657 3638 1782 3700 modum
1800 3646 1875 3700 natu·

435 3724 556 3786 versele
578 3723 790 3797 exhibeantur,
813 3743 913 3784 coram
935 3730 997 3783 toto
1020 3723 1132 3785 maudo
1186 3742 1245 3784 rae
1267 3723 1316 3785 De
1339 3745 1399 3804 qno
1422 3744 1533 3804 genere
1556 3724 1692 3788 libidinis
1714 3726 1875 3787 Sodomitas

435 3809 1132 3892 sententiamsuaecondemnatiouiaaccepturi.
1185 3810 1312 3871 infamat
1331 3811 1485 3892 Scriptura
1507 3810 1674 3874 Geneseoa.
1699 3813 1746 3873 Et
1759 3813 1817 3875 hoe
1830 3819 1875 3883 eti

480 3897 611 3979 Quidam
627 3899 749 3959 nomine
771 3899 918 3974 caliqinie
940 3904 1039 3959 aiircm
1063 3898 1132 3959 cali·
1186 3895 1268 3979 quod
1285 3897 1467 3979 Apostolus,
1489 3897 1573 3960 velut
1594 3900 1796 3979 exponendo,
1815 3896 1875 3961 auh

435 3987 572 4065 ginoaum
598 3984 785 4065 intelligunt,
819 3986 850 4045 iu
876 4004 966 4065 quem
991 3984 1133 4047 velutin
1182 3985 1302 4065 jungit:
1325 3987 1369 4047 Et
1390 3985 1539 4047 abeuntes
1557 3994 1632 4064 poet
1653 4006 1788 4049 canum
1803 3987 1875 4048 alte·

435 4091 587 4133 carcerem
602 4072 713 4152 dejecti
727 4079 797 4131 aaut
812 4070 981 4145 daemones,
1004 4081 1035 4132 et
1048 4072 1133 4133 velut
1185 4091 1267 4147 ram,
1291 4073 1364 4146 aive,
1385 4082 1420 4132 ut
1434 4072 1581 4134 Erasmus
1603 4074 1723 4155 aliique
1746 4081 1876 4137 vertum:

435 4160 583 4221 reconditi
605 4179 704 4240 usque
729 4156 770 4218 ad
796 4157 872 4220 illud
892 4158 1051 4238 judicium.
1083 4159 1133 4219 Ita
1186 4161 1230 4221 Et
1244 4166 1367 4220 aemalae
1389 4178 1518 4221 carnem
1537 4162 1690 4221 ahenam.
1715 4162 1787 4224 Non
1807 4160 1876 4223 euin

435 4245 576 4308 Clemens
589 4244 815 4307 Alexandrinus
839 4248 871 4307 in
889 4246 1132 4307 commentariolo
1186 4265 1316 4308 carnem
1342 4246 1497 4321 alteram,
1524 4249 1589 4308 aive
1616 4249 1785 4326 alienam,
1814 4246 1875 4310 deit

433 4332 527 4413 hujna
543 4334 609 4409 loci,
633 4341 664 4395 et
685 4341 755 4415 poet
775 4351 842 4394 enm
856 4331 949 4408 Beda,
972 4331 1075 4413 glossa
1090 4334 1131 4393 in·
1186 4352 1305 4395 carnem
1325 4333 1491 4414 quamlibet
1509 4355 1570 4396 non
1585 4354 1683 4408 auam,
1705 4336 1807 4409 idest,
1826 4352 1875 4397 noa

434 4417 939 4499 terliuealis,Liranus,0ajetanus
952 4419 1132 4482 etAdamus.
1187 4440 1261 4481 suae
1276 4423 1387 4495 uxoris,
1412 4420 1561 4500 quomodo
1582 4422 1727 4484 nonnulli
1744 4425 1875 4502 iuterpre-

434 4507 493 4569 Sed
510 4511 582 4590 quia
597 4508 631 4568 B.
648 4507 759 4569 Petrus
783 4515 946 4569 tartarum
960 4515 1050 4569 vocat
1064 4527 1132 4568 eum
1185 4515 1307 4585 tantur3
1331 4509 1421 4588 quasi
1443 4517 1602 4587 peccatum
1618 4508 1766 4574 adulterii
1782 4511 1827 4572 bio
1840 4509 1875 4567 iu·

434 4593 544 4671 locum,
566 4597 597 4656 in
613 4614 704 4676 quem
727 4604 797 4657 aunt
819 4594 944 4668 detrusi,
967 4594 1047 4675 quod
1071 4614 1132 4656 nou
1185 4595 1336 4672 sinuetnr3
1353 4614 1422 4655 nam
1437 4592 1476 4655 de
1489 4594 1731 4659 adulteriouihil
1746 4612 1876 4680 expreatt

434 4684 520 4755 ahda,
537 4681 591 4744 sed
606 4680 717 4743 inferni
732 4702 843 4743 nomen
857 4690 917 4742 eet:
937 4683 1047 4742 idcirco
1063 4702 1130 4762 pro·
1185 4682 1320 4743 meminit
1335 4681 1498 4763 Scriptura,
1513 4683 1674 4745 civitatum
1686 4685 1875 4765 illuumpac

432 4769 564 4831 babillus
587 4769 773 4845 arbitramur,
796 4766 945 4830 iufemum
961 4768 1130 4849 significari.
1185 4776 1253 4829 cata
1268 4787 1435 4829 recensens
1459 4767 1523 4830 Sed
1537 4788 1670 4833 carnem
1687 4774 1825 4835 Mum
1839 4772 1875 4831 irr

434 4857 625 4939 Quamquam
652 4866 812 4938 utrumque
832 4876 938 4917 verum
962 4863 1022 4930 eat,
1046 4863 1077 4915 et
1099 4857 1132 4917 in
1184 4854 1296 4935 telligit
1311 4874 1430 4917 carnem
1441 4856 1617 4933 masculam,
1633 4879 1718 4941 quae
1731 4853 1876 4923 alteraml

433 4944 590 5019 infernum,
614 4952 642 5004 et
656 4946 689 5005 in
703 4952 804 5006 adrem
828 4942 906 5005 hunc
926 4942 1131 5020 caliginosum,
1185 4941 1285 5003 ahena
1300 4940 1416 5017 dicitur,
1440 4943 1521 5021 quod
1542 4944 1584 5006 ad
1600 4952 1829 5027 generationem
1841 4951 1873 5005 et

433 5037 468 5093 ut
490 5032 522 5094 in
544 5050 704 5108 aucorem
724 5030 858 5112 dejectos
881 5050 964 5110 aase;
988 5028 1131 5112 quemad-
1185 5030 1270 5106 tinet,
1294 5029 1354 5091 dno
1369 5048 1466 5091 mares
1486 5050 1549 5093 nna
1571 5052 1736 5102 carcesae
1750 5048 1874 5117 uoupt*
