4442 5825
658 564 823 621 narasse
838 566 927 622 esau
943 566 1056 622 secan
1073 565 1158 620 rans.
1180 567 1202 619 ι.
1213 567 1239 618 a.
1594 567 1666 637 891

371 737 419 815 tt,
432 745 479 801 st:
501 740 575 804 Paa
589 741 676 804 vobis
682 786 693 818 ,
709 742 793 822 apud
806 742 920 803 Lucam
972 745 1051 819 mei,
1078 761 1150 804 cum
1164 745 1200 804 in
1215 743 1409 802 tentationes
1423 741 1532 800 varias
1546 738 1669 800 incide-

371 845 441 887 rem.
474 826 569 889 Porro
596 827 817 910 dispersionem
842 828 920 891 hano
972 832 1050 891 ritis.
1074 828 1173 889 Dicit:
1198 828 1411 907 fratremn,
1440 828 1514 906 qnia
1532 824 1572 885 ad
1587 825 1667 885 solos

392 912 625 993 interpretantur
650 935 730 989 eam,
758 935 838 996 qnae
863 916 919 978 sub
972 917 1073 977 scribit
1095 915 1208 976 fideles.
1239 917 1423 995 Auspicatnr
1445 921 1544 973 annm
1567 933 1668 974 acon·

371 1018 379 1058 ι
394 997 475 1060 tacta
490 1009 544 1075 est,
561 1001 599 1063 de
611 1021 672 1083 qua
685 1002 753 1062 Act.
770 1003 809 1075 8.,
824 1023 918 1083 quan·
973 1003 1137 1076 solatione,
1152 1002 1313 1081 conjuncta
1328 1021 1395 1061 cnm
1407 998 1613 1061 exhortatione
1628 997 1669 1059 ad

371 1103 409 1159 ss,
439 1088 493 1166 qni
523 1096 608 1150 eraut
637 1088 851 1168 Jerosolymis,
881 1090 919 1151 ob
972 1090 1156 1171 patientiam.
1193 1088 1306 1149 Judaei
1321 1105 1451 1165 namque
1470 1087 1520 1147 rel
1536 1087 1601 1166 ipso
1615 1106 1667 1146 no·

371 1174 462 1234 ionem
478 1172 610 1255 dispersi
622 1174 742 1236 fuerunt
753 1195 807 1254 per
821 1178 918 1256 regio·
974 1179 1052 1238 mine
1067 1175 1091 1236 J
1093 1175 1220 1236 udaicae
1242 1175 1339 1254 gentis
1362 1172 1431 1234 odio
1452 1181 1538 1233 erant
1554 1180 1585 1231 et
1600 1192 1670 1233 con·

371 1277 430 1319 ‚eae
442 1268 472 1319 et
483 1259 647 1322 Samariae.
670 1262 824 1333 Aliivero,
839 1262 918 1342 qnod
972 1263 1099 1342 temptni
1114 1262 1240 1322 caeteris
1261 1261 1396 1343 populis3
1423 1257 1505 1339 quod
1528 1259 1554 1318 si
1578 1259 1669 1318 etiam

371 1342 461 1421 laeet,
499 1346 670 1428 intelligunt
706 1348 919 1429 dispersionem
973 1349 1136 1409 Christiani
1154 1356 1261 1420 essent,
1276 1349 1333 1408 hoe
1348 1346 1478 1426 amplius
1493 1347 1621 1426 opprimi
1636 1364 1669 1405 se

371 1432 502 1513 ipapnli
524 1434 555 1494 in
577 1436 677 1495 varias
695 1440 832 1507 nationes
849 1437 918 1496 olim
972 1435 1142 1497 sentiebant
1158 1435 1324 1495 infidelium
1347 1433 1465 1512 injuriis
1485 1441 1515 1492 et
1530 1450 1669 1511 perseco-

373 1518 489 1579 seilicet
511 1539 549 1580 ex
573 1541 608 1581 eo
631 1529 780 1600 tempore,
803 1542 862 1604 qno
887 1525 919 1583 in
972 1522 1122 1598 tionibns;
1155 1537 1188 1582 nt
1214 1520 1338 1603 proinde
1364 1528 1424 1580 tam
1455 1519 1669 1579 consolationis

371 1625 389 1678 ι,
403 1605 613 1685 Babyloniam,
629 1610 810 1689 Aegyptum,
826 1611 918 1690 inquo
973 1609 1079 1682 verbo,
1101 1628 1192 1688 qnam
1209 1607 1438 1680 exhortationis,
1461 1606 1554 1666 animi
1569 1624 1669 1665 eorum

371 1710 462 1771 aper
485 1695 678 1773 captivitates
701 1695 841 1769 ethelin,
868 1696 918 1756 vel
972 1695 1082 1757 fuerint
1100 1695 1243 1774 erigendi.
1283 1696 1382 1755 Omne
1404 1692 1576 1770 nandium,
1604 1691 1668 1753 He·

371 1777 422 1838 rel
436 1788 544 1858 sponte
559 1779 689 1861 prologi,
705 1782 916 1843 discesserant.
970 1783 1063 1843 braca
1077 1783 1179 1862 phrasi
1196 1781 1271 1842 dixit
1286 1800 1356 1860 pro:
1380 1799 1533 1856 maenum
1549 1787 1578 1839 et
1591 1797 1668 1855 per·

371 1865 474 1925 renim
499 1865 716 1947 dispersionem
738 1870 803 1930 sine
825 1868 917 1930 dubio
969 1871 1087 1948 fectum
1103 1868 1267 1945 ¹aaudinrn.
1296 1867 1386 1928 Unde
1401 1869 1492 1926 vertit
1506 1865 1667 1926 Erasmus:

372 1949 459 2012 Petri
478 1953 620 2014 salutatio
646 1956 676 2015 in
699 1955 822 2017 exordio
845 1976 917 2018 snae
970 1958 1035 2017 Pro
1052 1974 1173 2017 mansne
1188 1955 1308 2032 paudio
1323 1955 1437 2029 ducite,
1453 1953 1484 2014 id
1500 1962 1547 2012 est
1562 1954 1667 2032 ingen·

373 2038 517 2118 pistolae,
543 2060 609 2101 cnm
636 2043 695 2102 ait:
718 2044 834 2104 Electis
856 2043 916 2102 ad·
971 2044 1009 2102 tis
1033 2041 1138 2122 gaudii
1164 2044 1320 2104 materiem
1343 2042 1430 2102 robis
1452 2040 1581 2100 oblatam
1605 2041 1667 2105 exi-

371 2129 531 2202 parrionis
545 2129 643 2189 Ponti
649 2173 659 2203 ,
683 2129 828 2192 Galatiae
844 2138 916 2206 etc.;
970 2133 1099 2192 stimate.

371 2229 411 2271 ne
431 2213 613 2291 significavit
633 2216 733 2276 Lucas
756 2218 822 2277 Act.
842 2218 870 2275 2.
887 2224 917 2275 et
1013 2218 1189 2296 Importune
1201 2213 1380 2278 Oatharinns
1389 2215 1522 2276 inculcat
1532 2213 1589 2273 hoc
1601 2213 1666 2273 loco

371 2299 538 2360 acutionem
553 2299 627 2360 facit
642 2301 842 2376 Judaeorum,
865 2304 917 2384 qni
970 2324 1055 2364 auum
1072 2301 1181 2382 dogma
1197 2300 1235 2360 de
1247 2301 1427 2364 certitudine
1438 2301 1562 2380 gratiae,
1579 2300 1666 2378 qnasi

371 2403 446 2445 mam
476 2397 679 2448 couvenerant
711 2409 750 2450 ex
788 2390 916 2450 diversis
969 2393 1034 2451 sine
1049 2410 1086 2449 ea
1100 2409 1160 2449 nou
1183 2389 1278 2469 possit
1302 2406 1365 2451 esse
1389 2391 1418 2449 in
1434 2386 1554 2447 homine
1569 2386 1665 2465 perfe-

373 2473 453 2552 agis,
470 2474 561 2534 etiarn
578 2475 669 2536 valde
684 2478 813 2536 remotis.
847 2477 917 2537 Huc
971 2487 1051 2538 ctum
1067 2473 1218 2556 gaudium.
1257 2472 1313 2534 Oui
1337 2473 1666 2554 breviterrespondeo:

371 2580 377 2617 ι
396 2562 483 2633 tacit,
511 2560 592 2641 qnod
615 2562 689 2623 haec
703 2562 842 2643 Epistola
857 2583 917 2623 nna
971 2565 1057 2625 Sient
1080 2561 1241 2643 perfectum
1264 2563 1422 2640 gaudium,
1447 2560 1536 2640 quale
1558 2561 1608 2619 hic
1623 2561 1666 2619 in·

371 2665 423 2705 ‚ma
439 2644 677 2722 catholicarum,
693 2649 725 2710 id
741 2660 789 2711 est
804 2670 917 2722 earnm,
971 2652 1132 2731 telligitur,
1154 2670 1214 2709 non
1237 2649 1367 2711 excludit
1380 2667 1497 2712 omnem
1513 2647 1666 2707 tristitiam

371 2739 446 2811 >ptue
469 2743 538 2795 snnt
560 2736 743 2815 generaliter
758 2735 795 2796 ad
812 2736 917 2798 fideles
971 2735 1068 2816 (beati
1083 2737 1177 2810 enim,
1201 2738 1256 2815 qui
1271 2735 1397 2815 lupent,
1420 2735 1526 2795 Matth.
1543 2729 1601 2811 5.),
1623 2735 1668 2794 ita

395 2839 432 2879 ac
459 2819 632 2903 longinquis
658 2824 830 2904 regionibns
856 2843 916 2884 mo·
971 2846 1028 2886 nec
1040 2844 1156 2884 omnem
1168 2824 1405 2887 incertitudinem
1417 2824 1548 2904 gratiam
1565 2839 1666 2898 qnam·

371 2906 459 2987 atqui
481 2908 601 2971 Judeea
623 2931 690 2970 cnm
706 2910 842 2973 Samaria
864 2913 916 2972 vix
971 2916 1017 2974 vis
1033 2913 1158 2973 mnltnm
1182 2908 1301 2971 adferat
1323 2913 1502 2975 serenitatis.
1541 2907 1620 2968 Nam
1636 2915 1669 2966 nt

372 2992 522 3056 laestinae
538 2998 691 3075 regionem
707 2998 916 3060 constituebat.
972 3000 1115 3081 perfectio
1127 2999 1278 3078 justitiae,
1302 3002 1347 3061 sic
1362 3008 1393 3061 et
1408 2996 1523 3077 gandii,
1547 2995 1668 3077 quaein

371 3082 510 3144 stabulo:
536 3084 687 3159 salutern,
715 3084 833 3146 Graece
855 3094 915 3146 est:
971 3088 1027 3150 hac
1046 3088 1110 3147 vita
1132 3084 1236 3146 haberi
1259 3096 1376 3165 potest,
1400 3084 1560 3165 plurimum
1576 3083 1669 3143 distat

373 3168 454 3248 qnod
469 3170 608 3247 paudere
624 3181 655 3232 et
669 3173 790 3233 salvere
805 3173 914 3253 signifi·
970 3175 1009 3236 ab
1025 3195 1075 3247 ea,
1090 3191 1181 3253 qnam
1197 3190 1353 3248 speramus
1370 3176 1401 3234 in
1416 3172 1524 3231 futuro.

383 3263 484 3318 tamen
500 3257 586 3318 aliter
600 3260 677 3319 verti
694 3258 806 3332 debuit,
826 3280 916 3340 quam
1015 3262 1108 3320 Porro
1125 3259 1315 3321 tentationes
1329 3257 1493 3339 Apostolus
1504 3263 1594 3316 vocat
1608 3274 1668 3314 non

395 3351 499 3405 noster
519 3346 670 3424 interpres
692 3355 721 3406 et
748 3347 799 3407 alii
822 3354 915 3406 verte·
970 3350 1163 3410 incitamenta
1178 3345 1338 3424 peccandi,
1355 3349 1491 3426 quamvis
1507 3345 1549 3402 ita
1563 3338 1666 3401 videa-

371 3436 464 3491 utenr.
488 3429 578 3511 Quod
594 3433 673 3493 enim
690 3431 799 3495 Graeci
814 3436 845 3494 in
864 3453 916 3493 ex·
970 3445 1020 3497 tur
1046 3431 1232 3494 intellexisse
1258 3434 1445 3513 Augustinus
1475 3429 1525 3490 lib.
1554 3430 1602 3488 14.
1630 3426 1667 3486 de

371 3515 536 3578 sistolarnrn
557 3528 714 3597 precantur
728 3515 861 3598 χαίρειν,
885 3517 917 3578 id
971 3525 1051 3584 civit
1067 3520 1143 3592 Dei,
1158 3539 1223 3598 cap.
1241 3525 1286 3593 9.,
1302 3520 1356 3580 sed
1371 3518 1564 3592 afflictiones3
1587 3511 1668 3593 qnod

381 3603 483 3665 Latini
510 3603 628 3680 dicunt,
658 3605 733 3667 nihil
764 3607 917 3668 divmsnm
971 3630 1025 3691 per
1048 3625 1099 3666 aas
1115 3604 1199 3667 Dens
1221 3606 1355 3668 homines
1377 3612 1510 3677 tentare,
1533 3602 1589 3661 boc
1612 3608 1667 3675 est,

371 3709 394 3750 ¹e
410 3691 553 3753 volentes.
591 3691 651 3754 Sed
674 3702 773 3753 tamen
788 3694 916 3775 Apostn·
971 3694 1097 3778 probare
1124 3692 1236 3767 soleat,
1262 3702 1312 3769 nt,
1343 3694 1450 3773 quales
1477 3692 1553 3760 siut,
1583 3691 1666 3747 inno·

371 3776 429 3837 sad
446 3778 575 3839 alterum
596 3780 809 3859 significatum:
836 3799 917 3858 pau·
971 3787 1076 3843 tescat.
1105 3778 1153 3839 Ita
1169 3778 1308 3842 Christus
1322 3782 1397 3841 Luc.
1414 3782 1479 3840 22:
1510 3775 1666 3848 Vescelia,

371 3862 428 3923 uod
456 3866 521 3945 ejus
550 3865 636 3926 verbi
662 3868 834 3947 primarium
865 3874 918 3939 est,
971 3869 1084 3949 inquit,
1111 3870 1171 3946 qui,
1177 3871 1397 3944 permansistis
1411 3884 1531 3926 mearam
1547 3866 1582 3923 in
1598 3869 1668 3923 ten·

398 3950 480 4012 Hinc
509 3952 587 4012 enim
613 3955 799 4015 occasionem
826 3955 919 4015 sumit
972 3954 1148 4017 tatianibus
1170 3958 1254 4016 meis.
1292 3946 1670 4015 honestamentis

374 4056 412 4097 ae
436 4058 508 4099 snae
531 4038 700 4118 Epistulae.
737 4042 814 4101 Nam
830 4042 918 4121 quasi
973 4043 1109 4105 Christo:
1142 4042 1313 4103 Tentatnm
1340 4048 1444 4102 autern
1468 4056 1527 4115 per
1549 4037 1668 4098 amnia.

373 4122 489 4186 Jndsei
504 4124 625 4198 fideles,
651 4126 690 4186 ad
706 4147 782 4207 quos
798 4127 918 4188 scribit:
973 4133 1075 4208 Atque
1092 4147 1157 4188 earn
1171 4129 1416 4209 significationem
1429 4126 1573 4196 declarat,
1590 4119 1671 4201 qnod

371 4229 384 4270 n
395 4210 486 4289 jubes
500 4232 555 4272 nos
570 4212 718 4292 gaudere,
734 4215 845 4293 quitot
859 4235 918 4274 ma·
974 4214 1053 4277 infra
1078 4213 1188 4276 dicitnr
1217 4217 1248 4276 in
1274 4214 1379 4277 eodem
1405 4215 1520 4293 capite:
1550 4213 1671 4274 Beatus

371 4301 384 4370 ζ,
399 4298 431 4358 in
447 4299 587 4359 continuo
599 4320 734 4361 moerore
745 4300 921 4363 versamur?
974 4307 1042 4378 vir,
1060 4304 1115 4380 qui
1130 4304 1240 4382 suffert
1254 4304 1461 4364 tentationem
1469 4324 1480 4377 ,·
1505 4300 1671 4377 quoniam,

371 4384 439 4463 gelo
468 4386 595 4447 'lobiam
622 4407 745 4448 caecum
771 4387 922 4451 salutandi
975 4408 1047 4453 corn
1060 4389 1216 4467 probatus
1229 4391 1331 4469 fuerit
1345 4397 1399 4450 ete.

371 4473 407 4531 is:
427 4471 586 4534 Gaudium
602 4475 660 4534 tibi
674 4477 714 4535 eit
729 4494 859 4553 semper,
876 4495 920 4536 re·
1018 4478 1072 4538 Est
1086 4485 1187 4538 autem
1204 4479 1236 4538 in
1250 4477 1413 4559 scripturis
1424 4475 1508 4536 locas
1520 4471 1672 4550 frequens,

373 4558 507 4621 Tobios:
534 4561 635 4638 Quale
662 4563 819 4637 pendium
845 4563 923 4623 anibi
976 4567 1008 4625 in
1034 4563 1242 4625 afflictionibus
1269 4573 1299 4626 st
1324 4559 1579 4645 persecutionibus
1606 4574 1673 4618 esse

371 4646 391 4705 ri
415 4647 451 4707 in
477 4646 613 4708 tenebris
638 4650 729 4711 sedeo
759 4652 923 4713 etlumen
976 4649 1175 4733 gaudendum.
1199 4650 1242 4711 Ut
1258 4652 1344 4713 Rom.
1360 4650 1408 4711 b.:
1439 4648 1623 4713 Gloriamur
1637 4643 1673 4703 in

371 4732 512 4795 saidea?
528 4732 607 4795 Tob.
620 4735 648 4797 5.
673 4736 810 4797 Jacobus
825 4744 922 4799 osten·
976 4738 1237 4802 tribulationibus
1245 4761 1256 4821 ,-
1283 4747 1312 4799 et
1329 4741 1344 4797 1
1358 4738 1438 4797 Patr.
1455 4740 1499 4797 4.:
1524 4732 1674 4795 Gammo-

383 4819 497 4899 justam
520 4827 551 4881 et
573 4822 703 4903 amplam
726 4824 837 4886 habere
850 4844 923 4906 gau·
977 4827 1121 4888 nicantes
1143 4827 1259 4889 Christi
1277 4824 1480 4904 passionibus
1487 4868 1499 4898 ,
1521 4818 1674 4897 pendete,-

371 4906 503 4982 storiam,
519 4908 562 4968 ita
576 4909 726 4971 scribens:
978 4923 1009 4974 et
1031 4914 1096 4993 ipse
1110 4914 1261 4975 Dominus
1275 4911 1380 4974 Matth.
1398 4911 1443 4971 t:
1467 4911 1545 4973 &am
1566 4923 1675 4983 perse·

371 5011 426 5058 rna
434 4995 592 5074 nandium
607 4999 792 5077 eainimate,
802 4998 925 5079 tronea
977 5002 1042 5063 cuti
1056 5018 1111 5062 vos
1124 5002 1250 5080 suerint
1261 5006 1397 5080 propter
1419 5017 1480 5075 me,
1495 4994 1631 5076 aaudete
1646 4999 1676 5054 et
