4442 5825
804 612 1205 669 nuromammuuaros.
1236 614 1380 670 masas.
1728 602 1800 690 31‘7

354 790 1053 870 etoxomplapouitJoaunemBaptistametJa·
1102 788 1432 873 jungit'l'h'eodoretns.
1455 789 1563 870 Neque
1577 789 1716 870 displicet
1726 790 1802 852 bueo

355 877 463 937 eobum
476 877 635 938 Zebedaei.
654 865 947 956 Ἀποτομτανιομὸς
967 880 1053 950 enim,
1107 882 1255 940 sententia
1287 878 1520 960 Theophyleeto
1551 887 1581 937 et
1610 875 1803 939 Oeoumenio.

355 965 463 1042 inquit,
480 973 525 1024 est
536 967 645 1044 eapitis
657 966 830 1044 amputatio.
853 964 966 1025 Verum
980 969 1053 1025 baec
1107 965 1233 1026 Accedit
1255 972 1287 1026 et
1307 963 1441 1026 Galenus
1467 973 1582 1038 noster,
1609 964 1679 1045 Syri
1701 975 1803 1025 textus

355 1050 498 1130 exempla
510 1070 615 1133 parum
627 1061 698 1132 apta
711 1051 859 1111 ridentur.
884 1053 956 1131 Agit
972 1054 1052 1112 enim
1106 1056 1272 1133 interpres,
1298 1054 1350 1131 qui
1377 1053 1504 1133 Syriaca
1533 1071 1608 1111 voee
1637 1051 1804 1131 significari

353 1137 520 1215 Apostolus
558 1138 706 1219 exemplis
745 1140 953 1218 antiquorum,
1001 1139 1053 1219 qui
1106 1141 1363 1218 dioitsustuatos,
1387 1158 1440 1198 eeu
1461 1138 1599 1216 fustibus
1614 1146 1746 1214 enectos,
1773 1147 1805 1199 et

355 1224 470 1284 Christi
493 1224 656 1285 adventum
677 1234 912 1305 praecesserant,
934 1240 968 1284 ut
989 1227 1051 1286 Ηο-
1106 1225 1198 1289 relert
1221 1228 1357 1306 Apostoli
1379 1233 1512 1286 mentem
1533 1225 1573 1285 ad
1595 1245 1702 1286 novem
1725 1246 1802 1286 mar·

353 1311 461 1371 braeos
478 1314 508 1371 in
524 1310 585 1372 ude
601 1321 631 1371 et
647 1313 795 1391 patientia
811 1312 972 1372 confirmet.
990 1313 1049 1372 De·
1107 1324 1190 1394 tyres
1210 1315 1274 1394 jam
1297 1322 1485 1373 memoratos.
1509 1311 1571 1373 Sed
1594 1312 1652 1372 hoo
1674 1311 1803 1392 amplius

355 1396 425 1457 inde
449 1398 579 1479 simplex
602 1398 780 1459 vocabulum
808 1402 934 1478 exponit
957 1397 1069 1479 Chry-¹
1106 1410 1189 1481 patet
1204 1421 1242 1461 ex
1258 1420 1302 1471 eo,
1327 1399 1407 1480 quod
1423 1400 1574 1479 sequitur:

355 1494 505 1545 eostomne
537 1504 591 1565 por
618 1486 821 1565 compositum.
860 1487 948 1566 Quae
976 1487 1052 1546 ratio
1150 1491 1223 1548 ll'on
1249 1490 1450 1564 suscipientes
1476 1486 1735 1565 redemptionem.
1766 1483 1803 1544 Id

356 1573 533 1650 exponendi
548 1591 639 1651 saepe
655 1571 742 1632 fallit.
1106 1584 1158 1647 est,
1186 1594 1253 1634 eum
1275 1574 1389 1634 nollent
1414 1571 1571 1633 admittere
1594 1592 1647 1633 sen
1670 1575 1804 1651 resipere

398 1659 507 1740 Itaque
523 1660 678 1719 selendum
699 1668 755 1731 est,
777 1653 971 1736 τυμπανίζειν
987 1678 1051 1739 pro·
1106 1661 1307 1721 conditionem
1332 1660 1451 1720 oblatae
1474 1659 1698 1742 redemptionis.
1728 1661 1805 1719 Erat

354 1746 421 1825 prie
437 1746 515 1805 idem
532 1765 606 1819 esse,
623 1745 703 1826 quod
713 1754 900 1822 tympanum
908 1747 1052 1823 pulsare,
1106 1750 1185 1808 enim
1202 1749 1305 1827 iniqua
1321 1756 1351 1807 ot
1366 1748 1470 1826 impia,
1487 1747 1602 1808 scilieet
1616 1767 1634 1805 a
1649 1746 1706 1806 Dei
1723 1745 1803 1805 cultu

355 1832 438 1912 qnod
455 1833 563 1892 Latine
579 1834 741 1894 Suetonius
758 1835 788 1892 in
804 1836 943 1912 Augusto
959 1832 1052 1893 dixit:
1106 1834 1262 1906 recedere,
1290 1843 1322 1895 et
1347 1837 1459 1913 patrias
1485 1834 1571 1914 leges
1593 1833 1803 1914 praevaricari.

354 1923 586 1995 tympanizans.
600 1920 797 1979 Transfertur
812 1930 914 1979 autem
930 1918 968 1978 ad
984 1919 1052 1991 alia,
1110 1924 1158 1982 Tu
1170 1926 1237 1996 seis,
1253 1923 1352 2001 iuquit
1364 1921 1528 1981 Eleazarus
1541 1920 1580 1982 ad
1592 1921 1699 1992 Deum,
1715 1923 1802 1997 quia,

356 2026 435 2087 quae
458 2009 597 2086 tympani
620 2027 702 2067 more
722 2009 934 2086 percutiuntur.
964 2005 1053 2067 Unde
1105 2028 1175 2069 curu
1203 2028 1223 2068 a
1248 2017 1349 2069 morte
1376 2026 1498 2084 possem
1524 2009 1656 2068 liberari
1663 2052 1673 2082 ‚
1704 2009 1801 2069 duros

356 2113 409 2172 pro
427 2113 472 2165 eo,
495 2092 577 2173 quod
598 2114 654 2152 nes
674 2113 711 2152 ex
729 2093 868 2154 Hebraeo
891 2093 1050 2172 legimusl
1106 2099 1248 2172 corporis
1270 2099 1408 2155 sustineo
1431 2095 1564 2157 dolores.
1599 2093 1744 2156 Similiter
1771 2104 1801 2155 et

354 2181 431 2259 Reg.
449 2182 499 2238 21.
516 2179 554 2240 de
571 2179 708 2239 Doride:
731 2182 774 2241 Et
794 2181 991 2257 impinyebat
1016 2183 1052 2241 in
1106 2181 1144 2242 de
1167 2183 1301 2262 reliquis,
1324 2202 1360 2241 ae
1382 2182 1556 2242 nominatim
1580 2181 1617 2241 de
1641 2183 1802 2241 novissimo

356 2272 437 2328 ostio
450 2276 576 2342 portae,
593 2267 692 2327 LXX.
709 2275 845 2327 uertunt:
866 2269 909 2328 Et
925 2274 1052 2344 tympa·
1106 2269 1232 2329 lratrum
1247 2289 1283 2329 ae
1298 2276 1393 2327 matre
1417 2268 1533 2347 legitur,
1559 2289 1618 2328 non
1635 2269 1732 2328 solum
1748 2288 1800 2347 po·

355 2354 487 2415 nizabat
507 2372 603 2431 super
622 2355 748 2431 foribus
771 2358 928 2430 ciuitatis,·
952 2375 1051 2435 quern·
1106 2357 1202 2416 tuisse
1228 2375 1280 2415 eos
1304 2376 1322 2414 a
1344 2364 1438 2416 morte
1466 2354 1594 2426 liberari,
1621 2356 1648 2413 ei
1674 2364 1803 2434 tyranno

356 2440 519 2501 admodum
547 2442 619 2521 legit
646 2443 835 2520 Augustinus
861 2441 994 2501 scribens
1023 2443 1052 2501 in
1107 2443 1220 2502 vellent
1240 2441 1375 2522 obsequi,
1396 2462 1503 2503 verum
1524 2443 1615 2503 etiam
1631 2440 1669 2501 ad
1685 2461 1758 2522 opes
1774 2449 1805 2502 et

355 2528 511 2587 Psalmum
531 2533 580 2590 33.
597 2549 678 2588 eone.
697 2534 724 2589 1.
747 2527 863 2588 Eadem
879 2528 1054 2608 metaphora
1106 2531 1235 2590 bonores
1252 2529 1353 2589 evelti.

356 2608 600 2692 τομπανίζεοθαι
626 2615 802 2675 dicebantur
824 2616 976 2688 homiues,
1002 2617 1054 2696 qui
1157 2618 1195 2678 Ut
1210 2617 1372 2677 meliorem
1393 2618 1576 2677 invenirent
1597 2615 1803 2676 resurreetio·

354 2702 487 2762 fustibus
509 2713 562 2761 aut
585 2701 733 2762 similibus
755 2704 962 2762 instrumentis
986 2722 1052 2762 eae·
1107 2723 1190 2764 nem.
1213 2704 1414 2777 Invenirent,
1433 2702 1550 2764 Graece
1566 2697 1709 2780 τύχωσιν,
1726 2717 1804 2762 eon·

356 2788 515 2860 debentur,
531 2791 621 2848 etiam
638 2788 922 2868 Suidainterprete;
945 2789 1053 2868 ipsum·
1107 2798 1322 2867 sequerentur.
1360 2792 1455 2850 Recto
1484 2800 1586 2850 vertas
1615 2790 1671 2849 boe
1697 2785 1803 2850 modo:

356 2894 420 2956 que
446 2893 563 2956 poenae
588 2895 684 2955 genus
711 2875 875 2936 vectabatur
903 2869 1054 2953 τύμπανον
1115 2879 1154 2940 b't
1184 2879 1295 2939 melior
1326 2881 1369 2939 eis
1398 2877 1572 2954 obtinuerat
1608 2879 1803 2937 resurreetio.

356 2982 411 3024 sen
429 2956 650 3040 τυμπανισμὸς,
673 2962 751 3023 idem
769 2982 835 3022 cum
852 2983 896 3036 eo,
912 2963 993 3043 quod
1009 2964 1053 3022 Ci·
1108 2964 1295 3036 Noluerunt,
1322 2966 1438 3045 inquit,
1465 2965 1569 3025 ttltetto
1596 2973 1684 3044 paeto
1710 2965 1804 3024 vitam

356 3069 426 3110 cero
447 3049 644 3126 fustuarium
668 3050 812 3129 appellat,
836 3049 918 3111 Galli
944 3058 1056 3110 vocant
1107 3052 1263 3126 redimere,
1280 3062 1444 3131 sperantes,
1461 3061 1551 3133 atque
1566 3051 1640 3111 adeo
1656 3050 1755 3130 pulum
1772 3052 1803 3111 in

356 3137 575 3198 Bastonnnde.
602 3139 728 3217 Legitur
750 3147 848 3196 autem
875 3156 929 3215 pro
951 3137 1053 3214 hujus·
1107 3140 1263 3219 suppliciis
1286 3137 1423 3216 professi,
1447 3157 1622 3198 seruorum
1646 3156 1803 3217 corporum

354 3221 439 3284 modi
462 3224 608 3303 supplicio
632 3223 767 3284 Eblach.
784 3227 812 3286 6.
836 3223 927 3284 semel
948 3232 978 3283 et
999 3226 1053 3285 ite·
1107 3228 1271 3287 occisorum
1283 3234 1461 3303 exspectare
1476 3225 1595 3286 beatam
1610 3225 1802 3305 resurreetio·
1912 3278 1916 3288 .

354 3330 432 3382 rum,
448 3309 499 3369 ubi
516 3310 552 3371 de
568 3312 717 3371 Eleazaro
733 3320 865 3390 martyre
880 3329 976 3369 sermo
993 3319 1054 3386 est3
1106 3331 1183 3373 nem.
1217 3312 1306 3372 Hane
1333 3313 1412 3371 enim
1437 3321 1528 3370 voeat
1552 3310 1722 3384 meliorem,
1752 3310 1804 3372 rel

356 3397 497 3476 quamvis
521 3398 666 3478 interpres
689 3399 815 3458 Latinus
838 3398 985 3458 communi
1001 3417 1053 3457 νο·
1107 3400 1190 3459 illius
1213 3398 1428 3478 redemptionis
1455 3400 1691 3480 comparatione,
1718 3398 1804 3476 eujus

356 3482 467 3544 eubulo
482 3486 674 3560 supplicium
690 3485 820 3544 verterit.
848 3483 926 3545 Nam
941 3482 1054 3544 turtua-
1107 3486 1243 3567 proxime
1265 3486 1414 3558 meminit,
1439 3492 1474 3545 ut
1496 3504 1575 3565 quae
1600 3493 1716 3543 tautum
1739 3492 1804 3546 erat

355 3572 433 3630 rium
449 3570 620 3650 significari,
643 3573 716 3631 satis
741 3571 867 3631 innuunt
882 3570 1055 3651 Scripturas
1108 3571 1149 3633 ad
1174 3573 1270 3633 vitam
1296 3573 1472 3648 mortalem;
1502 3573 1553 3632 vol
1580 3572 1804 3651 comparatione

356 3655 469 3716 verba:
492 3657 553 3718 Sed
576 3677 645 3718 cum
666 3659 783 3735 planis,
807 3656 837 3717 id
860 3666 904 3718 est
926 3657 1053 3719 verberi·
1108 3660 1206 3730 vitae,
1235 3679 1325 3739 quam
1346 3659 1534 3719 amittebant.
1565 3658 1642 3718 Nam
1670 3676 1801 3720 resurre-

355 3744 424 3813 bus,
436 3745 659 3820 perimeretur,
676 3747 849 3821 inyemuit3
865 3753 896 3804 et
911 3742 963 3803 illa
978 3765 1054 3805 mar
1108 3747 1235 3807 ctionem
1251 3747 1450 3826 metonymice
1466 3745 1542 3807 dixit
1557 3765 1611 3825 pro
1623 3746 1695 3818 vita,
1712 3764 1803 3824 quam

357 3832 451 3910 tyris:
475 3831 582 3891 Duros
604 3835 746 3908 eorporis
767 3834 905 3892 sustineo
921 3831 1053 3892 dolores.
1108 3839 1243 3912 praestat
1258 3835 1450 3910 resurreeti03
1466 3834 1542 3893 sieut
1558 3833 1600 3891 ait
1616 3829 1756 3892 Christus
1772 3833 1802 3891 in

357 3916 523 3978 Confirmat
559 3918 636 3978 bano
666 3939 729 3979 rem
767 3918 882 3996 plenior
919 3917 1055 3997 ejusdem
1108 3919 1490 3998 EvangeliosProoedent,
1504 3922 1559 3997 qui
1568 3918 1804 3995 benefecerunt

356 4005 495 4082 martyrii
508 4002 678 4084 descriptio,
695 4024 775 4082 quae
789 4004 872 4084 apud
884 4004 1055 4083 Josepbum
1108 4009 1145 4067 in
1159 4008 1421 4067 resurreetionem
1438 4009 1538 4082 uitae,
1562 4005 1653 4066 Joan.
1670 4007 1699 4067 5.

357 4086 427 4165 (sen
444 4091 585 4169 quisquis
600 4088 716 4167 auctor)
741 4092 850 4171 legitur
873 4093 904 4152 in
922 4090 999 4151 libro
1016 4090 1055 4151 de
1152 4092 1368 4153 Peroommode
1392 4111 1464 4153 vero
1481 4091 1520 4155 ad
1537 4092 1723 4153 excitandum
1740 4093 1801 4154 He·

356 4175 559 4237 dlaebabaeis.
1108 4178 1267 4239 bunuorum
1289 4177 1377 4240 fidem
1400 4182 1493 4241 utitur
1515 4181 1619 4241 borum
1640 4188 1804 4260 martyrum

402 4262 498 4322 Porro
521 4263 620 4325 simile
641 4284 763 4345 qnoque
787 4272 902 4343 septem
929 4263 1055 4325 fratrum
1109 4266 1268 4347 exemplis,
1296 4286 1350 4326 nec
1378 4267 1538 4328 admodum
1564 4277 1636 4327 tune
1663 4269 1804 4347 antiquis,

358 4350 455 4409 luisse
470 4351 659 4431 supplicium,
676 4351 781 4410 eadem
795 4351 947 4431 Scriptura
962 4353 1053 4431 signi·
1109 4353 1191 4433 quod
1218 4354 1250 4414 in
1273 4352 1346 4426 illis,
1377 4358 1529 4416 exstincta
1551 4354 1616 4432 jam
1641 4362 1696 4433 spe
1721 4355 1805 4415 ritae
1847 4421 1851 4432 ι

357 4435 439 4508 fleat,
455 4456 523 4497 eum
539 4438 619 4510 dioit,
636 4457 688 4497 eos
700 4437 801 4512 flagris
814 4447 846 4499 et
861 4440 974 4499 taureis
990 4458 1052 4497 eru·
1109 4442 1293 4519 praesentis,
1331 4442 1522 4521 singulariter
1552 4440 1698 4501 eluxisset
1728 4438 1804 4499 fides

355 4527 465 4593 ‘aiaton
489 4544 552 4606 cap.
572 4526 598 4583 7.
623 4526 670 4585 Er
693 4524 801 4604 quibus
824 4525 962 4585 omnibus
984 4525 1056 4602 jam,
1109 4525 1277 4587 futurorum
1294 4536 1399 4588 etnon
1422 4528 1628 4608 apparentium
1650 4526 1804 4598 benorum,

359 4612 391 4670 ni
415 4609 511 4683 fultor,
540 4611 731 4672 manifestum
758 4621 820 4683 est,
847 4612 918 4692 quid
941 4610 1056 4672 Graeca
1110 4633 1199 4692 quam
1212 4614 1296 4674 initio
1310 4616 1416 4693 eapitis
1428 4615 1573 4676 definivit.
1593 4611 1689 4673 Simul
1702 4614 1805 4692 accipe

358 4718 444 4769 vooe,
458 4717 549 4777 apuam
562 4700 706 4775 interpres
715 4700 817 4758 vortit:
832 4700 961 4760 distenti
969 4706 1054 4774 suni,
1110 4720 1149 4760 ex
1171 4700 1228 4760 boo
1251 4700 1316 4761 loeo
1340 4701 1407 4782 plus
1428 4722 1519 4784 quam
1540 4698 1696 4781 probabile
1715 4718 1803 4778 argu·

359 4785 831 4864 significatumvelittlpoetolus,
855 4806 994 4855 necnon,
1017 4785 1054 4845 ad
1108 4799 1242 4847 mentum
1272 4808 1325 4868 pro
1356 4808 1442 4848 saara
1471 4788 1649 4848 auctoritate
1678 4785 1747 4847 libri
1775 4786 1804 4846 2.

358 4891 436 4950 quos
465 4873 626 4951 respiciat3
664 4874 799 4932 nimirum
836 4872 874 4930 ed
909 4880 1055 4951 martyres
1107 4872 1369 4934 Maebabaeorum.
1408 4875 1485 4934 Nam
1512 4880 1646 4943 sanatos,
1677 4893 1802 4954 quorum

357 4957 570 5027 Machabaeoa
587 4958 764 5019 Eleazarum
777 4961 931 5038 imprimis,
948 4957 1055 5018 deinde
1108 4960 1166 5019 hoe
1182 4963 1280 5041 eapite
1302 4961 1350 5021 vel
1374 4980 1524 5041 expresse,
1547 4959 1596 5018 rel
1611 4960 1702 5020 tacite
1718 4966 1806 5039 gesta

356 5044 396 5106 ad
410 5045 521 5107 iratres
536 5054 661 5126 septem,
684 5047 794 5127 quibus
809 5054 840 5106 et
854 5054 979 5108 matrem
1002 5043 1053 5106 ad·
1108 5045 1198 5107 refert
1219 5046 1398 5127 Apostolus,
1428 5066 1532 5107 omnes
1554 5045 1740 5129 deprompsit
1766 5066 1805 5107 ex
