4442 5825
649 590 813 647 Ellsibffl.
828 592 870 646 Ab
888 589 1054 646 murum.
1070 589 1157 644 vens.
1170 590 1272 645 s-rt.
1610 595 1681 665 111

371 767 504 831 doctrine
529 769 636 830 rurens'
658 769 770 832 ibidem
793 790 859 832 oen.
883 771 933 833 ts.
985 777 1016 829 et
1030 774 1183 849 torpentes
1198 764 1237 828 ed
1251 765 1330 827 hese
1350 761 1509 825 eudiende.
1530 762 1685 845 Interpres

371 856 499 918 themete
515 855 665 917 definitur.
985 859 1052 936 ipse
1063 875 1130 934 cap.
1142 855 1280 936 sequenti
1292 853 1397 913 vertit:
1412 870 1528 928 seques,
1552 850 1685 915 camon

371 944 547 1022 lppellotru
569 963 591 1003 o
612 946 681 1005 Deo
708 945 861 1023 Pontifex
885 962 933 1005 re·
985 942 1076 1021 hujus
1092 943 1236 1022 ignaviae
1251 938 1364 1000 Graeci
1378 946 1624 1001 commentatores
1639 959 1683 1001 re

371 1033 544 1092 »ordinem
560 1031 789 1092 Melchisedech.
813 1032 933 1108 Appel·
985 1027 1087 1088 ierunt
1116 1031 1148 1088 in
1170 1028 1366 1099 afflictiones,
1390 1026 1500 1107 quihus
1530 1027 1568 1088 ob
1598 1025 1686 1087 tidem

371 1118 421 1179 ive
435 1121 698 1194 coynominutue,
714 1120 852 1178 nimirum
866 1138 931 1179 ver·
986 1114 1097 1177 Christi
1121 1123 1292 1194 susceptum
1315 1113 1531 1194 premebuntur
1552 1111 1684 1174 eiretri·

371 1205 411 1265 mi
427 1223 519 1285 cupre
534 1206 644 1265 citetie.
669 1204 818 1285 Quoniam
832 1213 934 1265 eutem
985 1202 1041 1263 bns
1064 1201 1202 1264 Jndeeis
1239 1201 1302 1261 Alii
1325 1203 1355 1260 in
1377 1202 1511 1280 ipsorum
1532 1200 1684 1281 negligen-

371 1309 409 1351 ιιι
428 1309 482 1353 seu
505 1292 661 1353 nominare
683 1293 784 1353 lucere
806 1299 865 1366 eet,
890 1293 933 1351 in-
986 1291 1071 1364 tiem,
1095 1287 1177 1392 qnpd
1192 1309 1299 1392 perum
1314 1287 1426 1349 luboris
1441 1295 1472 1348 et
1486 1288 1578 1349 studii
1592 1286 1683 1349 collo

382 1378 428 1439 sic
450 1378 636 1459 appellatum
657 1378 809 1440 Christum
830 1397 849 1437 e
867 1378 934 1438 Deo
987 1384 1108 1436 coenent
1136 1377 1168 1436 in
1196 1377 1366 1456 cognitione
1396 1394 1495 1435 rerum
1525 1394 1684 1437 uecnmm.

371 1483 413 1525 em
436 1464 601 1526 secundum
624 1464 757 1527 ordinem
776 1464 933 1524 Melchise·
986 1463 1054 1542 ugo
1068 1482 1171 1524 vorem
1182 1482 1305 1524 censum
1316 1463 1461 1535 existimo,
1476 1463 1548 1542 quie
1560 1463 1684 1523 nimium

372 1559 442 1612 tet
463 1552 556 1627 telem
578 1550 689 1614 iecerit.
726 1552 840 1631 Adjicit
857 1550 935 1611 hene
987 1548 1069 1609 affixi
1098 1558 1185 1611 ermt
1214 1538 1275 1630 legi
1304 1550 1472 1622 Moeuicee,
1508 1569 1570 1630 quo
1599 1548 1686 1609 velut

371 1638 549 1720 Apostolus,
566 1648 629 1698 tum
644 1647 678 1699 ιιι
693 1640 836 1713 insinuet,
853 1635 934 1718 quod
987 1636 1076 1697 obice
1090 1635 1244 1716 impediti,
1270 1637 1483 1717 mysteriorum
1496 1654 1594 1697 neree
1609 1635 1685 1716 legis

371 1726 425 1786 ius
448 1727 637 1806 expositurus
653 1735 713 1798 est,
740 1746 802 1807 que
815 1728 934 1786 ratione
988 1723 1221 1803 explicationem
1242 1743 1334 1804 aegre
1356 1731 1388 1784 et
1408 1722 1494 1784 turdo
1514 1721 1683 1805 cupiebant

371 1832 376 1871 ι
404 1811 505 1874 sectus
533 1814 574 1875 sit
598 1814 686 1875 nobie
713 1832 804 1874 muse
828 1813 934 1873 solutis
986 1811 1064 1872 Nem
1079 1820 1109 1870 et
1127 1810 1165 1871 ob
1187 1809 1264 1873 hune
1285 1830 1406 1872 causum
1420 1811 1583 1890 Apostolus
1597 1810 1683 1873 Rom.

371 1920 529 2048 'teht
544 1900 933 2049 ttlttfiitttttt
987 1897 1684 2066 {inlllffil'elbi‘fflbbidligi?

660 2034 667 2061 t
925 2031 933 2060 i
1290 2030 1297 2060 t
1676 2030 1683 2058 t

371 2072 604 2135 ndumordincm
615 2073 855 2151 Melchisedech,
870 2082 934 2134 tum
986 2071 1206 2134 discemebent
1238 2073 1322 2134 Huic
1341 2073 1408 2134 loeo
1429 2074 1526 2135 simile
1546 2082 1595 2135 est
1608 2071 1684 2134 illud
1711 2143 1716 2152 ι

371 2162 560 2235 :confirmet,
582 2160 663 2241 quod
679 2161 812 2222 dixerat:
841 2163 934 2224 Obri-
987 2157 1098 2220 Christi
1120 2158 1159 2219 ed
1182 2159 1347 2242 discipulos
1369 2160 1545 2223 Joen.16.:
1571 2161 1684 2222 Adbuc

371 2266 408 2310 ιιι
431 2256 527 2310 temet
546 2251 650 2325 tpuem
673 2250 876 2327 clarificasse,
897 2256 935 2309 ut
986 2248 1090 2308 molta
1103 2247 1202 2308 babeo
1217 2249 1306 2309 vobis
1320 2248 1440 2325 dicere,
1464 2249 1518 2308 sed
1538 2267 1607 2311 nore
1618 2264 1683 2327 pe·

371 2336 517 2414 elimet,
544 2336 599 2396 ted
624 2344 771 2397 uocatum
796 2356 818 2396 o
844 2338 933 2413 Deo‚·
986 2338 1071 2396 tertis
1083 2341 1215 2411 portoee
1230 2335 1334 2396 modo.
1356 2334 1436 2395 Item
1455 2335 1531 2396 illud
1544 2333 1683 2417 Apostoli

371 2424 457 2504 ique,
482 2432 516 2485 ut
537 2424 617 2483 viem
640 2433 772 2484 sternere
782 2424 847 2502 jem
862 2424 934 2484 inei·
987 2421 1026 2483 od
1042 2420 1212 2483 Corinthios
1232 2422 1265 2482 in
1279 2421 1419 2502 Epistola
1441 2424 1533 2504 priori
1554 2443 1621 2504 esp.
1636 2424 1682 2483 h:

371 2511 506 2591 imosque
520 2510 681 2590 logentium
696 2529 880 2590 praeparere
895 2509 934 2570 ed
986 2512 1061 2571 Nou
1074 2511 1167 2587 potui
1181 2508 1269 2571 oebie
1291 2510 1380 2586 loqui
1396 2514 1487 2587 quaet
1501 2510 1683 2588 epiritttole'-

371 2599 467 2658 ionem
479 2596 517 2658 de
528 2596 696 2657 sacerdotio
705 2597 823 2658 christi.
846 2597 934 2658 Unde
986 2597 1058 2673 bue,
1081 2594 1136 2659 red
1149 2599 1241 2673 quoti
1255 2596 1447 2658 carnalitur.
1484 2598 1597 2660 Verum
1612 2617 1678 2675 eeu·

371 2687 533 2745 entereitt
986 2704 1038 2746 see
1063 2686 1096 2746 iu
1121 2682 1170 2743 his
1194 2683 1333 2746 diversee
1354 2693 1439 2745 tunt:
1468 2685 1502 2748 in
1528 2684 1682 2767 discipulis

371 2772 402 2831 te
415 2789 481 2849 quo
495 2771 586 2832 nobie
607 2770 742 2847 prendit
756 2788 877 2845 emmo,
905 2777 934 2831 et
985 2771 1095 2832 Christi
1109 2773 1272 2853 conspicue
1293 2774 1466 2853 proesentis
1487 2773 1684 2837 humenitetie

371 2858 524 2920 netobtlis
538 2858 779 2920 addicendum.
816 2857 932 2939 Legen-
987 2859 1064 2939 ejus,
1089 2859 1121 2920 in
1135 2855 1299 2920 Corinthiis
1312 2860 1388 2921 vitis
1402 2861 1551 2942 quaedem
1565 2863 1683 2941 gretie·

376 2946 706 3022 :intemeratum
724 2964 764 3006 ex
774 2944 835 3007 tide
851 2944 931 3007 eodi-
985 2968 1036 3020 re,
1051 2946 1161 3027 quibus
1177 2954 1263 3007 erunt
1277 2945 1379 3007 dediti.

371 3033 932 3113 lquor-umetcestigetioneliomone,
1031 3036 1080 3093 12.
1102 3033 1233 3096 Etenim
1259 3051 1331 3094 cum
1358 3034 1509 3096 deberetis
1536 3037 1683 3112 mouisti-i

371 3118 490 3180 modum
503 3128 534 3181 et
540 3119 745 3200 Hieronymus
753 3118 931 3201 legitEpiet.
986 3138 1048 3182 esse
1059 3128 1195 3198 propter
1210 3119 1340 3196 tempto
1362 3122 1386 3184 J
1387 3122 1478 3184 udeei
1497 3124 1585 3204 primi
1600 3121 1682 3186 ctri-

371 3205 546 3286 Euegrinm.
570 3205 932 3288 Greeeevoxsigniheet:
984 3208 1111 3268 etienem
1141 3206 1232 3267 iidem
1256 3218 1467 3288 susceperuut,
1494 3210 1681 3291 quemedme

371 3311 399 3354 ιιι
414 3296 645 3371 interpretatu,
662 3313 700 3354 ec
713 3314 768 3374 pro
783 3314 820 3355 ee
835 3295 931 3376 Syme
985 3292 1056 3354 dnm
1082 3292 1143 3354 lete
1167 3302 1253 3374 petet
1285 3313 1323 3354 ex
1347 3295 1433 3356 Actis
1460 3298 1681 3375 Apostolorum.

371 3384 592 3457 ocupationem
606 3400 661 3443 eeu
672 3385 843 3457 nepotisem,
865 3380 932 3442 Nec
984 3382 1053 3444 Hoc
1075 3380 1247 3460 igiturest,
1273 3380 1356 3462 quod
1381 3384 1438 3443 eit:
1461 3382 1536 3443 Cum
1557 3404 1612 3464 pro
1634 3403 1680 3444 re·

371 3485 398 3527 m
413 3476 461 3529 est
482 3467 634 3546 procedis,
658 3466 710 3529 sed
732 3469 852 3530 multus
865 3485 932 3529 eet·-
984 3468 1235 3548 tionetemporis,
1261 3467 1343 3548 quod
1365 3470 1469 3548 οςίιιιι
1491 3472 1523 3531 in
1538 3468 1681 3532 Chrietir

371 3553 483 3615 :omodo
505 3555 576 3634 legit
601 3557 693 3616 etiem
714 3556 932 3637 Hieronymus.
983 3558 1096 3629 nismo,
1111 3553 1250 3617 debeatis
1264 3555 1392 3616 eliorum
1407 3575 1475 3617 esee
1490 3555 1638 3620 doctorm.

371 3659 467 3703 susum
481 3640 559 3702 bene
572 3640 704 3703 reddidit
716 3642 863 3703 Erasmus
878 3662 933 3704 sue
1027 3645 1170 3705 Burrum
1183 3643 1349 3720 indicetis,
1371 3651 1409 3705 ot
1423 3661 1478 3705 voe
1492 3644 1680 3708 doceamini.

371 3749 388 3789 e
417 3729 555 3805 Deque
580 3729 672 3790 nobie
696 3730 798 3791 multo
822 3731 932 3808 forent
985 3729 1116 3792 Graece:
1142 3731 1283 3794 Rurmm
1305 3749 1386 3807 opus
1406 3731 1544 3808 habetis,
1570 3740 1608 3793 ut
1622 3733 1682 3794 do·

377 3858 387 3890 ,
403 3831 502 3893 eoque
517 3816 667 3895 diffietlto
681 3816 851 3895 explicatu.
872 3817 930 3877 Be·
984 3835 1110 3879 ceomue
1126 3836 1188 3878 voe
1211 3815 1302 3897 Quod
1317 3819 1408 3879 etiem
1420 3819 1465 3879 sic
1474 3821 1552 3880 verti
1567 3827 1681 3900 potente
1700 3884 1702 3888 Α

376 3919 440 3979 quo
454 3900 558 3963 referri
573 3910 671 3983 potest
685 3904 734 3965 vel
750 3902 790 3965 ed
804 3903 930 3965 Melchi·
991 3906 1032 3966 Ut
1045 3907 1117 3983 quie
1130 3904 1243 3965 doeeot
1257 3922 1319 3966 voe

381 3988 432 4048 vel
453 3988 494 4049 ed
509 3988 686 4052 Pontificem
705 3990 870 4053 secuudum
885 4011 929 4051 or·
1028 3994 1116 4071 Quoue
1127 3995 1192 4053 tint
1202 3991 1357 4053 elemento
1364 3991 1488 4053 exordii
1498 4010 1679 4055 sermonum

371 4073 589 4151 lelehisedeeh,
610 4077 661 4138 vel
683 4076 724 4139 od
744 4097 805 4139 rem
825 4078 931 4157 ipsum,
985 4080 1056 4139 Dei.
1093 4076 1209 4140 Graece
1235 4079 1434 4156 eloquiorum
1463 4081 1543 4156 Dei,
1572 4080 1604 4140 id
1633 4087 1681 4142 eet

371 4162 555 4223 ontifioetum
577 4162 702 4241 Christi,
726 4165 812 4245 quusi
834 4165 931 4225 dicet·
984 4163 1154 4237 doctrines,
1181 4183 1261 4269 quoe
1282 4166 1322 4226 de
1337 4164 1405 4226 Deo
1420 4174 1474 4227 eet·
1510 4169 1680 4230 Elementa

371 4250 537 4310 remetitur
547 4251 812 4313 nobteeermoetc.
829 4249 929 4332 Quod
984 4260 1061 4325 sunt,
1077 4270 1157 4332 quoe
1170 4255 1268 4333 prime
1283 4252 1463 4314 truduntur
1453 4270 1681 4336 munequsque

371 4353 442 4396 uum
472 4336 665 4416 probabiliter
700 4336 826 4413 dieitur,
862 4338 931 4399 licet
983 4338 1153 4420 discipline,
1169 4348 1204 4399 ut
1218 4339 1435 4421 alphabetum'
1427 4340 1679 4403 rnGremmetioe.

384 4419 426 4482 ed
439 4421 663 4485 Melchisedech
681 4423 821 4486 reserent.
844 4425 928 4486 Diffi·
982 4424 1071 4487 Unde
1086 4434 1118 4486 et
1140 4445 1264 4508 corpore
1286 4427 1449 4509 simplicio,
1472 4448 1549 4511 queo
1563 4449 1625 4489 non
1639 4448 1680 4490 ex

371 4527 467 4570 ivero
484 4529 588 4571 eorum
595 4530 695 4593 ,quoe
711 4510 836 4573 dicende
852 4519 929 4585 suut,
984 4513 1070 4587 eliis,
1097 4512 1152 4574 sed
1177 4514 1347 4595 exquibus
1371 4514 1432 4576 elis
1453 4523 1679 4597 componuntur,

371 4603 400 4656 ιι
414 4595 593 4679 Apostolus,
619 4620 680 4660 non
702 4602 772 4679 quie
789 4600 854 4679 ipse
870 4619 929 4659 non
981 4599 1117 4680 physicis
1130 4600 1281 4662 elemento
1295 4601 1443 4663 dicuutur.

376 4701 545 4764 exponere,
570 4684 624 4745 sed
639 4694 760 4767 prepter
774 4684 821 4758 id,
848 4686 929 4766 quod
1024 4687 1121 4766 igitur
1150 4688 1304 4749 elemento
1339 4689 1462 4751 exordii
1495 4706 1677 4749 sermonum

982 4775 1044 4834 Dei
1065 4784 1157 4834 vocet
1180 4774 1365 4848 redimente,
1385 4795 1403 4836 a
1425 4775 1537 4856 quibus
1559 4776 1676 4838 initium

371 4814 616 4919 lomimbeeillee
629 4861 792 4938 foetieetts
807 4859 852 4919 od
866 4877 928 4920 ou·
981 4863 1109 4921 sumitur
1129 4862 1306 4923 instituendi
1328 4862 1499 4923 homines
1489 4883 1520 4923 ιιι
1542 4861 1679 4944 doetrine

371 4941 534 5006 nGreece:
547 4946 928 5023 Quandoquidemeeyoes
981 4966 1073 5009 more.
1111 4949 1246 5030 Quorum
1271 4950 1387 5030 aliquot
1417 4948 1558 5030 exemplo
1585 4950 1678 5013 refert

371 5029 563 5108 temtus,
585 5031 617 5094 id
639 5035 709 5095 est
701 5034 819 5114 ignee-i,
842 5033 928 5109 turdi,
979 5032 1145 5117 Apostolus
1170 5036 1227 5097 enh
1252 5036 1372 5097 initium
1397 5036 1504 5118 cepitis
1524 5039 1678 5119 sequentis
