4442 5825
781 587 946 645 vetuste
962 588 1002 644 idi
1020 587 1185 645 stesssos
1219 589 1304 645 VERS.
1321 590 1346 645 5.
1363 593 1388 645 d.
1756 600 1804 677 35

359 765 412 824 Uti
425 771 535 825 orsum
551 766 599 827 bis
622 767 724 829 uerbis
743 770 780 829 irs
799 785 891 830 sensu
914 769 1054 842 sopolim,
1108 774 1169 825 tem
1183 765 1352 829 sublimiter
1375 777 1404 829 et
1418 769 1575 849 magnifice
1590 770 1746 850 Scriptura
1759 791 1805 832 se

354 855 512 911 missorem
523 854 631 914 reddit
642 858 866 916 austeritatem
874 854 1054 930 probantis,
1109 852 1239 914 cundum
1262 853 1379 915 literem
1404 855 1584 936 loqueretur.
1621 858 1731 938 Itsque
1749 858 1807 919 nisi

354 942 542 1015 praesertim
572 944 609 1002 in
639 945 804 1019 principio
834 942 998 1019 Epistulae
1026 948 1056 1001 ct
1109 939 1248 1001 Christus
1257 943 1386 1021 mystice
1399 942 1507 1003 luisset
1515 945 1715 1023 significetus3
1730 965 1805 1011 nun·

355 1027 442 1102 opud
472 1027 646 1088 Hebraeos.
683 1029 772 1090 Haec
796 1028 859 1089 ille.
895 1027 945 1087 Ad
975 1048 1056 1109 quse
1109 1046 1199 1105 quern
1213 1026 1325 1089 Davidi
1339 1028 1449 1093 dictum
1464 1030 1588 1092 luisset:
1604 1033 1807 1093 liliusmcsss

356 1110 542 1192 respondeo,
570 1134 626 1175 noe
652 1115 756 1189 fetori,
786 1114 868 1195 quod
897 1136 935 1176 ex
964 1134 1055 1175 sensu
1110 1132 1140 1174 es
1156 1120 1209 1190 tu,
1236 1132 1291 1190 epo
1307 1115 1400 1175 bodie
1414 1120 1512 1191 penui
1527 1125 1572 1191 tc,
1597 1139 1654 1180 nec
1668 1116 1706 1179 de
1721 1118 1806 1180 Salo·

356 1201 482 1278 mystico
498 1200 643 1280 procedet
664 1202 742 1263 haec
755 1203 894 1282 Apostoli
910 1201 1055 1282 probetis,
1108 1220 1214 1261 mone:
1239 1204 1310 1277 Ipse
1326 1205 1386 1262 crit
1407 1205 1485 1263 mibi
1506 1205 1677 1281 tntillum,
1704 1212 1735 1266 ct
1751 1225 1807 1283 epo

357 1288 431 1346 sicut
445 1287 542 1366 paulo
558 1297 629 1349 ante
648 1287 820 1351 docuimus:
842 1308 940 1369 neque
954 1298 1054 1349 umen
1110 1305 1164 1347 ero
1187 1290 1236 1348 illi
1260 1292 1297 1349 s'rs
1319 1290 1457 1350 Putrem.
1492 1291 1581 1371 Quod
1603 1291 1808 1371 intelligentes

357 1393 406 1450 per
433 1373 495 1433 lroc
523 1376 668 1436 minuitur
697 1378 861 1437 auctoritas
887 1376 1054 1455 probantis.
1109 1374 1356 1448 Hsbreei,t'euile
1366 1395 1472 1439 sensus
1483 1380 1626 1457 mysticos
1638 1376 1810 1456 hujusmodi

357 1461 477 1540 Alioqui
504 1480 655 1541 nusquam
681 1461 853 1541 injusmodi
881 1463 1056 1541 probatione
1109 1462 1310 1541 recipiebant:
1332 1471 1424 1544 atque
1447 1483 1483 1523 eo
1501 1466 1616 1546 mugis,
1639 1464 1722 1543 qnod
1736 1474 1807 1525 tem-

356 1546 500 1607 ntendum
518 1558 609 1609 esset.
647 1548 737 1629 Quod
760 1560 861 1611 temen
877 1549 1056 1628 Apostolum
1110 1567 1183 1626 pore
1209 1548 1421 1628 Apostolorum
1451 1551 1539 1611 multi
1569 1560 1656 1611 erent
1683 1551 1808 1627 sudaei,

356 1633 480 1694 Paulum
495 1632 571 1694 alibi
593 1634 702 1697 iecisse
723 1637 915 1698 minifestum
941 1646 1001 1709 est,
1023 1643 1058 1695 nt
1109 1635 1210 1713 qnelis
1225 1636 1312 1695 Philo
1328 1644 1360 1696 et
1373 1637 1480 1697 Essaei
1504 1638 1664 1700 aPhilone
1685 1637 1808 1711 laudati,

358 1720 454 1781 lcor.
472 1725 503 1783 9.
519 1728 552 1781 et
569 1725 584 1780 1
603 1723 683 1782 Tim.
700 1723 739 1796 b,
754 1723 825 1783 dum
841 1724 914 1783 citet
928 1721 1001 1784 illud
1018 1728 1056 1782 ex
1111 1723 1162 1800 qui
1186 1721 1320 1782 studiose
1343 1724 1558 1784 exercebantur
1580 1727 1715 1805 mysticis
1738 1725 1808 1785 scri·

357 1807 443 1867 Dent.
483 1809 561 1868 Nost
574 1809 723 1885 ullipubis
737 1828 771 1870 os
787 1811 860 1871 boui
874 1812 1054 1883 maurenti,
1110 1817 1266 1887 pturerum
1291 1810 1606 1890 interpretationibus,
1639 1811 1809 1891 iisdemque

357 1904 386 1954 et
402 1894 502 1954 lGor.
518 1897 566 1971 8.,
582 1897 634 1957 ubi
649 1896 760 1975 alleget
774 1897 849 1957 illud
863 1895 978 1958 Exodi:
994 1899 1056 1975 Qui
1109 1894 1230 1954 mirifice
1245 1893 1479 1956 delectabuntur.

359 1982 509 2055 meltum,
525 1999 596 2042 non
610 1983 809 2061 abundauit5
836 1991 866 2044 ct
882 1986 937 2059 qui
951 1984 1055 2043 modi·
1152 1982 1246 2042 Porro
1270 1983 1351 2044 velle
1378 1983 1576 2058 contendere,
1602 1987 1685 2065 quod
1710 1984 1809 2047 omnis

358 2086 441 2142 cem,
460 2086 533 2129 mets
549 2072 734 2131 minoravit.
757 2070 799 2131 Et
814 2073 1001 2149 apertissime
1017 2070 1055 2129 ed
1109 2070 1278 2128 testimonie
1307 2071 1364 2128 hoc
1394 2072 1492 2150 capite
1521 2071 1614 2131 ellets
1643 2070 1809 2133 secundam

359 2153 419 2215 ert
437 2157 489 2228 4.,
513 2154 570 2216 ubi
597 2156 752 2236 profitetur
777 2176 810 2218 se
836 2157 990 2217 historiam
1016 2155 1055 2215 de
1109 2154 1229 2215 literam
1251 2156 1422 2234 significent
1441 2156 1487 2229 id,
1511 2156 1589 2236 quod
1607 2157 1721 2220 Paulus
1743 2158 1811 2220 vult

360 2239 471 2302 duobus
495 2241 733 2305 surmiseliis
754 2244 917 2305 secundam
942 2243 1054 2322 allego·
1110 2240 1227 2313 docere,
1243 2244 1286 2301 sic
1301 2244 1379 2302 enim
1392 2242 1513 2323 quidem
1527 2243 1808 2326 Cajeteaorsspon·

361 2330 423 2388 riam
447 2348 614 2408 exponere.
652 2331 770 2403 Tusco,
790 2349 874 2411 ques
892 2331 1055 2410 Evangeli·
1110 2326 1243 2388 <lendum
1273 2338 1396 2408 putent:
1434 2329 1507 2390 nihil
1541 2330 1633 2392 hebet
1661 2332 1808 2392 utilitatis.

362 2424 416 2474 stes
432 2417 529 2494 juxta
550 2419 712 2496 mysticum
738 2437 860 2479 sensum
887 2418 1057 2477 testimonie
1110 2414 1188 2475 Nam
1204 2416 1247 2474 sic
1267 2414 1362 2474 multo
1385 2417 1475 2475 etiam
1497 2419 1593 2497 magis
1609 2416 1742 2477 Hebraei
1750 2438 1808 2499 po·

365 2503 557 2580 protulerunt.
1110 2502 1240 2561 tuissent
1266 2504 1472 2581 tergiversari,
1502 2510 1532 2562 st
1557 2501 1658 2564 dicere
1680 2503 1808 2565 Paulum

397 2589 506 2670 lleqrm
529 2591 611 2651 enim
633 2589 861 2653 existimandum
888 2598 949 2664 eet,
974 2590 1056 2650 infir·
1111 2606 1216 2648 sensus
1231 2608 1250 2647 u
1264 2588 1352 2649 litera
1367 2599 1399 2648 et
1413 2598 1557 2651 contextu
1569 2589 1741 2670 Scriptores
1756 2591 1807 2652 eb'

365 2695 427 2736 usn
441 2691 502 2737 eut
516 2676 657 2737 inutilem
680 2685 742 2737 toto
761 2696 872 2757 genere
888 2696 954 2738 esse
968 2696 1056 2756 ergu-
1112 2675 1265 2735 horrentes
1291 2675 1418 2736 adferre.
1452 2675 1603 2756 Quocirca
1628 2676 1808 2739 menendum

363 2765 571 2824 mutationem
595 2782 634 2825 ex
660 2781 751 2825 sensu
774 2765 903 2844 mystico
925 2764 1056 2836 ductum,
1111 2763 1231 2821 omnino
1263 2763 1293 2821 in
1323 2765 1518 2842 responsione
1543 2761 1631 2824 dete:
1661 2784 1752 2845 quum
1778 2773 1810 2825 et

363 2849 409 2909 sed
423 2852 469 2910 ita
485 2848 624 2924 demum,
643 2853 668 2910 si
684 2850 733 2910 vel
748 2869 855 2911 sensus
874 2850 928 2911 ille
950 2851 989 2909 sit
1004 2850 1056 2910 du·
1108 2847 1291 2910 Frenciscus
1306 2849 1418 2909 Ribera
1440 2850 1548 2930 probet
1569 2869 1606 2910 ec
1631 2850 1693 2911 lete
1707 2871 1807 2933 prose

361 2935 421 2997 bins
436 2938 546 2998 veleb
562 2957 615 3011 eo,
640 2956 710 2997 eum
724 2957 784 3017 quo
802 2938 988 3018 disputetur,
1004 2939 1056 2997 mi·
1110 2936 1219 3015 quitur.

361 3024 429 3084 nime
442 3043 617 3085 concessus.
641 3023 731 3103 Quod
751 3032 781 3085 et
795 3026 826 3085 in
841 3024 953 3086 literali
968 3042 1057 3084 sensu
1156 3023 1184 3082 6.
1206 3024 1336 3084 Etcum
1356 3027 1471 3083 serrum
1493 3025 1670 3086 introducit
1678 3027 1808 3104 primo·

360 3130 413 3170 aon
425 3112 645 3191 infrequenter,
662 3113 721 3171 imo
733 3111 977 3192 frequentissime
988 3130 1056 3171 con·
1108 3108 1425 3182 pessumeuntem
1445 3117 1569 3186 utres,
1597 3112 1682 3172 dicit.
1719 3109 1808 3171 llnlti

360 3199 456 3278 tingit,
471 3205 507 3256 nt
522 3200 648 3276 quoties
663 3196 702 3257 de
713 3217 856 3278 germane
871 3218 962 3260 sensu
978 3197 1055 3258 Scri-
1110 3196 1287 3274 interpretes
1316 3204 1514 3275 uanspoonnt
1546 3197 1706 3269 vocsbnle,
1735 3216 1808 3260 cum

360 3292 459 3362 pturas
490 3283 687 3364 disceptetur.
734 3284 795 3349 Ubi
824 3294 921 3344 autem
951 3303 1057 3345 sensus
1109 3284 1236 3342 iterum.
1280 3282 1393 3344 Petunt
1418 3284 1500 3347 ,enim
1529 3293 1643 3344 rectum
1672 3283 1808 3350 ordinem

360 3369 490 3431 ediermr
504 3370 682 3450 probabilis,
701 3372 770 3433 eive
783 3371 835 3432 ille
849 3372 996 3450 mysticus
1011 3371 1056 3442 sit,
1111 3386 1197 3429 esse:
1212 3370 1257 3429 Et
1271 3371 1387 3428 iterum
1403 3387 1474 3429 cem
1488 3371 1666 3432 introducit
1681 3379 1756 3446 etc,
1773 3378 1809 3432 ut

360 3458 418 3517 sire
432 3457 580 3532 literulis3
595 3457 731 3536 legitime
745 3458 913 3538 disputatio
925 3466 979 3531 set,
994 3478 1055 3517 me·
1109 3454 1186 3515 illud
1200 3458 1316 3518 turum
1331 3456 1370 3514 eit
1389 3464 1462 3515 note
1483 3454 1675 3536 adjungentis
1698 3456 1736 3517 sd
1746 3453 1748 3458 ’
1759 3475 1807 3517 sn·

362 3545 476 3604 rimosi
491 3562 561 3604 eum
577 3544 613 3604 iis
629 3563 719 3623 agas.
739 3545 938 3624 quitationes
953 3563 1055 3604 sueso-
1110 3542 1228 3619 periore
1243 3540 1326 3602 uliud
1338 3542 1551 3602 testimoninm.
1574 3542 1625 3603 Sic
1636 3544 1713 3606 enim
1730 3550 1762 3604 et
1776 3543 1808 3603 in

360 3630 415 3689 rim
435 3651 500 3690 non
521 3648 617 3708 aegre
636 3629 810 3703 admittant,
840 3632 944 3710 queles
971 3636 1058 3691 erent
1109 3627 1242 3689 secundo
1260 3629 1434 3689 testimonio
1456 3627 1585 3704 iecerat3
1616 3638 1648 3689 et
1667 3630 1807 3709 sequenti

360 3715 499 3790 Hebraei,
514 3715 555 3777 sd
571 3735 649 3795 qnos
664 3717 738 3778 haec
753 3717 892 3796 Epistola
906 3716 1056 3788 scribitur,
1110 3716 1209 3794 capite
1224 3716 1299 3775 tacit
1313 3716 1406 3775 eeurol
1428 3723 1459 3775 et
1472 3716 1590 3775 iterum.
1623 3715 1807 3795 Imqrilcm

359 3812 460 3881 utpote
474 3802 590 3874 fideles,
609 3813 642 3863 st
656 3823 711 3882 pro
723 3803 840 3865 Christo
854 3804 950 3864 multa
965 3805 1055 3883 pessi.
1110 3801 1273 3864 verisimile
1294 3808 1340 3862 est
1355 3801 1488 3863 Graecos
1512 3802 1700 3882 expositores
1721 3801 1806 3864 intel·

359 3888 423 3950 tlon
446 3891 532 3949 enim
554 3888 603 3949 bic
623 3890 788 3950 instituitur
809 3889 972 3970 disputetio
988 3908 1056 3950 eum
1109 3887 1227 3949 luxisse.
1261 3888 1332 3948 Non
1352 3890 1430 3950 euim
1457 3898 1629 3967 exponunt,
1655 3888 1806 3968 quomodo

358 3973 559 4045 adversariis,
583 3978 636 4054 qui
657 3977 757 4038 omnis
780 3976 837 4037 sibi
861 3976 978 4055 liquido
1005 3975 1055 4037 ds·
1109 3975 1219 4034 iterum
1235 3974 1450 4035 introduxerit:
1474 3976 1544 4056 quin
1560 3975 1661 4055 potius
1675 3976 1807 4040 reform

357 4064 516 4123 nomtrsri
532 4060 653 4137 volnut;
667 4061 721 4122 sed
736 4079 803 4123 cum
818 4064 907 4124 sociis
922 4062 1056 4142 ejusdem
1109 4060 1250 4140 Apostoli
1266 4061 1360 4121 verbu
1375 4061 1413 4121 ed
1427 4063 1554 4142 primum
1567 4061 1678 4123 Christi
1693 4062 1804 4124 adveu-

357 4149 529 4228 religionis,
560 4150 613 4227 qui
638 4158 741 4212 tumen
766 4169 806 4209 ex
828 4150 1058 4232 infirmitatelet
1108 4156 1181 4206 tum.
1205 4147 1261 4206 His
1277 4157 1421 4208 consonet
1435 4147 1514 4227 Syre
1529 4148 1641 4220 versio,
1668 4166 1749 4227 quas
1762 4149 1806 4210 sic
1877 4175 1879 4179 ·

357 4235 497 4296 &ditate
512 4233 644 4314 quedam
667 4234 870 4315 intelligendi,
895 4237 995 4295 miuus
1009 4253 1056 4294 es·
1110 4232 1218 4293 habet:
1234 4235 1373 4294 Rursum
1390 4241 1506 4307 autem,
1524 4234 1656 4311 quaudo
1670 4236 1804 4309 inducti,

357 4323 563 4402 ssqesbsntur
584 4322 657 4382 fidei
680 4323 842 4401 mysteria3
868 4320 1055 4403 quemadmo-
1107 4320 1354 4396 primopcoitum
1369 4322 1406 4382 irs
1417 4321 1584 4381 mundum.
1606 4317 1744 4402 Idipsnm
1758 4340 1805 4384 ss·

358 4407 424 4469 dem
445 4417 534 4489 patet
555 4427 594 4470 ex
619 4410 672 4479 iis,
694 4427 775 4489 qnue
797 4428 862 4488 esp.
875 4410 903 4468 b.
921 4416 953 4468 et
968 4409 996 4468 t.
1012 4407 1055 4467 di·
1108 4407 1211 4486 quitur
1232 4406 1377 4467 Erasmus
1400 4415 1432 4467 et
1454 4406 1638 4469 Henteniue:
1664 4405 1806 4487 idemque

359 4505 472 4558 matur.
513 4494 598 4556 Illud
628 4496 722 4567 enim,
752 4493 832 4574 qood
862 4495 955 4574 psnlo
985 4501 1056 4554 ante
1109 4491 1257 4554 Janseuio
1269 4491 1524 4573 plecetinauaot
1540 4493 1654 4555 Peelmi
1667 4493 1724 4554 hoc
1738 4491 1805 4553 loco

359 4583 534 4655 neronum,
544 4580 708 4662 diligenter
719 4589 764 4641 eet
776 4580 948 4653 notandum,
962 4598 1055 4660 quee-
1108 4580 1202 4639 citati.

359 4666 423 4728 ern
454 4670 486 4728 in
516 4668 681 4749 Scriptnris
708 4667 866 4729 literuliter
894 4666 971 4739 dici,
1000 4665 1055 4726 sed
1153 4665 1264 4726 Verum
1280 4664 1347 4726 eliis
1361 4665 1497 4727 violenta
1516 4664 1637 4727 videtur
1654 4664 1729 4725 lisso
1743 4684 1803 4726 me·

361 4754 522 4816 nblimiter
537 4764 570 4816 et
583 4774 676 4834 snpra
690 4753 811 4816 modum
824 4754 944 4828 literee3
963 4752 1055 4833 idque
1107 4752 1250 4823 tathesie,
1273 4772 1309 4813 ac
1322 4751 1444 4814 minime
1462 4751 1649 4827 necessarie3
1673 4770 1742 4812 cum
1759 4750 1803 4812 fe-

362 4851 478 4921 propter
492 4842 686 4920 mysterium,
706 4842 869 4922 qualitate
890 4847 1011 4920 turgens
1025 4847 1055 4899 et
1107 4836 1167 4899 cile
1196 4839 1292 4918 possit
1315 4838 1479 4918 explicari,
1508 4856 1570 4916 quo
1604 4855 1695 4898 sensu
1720 4839 1804 4900 Dens

363 4927 484 5004 merids
496 4930 547 4989 sui
559 4926 786 5008 ipsiusmodnm
797 4926 924 4990 excedit
947 4927 1053 5003 Cujus·
1107 4932 1194 5005 peter
1207 4925 1328 4999 iterum,
1344 4923 1375 4984 id
1391 4931 1438 4985 est
1453 4920 1600 4994 secundo,
1622 4924 1803 5005 primogeni-

363 5013 623 5094 notlimysterinm
635 5014 695 5076 aiei
706 5013 1052 5094 sabemetnequeqnsm
1106 5020 1170 5081 turn
1199 5029 1286 5072 enum
1314 5007 1485 5076 introducat
1513 5008 1544 5069 in
1571 5010 1670 5144 qrbem
1696 5017 1803 5072 terrae.

871 5155 874 5161 ·
1519 5125 1525 5136 ·
1548 5116 1567 5175 3
