4442 5825
440 604 514 674 5⁶8
971 593 1394 650 mammenusncsrn.

439 772 650 835 declarabitur.
673 771 785 832 Similis
793 790 890 832 sermo
903 777 951 831 est
962 769 1051 831 Joan.
1066 773 1133 832 18.:
1187 774 1294 832 tremis
1322 770 1512 834 babuerunt.
1564 772 1758 850 Numquam
1787 778 1874 832 areta

442 863 511 937 Eae
527 864 562 920 in
576 861 634 920 boe
648 866 745 921 natue
766 877 853 934 sum,
876 865 906 918 et
928 858 973 917 ad
989 859 1046 917 boe
1061 861 1135 918 ueni
1188 858 1465 934 evangelizantur
1486 861 1676 934 brummout
1698 859 1874 931 bominibus,

441 952 477 1010 in
492 947 660 1021 mundum,
675 954 712 1006 ut
727 948 940 1006 testimonium
950 944 1134 1021 perhibeam
1186 948 1250 1006 nisi
1259 947 1401 1007 Obriatua
1412 954 1615 1007 mortuarum
1627 964 1746 1008 euram
1757 945 1875 1005 habaet

439 1036 577 1096 veritati.
607 1032 740 1094 Verbum
755 1025 963 1109 εὐηγγελίσθη
969 1075 980 1106 ,
997 1050 1134 1107 evanue·
1187 1032 1237 1092 Sic
1252 1032 1317 1106 ille,
1345 1053 1430 1093 snam
1445 1034 1524 1095 banc
1543 1035 1773 1112 expositionem
1788 1032 1874 1093 contr

439 1124 572 1182 litatum
588 1127 649 1195 eat,
677 1120 795 1199 ponitur
818 1118 1057 1198 impersonaliter
1080 1139 1134 1198 pro
1187 1138 1272 1178 mans
1287 1121 1473 1199 potissimum
1485 1140 1522 1180 ex
1532 1119 1599 1180 loco
1612 1119 1707 1181 Pauli
1721 1124 1739 1179 1
1754 1117 1819 1181 cu.
1831 1118 1876 1190 lt,

440 1228 492 1280 eo,
519 1205 600 1289 qnod
623 1206 723 1267 dicas:
746 1206 918 1282 Evanaeb'i
934 1205 1134 1281 praedicatio
1188 1205 1239 1265 ubi
1267 1209 1293 1265 is
1323 1206 1412 1266 simili
1442 1215 1640 1286 argumento,
1671 1207 1734 1267 hoc
1764 1215 1824 1280 est,
1848 1225 1877 1265 aa

438 1297 530 1374 facta
545 1301 597 1354 eat.
1187 1296 1393 1354 morientium
1408 1294 1564 1369 baptisma
1571 1338 1581 1368 ,
1609 1301 1817 1355 mannam
1831 1310 1876 1352 cr·

484 1381 556 1443 Jam
579 1378 712 1441 secundo
737 1379 871 1440 meminit
895 1378 1060 1457 Apostolus
1083 1377 1133 1436 bu·
1186 1382 1256 1454 pult
1270 1384 1549 1456 resurrectionem,
1566 1382 1609 1440 ita
1624 1379 1786 1443 scribens:
1801 1379 1876 1441 stu

436 1466 571 1546 jusmodi
593 1465 839 1546 praedicationis,
865 1475 900 1524 nt
922 1486 982 1525 non
999 1464 1136 1525 videatur
1187 1470 1283 1543 puin,
1314 1467 1391 1544 quid
1418 1468 1559 1545 furunt,
1590 1469 1649 1544 aui
1674 1467 1876 1544 baptizem

440 1550 652 1625 dubitandum,
679 1553 753 1632 quin
776 1552 905 1613 eundem
920 1571 1038 1613 sensnm
1054 1558 1133 1610 ntro·
1185 1572 1248 1630 pro
1263 1556 1414 1628 mortuis,
1428 1557 1456 1614 si
1470 1558 1602 1616 omnino
1615 1556 1744 1616 marteri
1757 1572 1823 1616 nan
1835 1572 1876 1613 re·

439 1643 533 1721 bique
548 1649 679 1719 spectet,
694 1647 727 1702 nt
742 1648 872 1720 uterque
886 1639 969 1699 locus
986 1659 1024 1699 ex
1040 1638 1135 1698 altero
1187 1643 1342 1717 turpent?

439 1731 480 1789 sit
509 1726 713 1788 illustrandus
751 1725 841 1805 Quod
871 1727 960 1806 igitur
990 1726 1135 1805 superiori
1232 1727 1319 1807 Quae
1335 1726 1499 1788 doctissimi
1513 1729 1570 1787 viri
1585 1727 1810 1799 commentatis,
1830 1725 1876 1785 ati

440 1817 539 1896 capite
554 1813 639 1886 dixit,
656 1814 814 1875 Obristem
822 1813 1024 1890 praedicasse
1038 1814 1135 1888 epiri·
1187 1815 1318 1875 cnlorem
1333 1814 1553 1895 probabilitatis
1570 1813 1700 1887 lrabeat,
1717 1832 1779 1874 non
1793 1821 1876 1872 unsa

441 1903 540 1975 tibur,
567 1902 623 1979 qui
644 1903 680 1960 in
702 1918 829 1960 earcere
851 1908 961 1975 erant,
988 1898 1067 1959 idem
1089 1908 1135 1959 est
1187 1921 1331 1981 germana
1346 1900 1482 1978 videtur,
1501 1909 1563 1961 tum
1580 1901 1654 1979 qnia
1668 1919 1733 1961 non
1750 1898 1876 1960 convenit

441 2007 509 2049 cnm
525 2007 579 2062 eo,
604 1985 684 2067 qnod
701 1987 751 2046 bic
765 1987 855 2060 dicit,
882 1988 1133 2062 evangelizatura
1188 2009 1253 2048 cnm
1269 1988 1335 2049 loco
1351 1988 1556 2070 praecedentis
1571 1987 1699 2067 capitis,
1717 2007 1757 2048 ne
1770 1982 1876 2067 quiden

440 2094 502 2137 ease
516 2076 668 2150 mortuir,·
690 2075 747 2134 nisi
770 2072 853 2154 quod
875 2073 952 2135 benc
966 2083 1079 2154 partem
1095 2073 1134 2132 ad
1187 2077 1349 2136 secundum
1365 2076 1458 2156 ipsius
1473 2075 1715 2155 expositionem
1742 2082 1805 2135 tnm
1819 2072 1877 2152 qrb

441 2162 544 2243 plnres
560 2159 684 2221 extendi
698 2180 804 2240 posse,
822 2159 944 2240 qnidam
956 2163 1134 2233 existiment,
1187 2182 1246 2222 nou
1267 2161 1339 2222 dieit
1354 2162 1533 2242 Apostolus:
1559 2161 1701 2222 Mortuis
1725 2157 1876 2236 euastaeii·

440 2249 557 2311 scilicet
583 2247 621 2308 ad
648 2267 751 2309 omnes
776 2256 923 2319 mortuos,
947 2250 998 2328 qui
1020 2246 1134 2306 fruente
1187 2257 1299 2323 eatur,
1324 2250 1407 2309 velut
1422 2249 1460 2311 de
1476 2266 1508 2308 re
1524 2245 1716 2328 quotidiana,
1732 2245 1787 2308 sed
1801 2262 1876 2306 enar·

439 2335 602 2415 Evangelii
618 2335 675 2395 sibi
690 2334 857 2414 praedicati
872 2353 1002 2414 capaces
1017 2345 1133 2410 essent,
1188 2340 1250 2397 tuis
1265 2337 1517 2412 evangelizatum
1540 2342 1600 2410 eet,
1625 2343 1785 2414 tamquam
1803 2330 1840 2394 da
1851 2351 1878 2391 ra

440 2423 505 2485 sive
531 2422 576 2482 illi
595 2422 659 2500 jam
682 2423 714 2481 in
736 2420 877 2482 Abrabae
899 2422 995 2482 sinnm
1021 2423 1135 2501 recepti
1187 2424 1282 2484 semel
1298 2423 1395 2497 lacta,
1421 2423 1536 2484 scilicet
1559 2442 1578 2481 a
1592 2419 1734 2493 Christo,
1761 2416 1877 2501 quadiu

440 2510 582 2582 inissent,
606 2508 696 2587 plene
717 2511 854 2589 purgati,
876 2509 944 2568 sive
963 2508 1067 2589 poenis
1083 2507 1133 2568 ad·
1187 2513 1276 2592 priori
1293 2512 1358 2571 loca
1375 2510 1432 2569 fuit
1453 2527 1640 2587 expressum.
1678 2506 1724 2568 Ut
1747 2508 1877 2578 amesa

440 2597 499 2658 hnc
513 2595 696 2678 purgatoriis
717 2594 862 2673 subjecti,
886 2615 952 2655 cum
972 2597 1002 2655 in
1018 2604 1134 2655 senten·
1187 2599 1275 2657 nimis
1291 2598 1454 2677 improprie
1475 2601 1618 2656 mortuae
1641 2613 1697 2674 per
1716 2597 1877 2656 maritaret

440 2686 485 2744 tia
505 2687 604 2764 priore
626 2680 664 2743 de
686 2681 759 2742 solis
782 2683 818 2741 iis
841 2682 1005 2762 spiritibus,
1029 2684 1083 2759 qui
1105 2684 1144 2741 in*
1188 2686 1314 2764 exponi,
1329 2684 1504 2765 praesertim
1520 2700 1587 2742 cum
1603 2681 1634 2742 in
1650 2700 1705 2753 eo,
1724 2679 1808 2762 qnod
1820 2699 1875 2760 pro

440 2789 560 2830 carcere
568 2776 662 2841 erant,
674 2788 818 2848 expressa
826 2769 936 2828 mentio
945 2766 1134 2829 iactafuerit.
1187 2773 1267 2832 xime
1289 2769 1460 2850 praecedit,
1490 2769 1528 2838 ii,
1559 2768 1613 2846 qni
1636 2770 1762 2848 proprie
1780 2765 1876 2829 martel

440 2857 521 2919 Nam
536 2854 620 2937 qnod
633 2853 673 2915 ad
688 2854 843 2916 damnatos
855 2876 890 2916 ac
901 2855 1044 2935 reprobos
1060 2877 1134 2917 mor·
1186 2865 1270 2931 sunt,
1297 2858 1511 2939 intelligantur.
1542 2855 1644 2915 Minus
1666 2855 1786 2935 placet,
1808 2848 1876 2935 qaod

440 2955 560 3004 tuorum
575 2944 699 3022 spiritns
715 2944 829 3017 attinet,
844 2942 937 3004 nihilo
953 2944 1049 3022 magis
1065 2942 1135 3017 illis,
1187 2945 1268 3005 alius
1284 2944 1414 3025 qnidam,
1430 2943 1469 3005 ad
1485 2942 1566 3003 solos
1585 2944 1715 3021 spiritus
1730 2940 1876 3003 ammas

441 3050 533 3112 qnam
566 3029 778 3103 daemonibus,
819 3049 944 3109 querum
983 3039 1135 3090 consortes
1187 3031 1265 3092 hane
1279 3040 1393 3111 partem
1409 3029 1557 3102 referens,
1574 3028 1689 3108 quibus
1703 3048 1791 3089 snam
1806 3026 1874 3088 dara

441 3116 514 3179 iacti
538 3118 672 3190 inerant,
698 3116 901 3195 Evangelium
926 3114 1077 3179 aOhristo
1095 3116 1134 3178 ad
1187 3122 1340 3179 nationem
1363 3117 1434 3179 dicit
1456 3137 1475 3177 a
1499 3114 1618 3176 Christo
1645 3115 1876 3176 declaratanat

440 3205 554 3267 inferos
568 3202 704 3286 proiecto
719 3202 953 3284 praedicandum
969 3203 1033 3265 tuit.
1188 3207 1334 3285 ingestam
1350 3205 1456 3276 luisse,
1471 3202 1613 3263 verbnm:
1629 3201 1875 3278 evangelizatam

483 3292 597 3353 Verum
619 3293 715 3369 magis
740 3290 866 3350 arbitror
889 3310 954 3350 esse
979 3311 1017 3351 ex
1035 3302 1135 3352 mente
1188 3300 1248 3366 est,
1280 3293 1419 3370 exponit:
1443 3289 1667 3367 praedicatum
1699 3297 1755 3350 eat
1797 3283 1875 3367 and

438 3380 591 3461 Apostoli,
613 3376 650 3437 de
665 3379 701 3437 iis
726 3385 842 3438 tantum
865 3378 912 3437 hic
927 3379 994 3455 agi,
1017 3378 1056 3438 de
1070 3380 1133 3458 qni·
1188 3387 1268 3440 certe
1289 3380 1377 3438 nimie
1399 3386 1446 3437 est
1467 3375 1644 3451 violentum,
1673 3396 1733 3437 nec
1753 3372 1815 3436 nlla
1834 3370 1876 3433 val

438 3468 496 3527 bna
519 3476 591 3528 ante
612 3472 730 3543 egerat,
756 3464 788 3525 id
809 3472 855 3524 est
875 3462 912 3522 de
935 3465 1087 3543 spiritibus
1104 3468 1133 3523 in
1187 3465 1341 3544 exemplo,
1364 3464 1413 3525 vel
1435 3464 1615 3523 anctoritate
1638 3463 1763 3542 probari
1787 3468 1875 3542 patra

438 3572 556 3614 arcere
570 3552 743 3633 purgatorio
760 3552 943 3623 constitutis,
960 3553 1010 3630 qui
1025 3554 1056 3611 in
1071 3551 1132 3611 die·
1187 3572 1223 3612 ea
1239 3553 1426 3624 catachresis,
1441 3569 1502 3630 qna
1516 3550 1738 3624 evangelizari
1752 3550 1876 3627 capiam

437 3639 495 3700 bus
519 3640 585 3700 Noc
607 3637 753 3698 increduli
774 3637 912 3709 fuerant,
935 3635 1034 3714 deque
1055 3637 1133 3710 aliis,
1188 3641 1219 3698 iu
1233 3639 1340 3699 malam
1358 3647 1479 3717 partem.

440 3747 565 3807 quornm
581 3724 684 3786 similis
701 3732 765 3783 erat
779 3743 879 3796 censs,
895 3743 948 3783 cnr
962 3743 998 3784 eo
1014 3743 1134 3784 carcere
1230 3725 1273 3786 Ut
1298 3727 1403 3805 igitur,
1431 3721 1513 3804 quod
1537 3722 1586 3783 hie
1608 3720 1684 3782 dicit
1711 3718 1875 3802 Apostolu,

438 3815 654 3878 detinerentur.
684 3809 733 3871 De
748 3811 897 3871 varietate
913 3812 1134 3889 expositionum
1187 3831 1251 3872 curn
1268 3832 1320 3884 eo,
1348 3810 1429 3892 qnod
1452 3808 1531 3870 dixit
1553 3828 1620 3888 esp.
1636 3827 1755 3889 super,
1776 3824 1873 3868 conve

437 3903 596 3979 ntrinsqnc
611 3898 684 3969 loci,
707 3898 801 3956 multa
817 3896 945 3959 diximus
961 3917 1026 3976 cap.
1044 3917 1132 3976 supe
1186 3899 1264 3969 nist,
1295 3898 1417 3958 videtur
1449 3893 1662 3975 exponendum
1693 3894 1754 3955 boo
1780 3891 1874 3955 nodo:

437 3988 522 4060 riori,
549 4004 628 4065 qnae
653 4004 713 4044 non
740 4003 816 4063 opns
842 3992 888 4043 est
913 3984 962 4044 bic
988 3992 1133 4063 repetere.
1187 3982 1341 4063 (lugentur
1355 3985 1439 4064 impii
1462 3983 1507 4043 illi
1530 3990 1561 4042 et
1581 3980 1724 4042 maledici
1739 3983 1874 4042 nnus·

438 4074 572 4133 'l'antnm
595 4071 691 4143 eddo,
717 4071 865 4132 Josnnem
880 4070 1052 4131 Hesselium
1075 4070 1134 4129 buc
1186 4070 1315 4131 reddere
1337 4072 1453 4132 Christo
1477 4068 1623 4141 Domino,
1647 4068 1701 4148 qui
1716 4070 1820 4129 veniet
1834 4066 1873 4147 jn

439 4158 560 4220 adferre
584 4157 766 4237 singularem
790 4155 940 4236 quendam
956 4164 1132 4217 commenta·
1188 4156 1340 4217 dicaturus
1362 4159 1448 4216 vivos
1470 4163 1499 4216 et
1521 4163 1663 4214 mortuos
1693 4154 1777 4215 Nam
1794 4153 1873 4213 utin

437 4248 530 4319 rium,
546 4264 607 4324 qno
622 4251 764 4304 manuae
783 4245 998 4321 interpretatur
1012 4246 1133 4303 moritu·
1188 4242 1344 4323 telligatis,
1367 4265 1426 4304 non
1442 4242 1536 4303 solum
1551 4242 1654 4314 vivus,
1679 4240 1738 4301 sed
1760 4249 1790 4301 et
1810 4257 1873 4300 nor

437 4353 503 4409 ros,
520 4342 671 4410 tamquam
684 4349 723 4389 ex
736 4350 770 4389 eo
783 4329 889 4389 doceat
902 4331 1023 4404 Petrus,
1041 4331 1134 4391 Obri·
1187 4341 1257 4391 tuos
1275 4330 1498 4409 judicaturum:
1524 4347 1584 4388 non
1603 4326 1685 4388 vivis
1708 4335 1826 4388 tantem
1843 4322 1875 4383 ab

436 4427 520 4482 num
537 4419 761 4494 judicaturum
786 4424 945 4491 mortuos,
974 4420 1050 4494 quia
1075 4435 1135 4493 per
1188 4438 1224 4479 eo
1237 4416 1443 4496 praedicatum
1455 4412 1875 4494 cstElvaugclium,aadafiu

435 4511 508 4584 pioe
523 4509 626 4578 uiros,
644 4504 757 4584 inquit,
775 4504 1013 4579 ecanaelizatur
1027 4505 1133 4581 quoti·
1187 4505 1328 4579 mortuis3
1351 4512 1421 4563 tunc
1434 4503 1588 4573 nimirum,
1608 4499 1733 4580 quando
1753 4508 1875 4561 mortun

438 4595 507 4668 die,
524 4595 619 4654 etiarn
635 4594 691 4665 iia,
716 4592 771 4666 qui
791 4598 923 4667 propter
941 4590 1060 4651 scelera
1074 4609 1134 4650 aua
1188 4590 1227 4651 ad
1243 4600 1425 4651 mortuarum
1440 4589 1506 4649 loca
1521 4586 1685 4649 descendit
1726 4585 1875 4668 Quodnam

437 4680 618 4755 adjudicati
628 4685 702 4739 aunt
713 4680 809 4737 morti
814 4700 827 4753 ,·
841 4678 968 4754 boeliae
979 4677 1133 4752 videlieet,
1188 4678 1390 4757 Evangelinm
1419 4676 1542 4736 mortuis
1578 4673 1821 4753 praedicaverit,
1853 4670 1874 4729 ai

435 4774 490 4841 ut,
518 4767 575 4826 etsi
594 4765 685 4841 apud
707 4766 849 4825 homines
872 4765 1134 4838 condemnentur,
1188 4784 1332 4845 quaeras,
1347 4761 1569 4843 respondemus,
1587 4763 1617 4821 in
1632 4781 1751 4841 genera
1763 4758 1875 4843 quido

437 4860 474 4912 ut
489 4853 661 4914 seeundum
674 4870 803 4913 carraem
815 4854 1009 4925 moriantur,
1024 4854 1136 4913 cicant
1189 4850 1378 4929 praedicasse
1395 4849 1486 4921 idem,
1509 4847 1593 4928 qnod
1608 4849 1706 4921 vivis,
1722 4865 1838 4929 nempe,
1848 4861 1874 4903 ar

438 4947 546 5000 tamen
560 4939 650 5015 apud
665 4941 768 5001 Deum
791 4941 827 5000 ia
849 4940 977 5012 anima,
1002 4944 1136 5014 propter
1189 4937 1331 4999 Moesiam
1354 4957 1437 5006 csse,
1464 4944 1496 4995 et
1518 4932 1630 4995 Filium
1653 4934 1731 5009 Dei,
1761 4936 1812 5015 qni
1829 4947 1874 4991 aa

436 5025 530 5104 fldem
547 5034 577 5086 et
595 5030 884 5100 conversationem,
908 5043 1004 5102 quarn
1029 5028 1064 5085 in
1080 5043 1135 5086 ea·
1188 5026 1328 5106 passione
1342 5032 1371 5085 et
1385 5032 1482 5085 morte
1502 5039 1602 5101 genus
1620 5021 1788 5085 humanum
1799 5015 1872 5082 rada
