4442 5825
725 615 887 672 neroum
911 616 951 671 rn
968 614 1135 670 mansos.
1169 615 1255 670 rens.
1275 618 1298 671 r.
1652 625 1726 695 tta

371 792 443 860 nic
456 785 499 882 ¹),
535 794 669 865 dicens:
704 791 826 866 Adhuc
865 800 987 883 semel,
1023 803 1058 865 et
1091 817 1155 884 ego
1188 796 1329 865 movebo
1365 818 1431 865 non
1458 799 1563 867 solum
1591 805 1725 887 terram,

371 888 394 951 ἴ
426 900 567 968 coelum.
624 902 683 968 tt.
714 901 812 987 Quod
839 909 971 988 autem,
998 902 1120 970 Adhuc
1148 903 1268 989 semol,
1297 902 1396 988 dicit,
1438 893 1625 985 declarat²)
1652 924 1725 971 mo·

371 1004 395 1057 fl
426 1005 673 1072 translationem
701 1013 869 1096 tamquam
897 1007 1077 1093 lectorum,
1111 1012 1149 1073 ut
1174 1013 1331 1074 maneant
1359 1027 1417 1092 ea,
1446 1027 1531 1095 quae
1559 1014 1635 1076 sunt
1662 1010 1725 1075 im·

371 1086 432 1172 [ὶι
480 1109 540 1177 28.
568 1110 688 1199 Itaque
715 1130 852 1197 rognum
881 1109 1048 1179 immobile
1058 1100 1084 1193 3)
1112 1111 1352 1198 suscipientes,
1383 1107 1545 1178 habemus
1572 1113 1725 1199 gratiam,

378 1216 469 1290 quem
502 1214 686 1281 serviamus
720 1214 895 1302 placentes
927 1215 1022 1300 Deo,
1063 1234 1138 1282 cum
1174 1220 1265 1281 metu
1304 1220 1339 1282 et
1374 1206 1609 1298 reverentia⁴).
1665 1217 1725 1281 29.

371 1298 419 1378 {lm
440 1315 528 1384 Deus
555 1308 704 1401 noster³)
730 1320 816 1406 ignis
844 1339 1040 1387 consumens
1068 1324 1130 1385 est.

849 1543 1156 1552 n—--—-—---——

741 1726 946 1796 Sllllllllilllll
968 1727 1094 1796 uultis
1116 1725 1303 1795 tituletur.

371 1843 404 1908 olo
429 1846 521 1901 curten
546 1850 571 1899 et
595 1851 713 1900 veterum
736 1849 866 1912 justorum
890 1851 1007 1903 hortetur
1030 1850 1163 1903 Hebraeos
1191 1849 1223 1902 ed
1247 1850 1410 1902 tolerantiam
1434 1850 1597 1914 pemlonum,
1621 1849 1726 1912 doeens,

383 1913 462 1968 lleum
480 1915 547 1969 filios
564 1929 626 1969 suos
645 1916 824 1972 emiuroninus
843 1931 975 1973 exercerc.
1011 1919 1108 1971 Deinde
1134 1919 1166 1971 ed
1185 1932 1275 1984 pacem
1294 1924 1320 1972 et
1338 1920 1502 1972 concordiam
1521 1919 1619 1983 inritat,
1638 1925 1726 1971 osten·

383 1982 460 2050 dens,
479 1997 531 2038 non
549 1986 583 2038 ed
602 1994 717 2040 montem
736 1993 879 2053 terrenum,
898 1989 944 2041 sed
962 1989 995 2041 ed
1013 1988 1160 2042 Jerusalem
1179 1990 1318 2041 coelestem
1336 2002 1381 2041 eos
1399 1989 1549 2042 amessisse.

373 2110 512 2188 Ideoque
535 2118 566 2172 et
594 2131 653 2174 noe
678 2121 803 2174 tantam
829 2113 977 2174 habentes
1029 2114 1137 2187 cinam,
1154 2123 1185 2173 et
1200 2112 1509 2174 curasiisadmixtas.
1533 2113 1725 2192 Quamquam

371 2200 457 2259 men
474 2199 589 2259 nubem
613 2203 746 2261 testium.
784 2200 873 2279 Quae
888 2220 974 2280 supe·
1028 2203 1059 2261 in
1078 2219 1187 2279 genere
1206 2201 1337 2276 pondus
1360 2200 1487 2280 intelligi
1510 2208 1609 2280 potest
1629 2202 1726 2260 omnis

371 2286 467 2365 sepite
489 2283 631 2347 disseruit
658 2287 695 2347 de
720 2286 780 2348 lide
803 2297 974 2348 sanctorum
1027 2287 1154 2348 affectus
1169 2293 1315 2360 terrenus,
1331 2295 1360 2347 et
1375 2288 1494 2347 omnino
1507 2285 1656 2367 quidquid
1672 2287 1723 2346 im-

371 2389 415 2445 m,
430 2390 512 2433 nunc
532 2372 616 2435 velut
631 2374 748 2454 epilogo
764 2372 923 2448 concludit,
940 2394 975 2435 ac
1026 2373 1202 2455 pedimento
1229 2373 1316 2435 nobis
1339 2393 1406 2434 osee
1429 2383 1523 2451 queat
1543 2371 1583 2432 ad
1606 2392 1724 2433 eorsum

371 2467 414 2518 rto
429 2458 643 2534 accommodat,
660 2460 824 2522 exhortans
838 2460 972 2522 Hebrae·
1026 2460 1226 2542 spiritualem,
1242 2459 1280 2521 de
1296 2480 1356 2541 quo
1371 2461 1471 2521 statim
1486 2460 1630 2519 meminit.
1662 2457 1725 2538 Qui

371 2554 381 2604 t
405 2543 525 2606 illorum
542 2547 709 2609 imitatione
731 2548 886 2626 incoepto
910 2567 972 2608 cur·
1027 2548 1106 2607 enim
1122 2566 1241 2607 currere
1256 2547 1338 2623 vult,
1354 2546 1392 2607 ab
1409 2547 1488 2607 omni
1503 2547 1620 2608 sarcina
1635 2564 1723 2626 expe

371 2640 532 2693 mererent
554 2632 713 2708 indefessi,
740 2654 777 2694 ae
798 2635 972 2712 patientiam
1027 2633 1109 2694 ditus
1125 2651 1193 2695 esse
1209 2632 1309 2694 debet.

371 2725 401 2778 rt
426 2717 545 2780 Graece
559 2739 618 2781 non
634 2730 682 2781 est
695 2722 896 2797 impositam,
919 2721 974 2781 sed
1069 2723 1112 2783 Et
1138 2723 1345 2783 decantatam
1369 2738 1428 2782 nos
1448 2727 1621 2797 peccatam.
1659 2721 1724 2781 Nos

371 2808 532 2883 repositam
539 2851 550 2880 ,
567 2805 668 2869 addito
680 2808 855 2888 pronomine
871 2807 969 2869 nobis.
1026 2805 1163 2868 additum
1190 2816 1237 2868 est
1265 2808 1303 2867 ab
1330 2809 1491 2889 interprete
1516 2807 1590 2868 lucis
1620 2825 1723 2867 censa

389 2890 497 2953 eedem
524 2901 572 2954 est
598 2894 687 2957 lectio
713 2895 832 2977 Syriaci
859 2902 972 2957 textus.
1026 2897 1194 2956 Peccatum
1217 2913 1276 2956 noe
1301 2898 1510 2957 circumstans
1533 2894 1657 2975 quidam
1680 2894 1724 2954 in·

371 2997 394 3039 n
409 2980 616 3059 metaphorice
638 2981 715 3043 dixit
729 2983 881 3062 copiosam
897 2982 971 3042 mul·
1025 2982 1165 3062 telliguut
1180 2984 1457 3062 concupiscentiam
1478 3002 1516 3043 ex
1540 2982 1655 3062 origine
1670 3001 1721 3041 no·

371 3085 450 3140 nem,
466 3066 583 3129 scilicet
597 3067 635 3130 ob
651 3068 835 3130 densitatem.
869 3071 973 3131 Testes
1025 3068 1071 3130 bie
1086 3070 1219 3142 insitam,
1243 3068 1389 3131 adversus
1405 3088 1495 3149 qnam
1509 3076 1658 3149 perpetua
1672 3088 1723 3128 no·

371 3162 486 3214 sanctos
512 3165 695 3217 memoratos
722 3156 873 3237 appellat,
900 3157 972 3236 qnia
1025 3153 1071 3216 bie
1086 3164 1134 3216 eet
1148 3175 1258 3237 pugna.
1288 3156 1379 3216 Hanc
1395 3158 1474 3216 enim
1490 3155 1655 3236 Apostolus
1670 3155 1724 3215 eli·

371 3240 440 3301 'eris
465 3242 526 3303 suis
553 3241 720 3304 aetionrlrus
743 3242 844 3325 palam
867 3243 970 3304 testiti-
1026 3241 1147 3322 quando
1163 3251 1318 3324 peceatum
1334 3253 1436 3315 vocat,
1453 3244 1541 3304 etiam
1557 3244 1586 3302 in
1601 3243 1724 3313 renatis,

371 3333 436 3402 rnt,
463 3336 577 3407 quanta
591 3330 631 3390 sit
645 3331 742 3390 virtus
757 3330 841 3403 fidei,
857 3341 917 3390 tem
933 3328 972 3389 ad
1024 3338 1059 3390 ut
1071 3330 1158 3390 Rom.
1174 3330 1202 3390 6.
1219 3338 1250 3390 et
1266 3332 1310 3402 7.,
1331 3349 1368 3390 eo
1391 3327 1470 3409 quod
1491 3348 1612 3407 semper
1626 3328 1722 3388 homi·

371 3414 421 3474 eia
434 3414 494 3475 Dei
518 3415 733 3495 promerenda,
760 3436 851 3497 quam
874 3416 914 3477 ad
928 3416 970 3477 ie·
1025 3435 1094 3477 nem
1109 3415 1149 3477 ed
1171 3424 1325 3497 peccatum
1346 3416 1496 3477 sollicitet
1532 3417 1634 3494 Atque
1657 3433 1723 3478 eata

378 3499 502 3562 destiter
521 3502 661 3580 adversm
685 3504 736 3584 qui
759 3502 886 3583 proinde
905 3503 972 3564 loco
1026 3502 1303 3565 videturErasmus
1315 3502 1484 3583 significare
1495 3503 1635 3575 voluisse,
1651 3499 1721 3561 dum

371 3589 517 3650 simorum
525 3591 644 3651 testium
655 3589 743 3651 nobis
755 3610 822 3652 esse
833 3589 971 3651 debeant
1025 3592 1068 3650 sic
1084 3592 1192 3651 vertit:
1216 3592 1259 3652 Et
1274 3593 1427 3651 tenaciter
1448 3591 1633 3651 inhaerente
1646 3605 1721 3664 pec·

371 3676 507 3755 uitaque
517 3678 638 3737 testium
649 3676 745 3737 naboe
755 3677 896 3757 imposita
908 3678 973 3738 sive
1025 3683 1104 3737 cato.
1141 3677 1189 3738 De
1218 3676 1326 3738 ecdem
1355 3679 1568 3757 interpretetur
1596 3674 1719 3736 Bibere.

371 3763 487 3842 rposita
505 3782 541 3823 ec
557 3764 737 3825 circumfusa
750 3763 838 3825 nobis
854 3762 972 3837 dieitur,
1025 3763 1086 3824 Sed
1114 3765 1187 3844 quia
1212 3765 1468 3845 eoncupiscentia,
1488 3763 1559 3824 dum
1582 3762 1722 3835 vivimus,

371 3867 423 3911 em
438 3848 524 3909 multi
540 3858 626 3925 eunt,
644 3862 694 3924 ut,
710 3868 901 3930 quocumque
916 3871 972 3911 noe
1025 3848 1136 3931 deponi
1158 3860 1188 3912 et
1202 3853 1273 3913 exui
1293 3871 1353 3911 non
1376 3860 1492 3932 potest,
1515 3850 1604 3911 aliter
1627 3868 1663 3908 se
1682 3846 1721 3908 de

371 3934 712 4011 rus,obviesintsornm
725 3938 873 4016 exempla.
897 3938 971 3999 (lum
1024 3956 1097 3997 vero
1123 3948 1249 4017 peccato
1279 3936 1401 3998 videtur
1429 3934 1643 4017 intelligendus
1672 3933 1721 3995 hic

371 4067 378 4097 ‚
403 4023 518 4105 inquit,
544 4031 629 4085 teuta
649 4023 729 4086 nube
744 4026 864 4086 testium
878 4026 971 4085 simus
1024 4023 1115 4086 loeus.

371 4126 406 4170 ue
422 4112 625 4191 circumsepti,
647 4110 808 4187 faciamus,
830 4110 911 4192 quod
926 4131 971 4173 ee·
1068 4111 1239 4172 Errantem
1261 4109 1441 4185 notandum,
1468 4131 1522 4191 pro
1544 4110 1719 4191 participio:

371 4217 392 4258 rc
1023 4201 1248 4274 circumstans,
1270 4199 1302 4259 in
1324 4196 1442 4259 Graeco
1464 4217 1529 4259 esee
1543 4218 1653 4259 nomen
1668 4198 1719 4258 tri·

371 4289 520 4361 ponentes
549 4302 643 4345 omne
669 4284 806 4362 pondus.
852 4283 970 4346 Graeca
1024 4288 1222 4365 compositum
1253 4278 1482 4362 εὐπερίστατον,
1513 4288 1595 4366 quod
1626 4292 1721 4357 ronst,

377 4363 478 4448 drzu<
492 4368 641 4433 interdum
661 4371 792 4449 pendae
813 4391 868 4433 seu
890 4389 968 4432 mss·
1022 4391 1059 4433 ac
1080 4374 1106 4432 si
1131 4372 1232 4433 dicas:
1259 4373 1336 4434 bene
1357 4373 1596 4435 dreametabile.
1632 4374 1720 4434 Bene

371 4457 517 4539 fignificat,
531 4456 680 4518 interdurn
693 4466 858 4519 tumorem.
881 4456 971 4521 Unde
1023 4467 1140 4533 autem,
1167 4458 1260 4521 idest
1277 4459 1374 4521 facile.
1413 4460 1506 4539 Quod
1522 4461 1627 4522 Graeci
1642 4478 1719 4520 com·

371 4563 440 4606 erus
451 4544 555 4605 vertit:
568 4546 663 4607 Omni
672 4553 798 4607 tumore
808 4545 969 4623 deposit03
1023 4548 1205 4607 mentatore'e
1220 4548 1304 4608 varie
1320 4558 1493 4629 exponunt3
1509 4559 1562 4609 cut
1576 4557 1607 4606 ut
1622 4548 1721 4609 active

371 4637 463 4692 netes
475 4637 604 4691 mentem
619 4631 726 4707 Pauli,
750 4633 807 4693 imo
823 4640 855 4693 et
868 4633 969 4694 Theo·
1021 4633 1219 4714 intelligatur,
1235 4636 1305 4717 quia
1315 4643 1473 4715 peccatum
1488 4635 1577 4696 facile
1592 4633 1718 4696 circum·

371 4717 425 4791 eti,
452 4736 544 4799 quern
573 4718 796 4801 interpretatur.
834 4719 864 4780 le
890 4721 969 4787 euim
1022 4722 1108 4781 venit
1129 4740 1165 4780 ac
1189 4723 1285 4782 vincit
1305 4721 1457 4797 homines,
1483 4728 1586 4801 utpote
1609 4740 1718 4801 pronos

371 4806 891 4887 exponitterrsstriumnegotiorum
906 4825 968 4868 ser·
1021 4805 1061 4868 ad
1075 4805 1280 4887 peccandum3
1302 4817 1354 4870 aut
1373 4816 1407 4869 ut
1420 4808 1557 4890 passive,
1581 4808 1654 4889 quia
1675 4808 1718 4870 ln-

372 4997 585 5140 2112ιη3,28,.7.
621 5002 756 5067 ¹)Psalm.
778 5006 896 5071 1⁰1‚27.
930 5001 1025 5072 ⁸)Jes.
1045 5008 1070 5070 a,
1088 5008 1112 5058 7.
1136 5007 1200 5059 Dan.
1217 5010 1243 5073 2,
1262 5010 1304 5063 44.
1323 5008 1350 5073 7,
1370 5007 1409 5078 ll.
1443 5003 1469 5071 ⁴)
1486 5006 1550 5063 Phil.
1569 5010 1594 5073 2,
1617 5012 1655 5066 12.
1691 5008 1716 5076 ⁵)

500 5112 510 5141 r
1609 5121 1614 5143 r
