4442 5825
748 591 909 647 urtstotlu
927 591 945 646 l.
963 591 1050 646 tutu
1068 590 1201 646 toruus
1236 589 1320 644 tutts
1342 591 1380 644 ts.
1705 598 1776 666 701

357 777 509 832 meritum
532 777 666 846 vocatur,
687 769 758 851 quia
780 771 824 832 sic
845 771 876 832 in
899 789 934 831 eo
950 789 1027 830 com·
1082 769 1181 830 cinctu
1198 776 1252 841 est,
1275 776 1309 828 ut
1323 767 1433 841 veniat,
1458 764 1600 848 quodque
1614 767 1718 828 venire
1733 768 1777 827 in·

357 855 445 918 suda
466 864 535 919 sunt
558 858 673 931 omnia,
696 866 730 917 ut
752 864 820 939 poet
840 855 914 917 illud
930 876 1028 938 usque
1081 857 1165 935 cipit.
1193 856 1239 914 De
1255 874 1315 936 quo
1331 855 1441 915 Latine
1456 853 1598 916 dicimus:
1614 855 1777 917 udusutot.

357 943 363 1004 l
380 942 490 1005 muudi
504 944 596 1006 huam
613 952 645 1005 et
655 944 777 1004 Domini
792 942 957 1005 adveutum
969 965 1029 1005 uun
1081 941 1132 1003 Sic
1154 944 1232 1003 enim
1257 950 1288 1003 et
1311 940 1348 1002 de
1370 942 1441 1003 Elis
1461 940 1572 1002 dicitur
1586 941 1694 1001 Matth.
1712 945 1778 1003 lt:

357 1052 362 1090 ;
378 1029 463 1092 slius
478 1051 577 1093 rerum
592 1039 689 1094 sutus
705 1030 933 1112 exspectandus,
956 1051 1028 1112 quo·
1081 1020 1226 1107 ἔρχεται,
1251 1029 1331 1111 quod
1349 1031 1494 1109 interpres
1510 1028 1552 1090 ibi
1567 1030 1672 1088 vertit:
1700 1048 1778 1091 ocn-

357 1116 420 1179 udo
437 1126 507 1198 post
528 1116 656 1178 hominis
672 1128 854 1179 senectutem
870 1139 931 1180 uon
946 1127 1029 1178 aetas
1080 1123 1172 1177 turus
1194 1123 1247 1177 cst.
1284 1116 1331 1177 lta
1352 1113 1506 1188 Christus,
1528 1117 1704 1214 priusquam
1726 1116 1778 1176 sd·

357 1208 401 1280 is,
425 1205 483 1266 scd
497 1225 578 1265 mors
595 1213 798 1286 exspectatur.
828 1205 915 1265 Unde
931 1212 963 1265 et
976 1206 1028 1266 ul·
1081 1204 1232 1279 venisset,
1270 1201 1436 1264 vocabatur
1464 1193 1649 1280 ἐρχομενος,
1687 1203 1779 1264 inter·

357 1311 410 1354 scu
433 1291 550 1353 muudi
570 1300 657 1353 ustus
677 1291 734 1353 hoc
749 1301 866 1373 tempus
881 1291 1029 1372 appellari
1080 1290 1258 1369 rogantibus
1273 1309 1340 1351 eum
1357 1287 1514 1369 discipulis
1527 1288 1656 1350 loannis
1667 1289 1776 1350 Mstth.

357 1380 416 1455 let,
433 1388 499 1440 ets
514 1379 545 1440 S.
560 1379 659 1439 Psulo
674 1382 903 1441 comuntmctio
918 1398 1027 1440 saccu-
1083 1381 1149 1437 11.:
1182 1378 1232 1438 Tu
1255 1397 1303 1453 ss,
1326 1380 1382 1454 qui
1403 1383 1558 1438 oraturus
1581 1377 1635 1436 ss?
1661 1374 1778 1437 idest:

357 1485 437 1528 rssm
452 1474 576 1527 vocatur
589 1465 668 1526 Hel).
682 1470 710 1529 9.
728 1465 797 1547 Quo
813 1468 878 1529 loco
891 1465 1029 1546 pluribus
1084 1465 1175 1525 Turis
1200 1482 1231 1524 cs
1257 1465 1322 1540 illc,
1350 1467 1405 1541 qui
1431 1467 1621 1540 exspectaris
1638 1467 1778 1538 jamjam

357 1573 406 1615 mc
444 1553 619 1634 Scriptum
653 1553 787 1634 phrasim
825 1554 1028 1634 exposuimus.
1080 1551 1280 1628 adfuturus?
1307 1551 1403 1630 igitur
1418 1559 1448 1610 et
1462 1551 1520 1611 hoc
1535 1550 1601 1611 loco
1615 1561 1697 1611 recte
1710 1570 1777 1612 ver·

357 1639 408 1702 uls
433 1640 534 1713 etism,
556 1659 636 1721 quae
657 1638 695 1701 de
711 1660 747 1701 ea
763 1659 794 1699 re
810 1641 914 1700 scribit
929 1637 1026 1699 Oecu·
1080 1644 1149 1697 tunt
1162 1640 1307 1699 Erasmus
1323 1645 1354 1697 et
1368 1637 1436 1697 alii:
1470 1639 1630 1698 chturus
1645 1644 1698 1713 sst,
1723 1659 1777 1716 pro

357 1728 448 1790 entus
462 1728 536 1786 satis
552 1733 675 1803 exacte3
697 1729 813 1787 tametsi
837 1727 918 1806 quod
934 1724 1027 1799 addit,
1081 1743 1141 1804 quo
1163 1725 1299 1787 nonnulli
1321 1724 1499 1785 soloecismo
1517 1724 1665 1804 quodam:
1689 1724 1778 1786 debet

357 1816 561 1890 missimum,
595 1816 660 1874 sios
698 1822 867 1876 extremum
899 1811 1028 1892 intelligi
1081 1815 1206 1887 ucssirc,
1229 1810 1310 1893 quod
1326 1810 1430 1872 codem
1446 1811 1560 1872 recidit
1590 1810 1652 1873 Sed
1668 1821 1777 1884 tamen,

359 1921 418 1963 sse
446 1901 627 1980 pessimum,
653 1901 739 1974 sicut,
766 1920 857 1981 quum
884 1898 1027 1960 dicimus:
1080 1906 1115 1957 ut
1136 1897 1213 1972 dixi,
1237 1900 1408 1980 procinctus
1431 1907 1461 1958 et
1477 1899 1670 1977 praeparatio
1686 1918 1776 1978 quse·

357 1989 376 2049 i
404 1995 582 2049 extremum
605 1988 685 2048 mali
705 1991 870 2065 pervertit:
894 1995 1025 2068 praeter·
1080 1984 1150 2046 dsru
1161 1985 1199 2046 ad
1212 1987 1416 2065 praesentiam
1428 1984 1576 2046 adventus
1586 1985 1777 2065 significatur,

357 2095 422 2136 tam
439 2073 523 2154 quod
538 2075 670 2135 alienum
687 2084 734 2135 est
748 2096 767 2136 a
778 2074 880 2155 phrasi
892 2076 1026 2154 Scripta·
1080 2074 1137 2132 etsi
1159 2074 1301 2154 temporis
1324 2073 1438 2132 incerta
1461 2075 1501 2132 sit
1523 2092 1614 2132 mora.
1646 2073 1724 2133 Nam
1748 2083 1779 2132 et

357 2182 387 2236 ο,
413 2181 521 2242 parum
543 2163 618 2223 scits
639 2160 755 2222 dicitur.
793 2162 862 2221 Nou
878 2162 956 2221 eninr
972 2179 1026 2222 su·
1080 2158 1119 2220 de
1142 2158 1190 2219 die
1213 2160 1340 2221 extremi
1359 2159 1467 2236 judicii
1483 2159 1608 2221 dicitur:
1635 2151 1775 2237 ἔρχεται,

357 2267 467 2311 smum
490 2249 640 2330 siguificat
662 2251 834 2326 pessimum,
858 2268 924 2309 cum
946 2246 1026 2309 dico:
1082 2250 1098 2306 1
1115 2246 1224 2306 Thess.
1239 2248 1276 2319 5,
1292 2249 1407 2321 ueniet,
1423 2255 1456 2305 ut
1472 2246 1514 2306 ihi
1529 2256 1632 2306 noster
1646 2255 1776 2309 transtu·

357 2337 374 2396 i
404 2342 582 2396 extremum
609 2335 689 2395 mali
712 2338 861 2412 pervertit
869 2358 881 2413 ;
909 2334 960 2396 sed
987 2334 1026 2394 ad
1078 2333 1129 2408 lit,
1153 2335 1226 2413 quia
1248 2333 1387 2394 nimirum
1409 2333 1453 2392 its
1475 2342 1621 2394 venturus
1644 2332 1697 2395 ille
1711 2333 1777 2395 dies

357 2423 491 2483 ssimum
525 2422 738 2483 determinatur
768 2442 822 2502 per
852 2423 1026 2501 adjunctum
1079 2417 1274 2500 praedicitur,
1298 2427 1332 2478 ut
1352 2438 1470 2499 semper
1484 2419 1571 2481 uubis
1586 2440 1652 2481 usse
1668 2419 1779 2482 debeat

357 2510 499 2571 tuitivum
514 2510 602 2570 muli.
1080 2509 1110 2566 in
1121 2508 1357 2586 exspectatione.
1370 2506 1450 2567 Vide
1459 2509 1638 2568 nostrsiud.
1647 2506 1716 2569 dist
1725 2511 1777 2570 47.

364 2594 533 2656 Praefatur
547 2595 693 2668 Josuues,
717 2596 908 2656 novissimam
924 2594 1026 2656 horam
1123 2593 1227 2668 Porro,
1243 2592 1325 2674 quod
1336 2594 1396 2655 sit:
1412 2594 1555 2656 Audistis
1565 2601 1632 2669 stc,
1647 2595 1710 2656 tale
1721 2605 1776 2670 est,

357 2702 402 2756 se,
429 2702 469 2745 ue
496 2683 638 2744 mirentur
663 2682 774 2755 fideles,
801 2690 844 2743 tot
865 2701 1027 2762 exsurgere
1079 2683 1153 2741 acsi
1166 2678 1296 2742 dicaret:
1309 2679 1469 2741 Traditum
1480 2681 1632 2755 estvobis,
1647 2683 1691 2743 its
1703 2685 1777 2744 estis

357 2789 421 2832 uos
445 2770 613 2849 magistros,
637 2768 757 2830 diversa
779 2777 809 2829 et
830 2767 960 2830 adversa
975 2768 1025 2828 do·
1079 2766 1177 2828 edocti
1199 2788 1218 2828 a
1241 2767 1326 2828 nobis
1343 2765 1455 2829 Christi
1469 2767 1642 2848 Apostolis,
1662 2769 1778 2833 scilicet

357 2864 430 2918 ntes
458 2857 503 2927 iia,
531 2876 611 2938 quae
637 2856 674 2917 ah
702 2857 789 2917 initio
810 2853 927 2916 inerant
951 2857 1026 2935 ipsis
1079 2852 1300 2917 Antichristuut
1323 2862 1483 2916 venturum
1506 2875 1581 2917 esse.
1609 2854 1672 2918 Ubi
1695 2866 1776 2931 uota,

357 2942 449 3005 edita.
491 2943 585 3004 Tales
612 2945 690 3004 cuim
718 2942 826 3003 multos
853 2944 1025 3003 novissimis
1078 2942 1267 3004 traditionem
1290 2960 1356 3003 esse
1378 2943 1599 3021 Apostolicsm,
1621 2945 1681 3006 imo
1700 2944 1774 3007 divi·

357 3028 512 3110 mperihus
529 3040 673 3092 venturos
689 3028 826 3090 Christus
840 3030 985 3089 Dominus
997 3036 1027 3090 et
1078 3049 1157 3103 uam,
1179 3027 1326 3110 Apostolo
1350 3038 1443 3104 teste,
1467 3028 1549 3109 quod
1571 3031 1776 3094 Antichristus

357 3116 467 3197 ¹sustuli
484 3117 549 3196 ejus
561 3117 671 3177 Petrus
684 3126 714 3176 et
725 3116 840 3176 Paulus
855 3124 925 3177 ants
942 3136 1021 3195 prae·
1078 3125 1224 3177 venturus
1239 3116 1289 3175 sit.
1322 3116 1391 3177 Hoc
1414 3118 1491 3176 enim
1512 3116 1652 3197 Apostoli
1667 3127 1775 3181 attra-

357 3211 477 3266 serant.
509 3201 650 3264 Christus
666 3203 789 3283 quidem
805 3202 912 3262 Matth.
929 3204 979 3262 24.
996 3211 1027 3263 et
1079 3201 1194 3275 dereut,
1217 3222 1236 3262 s
1257 3201 1378 3264 Christo
1401 3213 1598 3283 acceperunt,
1623 3206 1676 3285 qui
1699 3206 1776 3267 iuter

357 3311 417 3352 rsa
437 3294 504 3364 13„
527 3309 641 3351 vocaus
661 3308 713 3350 eos
727 3290 982 3351 Pseudcclrristcs
997 3297 1027 3371 st
1078 3289 1139 3350 alia
1164 3289 1285 3350 dixerut
1308 3287 1348 3349 sd
1370 3288 1527 3351 Judseos:
1557 3294 1627 3368 Epo
1652 3296 1725 3354 usus·
1739 3296 1776 3355 ist

357 3376 648 3454 uudoproplsctas3
682 3376 792 3436 Petrus
819 3383 919 3437 antem
947 3376 977 3435 in
1006 3378 1024 3435 2
1078 3376 1328 3438 uomirtsPatris
1339 3379 1412 3451 mci,
1429 3384 1538 3439 stuort
1549 3382 1692 3457 accipitis
1706 3400 1774 3458 ms,·

357 3461 464 3527 >istola
480 3483 545 3545 cup.
562 3465 591 3524 i.
607 3470 637 3524 et
653 3467 691 3538 3,
707 3465 874 3539 muyistros
889 3463 1024 3523 msudu·
1077 3465 1104 3524 si
1127 3464 1210 3523 alius
1235 3465 1356 3526 venerit
1378 3468 1414 3524 irs
1434 3467 1563 3526 numius
1585 3485 1658 3543 suo,
1681 3467 1775 3529 illum

357 3558 418 3613 tst
433 3550 579 3612 illusores
595 3570 648 3611 eos
664 3549 835 3629 appallsus;
859 3558 889 3611 et
910 3549 1024 3610 Paulus
1078 3552 1261 3627 accipistis,
1288 3550 1380 3612 Josn.
1407 3552 1435 3610 b.
1482 3549 1574 3631 Quod
1600 3553 1638 3614 ad
1665 3574 1775 3616 numen

357 3639 438 3700 Tim.
456 3641 485 3699 4.
502 3637 656 3699 et2'1'im.
675 3639 711 3711 3,
728 3637 907 3698 doctrinam
923 3656 1024 3697 eorum
1078 3638 1266 3699 Antichristi
1288 3638 1410 3711 attinet,
1435 3656 1495 3718 quo
1511 3640 1700 3719 significetur
1713 3642 1774 3702 nd·

360 3743 436 3788 usus
463 3725 718 3796 daemoniorum,
747 3734 777 3783 ct
804 3723 909 3803 quales
935 3723 1023 3784 futuri
1077 3728 1237 3784 ocrearius
1253 3724 1379 3799 Christi,
1401 3724 1483 3785 solus
1499 3725 1622 3806 quidem
1638 3727 1773 3791 Joauuss

357 3819 389 3885 tt,
407 3809 592 3873 describens.
623 3808 697 3871 Vult
711 3828 782 3889 ergo
800 3809 953 3885 loannes,
979 3817 1022 3869 at·
1078 3812 1203 3870 siceum
1215 3811 1356 3885 nominat,
1371 3811 1421 3871 hic
1439 3819 1470 3872 et
1481 3831 1545 3893 cap.
1558 3818 1606 3891 4.;
1622 3823 1774 3876 caeterum

357 3908 424 3960 utus
442 3917 509 3958 esse
523 3895 630 3958 fideles
646 3904 679 3956 et
693 3906 805 3969 cautos,
828 3916 867 3956 ne
882 3895 1024 3957 fallentur
1077 3897 1173 3978 qualis
1189 3897 1277 3957 home
1294 3897 1412 3959 iuturus
1428 3900 1483 3971 sit,
1507 3909 1538 3959 ct
1555 3899 1630 3981 quid
1643 3910 1774 3975 acturus,

372 3984 448 4059 illis,
463 3982 502 4044 de
518 3984 629 4063 quibus
642 3984 802 4044 exorituris
815 3981 927 4043 dudum
938 4001 1022 4063 prse-
1077 3986 1201 4063 exponit
1215 3984 1330 4044 Paulus
1346 3986 1364 4043 2
1380 3983 1489 4046 Thess.
1507 3988 1545 4059 2,
1561 4007 1597 4048 ac
1613 3987 1652 4049 de
1666 3987 1773 4049 eodem

357 4073 425 4134 tuiti
454 4067 593 4142 inerant,
625 4069 765 4149 adeoque
791 4077 851 4129 tam
879 4068 1023 4131 adversus
1077 4070 1177 4150 plura,
1201 4069 1255 4130 sed
1271 4069 1406 4145 obscure,
1421 4072 1525 4132 scribit
1541 4072 1623 4135 idem
1638 4074 1774 4137 Josunes

357 4177 458 4219 rorum
482 4157 644 4230 ueritates,
672 4175 762 4238 quam
789 4165 893 4218 contra
918 4156 1022 4217 muudi
1075 4157 1107 4218 in
1123 4176 1178 4216 sua
1193 4156 1390 4236 Apocalypsi.

357 4245 581 4325 ncupisccutiss
601 4264 638 4304 eo
653 4245 747 4322 magis
762 4244 820 4305 sibi
835 4242 1022 4322 vigilandum
1119 4243 1239 4304 Textus
1255 4245 1393 4325 Apostoli
1408 4246 1526 4306 videtur
1541 4246 1727 4309 ordinandus
1742 4258 1773 4311 et

357 4338 426 4405 Laut,
444 4338 560 4411 quanto
576 4330 700 4410 propius
716 4331 833 4391 accedit
850 4330 915 4391 finis
930 4329 1022 4391 horse
1076 4328 1275 4410 explicandus
1304 4332 1361 4393 hoc
1391 4332 1493 4394 modo:
1523 4333 1609 4395 Sicut
1635 4333 1771 4409 audistis,

358 4420 517 4491 vissimae,
533 4416 655 4499 quando
666 4414 704 4476 ud
716 4414 864 4495 judicium
878 4426 1021 4478 venturus
1075 4415 1157 4497 quod
1174 4426 1317 4479 venturus
1329 4422 1369 4480 sit
1381 4420 1594 4494 Antichristus,
1606 4422 1650 4485 ita
1662 4431 1771 4483 taneta

357 4506 542 4568 tDominus.
578 4503 657 4564 Nam
677 4502 766 4581 hujus
782 4502 929 4565 adventus
943 4502 1022 4564 iufra
1075 4502 1153 4564 Num
1177 4505 1295 4565 omniuo
1319 4514 1463 4569 venturus
1484 4515 1545 4584 est,
1571 4507 1626 4569 sed
1651 4510 1771 4569 interim

357 4593 459 4656 tmiuit
473 4611 552 4653 vers.
568 4590 683 4672 penult.
1074 4591 1245 4665 multijurm
1253 4595 1442 4654 Antichristi
1451 4594 1532 4671 facti
1542 4602 1626 4656 suut.
1639 4593 1770 4656 Graece:

361 4682 410 4742 Et
434 4681 517 4739 stcut
541 4678 684 4752 audistis,
712 4678 789 4753 quia
810 4677 1021 4738 Antichristus
1075 4668 1244 4753 γεγόνασιν,
1267 4683 1370 4741 scorti
1385 4688 1469 4756 suut,
1492 4689 1660 4757 cruentat,
1683 4682 1769 4744 Eras-

357 4770 420 4841 nis,
449 4772 479 4826 es
506 4783 594 4827 uursc
620 4765 807 4825 Antichristi
832 4764 927 4825 multi
939 4764 1021 4841 facti
1073 4784 1155 4824 mus:
1182 4775 1354 4842 cospcruut
1380 4787 1450 4830 sssc.
1495 4768 1666 4848 Tamquam
1691 4768 1772 4830 dicat

357 4862 402 4916 ut.
433 4853 539 4928 Vertit,
555 4844 695 4930 ἔρχεται,
711 4848 835 4910 verbum
851 4852 1020 4931 praesentis
1074 4851 1253 4931 Apostolus:
1286 4854 1371 4915 Unus
1401 4853 1524 4934 quidem
1554 4865 1698 4917 venturus
1725 4865 1771 4918 est

357 4941 482 5022 uparis,
505 4937 560 5000 scd
575 4936 689 4999 hahens
705 4936 954 5017 significationem
970 4958 1018 4996 cu·
1074 4939 1199 5018 insignis
1216 4938 1407 5001 sdversarius
1422 4940 1549 5015 Christi,
1572 4944 1619 5003 cui
1634 4943 1769 5023 proiudc,

357 5026 436 5090 idam
460 5024 573 5099 futuri,
596 5024 624 5085 id
649 5032 691 5085 est
709 5024 785 5102 ejus,
809 5023 936 5105 quadiu
951 5045 1017 5104 pru·
1073 5044 1126 5105 per
1140 5028 1383 5102 antonomasiam,
1400 5048 1508 5090 nomeu
1525 5029 1701 5091 Antichristi
1717 5029 1768 5092 ds
