4442 5825
447 593 522 669 530
965 585 1198 641 columnus
1216 585 1246 640 no
1265 587 1331 642 cor.
1350 588 1377 642 v.

443 767 581 845 pluriam
603 767 639 827 in
662 765 785 828 Oioristo
806 768 895 830 Jeau.
933 766 994 845 Qui
1015 766 1142 824 vocavit
1193 765 1320 845 perinde
1342 765 1516 829 commodus
1540 768 1603 828 erit
1625 786 1755 842 sensus,
1779 776 1807 830 et
1827 790 1878 830 eou-

445 872 520 929 nos,
544 855 650 932 ntique
665 855 825 914 vocatione
840 853 981 932 gratuita.
1015 851 1094 911 Nam
1110 849 1140 911 id
1194 861 1280 931 gruet
1302 875 1367 914 cum
1383 875 1435 927 eo,
1458 853 1540 935 quod
1563 854 1686 915 Paulus
1710 855 1786 916 dicit
1798 858 1815 916 i
1827 853 1879 917 Cor.

446 959 636 1021 consequens
652 949 752 1002 estex
768 960 820 1014 eo,
844 938 924 1020 quod
945 938 1021 998 dixit
1035 940 1140 999 Deum
1194 942 1239 1000 4.;
1257 942 1348 1019 Quod
1360 945 1396 1002 in
1407 945 1572 1018 praesenti
1585 950 1880 1005 estmomentaneoos

445 1031 547 1089 omnia
574 1031 707 1102 proiice.
751 1028 899 1100 Vocavit,
935 1026 1071 1105 inquam,
1104 1027 1141 1085 in
1194 1033 1223 1086 et
1238 1026 1304 1087 lecte
1320 1029 1542 1090 tribulationis
1565 1036 1701 1090 nostrae
1717 1037 1772 1092 etc
1807 1029 1881 1091 Pone

443 1121 608 1176 artemam
622 1133 714 1176 suano
729 1117 885 1192 pluriam,
913 1111 944 1172 id
960 1119 1005 1172 est
1020 1111 1059 1171 ad
1074 1111 1140 1182 hoc,
1193 1112 1224 1172 in
1240 1121 1371 1192 quotuor
1391 1115 1451 1177 illis
1467 1116 1572 1178 verbis
1587 1135 1692 1198 paene
1713 1118 1881 1200 synonyma

443 1211 477 1260 ut
498 1209 642 1263 aeternae
665 1222 737 1264 suas
757 1200 872 1281 gloriae
897 1200 1060 1280 participes
1085 1217 1141 1258 nos
1194 1219 1272 1280 qnae
1280 1199 1438 1283 desumpta
1448 1211 1516 1264 sunt
1527 1203 1566 1263 ab
1579 1202 1879 1280 aedificantibuacon

443 1288 572 1364 iaceret3
598 1290 675 1349 sicut
696 1288 734 1349 de
760 1307 794 1348 se
808 1287 886 1349 dixit
901 1306 1007 1367 supra:
1035 1287 1096 1364 Qui
1111 1292 1141 1345 et
1193 1289 1879 1373 geriesqnaedamestquametaphoriceeigui

443 1376 539 1450 Ejus,
567 1394 647 1452 quae
676 1379 712 1438 in
740 1375 854 1452 futuro
881 1373 1058 1435 revelanda
1084 1381 1138 1448 eat,
1193 1374 1300 1434 ficetur
1323 1376 1452 1438 fidolium
1475 1380 1505 1437 in
1526 1378 1700 1439 virtutibus
1722 1381 1881 1442 instauratio
1916 1408 1918 1465 i

441 1463 564 1538 ploriae
579 1465 838 1525 communicator.
873 1460 962 1540 Quod
977 1459 1076 1520 addit:
1104 1463 1140 1521 in
1193 1470 1224 1522 et
1239 1462 1420 1524 confirmatio
1436 1482 1532 1544 usque
1548 1465 1580 1524 in
1595 1465 1699 1525 finem.

444 1549 567 1611 Christo
582 1552 679 1626 Jesu,
697 1549 735 1610 ad
751 1551 937 1611 vocatiouem
949 1546 1140 1607 referendum
1240 1552 1287 1610 11.
1311 1551 1378 1626 Ipsi
1394 1551 1499 1626 picria
1523 1558 1552 1610 et
1575 1555 1757 1628 imperium
1780 1556 1815 1616 in
1827 1572 1880 1615 tor·

441 1636 581 1713 videtur,
608 1646 761 1698 utaensus
776 1639 829 1708 sit,
852 1637 948 1695 Deum
964 1655 1019 1695 nus
1035 1633 1073 1694 ad
1089 1654 1136 1693 aa·
1193 1635 1266 1695 cula
1292 1637 1509 1698 saeculorum!
1536 1642 1654 1700 Arnen.
1694 1641 1881 1702 Precatiou·

442 1731 558 1784 ternam
587 1722 714 1801 gloriam
753 1742 879 1784 vocasse
916 1742 968 1802 por
1004 1722 1139 1781 meritum
1195 1741 1249 1781 seu
1266 1722 1375 1784 bonam
1392 1725 1577 1804 optationem
1594 1724 1766 1808 doxologia
1780 1726 1882 1801 ehudit

442 1807 559 1870 Christi
588 1810 662 1869 Filii
688 1813 734 1870 soi
757 1829 811 1890 pru
837 1809 924 1870 nobis
952 1809 1042 1887 passi.
1081 1805 1140 1867 cui
1193 1812 1528 1890 qunmajoriuDeum
1540 1810 1880 1876 fiduciaiidclibuaafli

442 1903 544 1957 temon
565 1900 671 1957 merito
694 1917 755 1957 non
784 1897 849 1957 sola
872 1897 1006 1968 vocatio,
1034 1892 1086 1954 scd
1111 1904 1140 1953 et
1192 1898 1249 1956 ctis
1265 1896 1394 1959 addatur
1415 1918 1453 1958 ex
1475 1900 1630 1959 mentione
1659 1920 1798 1963 summae
1814 1910 1879 1983 pote
1916 1954 1918 1981 ἰ

443 1985 540 2044 omnis
554 1987 653 2063 gratia
676 1983 878 2062 subsequens,
902 1991 933 2042 st
955 1984 1022 2061 ipsa
1043 1981 1140 2060 gloria
1192 1984 1276 2044 statis
1292 1984 1429 2057 divinae,
1455 2004 1532 2065 quae
1554 1985 1749 2066 significatur
1774 1990 1879 2066 imperii

444 2072 483 2131 sit
497 2069 704 2131 adscribenda.
738 2070 828 2130 Valet
849 2079 949 2129 autem
970 2069 1047 2128 haec
1068 2088 1140 2147 pars
1192 2072 1318 2131 nomine.
1335 2071 1471 2132 Habetur
1483 2071 1585 2131 eadem
1599 2074 1877 2157 ulausulaauperiori

441 2156 665 2236 adaugendam
680 2157 835 2229 fiduciam,
859 2158 951 2233 quia,
968 2158 1023 2233 qui
1038 2157 1141 2231 coepit
1192 2159 1306 2237 capite,
1321 2179 1396 2219 vers.
1415 2162 1463 2218 11.
1503 2157 1553 2219 Ex
1569 2180 1630 2239 quo
1648 2164 1746 2223 etiam
1763 2172 1878 2244 apparet

442 2262 522 2321 opus
545 2245 680 2320 bonum,
704 2244 848 2322 perficiet
869 2262 967 2320 usque
994 2246 1029 2303 in
1057 2243 1139 2301 diem
1193 2243 1356 2306 indicative
1382 2246 1499 2324 potins,
1526 2265 1619 2324 quam
1643 2251 1783 2329 optative
1805 2269 1877 2329 expo

442 2332 559 2394 Christi
572 2336 671 2408 Jeeu,
688 2332 765 2391 Phil.
783 2336 810 2390 1.
1192 2330 1320 2391 nondam
1338 2351 1410 2392 esse.
1438 2333 1515 2392 Nam
1528 2334 1658 2395 verbum
1671 2344 1716 2398 eet
1732 2334 1799 2397 illic
1811 2333 1878 2396 addi·

484 2419 645 2480 Modicum
658 2437 769 2497 passos
790 2421 856 2494 ipse
876 2415 1037 2493 perficiet,
1061 2432 1138 2474 con·
1193 2427 1248 2478 tur.
1271 2419 1397 2479 Sensum
1413 2417 1482 2479 inde
1496 2423 1624 2500 require.

441 2506 819 2583 finnabitnolidabitqua.
838 2501 1139 2581 InGraccoqustuor
1237 2508 1284 2565 12.
1309 2506 1371 2566 Per
1397 2506 1565 2568 Silvanum
1596 2508 1728 2584 fidelem
1758 2511 1877 2589 fratrae

441 2601 513 2654 sunt
526 2595 634 2666 verba,
660 2603 751 2672 atque
769 2613 805 2652 ea
820 2588 900 2651 modi
916 2590 1050 2670 optatIvi.
1088 2588 1139 2649 Sic
1191 2592 1295 2667 vobis,
1332 2601 1369 2654 ut
1398 2593 1557 2667 arbitror,
1604 2595 1747 2658 breviter
1776 2597 1877 2673 scripti

440 2681 521 2740 enim
537 2680 643 2740 habet:
658 2681 819 2741 Modicum
832 2679 1023 2753 pasaoaipse
1038 2676 1137 2752 perti·
1193 2678 1328 2741 Graece:
1359 2681 1420 2739 Per
1449 2680 1619 2742 Siluanum
1651 2684 1743 2745 υοὸἰι
1771 2684 1876 2762 tidelm
1916 2718 1918 2749 ι

440 2769 504 2828 ciat
520 2768 585 2827 sive
600 2770 757 2826 instauret
772 2783 845 2839 cos,
860 2764 977 2840 fulciat
992 2765 1056 2822 sive
1071 2770 1137 2823 sta·
1189 2768 1343 2843 fratrem,
1374 2775 1410 2826 ut
1436 2769 1594 2844 arbitror,
1631 2773 1751 2846 paucis
1776 2772 1876 2847 euripi

442 2852 550 2929 iiliat,
576 2853 703 2915 roboret
729 2855 793 2913 sive
816 2849 994 2927 confirmet,
1020 2849 1138 2927 fundet
1191 2853 1286 2916 Juxta
1302 2873 1395 2932 quam
1410 2852 1572 2916 lectionem
1589 2875 1773 2935 pronomen:
1797 2857 1875 2929 uoti,
1916 2906 1918 2926 ,

440 2941 507 3001 aive
521 2941 642 3001 solidet.
673 2942 709 3001 In
726 2939 875 3001 nonnullis
899 2935 1023 3017 quidem
1040 2957 1137 2996 exem·
1191 2939 1377 3000 referendum
1404 2940 1523 3001 videtur
1545 2942 1582 3002 ad
1606 2964 1734 3005 numen:
1758 2944 1875 3021 Meleon,
1916 2943 1918 3010 Ξ

440 3027 577 3108 pleribus
592 3026 732 3098 Graecis,
753 3044 832 3104 quae
848 3023 1136 3103 RobertusStepha·
1189 3037 1224 3086 ut
1240 3046 1344 3086 seusus
1370 3029 1423 3086 sit:
1447 3026 1510 3106 Qui
1531 3029 1619 3089 vobis
1639 3029 1734 3091 fidele
1757 3037 1877 3111 praestat
1916 3015 1918 3042 ¹

440 3132 498 3175 nus
514 3116 679 3186 annotavit,
693 3114 788 3174 verba
799 3119 869 3171 sunt
880 3110 1036 3171 indicativi
1047 3108 1136 3185 modi,
1189 3114 1403 3189 ministerium
1420 3117 1537 3175 tametsi
1553 3116 1650 3196 Syrus
1667 3120 1827 3198 interpres,
1838 3135 1875 3175 aa

440 3202 645 3281 temporisque
661 3195 1022 3278 futuriquemadmodum
1038 3197 1135 3256 inLa·
1190 3219 1248 3279 que
1273 3210 1307 3259 ut
1343 3200 1484 3273 Latinus,
1520 3202 1631 3263 referat
1668 3202 1708 3263 ad
1749 3204 1873 3265 verbum:

440 3288 528 3363 tinis3
544 3307 647 3348 verum
664 3307 701 3348 ea
715 3288 812 3347 minus
825 3284 970 3366 probatae
982 3291 1049 3343 sunt
1059 3281 1136 3342 fidoi.
1189 3289 1319 3363 scripsi,
1352 3287 1502 3364 quomodo
1536 3288 1664 3349 refertur
1694 3288 1792 3351 Hebe.
1823 3291 1873 3351 lis

442 3375 579 3435 Tametsi
595 3383 625 3435 et
638 3375 770 3454 Prosper
784 3372 836 3433 lib.
849 3376 878 3432 1.
896 3371 935 3431 de
947 3379 1044 3430 vocat.
1057 3376 1137 3450 gent.
1191 3375 1320 3434 Etenim
1332 3377 1503 3450 perpaucis
1517 3378 1627 3452 scripsi
1645 3376 1743 3437 soon
1775 3377 1824 3440 Sic
1836 3394 1875 3435 ar

441 3481 505 3541 cap.
529 3463 579 3521 24.
604 3462 676 3521 citat
698 3461 775 3520 hanc
804 3466 921 3537 partem
943 3458 1077 3526 omnino,
1104 3463 1139 3513 ut
1192 3469 1250 3519 tem
1267 3458 1357 3519 habet
1378 3460 1505 3539 Syriaca
1519 3463 1634 3522 versio:
1661 3463 1753 3523 Haec
1774 3480 1877 3541 paee,

441 3568 521 3609 nune
534 3547 816 3627 inLatinislegitur.
840 3544 928 3624 Quae
938 3552 1040 3603 tammo
1050 3543 1137 3603 lectio
1192 3553 1228 3605 ut
1244 3546 1401 3621 arbitror,
1416 3550 1528 3625 scripsi
1544 3549 1629 3610 vebia
1643 3568 1705 3627 per
1720 3551 1875 3612 Silvano!

441 3654 560 3695 sonsum
585 3653 645 3695 uon
668 3633 742 3695 iacit
765 3631 923 3692 diversum.
961 3630 1044 3691 Sicut
1058 3632 1137 3690 enim
1188 3633 1326 3710 fratrem
1345 3633 1478 3711 fidelem.
1516 3635 1577 3696 Ubi
1600 3645 1689 3709 nota,
1712 3638 1799 3717 quod
1819 3635 1875 3697 dicit

440 3720 575 3783 Hebraei
589 3721 754 3804 iuturapro
770 3718 1137 3800 praeceptivisusurpant,
1190 3718 1438 3780 demonstrative:
1468 3724 1543 3782 haec
1570 3741 1689 3799 pauca.
1730 3723 1822 3803 Quod
1840 3730 1875 3785 ert
1916 3711 1918 3806 1

441 3809 486 3870 sic
501 3818 533 3869 et
547 3808 698 3869 interdum
714 3828 766 3888 pro
785 3806 939 3885 optativis.
1192 3816 1295 3866 contra
1311 3826 1378 3880 eos,
1397 3808 1449 3887 qui
1464 3807 1501 3867 dc
1515 3809 1575 3869 alia
1590 3812 1736 3890 quapiam
1752 3807 1876 3892 Epistoh
1916 3845 1918 3890 Ι

483 3894 556 3956 Jam
572 3894 655 3975 quod
670 3897 729 3955 ait:
752 3893 910 3953 modicum
923 3908 1049 3968 passos,
1077 3910 1136 3950 non
1192 3894 1274 3972 prius
1297 3894 1387 3953 missa
1409 3894 1443 3953 B.
1467 3894 1590 3955 Petrum
1615 3896 1666 3957 hic
1689 3896 1778 3978 loqui
1795 3898 1875 3978 suspi-
1916 3893 1918 3900 '

439 3990 501 4041 tam
524 3981 639 4043 indicat
660 3981 812 4042 levitatem
835 3979 1027 4038 afflictionum
1049 3976 1136 4055 hujus
1190 3986 1305 4038 eantur.
1352 3978 1487 4059 Quorum
1520 3984 1691 4062 opinionem
1728 3983 1875 4047 refellimus

438 4068 527 4141 vitae,
539 4088 628 4147 quam
641 4068 804 4128 durationis
814 4066 999 4125 brevitatem.
1024 4062 1136 4142 Quam·
1188 4066 1289 4139 initio,
1315 4086 1382 4126 cum
1410 4066 1447 4127 de
1471 4068 1558 4148 hujus
1582 4069 1744 4148 Epistulae
1768 4081 1875 4133 aneton

438 4154 486 4213 vis
503 4154 581 4214 enim
598 4155 677 4214 aliae
693 4153 762 4213 aliis
774 4154 929 4231 graviores
944 4153 1017 4223 sint,
1033 4170 1135 4212 omnes
1189 4170 1354 4230 ageremus.
1388 4154 1556 4216 Silvanum
1572 4157 1730 4218 existimat
1747 4156 1873 4220 Oecnmr

437 4241 634 4301 tamenbrevi
651 4240 846 4320 spatiositas
869 4237 1003 4299 mortalis
1019 4237 1135 4296 conclu·
1189 4241 1258 4299 nius
1282 4240 1409 4299 eundem
1432 4260 1514 4313 esse,
1537 4244 1588 4322 qui
1608 4262 1679 4303 cnm
1693 4244 1795 4306 Paulo
1809 4247 1873 4324 apc-

437 4325 557 4388 duntur.
579 4327 670 4387 Unde
685 4327 828 4385 Erasmus
844 4335 872 4385 et
883 4325 1052 4386 Hentcnius
1067 4343 1133 4383 ver·
1189 4325 1266 4384 stolo
1281 4325 1383 4385 scribit
1399 4334 1556 4409 utramque
1574 4328 1614 4387 ad
1630 4329 1873 4394 Thessalonieer

436 4421 551 4475 terunt:
572 4430 752 4490 parumper
767 4412 912 4489 afflictos.
935 4410 1029 4483 Vide,
1054 4431 1133 4489 quae
1186 4412 1425 4492 sesEpiatolam.
1456 4416 1529 4476 Erat
1553 4417 1634 4476 enim
1651 4416 1749 4479 Pauli
1771 4417 1873 4496 cellen

437 4519 530 4581 supra
546 4500 677 4564 diximus
693 4500 731 4559 ad
746 4496 820 4559 illud
834 4518 897 4576 cap.
913 4501 955 4557 1.:
972 4497 1131 4559 Modicum
1185 4498 1214 4557 in
1230 4498 1431 4578 praedicando
1446 4501 1631 4583 Evangelio,
1646 4503 1733 4565 Silae
1746 4505 1873 4568 Hebraeo

435 4607 539 4666 nunc,
556 4592 738 4664 sioportet,
755 4586 943 4645 contristati.
971 4584 1019 4642 Ita
1036 4582 1131 4662 loqui·
1185 4586 1304 4645 nomine
1329 4585 1440 4661 dictus,
1468 4590 1589 4671 dequo
1613 4590 1713 4652 multa
1732 4593 1801 4655 Act.
1819 4610 1872 4670 cap
1916 4571 1918 4664 l

434 4682 483 4735 tur
504 4676 649 4736 Dominus
671 4673 736 4734 Jea.
754 4673 819 4732 it:
846 4670 898 4731 Ad
917 4677 1073 4746 punctum
1096 4673 1131 4731 in
1187 4672 1234 4731 15.
1250 4679 1280 4732 et
1294 4674 1391 4733 tribus
1407 4695 1491 4756 seqq.
1916 4681 1918 4742 ζ

436 4763 560 4822 modico
576 4761 730 4836 dereliqui
745 4766 792 4832 te,
821 4764 850 4818 et
865 4760 901 4818 in
917 4758 1131 4817 miserationi·
1228 4757 1317 4837 Quod
1334 4761 1376 4820 ait
1391 4761 1514 4823 Petrus:
1535 4780 1597 4838 per
1620 4763 1794 4830 &teanum
1809 4764 1872 4828 xri·

434 4846 491 4907 dua
505 4850 630 4923 meanis
649 4844 844 4923 conprepabo
860 4851 898 4903 tc.
931 4842 1129 4922 Quamquam,
1180 4846 1250 4921 pti,
1283 4845 1406 4924 quidam
1433 4849 1477 4908 sie
1501 4849 1671 4928 accipiunt,
1700 4865 1735 4914 ut
1762 4853 1870 4917 Silvam

433 4934 459 4992 ai
475 4935 632 4996 modicum
648 4932 900 4993 hoclocosnmas
916 4938 1129 5009 tamutoppo-
1182 4931 1274 4991 fuerit
1304 4952 1376 4994 usus
1401 4936 1576 4996 amanuensi
1605 4937 1637 4997 in
1663 4939 1725 5003 hae
1750 4933 1869 5024 Epistola

432 5020 522 5081 situm
536 5019 751 5100 magnitudini,
777 5038 867 5099 quam
884 5027 917 5076 ut
932 5016 1129 5090 diuturnitati,
1183 5016 1350 5079 scribenda
1388 5023 1430 5081 At
1455 5022 1649 5086 verisimilius
1673 5038 1737 5103 cet,
1767 5041 1866 5091 semu
