4442 5825
427 621 476 688 24
554 602 560 610 ”
623 669 629 677 ,
945 608 1349 686 commaemsmcam

425 789 525 869 ipsum
540 787 770 869 pertinentibus.
793 786 875 860 Hoe,
891 786 1006 865 inquit,
1024 786 1125 847 nouis·
1179 786 1310 847 omnium
1326 784 1488 847 domiuum.
1525 786 1581 847 Est
1602 784 1680 847 enim
1695 782 1880 850 “mommio

427 875 506 950 aimo
518 881 654 954 ternpore
668 873 784 935 locutus
800 882 846 933 ost
860 873 946 933 uobis
960 892 1016 953 per
1031 873 1125 932 filium
1178 874 1209 933 in
1224 871 1373 934 vocabulo
1389 874 1543 947 haeredis,
1560 870 1652 950 idque
1659 872 1750 950 juxta
1764 889 1880 931 morem

425 980 512 1022 suum
528 960 635 1024 Jesum
658 959 817 1022 Christum.
851 960 992 1034 Filium,
1019 961 1125 1041 utique
1178 958 1210 1019 in
1238 959 1396 1040 seripturis
1426 958 1661 1020 usitatissimum.
1698 955 1770 1018 Non
1798 957 1878 1018 enim

425 1067 487 1109 non
512 1047 604 1108 alium
630 1066 721 1126 quarn
749 1046 927 1106 naturalem.
965 1046 1043 1106 Nam
1068 1065 1125 1126 per
1177 1043 1336 1106 haeredem
1368 1053 1457 1106 vocat
1486 1045 1576 1126 quasi
1612 1045 1691 1124 patri
1720 1043 1878 1105 demortuo

425 1133 616 1214 adoptionem
639 1133 694 1193 filii
714 1131 833 1193 inerant
848 1133 938 1193 etiam
954 1133 1125 1213 Prophetae
1177 1133 1359 1193 successerit
1374 1140 1427 1192 aut
1442 1148 1636 1192 successurus
1652 1131 1701 1202 sit,
1720 1128 1775 1191 sed
1787 1127 1880 1210 quod,

426 1230 457 1283 et
471 1241 572 1280 omnes
590 1221 674 1300 justi.
713 1221 827 1294 Nobis,
851 1219 883 1281 id
905 1227 951 1280 eet
966 1219 1123 1292 Hebraeis,
1177 1219 1273 1279 instar
1286 1217 1433 1292 haeredis,
1448 1217 1876 1279 aPatreconstitutuesitom·

424 1307 582 1369 Israltlitis.
619 1307 690 1387 Ipse
717 1307 796 1366 enim
818 1305 918 1366 Filius
934 1314 1065 1366 testatur
1090 1325 1125 1364 se
1177 1306 1259 1365 nium
1275 1305 1422 1366 dominus.
1459 1303 1498 1366 Id
1514 1312 1630 1377 autem,
1652 1314 1687 1363 ut
1711 1324 1771 1384 quo
1788 1323 1880 1364 sensu

425 1414 486 1454 non
507 1392 601 1454 russo
623 1394 758 1465 missum,
781 1396 845 1453 nisi
867 1393 910 1453 od
930 1412 1018 1468 ovea,
1042 1412 1124 1469 quoe
1177 1390 1287 1451 dictum
1304 1394 1344 1451 ait
1365 1392 1568 1472 intelligatur,
1595 1390 1813 1470 respiciendum
1839 1388 1879 1450 ad

424 1484 589 1558 perierant
604 1480 717 1540 domus
732 1481 844 1539 Israel.
882 1480 928 1538 Ex
947 1499 1006 1560 quo
1022 1481 1125 1539 statim
1178 1477 1253 1539 alias
1271 1478 1459 1558 Scripturas,
1485 1477 1643 1558 inquibus
1661 1484 1707 1537 est
1722 1476 1813 1554 hujus
1829 1475 1880 1535 do·

427 1566 549 1648 collige,
576 1567 748 1646 scriptorem
772 1566 926 1645 Epistulae
948 1564 1123 1626 Hebraeum
1177 1563 1674 1643 miniisigniticatio,volutPsalm.
1691 1566 1720 1623 2.
1744 1563 1879 1624 Postulo

427 1671 512 1727 esee,
535 1673 597 1713 uon
618 1652 776 1732 gentilem,
798 1662 832 1712 nt
854 1652 906 1714 vel
921 1651 992 1712 hinc
1007 1658 1126 1712 constet
1176 1669 1198 1711 a
1212 1671 1277 1726 me,
1302 1658 1332 1710 et
1347 1652 1429 1712 daho
1451 1652 1508 1711 ttbt
1528 1659 1635 1727 pentae
1648 1650 1876 1711 haereditatem

424 1739 518 1801 falsos
539 1740 651 1814 fuisse,
674 1740 727 1820 qui
742 1738 890 1800 Clementi
913 1739 1050 1801 Romarm
1073 1738 1123 1799 tri·
1177 1744 1265 1798 taam
1295 1746 1325 1800 ct
1351 1740 1575 1814 portentosam
1604 1744 1692 1799 tuom
1723 1741 1879 1797 tamtam

422 1827 562 1889 buerunt.
1177 1833 1291 1885 tarrae.
1313 1824 1420 1886 Matth.
1437 1829 1485 1886 11.
1519 1827 1637 1888 Οηιιιὲο
1657 1825 1735 1884 mihi
1756 1824 1879 1883 madito

469 1912 529 1973 Est
553 1901 652 1973 autem
676 1913 725 1974 hic
749 1909 938 1974 observanda
964 1909 1125 1992 multiplex
1176 1919 1252 1973 aunt
1265 1930 1287 1971 u
1301 1912 1398 1972 Patre
1413 1930 1482 1973 mco
1489 1955 1500 1986 ,
1527 1918 1557 1970 et
1578 1910 1701 1971 ultimo:
1728 1913 1820 1972 Doto
1835 1917 1879 1971 eet

424 1998 601 2071 antithesis,
641 2019 675 2059 eo
711 2008 866 2079 spectans,
906 2005 940 2058 ut
968 2007 1124 2078 appareat,
1177 1999 1255 2058 meas
1270 2001 1374 2060 omnia
1385 2005 1524 2076 potestas
1539 1999 1672 2073 incocto
1688 2004 1719 2057 ct
1732 1999 1879 2058 interro.

424 2094 571 2167 qnantum
606 2086 773 2165 praecellat
806 2105 916 2148 novum
952 2086 1124 2147 institutum
1178 2084 1269 2147 Joan.
1286 2087 1335 2149 13.
1359 2086 1478 2147 Omnia
1492 2085 1580 2146 dedit
1594 2088 1623 2144 et
1637 2086 1736 2144 Pater
1752 2087 1788 2147 in
1804 2103 1878 2144 mo·

427 2172 532 2235 reteri.
569 2173 636 2235 Lex
658 2174 737 2235 enim
763 2181 851 2234 vetus
876 2192 929 2252 per
954 2171 1125 2254 Prophetas
1178 2189 1256 2246 nur,
1274 2180 1303 2230 et
1320 2172 1367 2233 17.
1390 2173 1515 2234 Dedisti
1530 2174 1559 2231 ei
1573 2179 1760 2249 potestatem
1777 2172 1881 2232 omnia

424 2259 603 2321 annuntiata
618 2270 672 2333 est,
688 2261 739 2340 qui
755 2281 816 2321 non
832 2257 915 2321 aliud
930 2269 1018 2320 erant
1033 2279 1126 2340 quam
1178 2261 1293 2320 comit.
1322 2258 1400 2319 Item
1419 2258 1517 2322 lOor.
1535 2257 1584 2318 15.
1616 2259 1734 2320 Omnia
1747 2257 1881 2332 subiecit

423 2346 576 2409 homines:
604 2347 654 2408 lex
676 2368 771 2422 nova,
794 2347 865 2407 data
890 2364 943 2426 per
970 2345 1124 2408 Christum
1178 2347 1235 2408 rath
1248 2345 1382 2422 pedibus
1396 2349 1481 2423 ejus,
1498 2344 1582 2426 quod
1597 2353 1627 2405 et
1640 2345 1786 2427 repetitur
1800 2343 1880 2426 Eph.

425 2433 486 2495 Dei
509 2432 605 2493 lilium
635 2454 670 2495 se
700 2434 863 2494 Dominum
893 2432 1124 2512 Prophetarum.
1183 2440 1208 2494 1.
1224 2443 1254 2493 et
1269 2432 1360 2510 hujus
1375 2434 1471 2513 Epist
1487 2453 1553 2512 cap.
1570 2432 1599 2491 2.

424 2519 464 2581 Et
477 2538 533 2599 per
551 2518 619 2580 illos
641 2519 765 2599 quidem
787 2518 984 2581 multifariam
1007 2521 1125 2582 locutus
1222 2518 1372 2599 Quamvis
1398 2520 1490 2599 igitur
1515 2518 1578 2580 Dei
1603 2517 1701 2579 Filius
1727 2537 1789 2577 una
1814 2535 1882 2577 cum

426 2612 473 2667 eat
486 2606 582 2679 Deua,
598 2626 651 2684 per
664 2606 773 2668 Filium
789 2615 897 2677 autem,
912 2615 1057 2684 tauquam
1071 2626 1127 2686 per
1180 2606 1271 2666 Patre
1296 2607 1335 2666 sit
1355 2608 1488 2667 omnium
1510 2604 1659 2666 Dominus
1686 2602 1724 2665 ab
1747 2612 1882 2676 aeterno,

426 2711 512 2755 tuum
528 2693 622 2773 ipsius
636 2692 769 2766 verbum,
791 2692 965 2773 simpliciter
980 2701 1011 2754 et
1026 2692 1125 2773 plane.
1180 2700 1330 2773 quatenus
1351 2692 1469 2754 scilicet
1490 2693 1529 2752 ab
1552 2701 1675 2752 aeterno
1694 2699 1880 2771 potestatem

427 2777 533 2841 Multis
548 2780 626 2840 enim
642 2780 803 2859 figurarum
818 2798 853 2839 ac
869 2779 1017 2840 visionum
1032 2780 1126 2841 varie·
1180 2799 1200 2840 a
1217 2779 1309 2840 Patre
1338 2781 1460 2860 accepit
1492 2778 1712 2840 dominativam
1741 2785 1883 2858 respectu

426 2865 539 2928 tatibus
555 2864 759 2928 obumbranda
772 2875 837 2927 erat
848 2866 957 2927 veritas
971 2887 1024 2949 per
1041 2864 1125 2929 chri·
1180 2867 1273 2928 totius
1288 2873 1456 2928 creaturae:
1482 2887 1542 2929 uon
1564 2872 1667 2927 tamen
1682 2863 1721 2926 de
1736 2884 1773 2925 eo
1790 2862 1883 2925 domi·

427 2961 508 3016 stum
536 2951 757 3033 patefacienda.
813 2954 954 3034 Denique
989 2952 1127 3035 patribus
1181 2955 1230 3016 uio
1246 2953 1346 3033 agitur
1360 2955 1418 3015 hoc
1433 2954 1516 3029 loco,
1538 2963 1572 3013 ut
1585 2971 1641 3013 nec
1665 2954 1695 3014 in
1718 2951 1787 3012 aliis
1803 2951 1881 3013 Scri·

426 3047 530 3104 vetera
545 3038 656 3102 tradita
671 3048 758 3114 sunt3
773 3039 874 3115 nohis,
894 3060 974 3101 nova
989 3049 1127 3102 servate:
1181 3040 1273 3121 pturis
1289 3040 1351 3115 iam
1366 3040 1521 3121 allegatis,
1537 3038 1591 3102 sed
1607 3037 1646 3099 de
1661 3037 1792 3100 dominio
1808 3057 1882 3119 quo·

375 3175 381 3192 .
429 3125 540 3206 quihus
557 3125 787 3188 advenientibus
810 3135 914 3188 vetera
936 3128 1043 3188 merito
1061 3146 1127 3206 pro·
1181 3126 1259 3203 dam,
1274 3125 1355 3207 quod
1368 3128 1396 3187 ei
1413 3127 1555 3209 competit
1568 3125 1731 3188 secundam
1743 3134 1884 3187 naturam

425 3211 647 3293 jiciendasiut.
1181 3223 1373 3293 assumptam.
1397 3214 1546 3294 Apposite
1565 3219 1667 3274 autem
1683 3211 1757 3274 dicit
1770 3213 1884 3274 haera-

470 3298 687 3361 Verumtamen
698 3300 942 3362 ohservaeoutra
956 3298 1127 3363 Manichae·
1182 3302 1252 3361 dem
1260 3346 1270 3375 ,
1288 3301 1361 3381 quia
1377 3299 1416 3362 de
1430 3302 1493 3363 filio
1508 3301 1651 3381 loquitur.

427 3404 477 3462 oe,
507 3384 589 3465 quod
605 3406 666 3446 non
679 3386 753 3447 dicit
767 3387 860 3448 alium
882 3388 979 3448 Deum
994 3387 1126 3449 locutum
1225 3387 1267 3446 At
1281 3406 1424 3467 quaeres,
1449 3407 1575 3469 quorum
1601 3387 1807 3448 universorum
1828 3385 1885 3446 hac

427 3469 524 3534 tasse
539 3473 692 3552 patribus,
708 3473 799 3534 alium
815 3473 911 3547 nohis,
927 3476 981 3536 aed
997 3474 1126 3535 eundem
1170 3474 1296 3542 ‚rctiom
1310 3472 1446 3536 dominus
1459 3475 1500 3535 sit
1511 3470 1677 3535 Christus?
1691 3472 1753 3533 Atii
1766 3470 1806 3532 ad
1818 3491 1883 3554 per

426 3557 487 3620 illis
502 3566 533 3619 et
547 3559 648 3632 nobis,
669 3567 704 3620 ut
723 3560 924 3639 intelligamur
947 3580 1037 3622 unum
1054 3579 1127 3621 eun·
1182 3580 1288 3635 eonas,
1325 3560 1378 3621 alii
1406 3561 1446 3623 ad
1475 3580 1522 3622 res
1552 3560 1687 3622 referunt
1715 3558 1882 3639 genitivum

431 3643 558 3726 demque
580 3644 680 3705 Deum
707 3666 776 3707 esse
799 3654 952 3710 auctorem
973 3648 1129 3729 utriusque
1181 3651 1405 3710 astomorum
1412 3671 1425 3725 ,·
1464 3656 1569 3728 utpote
1605 3656 1666 3708 tam
1704 3648 1735 3708 iu
1766 3645 1882 3707 Graeco

427 3733 610 3793 testamenti.
632 3732 711 3793 Illud
728 3752 814 3805 sane,
834 3732 916 3811 quod
932 3735 989 3795 eit:
1005 3736 1129 3796 locutus
1183 3754 1272 3815 quam
1288 3735 1320 3795 in
1333 3734 1442 3796 Latino
1456 3734 1576 3815 generis
1588 3731 1729 3812 ambigui.
1753 3731 1815 3793 Sed
1830 3734 1881 3812 qui

427 3818 576 3880 carnoti·
589 3821 625 3880 tn
640 3820 737 3894 stlta,
753 3820 878 3881 mir-ilice
890 3819 1022 3882 valetud
1036 3820 1127 3882 bene·
1181 3820 1221 3882 ad
1245 3841 1310 3895 rea,
1336 3820 1428 3902 louge
1452 3820 1636 3903 probabilius
1665 3821 1814 3893 sentiunt,
1848 3830 1883 3878 ιιι

426 3903 592 3966 seleutiam
618 3906 854 3986 provocandam,
884 3909 971 3987 quasi
998 3907 1127 3970 diceret:
1180 3907 1271 3969 facile
1290 3908 1399 3968 docent
1414 3907 1587 3989 scripturae
1610 3914 1811 3978 memoratae,
1839 3906 1882 3978 ita

427 3988 584 4071 Oquanto
602 4012 657 4053 nos
672 3992 809 4072 patribus
828 3992 996 4055 felicioresl
1027 3994 1125 4074 Quam
1180 4004 1295 4067 tamen,
1317 4001 1353 4053 ut
1376 3996 1464 4054 etiem
1488 4012 1635 4075 personae
1657 3993 1715 4054 sub
1741 3992 1881 4072 amplitu-

426 4075 509 4138 heati
525 4078 603 4144 eecli
618 4081 726 4149 nostri,
743 4081 795 4158 qui
808 4079 967 4158 viderunt,
995 4090 1025 4143 et
1039 4100 1126 4142 aurea
1180 4081 1251 4156 dine
1277 4099 1378 4141 rerum
1404 4079 1703 4161 comprehendantur.
1740 4079 1881 4158 Regnum

426 4172 561 4237 nostrae,
583 4184 662 4245 quae
677 4164 851 4240 audierunt,
875 4186 909 4228 ea
927 4187 1006 4247 quse
1020 4166 1126 4230 sidere
1180 4169 1261 4229 enim
1276 4187 1312 4228 ac
1327 4166 1479 4228 domiuum
1499 4165 1615 4228 christi
1638 4166 1670 4227 in
1692 4166 1795 4245 primis
1811 4166 1880 4227 snb

425 4256 458 4308 et
482 4248 588 4311 audire
614 4251 752 4332 patribus
777 4254 890 4314 nostris
915 4274 975 4315 uon
1001 4262 1048 4315 est
1071 4253 1124 4313 da·
1175 4253 1276 4333 jectoa
1298 4252 1389 4314 hahet
1412 4272 1514 4316 omnes
1537 4253 1668 4325 eleetos,
1689 4252 1827 4313 homines
1849 4260 1880 4314 et

425 4337 506 4396 tuml
528 4333 597 4397 Hac
618 4340 698 4398 enim
720 4341 839 4401 ratione
864 4358 937 4401 euos
962 4339 1126 4420 discipulos
1179 4339 1320 4419 angelos3
1342 4338 1453 4402 deinde
1474 4342 1564 4402 etiam
1586 4337 1776 4400 adversarias
1796 4349 1878 4420 pote·

426 4420 561 4482 Christus
581 4421 690 4488 beatos
712 4425 869 4505 praedicat
890 4425 997 4486 Mattb
1020 4429 1069 4488 13.
1093 4433 1126 4486 et
1178 4434 1271 4486 stateo
1287 4434 1379 4506 atque
1391 4446 1491 4489 omnes
1501 4424 1660 4506 reproboe3
1676 4444 1713 4484 ac
1726 4434 1879 4504 postremo

425 4506 500 4569 Luc
518 4509 567 4569 10.
872 4577 878 4586 ,
1177 4512 1324 4592 reliquam
1341 4533 1457 4575 omnem
1474 4523 1659 4584 ereaturam,
1676 4521 1828 4591 quatenus
1844 4531 1880 4574 ea

468 4596 567 4672 Quam
589 4600 753 4658 constituit
774 4598 941 4659 haeredem
955 4600 1124 4658 universo·
1177 4619 1270 4677 regno
1300 4598 1413 4662 Christi
1440 4616 1619 4678 quocunque
1649 4596 1737 4658 modo
1759 4596 1877 4659 subser-

424 4696 507 4741 rum.
542 4680 611 4761 Quo
635 4684 779 4762 majorem
796 4681 909 4745 Ohristi
923 4684 1124 4746 reverentiam
1176 4686 1243 4746 vire
1254 4684 1364 4747 idonea
1377 4693 1429 4747 cst
1453 4684 1543 4747 Unde
1555 4682 1789 4764 chrysostomus
1802 4685 1878 4745 toe-

424 4767 551 4839 excitet,
576 4766 745 4830 illustribus
764 4768 942 4849 quibusdam
956 4789 993 4830 ac
1008 4770 1121 4850 praeci·
1176 4771 1284 4831 rodem
1305 4774 1529 4834 uniuersorum
1553 4773 1766 4850 iuterpretatur
1784 4770 1878 4832 domi·

424 4852 494 4930 puis
510 4871 577 4912 eum
592 4854 737 4915 encomiis
761 4864 896 4916 exornat
934 4855 981 4916 Ac
996 4856 1122 4935 primum
1176 4877 1246 4918 num
1258 4859 1352 4918 totius
1364 4858 1475 4919 mundi.
1500 4856 1642 4919 Similiter
1653 4858 1726 4918 eth.
1740 4857 1877 4918 Thomas

424 4934 499 4997 dicit
514 4957 586 4999 eum
610 4959 630 4999 a
645 4943 743 5001 Putre
764 4944 969 5003 constitutum
989 4945 1122 5004 univer·
1176 4944 1376 5005 universalem
1405 4944 1483 5005 hauc
1512 4944 1622 5004 Christi
1659 4943 1877 5005 haereditatem

424 5039 532 5086 turum
560 5026 744 5105 haerodem,
777 5026 809 5088 id
838 5037 884 5089 est
912 5028 1025 5090 tactum
1054 5048 1122 5092 erse
1175 5049 1242 5092 esse
1258 5030 1332 5096 dicit
1346 5029 1592 5108 dominationem,
1607 5049 1698 5113 quam
1713 5031 1830 5112 accepit
1845 5031 1876 5090 in
