4442 5825
658 623 823 685 tristem
840 625 881 685 tl>
899 624 1062 685 mmet
1091 625 1182 681 tm.
1202 627 1241 679 tt.
1600 629 1672 709 105

382 801 557 874 Jercmiae,
570 800 661 863 (locet
673 801 881 881 Hieronymus
894 803 927 862 iu
978 799 1110 863 reddidit
1130 800 1187 862 bac
1210 800 1401 882 parapbruiz
1427 801 1542 863 Scitote
1563 802 1675 862 timere

371 890 597 951 momentariis.
979 887 1675 965 Dominum,quioomucsdiaosut,esttciout

371 974 433 1038 uilis
447 984 496 1036 ert
509 976 593 1037 locus
609 975 690 1054 apud
706 973 834 1036 eundem
849 972 922 1033 Pro·
978 979 1124 1036 timum
1138 976 1208 1036 met
1239 972 1367 1036 (lonetat
1383 975 1479 1048 enim,
1495 977 1527 1037 iu
1541 975 1675 1056 Scriptu-

371 1080 438 1142 cap
460 1067 526 1136 11.‚
549 1061 600 1121 ubi
620 1070 692 1141 post
716 1063 924 1123 annuntiatum
978 1063 1020 1123 ris
1043 1081 1098 1139 per
1122 1060 1256 1123 timorem
1283 1061 1407 1124 Domini
1432 1063 1543 1140 passim
1565 1061 1675 1142 signifi·

371 1147 526 1210 ttlventom
547 1146 586 1211 (le
611 1155 746 1228 tempore
768 1147 926 1209 Ecclesiae
979 1148 1040 1211 cari
1051 1149 1200 1209 sincerum
1212 1147 1326 1210 cultum
1338 1157 1370 1208 et
1380 1147 1519 1228 pictatem
1529 1150 1560 1210 in
1568 1149 1674 1209 Deum

371 1244 449 1297 enter
478 1235 578 1297 addit:
616 1236 700 1313 Quia
731 1236 853 1312 rcplcto
881 1239 926 1293 cri
1021 1233 1194 1297 Secundum
1221 1236 1380 1314 exprimo
1406 1253 1594 1315 consequeus
1620 1243 1675 1307 eet,

371 1325 464 1385 'ontio
478 1324 624 1397 Domini,
641 1325 721 1383 sicut
736 1340 839 1398 oquae
852 1339 924 1381 ma·
978 1323 1201 1402 promissionem
1224 1321 1301 1382 banc
1326 1342 1383 1383 neo
1403 1320 1443 1384 sd
1465 1340 1568 1383 omnes
1583 1322 1675 1383 bomi-

371 1411 474 1471 icrttct
510 1408 572 1471 Ubi
594 1417 681 1482 nota,
706 1408 786 1488 quod
803 1416 924 1469 terram
978 1427 1032 1468 uss
1046 1402 1118 1483 (etsi
1133 1409 1269 1489 generali
1289 1411 1407 1470 nomine
1428 1405 1595 1488 proximus)
1609 1426 1674 1489 per·

371 1516 453 1563 ‚non
466 1496 605 1571 coelom,
628 1515 666 1555 ne
682 1497 750 1575 quis
766 1494 805 1556 ati
820 1494 924 1561 Eccle·
979 1495 1089 1568 tinere,
1116 1514 1172 1556 neo
1194 1514 1266 1556 vero
1287 1494 1328 1555 sd
1346 1514 1452 1557 omnes
1474 1494 1675 1568 Christianos,

371 1582 447 1643 welo
462 1590 640 1662 mguautsm
655 1583 787 1641 remittat
801 1581 858 1643 boc
872 1599 923 1640 va·
977 1580 1071 1643 bonos
1087 1589 1118 1641 et
1137 1581 1248 1655 malost
1276 1580 1329 1642 sed
1351 1581 1393 1643 ael
1412 1601 1515 1645 omues
1538 1601 1575 1643 sc
1593 1580 1676 1641 solos

371 1714 373 1725 .
396 1669 502 1730 Simile
517 1678 564 1730 est
576 1677 608 1729 et
619 1666 712 1741 illud,
731 1667 814 1747 qood
829 1666 924 1728 Joan·
977 1667 1054 1728 filios
1069 1669 1141 1730 novi
1156 1669 1343 1742 testtmenti‚
1369 1670 1423 1750 qui
1446 1677 1517 1730 sunt
1537 1669 1592 1730 filii
1605 1687 1673 1748 pro·

371 1757 429 1815 siet
446 1757 475 1815 2.
492 1754 596 1816 scribit
616 1756 782 1835 generatim
798 1754 837 1814 ad
852 1752 924 1814 iide-
978 1755 1156 1818 missionis..
1182 1753 1254 1816 Huc
1289 1756 1432 1834 imprimis
1467 1755 1554 1829 iacit,
1591 1754 1674 1836 qood

382 1845 568 1906 toutonem
582 1842 702 1902 bobctia
716 1861 738 1901 α
751 1843 880 1914 Soneio,
896 1846 926 1899 ct
977 1843 1076 1902 duem
1092 1861 1128 1902 ao
1140 1842 1279 1920 fratrem
1294 1844 1445 1915 nominat,
1468 1842 1499 1904 id
1520 1852 1567 1902 est
1580 1841 1672 1903 bomi-

371 1931 463 1992 rmt‘o.
500 1931 574 1991 Non
587 1932 699 2005 scripti
713 1928 818 2002 uobis,
834 1929 926 2005 quoti
977 1947 1046 1989 uem
1061 1927 1197 2005 ejusdem
1212 1929 1346 1991 civitatis
1364 1948 1401 1990 ac
1421 1928 1573 2006 familiam
1596 1947 1676 2008 qnae

371 2016 648 2094 tiburocritotcm5
663 2016 925 2092 sedquoaiscs'cn·
978 2016 1086 2075 civitas
1115 2034 1151 2074 ac
1177 2013 1292 2075 iamilia
1317 2035 1377 2076 nou
1407 2014 1469 2076 ulia
1493 2024 1555 2088 est,
1586 2034 1676 2094 quam

371 2122 404 2164 rr.
443 2104 482 2163 Et
497 2103 685 2184 paulopost:
713 2104 791 2164 Non
805 2119 925 2163 neccsse
978 2101 1119 2162 Ecclesia
1144 2102 1338 2162 credentium.
1377 2100 1498 2164 Deinde
1527 2101 1677 2183 probatur,

378 2197 418 2249 ut
431 2192 549 2266 aliquis
563 2191 673 2250 doceat
690 2207 743 2250 vor
751 2212 762 2267 ‚·
778 2190 831 2251 rcd
845 2191 926 2249 sicut
979 2190 1051 2267 quia
1066 2187 1142 2249 haec
1162 2190 1321 2267 promissio
1342 2198 1389 2249 ert
1410 2191 1482 2250 novi
1496 2190 1677 2263 coamenti,

371 2279 422 2350 ists
436 2278 527 2337 docet
545 2295 600 2338 vot
614 2277 653 2336 dc
668 2278 821 2337 omuibus.
858 2275 926 2336 Hoc
979 2272 1230 2354 quemadmodum
1257 2284 1289 2335 et
1306 2273 1386 2335 duae
1407 2273 1622 2356 prsecedootes
1644 2283 1676 2336 et

371 2361 405 2423 ud
421 2373 475 2435 est,
488 2383 578 2443 qumn
593 2362 675 2444 quod
690 2383 745 2441 per
758 2364 782 2426 J
784 2365 926 2424 eremiam
979 2381 1031 2435 ea,
1054 2380 1133 2442 quoe
1149 2361 1357 2440 subsequitum
1380 2380 1460 2440 quse
1473 2360 1599 2443 proinde
1613 2382 1674 2423 ons·

371 2470 378 2511 ι
396 2450 561 2531 praedixit:
586 2452 661 2513 Non
682 2450 803 2510 docebit
824 2467 926 2510 auur·
979 2467 1033 2508 nee
1047 2447 1118 2508 filiis
1133 2448 1204 2509 novi
1215 2449 1385 2509 testamenti
1401 2451 1630 2530 pmpriaesunt,
1646 2455 1677 2510 st

389 2539 596 2614 proximam,
633 2540 786 2615 quoniam
821 2553 927 2596 omncs
980 2535 1098 2594 amalis
1114 2533 1296 2596 Christianis
1311 2534 1440 2597 alienao.

372 2624 413 2684 c?
438 2622 555 2684 Eodem
571 2643 692 2704 prorsus
708 2623 796 2684 modo
812 2622 927 2684 Paulus
1022 2621 1204 2683 Declaratur
1229 2623 1287 2683 boc
1315 2625 1412 2701 ipsum
1442 2643 1480 2684 ex
1507 2621 1675 2684 differentia

378 2710 926 2786 t‘rhorsrts.:1)ecarttatcfro-
979 2710 1090 2769 veteris
1109 2728 1147 2769 ac
1175 2711 1248 2771 novi
1275 2710 1450 2771 testsmenti.
1488 2708 1566 2771 Nam
1589 2719 1676 2771 vetus

371 2801 406 2872 fa,
434 2798 546 2877 inquit,
572 2816 640 2859 non
665 2815 785 2859 nccctac
809 2796 928 2857 tataris
980 2804 1192 2856 testamentum
1210 2794 1302 2856 dtbat
1323 2795 1445 2875 quidem
1460 2796 1520 2857 Dei
1540 2794 1676 2877 legisque

371 2883 487 2948 Graeco
510 2880 584 2961 est),
614 2893 651 2945 ot
675 2885 808 2946 scribom
832 2883 927 2945 uobis.
979 2883 1126 2957 notitiam,
1140 2883 1195 2944 sed
1208 2882 1342 2945 sterilem
1357 2890 1451 2964 atque
1466 2882 1563 2945 fructu
1577 2882 1675 2946 divini

371 2992 398 3033 m
414 2989 470 3032 voa
484 2991 505 3031 o
520 2974 589 3032 Dco
605 2972 757 3034 didicistis
763 3016 773 3047 ,
799 2978 836 3032 ut
851 2970 928 3030 dili·
980 2971 1089 3031 amoris
1104 2990 1141 3031 ac
1155 2969 1300 3032 bonomm
1315 2990 1439 3050 operum
1455 2990 1592 3033 vacuam.
1613 2970 1673 3032 Ita·

371 3061 473 3121 mecm.
511 3060 638 3121 Etenim
661 3060 744 3120 illud
763 3059 871 3137 facitis
891 3058 927 3117 in
979 3076 1040 3136 que
1056 3057 1106 3136 qui
1123 3055 1180 3117 sub
1197 3060 1290 3119 veteri
1312 3065 1675 3132 centumcentumn

371 3152 480 3207 rotrer.
667 3215 670 3221 ¹
979 3152 1208 3223 permanserunt
1235 3142 1282 3219 (ut
1307 3142 1355 3204 bic
1380 3141 1500 3222 dicitur)
1527 3147 1557 3206 in
1585 3153 1673 3206 testo·

371 3234 608 3311 representatis,
633 3231 672 3293 ad
698 3232 927 3311 intelligentiam
979 3236 1078 3291 mento
1107 3229 1183 3303 Dei,
1213 3232 1285 3310 qnia
1314 3241 1436 3311 pratum
1467 3231 1675 3293 observantiae

371 3321 404 3381 tis
431 3318 489 3379 loci
516 3322 572 3380 tria
593 3321 728 3381 notanda
748 3328 825 3379 suut.
862 3317 926 3377 Pri·
979 3317 1055 3396 legis
1070 3316 1361 3396 uonoustodieruut3
1378 3317 1520 3396 sedopus
1536 3329 1601 3379 erat
1615 3318 1675 3379 illis

371 3426 390 3482 ;,
416 3406 600 3485 Prophetam
617 3407 699 3487 loqui
714 3428 774 3467 non
790 3404 928 3466 denuda
979 3404 1095 3465 dicere:
1121 3404 1278 3480 Cognosce
1292 3407 1487 3480 Dominum,
1504 3424 1560 3466 nac
1574 3413 1675 3466 tamen

371 3512 404 3556 ne
429 3494 504 3565 Dei,
534 3493 631 3575 qualis
657 3493 716 3554 tuit
746 3512 863 3563 eorum,
889 3489 928 3551 de
980 3498 1200 3570 coguoverout3
1227 3491 1473 3574 quemndmotlum
1495 3510 1588 3571 sopra
1609 3512 1675 3573 cap.

371 3581 606 3642 iciturRom.1.:
622 3585 716 3659 (luto,
731 3598 801 3641 oum
810 3595 927 3654 coorto·
981 3584 1008 3642 3.
1026 3576 1138 3638 dictum
1160 3587 1205 3640 eet
1226 3578 1265 3639 de
1288 3579 1364 3641 illis:
1390 3581 1458 3655 Jpo·
1480 3586 1585 3640 ouum
1607 3595 1675 3640 nort

371 3669 485 3742 Deam,
506 3686 574 3729 uon
588 3671 669 3729 simt
683 3669 787 3728 Deum
803 3663 927 3743 glutiti·
979 3674 1196 3741 cognoces-ant
1207 3670 1276 3728 vioe
1287 3686 1384 3743 mcor,
1401 3676 1433 3728 et
1448 3666 1510 3728 'Pit
1527 3670 1572 3726 1.:
1588 3666 1674 3729 Gors-

371 3762 388 3816 t
391 3778 406 3834 ‚·
422 3763 475 3815 ent
489 3754 589 3835 qualis
604 3755 806 3826 Judaoorum,
823 3752 928 3818 iuDei
979 3754 1129 3831 fitentur,
1153 3771 1186 3814 ac
1208 3773 1296 3815 nostr
1312 3757 1431 3831 Deum,
1458 3754 1675 3830 factitantem

371 3849 388 3901 rt
406 3841 477 3920 lege
498 3842 702 3921 gloriantium,
729 3840 839 3901 ibidem
861 3858 926 3918 rap.
980 3847 1108 3915 negant.
1138 3839 1302 3904 Atuovum
1326 3848 1538 3903 testamentum
1552 3840 1675 3920 praebet

377 3926 416 3990 dc
438 3930 610 4006 cognitione
633 3927 849 4009 profundorum
870 3924 928 3985 Dei
980 3927 1118 4006 spiritum
1132 3929 1247 4006 gratiae
1262 3935 1293 3988 et
1310 3930 1460 4001 caritatis,
1486 3925 1617 4007 iecitque
1632 3927 1674 3989 lo

371 4014 928 4097 ›rumquaePaulusloquebatorinter
980 4034 1048 4093 gem
1071 4013 1204 4092 impleri,
1221 4016 1314 4094 juxto
1336 4016 1562 4094 promissionem
1586 4034 1673 4095 supe·

371 4101 795 4250 ttl‘ttllt‘ttllllt
809 4118 927 4267 {tlt
980 4103 1042 4247 ll?
1050 4101 1675 4267 stilti·rit.{ll⁰0„lttt}ttll

371 4226 382 4252 ι
419 4234 427 4247 ·
461 4233 468 4249 ·
790 4232 797 4257 r
1471 4235 1478 4264 r
1664 4224 1674 4233 ”

371 4277 402 4337 ia
424 4275 531 4336 estod
554 4274 699 4346 salutem,
725 4294 824 4354 eaque
848 4273 927 4345 viva,
980 4284 1027 4333 tes
1051 4273 1212 4335 Dominum
1239 4294 1275 4335 ea
1300 4277 1419 4349 notitia,
1446 4276 1484 4337 ‹le
1509 4295 1570 4357 qoa
1596 4267 1675 4335 nunc

371 4408 375 4433 ‚
400 4369 433 4422 et
448 4359 494 4438 (ut
508 4363 548 4422 ita
566 4358 674 4438 dicum)
692 4361 839 4432 affectiva,
866 4379 926 4438 qua
979 4379 1075 4421 sermo
1091 4369 1147 4422 eet.
1172 4360 1290 4441 Quibus
1313 4362 1440 4443 proinde
1463 4385 1523 4426 nou
1540 4371 1584 4423 eet
1598 4381 1674 4441 opus

382 4451 429 4511 sic
443 4450 635 4529 cognoscitur
646 4449 739 4519 Deus,
756 4455 787 4507 ut
802 4445 926 4507 affectus
979 4447 1098 4509 bomine
1114 4446 1248 4522 duotore,
1272 4450 1323 4529 qui
1340 4449 1421 4511 dicat
1436 4451 1493 4512 eis:
1520 4451 1674 4524 cognosce

371 4538 394 4597 ri
420 4535 610 4616 respondeat,
639 4535 669 4595 id
696 4544 742 4593 ost
768 4543 801 4593 ut
828 4534 927 4605 etiam,
980 4535 1166 4596 Dominum.

370 4620 498 4703 igendos
514 4630 574 4695 est,
595 4621 754 4701 diligatur3
777 4618 927 4699 quomodo
1023 4622 1130 4683 Tertio
1151 4621 1314 4683 notandum
1338 4631 1399 4695 est,
1422 4623 1454 4682 in
1476 4622 1577 4682 verbis
1600 4621 1674 4682 Pro-

371 4711 413 4771 toi
431 4716 494 4769 tom
515 4710 547 4771 iu
569 4712 664 4787 prima
680 4707 819 4786 Epistola
832 4706 856 4767 J
857 4727 925 4766 orn·
981 4708 1088 4787 phetae
1103 4710 1353 4788 significationem
1370 4728 1435 4768 esse
1449 4706 1605 4788 cujusdam
1621 4710 1673 4767 im·

371 4794 481 4857 talibi
509 4797 540 4854 in
565 4797 727 4873 Scripturie
752 4794 928 4871 frequenter
980 4815 1102 4857 mensae
1124 4795 1325 4857 multitudinis
1348 4814 1463 4868 eornm,
1489 4796 1542 4875 qni
1564 4815 1673 4875 cogno·

371 4905 385 4943 τ.
423 4880 474 4944 Ad
495 4881 552 4943 hoc
571 4880 761 4943 indicandum
778 4881 927 4942 Jonathas
979 4890 1063 4942 sceut
1088 4882 1257 4944 Dominum.
1294 4881 1408 4942 Dicens
1434 4883 1530 4941 euim:
1562 4884 1675 4944 Omnes

371 4967 758 5048 nsillaPropbetaerarba:
772 4969 928 5043 Cognosce
980 4972 1078 5030 acient
1092 4988 1160 5045 mc,
1177 4989 1197 5028 α
1214 4972 1337 5029 minore
1348 4986 1446 5044 utque
1461 4969 1505 5030 od
1519 4974 1673 5046 mojorem

371 5075 427 5136 tn,
450 5059 605 5138 gerontam
625 5075 732 5122 omues
754 5057 852 5118 utem
867 5073 927 5132 me,
980 5054 1241 5134 corum-indicet,
1255 5054 1333 5118 bauo
1347 5055 1411 5132 Dei
1422 5057 1572 5136 notitiam,
1586 5055 1675 5128 simol
