4442 5825
862 604 1135 659 usrrsromuso
1153 605 1317 661 manuos.
1784 622 1805 687 7

366 785 440 835 sunt:
464 779 557 838 Illud
570 781 689 839 nostris
710 779 877 838 dicendum
902 786 955 854 est,
975 781 1060 840 tanc
1110 788 1193 859 ptam
1209 800 1275 841 esse
1291 780 1399 841 docent
1414 782 1466 842 illa
1480 782 1572 844 verba
1587 804 1653 864 cap.
1667 791 1695 849 3.
1711 787 1806 849 Hane

364 865 880 941 Epistulam,qaaeinscribiturad
889 866 1057 937 Hebraeos,
1110 885 1175 925 ecce
1201 867 1286 926 uotis
1306 869 1476 928 secundum
1500 871 1600 931 scribo
1615 873 1804 947 Epistolanu

363 970 422 1008 non
438 952 542 1009 sotum
560 951 600 1009 ab
617 952 763 1011 Ecclesiis
780 953 928 1025 Orientis,
949 953 1056 1012 sedat
1108 953 1201 1030 Atqui
1225 955 1323 1030 capite
1346 953 1448 1012 eodem
1472 975 1539 1014 cum
1559 976 1611 1015 eos
1626 958 1805 1033 hortaretur,

362 1037 505 1095 erunibus
527 1045 615 1096 retro
636 1038 845 1097 ecclesiasticis
863 1038 975 1098 Graeci
990 1057 1056 1096 ser·
1109 1048 1141 1097 ut
1155 1040 1303 1115 promissa
1320 1040 1440 1098 Domini
1464 1052 1681 1120 exspectarent,
1704 1052 1803 1121 utque

362 1125 459 1181 monis
481 1123 709 1198 scriptoribus,
733 1128 825 1199 quasi
846 1124 944 1184 Pauli
967 1128 1056 1198 Apo·
1108 1132 1289 1197 anteperent
1315 1126 1511 1186 immaculati
1538 1135 1567 1187 et
1592 1131 1741 1190 inviolati
1763 1131 1803 1190 ab

360 1210 425 1265 stoli
441 1210 572 1283 smcips'.
595 1208 646 1267 Sic
661 1209 723 1267 ille.
1108 1229 1143 1268 eo
1167 1212 1308 1269 issueniri
1329 1213 1365 1269 in
1385 1228 1481 1286 pace,
1505 1221 1597 1291 atque
1621 1216 1684 1292 ejus
1707 1216 1802 1291 lonq-

397 1292 542 1353 Secuudo
567 1294 677 1372 probat
695 1294 725 1353 id
740 1294 915 1354 Latinorum
932 1295 1054 1354 Patrum
1107 1299 1319 1369 animitatem,
1339 1296 1473 1356 culmem
1489 1298 1735 1376 arbitrarentur,
1759 1303 1801 1362 its

359 1381 527 1438 arroteritae.
556 1379 707 1458 Quamvis
722 1382 801 1439 enim
816 1400 912 1459 usqne
926 1379 964 1439 ad
980 1381 1053 1440 Hie·
1107 1382 1278 1459 subjungit:
1308 1383 1396 1442 Sicut
1418 1390 1447 1440 et
1473 1384 1672 1446 charissimas
1695 1389 1801 1464 frater

358 1466 472 1543 ronymi
495 1474 649 1544 tempora,
676 1468 754 1525 sicut
777 1467 842 1544 ipso
864 1467 957 1526 variis
980 1465 1053 1526 locis
1107 1475 1214 1527 noster
1228 1467 1351 1527 Paulas
1365 1468 1537 1528 secandam
1549 1470 1659 1529 datam
1674 1473 1732 1532 siti
1747 1492 1799 1533 su·

358 1550 483 1620 indicat,
508 1549 622 1610 inerint
643 1554 721 1611 inter
742 1550 879 1621 Latinos,
902 1553 1053 1631 aquibus
1103 1556 1260 1628 pientiam
1283 1556 1408 1628 scripsit
1431 1553 1525 1614 votis.
1549 1554 1677 1634 Scripsit
1699 1560 1801 1635 igitur,

357 1635 427 1694 hsce
449 1637 598 1714 Epistola,
623 1638 671 1696 vel
696 1657 755 1697 non
777 1645 811 1696 ut
834 1639 980 1698 canonica
1003 1639 1053 1697 vel
1106 1639 1197 1697 Petro
1222 1646 1315 1710 teste,
1341 1638 1456 1698 Paulus
1478 1639 1611 1720 aliquam
1633 1643 1802 1721 Epistolam

358 1733 433 1780 certe
453 1744 516 1781 non
537 1733 571 1781 ut
589 1722 719 1783 Paulina
742 1724 937 1801 reciperetur,
961 1732 1053 1801 atque
1105 1723 1145 1782 ad
1160 1723 1324 1784 Hebraeos.
1342 1724 1431 1803 Quae
1443 1725 1577 1803 protecto
1590 1728 1722 1788 nonalia
1735 1747 1802 1787 osse

358 1810 418 1885 ipse
434 1811 528 1868 etiam
539 1808 687 1868 interdum
703 1808 792 1868 dubie
804 1807 953 1888 loquatur,
970 1829 1052 1868 suam
1105 1820 1204 1889 potest
1227 1829 1318 1888 quam
1345 1814 1417 1883 ista,
1444 1829 1511 1871 cum
1537 1812 1675 1893 reliquae
1698 1832 1799 1874 omues

358 1903 453 1953 tumen
480 1895 662 1954 sententiam
688 1901 791 1974 aperte
818 1896 891 1954 satis
914 1896 1052 1974 exposuit

359 1980 384 2037 iu
397 1981 496 2058 Epist·
510 1981 576 2057 jam
588 1980 722 2059 allegata
734 1979 772 2039 ad
785 1980 969 2051 Dardanum,
984 2001 1051 2041 nec-

360 2085 411 2124 ron
436 2068 469 2125 in
492 2066 618 2144 prologo
637 2075 794 2125 comment.
818 2066 912 2145 Epist.
937 2066 974 2126 ad
997 2068 1050 2126 Ti-

358 2160 421 2222 tum,
445 2162 475 2209 et
503 2161 605 2212 contra
620 2152 776 2212 Joviniau.
798 2152 849 2211 lib.
881 2158 904 2212 l.
932 2171 998 2230 cap.
1022 2157 1050 2214 9.

359 2235 482 2296 Constat
495 2240 584 2310 enirn,
599 2239 773 2297 Latinorum
788 2241 975 2318 praecipuos,
996 2240 1049 2298 Hi·

359 2321 467 2395 larium,
483 2322 638 2402 Optatam,
660 2322 852 2383 Ambrosium
867 2335 959 2403 atque
974 2324 1050 2384 alios

360 2408 540 2488 Hieronymo
567 2409 764 2487 antiquiores,
800 2410 990 2470 Tertulliano
1020 2417 1051 2469 et

361 2492 510 2572 Cypriane
534 2497 680 2574 exceptis,
700 2497 814 2574 passim
830 2515 904 2569 eam,
927 2515 988 2555 uon
1002 2514 1048 2555 so-

360 2579 410 2638 lum
430 2590 463 2640 nt
478 2600 605 2651 sacram,
621 2600 724 2640 verum
739 2581 829 2640 etiam
844 2592 876 2642 ut
887 2582 1050 2642 Paulinam

361 2667 449 2726 utare.
479 2667 560 2726 Nam
583 2665 622 2725 de
641 2667 855 2745 posterioribus
877 2670 973 2728 minor
994 2665 1048 2725 du·

360 2750 457 2812 litatio
481 2763 538 2812 est.
572 2751 759 2831 Augustinus
777 2747 864 2812 'enim
890 2753 928 2814 de
955 2754 1047 2813 doctr.

361 2834 460 2896 Christ.
476 2837 528 2896 lib.
545 2840 574 2896 2.
599 2858 665 2918 cap.
682 2841 709 2899 8.
732 2857 798 2897 eam
821 2841 949 2898 cacteris
962 2839 1049 2898 Pauli

361 2924 496 3002 Epistolis
511 2933 662 2985 accenset.
679 2925 720 2984 ut
730 2923 796 2984 iere
809 2935 955 3006 quotquot
966 2924 1047 2986 dein·

360 3029 421 3087 ceps
442 3012 538 3070 secuti
561 3019 639 3085 sunt,
655 3029 723 3070 eam
744 3031 796 3090 pro
812 3012 940 3072 Paulina
956 3030 1045 3089 agno·

360 3107 466 3156 rerunt.

399 3182 504 3243 Tertio
534 3180 609 3242 iacit
638 3182 696 3242 lsuc
723 3181 924 3244 Consiliorum
955 3190 1047 3262 atque

360 3267 531 3328 Pontificum
561 3270 731 3328 auctoritas.
768 3267 848 3327 Nasu
881 3268 1047 3328 Concilium

360 3354 564 3426 Laodicenum,
586 3353 827 3431 carthaginense
843 3357 972 3427 tertium,
988 3355 1046 3415 Ro·

360 3460 470 3499 mauum
487 3441 543 3499 sub
554 3438 681 3500 Gelasio
696 3440 788 3518 Papa,
803 3439 1009 3500 Florentinum
1018 3448 1048 3499 et

362 3526 491 3586 Trident.
507 3528 537 3586 in
553 3527 692 3604 catalogo
708 3526 915 3603 sripturarum
927 3528 1045 3606 Episto-

359 3610 411 3670 lsm
425 3612 464 3671 ad
480 3612 641 3673 Hebraeos
655 3612 784 3671 metaris
798 3610 885 3673 Pauli
899 3612 1048 3691 Epistolis

359 3706 524 3776 aggregant.
547 3698 639 3777 Quod
662 3697 740 3758 idem
760 3696 831 3758 iecit
851 3700 883 3756 in
898 3718 953 3759 suo
969 3708 1047 3758 cata·

358 3782 420 3859 logo
441 3785 635 3845 Innocentius
657 3784 683 3843 1.
714 3782 796 3861 Quin
822 3790 853 3843 et
879 3785 911 3844 in
937 3804 1046 3862 magno

358 3865 442 3928 Conc.
459 3871 596 3931 Nicaeae
609 3868 688 3930 idem
700 3868 810 3929 iactum
822 3888 895 3943 esse,
910 3871 946 3930 B.
962 3871 1045 3930 'rho-

356 3974 413 4014 mss
428 3965 458 4014 et
475 3955 616 4035 Lyranus
639 3975 731 4034 supra
745 3953 830 4016 citati
842 3957 930 4016 nobis
945 3965 1045 4016 aucto·

356 4060 399 4099 res
413 4051 491 4100 suut.

394 4128 509 4205 Quarto
528 4127 646 4188 accsdit
667 4146 738 4188 usus
761 4135 923 4206 perpetuus
937 4128 1044 4188 Eccle-

356 4215 427 4281 siae,
454 4232 535 4291 quae
556 4215 587 4273 in
609 4213 719 4273 divinis
745 4213 849 4273 officiis
871 4234 932 4274 non
957 4213 1045 4273 aliter

357 4318 436 4377 qnam
449 4299 539 4358 Pauli
553 4303 675 4360 nomine
689 4300 830 4359 lectiones
845 4319 884 4360 ex
899 4300 956 4360 hac
971 4299 1043 4377 upi-

357 4385 426 4443 stola
441 4387 569 4446 recitare
584 4385 750 4445 consuerit.
839 4458 844 4467 .
884 4386 894 4397 '

394 4469 504 4549 Quinta
518 4471 657 4552 probatio
680 4471 805 4530 sumitur
820 4489 857 4529 cx
874 4470 1045 4530 testimonio

358 4555 431 4615 Petri
443 4558 590 4637 Apostoli,
606 4560 660 4635 qui
671 4556 746 4616 duas
761 4556 800 4617 ad
813 4555 967 4616 Hebraeos
979 4556 1044 4614 sive

359 4640 484 4703 ludaeos
495 4644 616 4722 scripsit
629 4642 792 4722 Epistulas.
817 4641 908 4719 Quod
923 4640 1043 4722 quidem

359 4725 392 4784 ds
414 4731 500 4808 priori
532 4737 652 4789 constat
677 4747 716 4788 ex
743 4730 811 4807 ejus
841 4729 1042 4809 inscriptione.

358 4810 426 4874 liam
441 4815 578 4877 advenae
600 4815 801 4894 dispersionis,
824 4816 862 4874 ad
879 4834 955 4893 quos
970 4816 1041 4873 scri·

359 4896 402 4970 bit,
416 4903 519 4982 utique
532 4900 647 4963 Judaoi
662 4902 880 4981 intelliguntur,
894 4922 955 4961 uon
970 4918 1040 4979 geu·

358 4985 423 5046 tiles
452 4988 654 5050 Posteriorem
674 5005 746 5048 sero
768 4986 808 5048 ad
830 4985 951 5048 eosdem
971 4989 1040 5047 scri·

1105 1906 1159 1955 aut
1180 1897 1311 1975 scriptae
1333 1898 1394 1957 sint
1414 1895 1453 1954 ad
1468 1897 1622 1959 Ecclesias
1645 1918 1683 1959 ex
1706 1901 1801 1978 genti·

1104 1981 1159 2040 bus
1177 1981 1283 2041 autad
1305 1982 1474 2060 singulares
1490 2002 1645 2060 personas.
1671 1985 1713 2045 Et
1727 2004 1801 2045 vero

1104 2066 1143 2126 de
1157 2068 1215 2126 hac
1231 2069 1296 2145 ipsa
1311 2066 1452 2147 Epistola
1466 2068 1589 2131 Petrum
1612 2070 1705 2148 loqui,
1729 2070 1800 2131 inde

1103 2152 1228 2212 ulterius
1241 2154 1376 2231 probant,
1393 2153 1463 2232 quis
1474 2155 1568 2216 verba
1580 2156 1667 2216 Pauli
1679 2156 1800 2217 aPetro

1102 2239 1236 2298 indicata
1255 2241 1286 2296 in
1301 2239 1357 2299 hac
1376 2243 1533 2300 monstrari
1549 2250 1691 2320 possuut3
1714 2243 1800 2311 nimi,-

1102 2344 1169 2384 rum
1185 2344 1249 2402 cap.
1267 2326 1326 2396 10,
1342 2324 1394 2383 ubi
1409 2324 1494 2383 dicit:
1520 2327 1713 2386 Accedamus
1728 2344 1799 2386 eum

1102 2428 1178 2470 vero
1194 2409 1286 2468 corde
1302 2412 1337 2469 in
1351 2410 1555 2484 plenitudine
1569 2412 1653 2488 fidei,
1678 2415 1799 2486 aspersi

1102 2497 1200 2556 corda
1211 2513 1232 2553 a
1244 2497 1438 2555 conscientia
1449 2498 1548 2571 mata,
1566 2505 1595 2556 et
1609 2497 1712 2556 otiati
1727 2513 1799 2557 cor-

1099 2600 1161 2657 pus
1187 2599 1272 2657 aqua
1294 2583 1435 2642 manda:
1465 2590 1628 2644 teneamus
1648 2587 1715 2659 spei
1737 2602 1799 2644 no·

1100 2676 1184 2728 strae
1196 2669 1424 2744 confessionem
1434 2669 1692 2729 indeclinabilem
1699 2691 1712 2745 ,·
1722 2670 1797 2746 {ide-

1101 2755 1140 2814 tis
1155 2757 1238 2814 enirn
1255 2762 1308 2827 est,
1333 2757 1389 2830 qai
1410 2758 1593 2829 repromisit
1613 2764 1669 2815 etc.
1699 2757 1739 2814 Et
1754 2757 1797 2815 in·

1100 2839 1161 2899 fra:
1178 2840 1282 2899 Nolite
1294 2845 1402 2917 itaque
1413 2843 1558 2900 amittere
1570 2841 1796 2918 confidentiam

1102 2934 1248 3000 vestrum,
1273 2945 1354 3002 quae
1377 2945 1528 3002 maenam
1543 2928 1634 2988 natet
1649 2946 1797 2988 remane·

1100 3015 1268 3071 rationem.
1298 3014 1460 3073 Patientia
1481 3017 1564 3073 enim
1588 3015 1674 3074 vobis
1689 3032 1795 3074 necer-
1875 3032 1878 3040 ’

1099 3102 1190 3159 saria
1204 3105 1258 3171 est,
1281 3105 1318 3159 ut
1342 3099 1538 3159 volantatem
1555 3102 1617 3160 Dei
1630 3101 1795 3175 facientes,

1099 3189 1267 3261 reportetis
1289 3187 1530 3259 promissionem
1557 3196 1630 3256 etc,
1659 3193 1690 3244 et
1716 3204 1796 3263 quae

1100 3280 1275 3350 sequuntur.
1291 3269 1469 3348 Cujusmodi
1481 3273 1572 3329 etiam
1587 3271 1732 3330 nonnulla
1743 3272 1793 3329 hs·

1099 3356 1206 3415 bentur
1222 3357 1325 3415 ultimo
1341 3366 1371 3415 et
1385 3357 1549 3435 penultimo
1565 3359 1672 3435 capite.

1142 3442 1252 3502 Verum
1267 3442 1344 3502 haec
1365 3442 1501 3520 probatio
1517 3461 1576 3500 non
1592 3441 1711 3501 videtur
1726 3440 1794 3500 aliis

1099 3528 1276 3608 quibusdam
1297 3546 1516 3606 usquequaque
1539 3535 1630 3587 certa.
1653 3527 1793 3599 Primum,

1099 3616 1253 3694 quianon
1276 3612 1314 3672 ad
1338 3613 1417 3672 solos
1434 3612 1570 3673 Judaeos
1593 3613 1702 3672 Petrus
1723 3629 1794 3672 suas

1099 3700 1254 3778 Epistolas
1269 3699 1387 3772 direxit,
1410 3699 1464 3759 sed
1489 3702 1579 3759 etiam
1594 3698 1634 3758 ad
1649 3698 1793 3776 gentilem

1099 3785 1182 3864 quod
1196 3786 1382 3862 Augustinus
1405 3794 1534 3845 testatur
1556 3784 1607 3844 lib.
1625 3785 1674 3844 22.
1691 3792 1793 3843 contra

1098 3872 1244 3930 Faustum
1268 3867 1400 3948 cupiit.
1431 3870 1532 3949 ldqne
1555 3871 1643 3930 etiam
1666 3888 1706 3928 ex
1727 3870 1791 3949 qui·

1097 3956 1223 4017 busdam
1246 3956 1434 4036 epistolarum
1457 3958 1491 4015 Β.
1511 3957 1595 4017 Petri
1617 3955 1716 4014 verbis
1732 3955 1791 4015 col·

1099 4043 1152 4119 ligi
1174 4062 1264 4121 posse
1288 4050 1402 4120 putant,
1424 4044 1553 4103 maxime
1576 4061 1614 4101 ex
1637 4059 1682 4112 eo,
1709 4040 1792 4120 quod

1098 4128 1205 4188 dicitnr
1222 4132 1238 4187 1
1256 4128 1353 4206 Epist.
1370 4132 1398 4188 2.
1425 4130 1468 4188 Et
1490 4131 1551 4204 ipsi
1570 4135 1726 4204 tanquam
1741 4128 1792 4187 la·

1095 4214 1185 4289 pides
1206 4217 1273 4273 vivi
1294 4215 1617 4290 superaedificamini,
1640 4213 1726 4292 quasi
1749 4212 1791 4273 di·

1098 4307 1164 4360 cat:
1186 4302 1256 4360 Non
1271 4302 1368 4360 solum
1383 4300 1503 4369 Judaei,
1527 4300 1579 4360 sed
1595 4306 1627 4358 et
1641 4318 1696 4358 vos
1721 4318 1786 4376 gen·

1096 4386 1184 4459 tiles;
1208 4387 1282 4445 sicut
1308 4388 1364 4447 hoc
1387 4388 1484 4465 ipsum
1512 4386 1682 4464 expressius
1697 4383 1792 4466 ,docet

1097 4472 1212 4532 Paulus
1227 4473 1303 4551 Bph.
1321 4478 1348 4534 2.
1371 4474 1563 4552 Rursumque
1586 4489 1625 4531 ex
1641 4490 1686 4540 eo,
1710 4466 1792 4549 quod

1098 4568 1203 4637 postea
1229 4561 1379 4638 sequitur:
1413 4561 1496 4636 Onia
1518 4555 1697 4633 aliquando
1723 4573 1791 4616 non

1096 4646 1244 4720 populas,
1261 4664 1348 4706 nunc
1363 4652 1470 4705 autem
1482 4645 1623 4720 populas
1639 4642 1700 4700 Dei
1705 4664 1717 4718 ,·
1736 4645 1791 4718 qai

1096 4749 1164 4790 non
1179 4734 1335 4791 consecuti
1350 4731 1610 4800 misericordiam,
1627 4745 1714 4788 nanc
1729 4748 1790 4790 aa·

1097 4825 1159 4876 tem
1174 4820 1339 4879 consecuti.
1363 4819 1453 4896 Quae
1467 4815 1560 4875 verba
1575 4832 1613 4872 ex
1630 4810 1708 4875 Osee
1722 4836 1788 4896 pro·

1096 4903 1187 4981 pheta
1210 4902 1377 4982 desumpta,
1403 4901 1517 4961 Paulus
1537 4898 1576 4958 ad
1597 4900 1682 4960 Rom.
1699 4905 1727 4963 9.
1751 4903 1790 4962 de

1094 4986 1201 5066 gentili
1221 4988 1334 5070 populo
1356 4988 1452 5050 inisse
1465 4985 1623 5067 praedicta
1644 4988 1787 5067 interpre·
