4442 5825
1091 538 1276 663 musano?

431 616 505 685 648

430 783 542 846 Erech.
558 784 618 857 32,
635 803 672 844 ac
687 781 741 847 sub
756 783 877 844 nomine
891 782 913 844 J
915 781 1000 858 udae,
1022 783 1125 847 fratris
1179 791 1209 846 et
1225 781 1343 864 Synodi
1355 791 1416 843 tam
1426 781 1640 863 particulares,
1657 800 1756 863 quam
1771 783 1869 844 unirm
1916 854 1918 865 Ι

432 871 551 942 Jacobi,
574 872 605 931 in
620 871 731 931 Erech.
751 874 799 932 18.
823 869 923 930 Citant
942 872 1041 932 etalii
1058 892 1125 953 pas·
1180 871 1272 931 seles:
1292 869 1477 941 Laodicena,
1495 866 1758 950 Carthaffl'nensis
1771 870 1871 944 salc-

432 960 487 1021 sim
503 957 636 1038 ejusdem
652 959 761 1018 aetatis
784 977 819 1016 sc
837 960 1039 1036 sequentium,
1065 966 1127 1020 tam
1179 960 1305 1031 reatina,
1321 956 1509 1018 Tridentino.
1533 956 1685 1035 Denique
1697 966 1730 1018 et
1742 955 1825 1017 hodie
1836 977 1870 1018 re
1916 998 1918 1025 ,

433 1044 541 1108 Graeci
557 1048 727 1125 scriptores,
743 1064 832 1125 quem
846 1045 958 1119 Latini,
974 1055 1128 1127 tamquam
1181 1047 1290 1126 cipitur
1300 1044 1339 1105 ab
1352 1043 1496 1116 omnibus,
1508 1045 1604 1104 etiam
1617 1044 1770 1119 sectariis,
1784 1043 1871 1105 saltem

431 1130 603 1213 Epistolam
626 1151 731 1193 sacrae
752 1140 782 1192 et
796 1129 982 1193 indubitatae
1001 1134 1128 1193 auctori·
1180 1131 1350 1213 plerisque;
1366 1130 1608 1192 licetaLuthero
1622 1139 1656 1190 et
1667 1131 1872 1210 Anabaptiatis,

432 1222 514 1280 tatis.
529 1219 572 1278 Et
583 1221 769 1299 quicumque
780 1226 942 1280 texuerunt
955 1219 1126 1300 catologum
1181 1240 1314 1281 necnon
1328 1217 1620 1280 aOenturiatoribus
1633 1219 1670 1279 in
1683 1217 1808 1280 dubium
1820 1238 1870 1278 rur·
1916 1210 1918 1277 l

433 1305 576 1368 librorum
604 1308 832 1379 canonicorum,
858 1305 936 1365 hanc
959 1307 1128 1387 Epistolam
1182 1327 1233 1368 sus
1257 1305 1350 1367 luerit
1372 1311 1487 1366 vocata
1511 1304 1575 1366 Cur
1589 1315 1698 1366 autern
1716 1307 1747 1365 in
1763 1306 1872 1385 Syriaco
1916 1322 1918 1347 ³

434 1395 580 1454 intexunt.
596 1394 640 1454 Ut
650 1394 845 1453 Innocentius
856 1393 976 1472 primus,
987 1393 1129 1454 Gelasius
1182 1400 1269 1454 textu
1291 1415 1351 1454 non
1371 1391 1528 1464 habeatnr,
1551 1411 1680 1454 causam
1706 1391 1873 1453 reddidimus

434 1483 554 1562 primus,
568 1479 762 1554 Athanasius,
774 1480 968 1558 Augustinus,
987 1480 1129 1554 Isidorus,
1182 1482 1213 1541 in
1228 1481 1449 1562 prolegomenis
1470 1480 1498 1539 2.
1514 1478 1619 1560 Epist.
1635 1480 1674 1540 Β.
1692 1480 1786 1540 Petri.

480 1766 633 1830 Oonvenit
648 1774 855 1845 argumentum
875 1768 961 1848 hujus
976 1766 1133 1847 Epistulas
1188 1769 1294 1843 lorum,
1306 1766 1553 1844 Simoniacisjam
1566 1764 1667 1828 libere
1674 1763 1876 1846 turpitudinum

443 1876 510 1919 eum
525 1856 571 1927 iis,
587 1871 667 1934 quse
677 1853 712 1912 B.
724 1854 830 1915 Petrus
841 1856 944 1916 scribit
958 1856 989 1916 iu
1006 1854 1136 1916 secunda
1189 1875 1273 1917 auam
1303 1853 1516 1915 exercentibus.
1552 1852 1634 1914 Nam
1666 1851 1877 1933 Apostolorum,
1916 1920 1918 1933 Ι

443 1942 588 2023 Epistola,
605 1942 780 2019 praesertim
792 1961 856 2021 cap.
870 1946 898 2002 2.
913 1950 942 2001 et
952 1943 1037 2001 initio
1048 1943 1137 2002 tertii.
1190 1951 1341 2023 tamquam
1356 1959 1592 2021 praecessorum,
1608 1940 1665 2018 qui
1682 1943 1750 2002 vita
1761 1941 1824 2019 jam
1837 1958 1877 1999 ex·
1916 1938 1918 1965 l

443 2031 523 2090 Nam
539 2044 619 2107 quae
642 2027 689 2086 bic
704 2027 880 2102 scribuntur,
903 2028 980 2089 adeo
995 2048 1061 2088 cum
1079 2029 1139 2090 illis
1192 2029 1342 2100 cesserint,
1365 2028 1497 2088 meminit
1518 2045 1598 2087 vers.
1617 2027 1677 2096 17„
1703 2027 1878 2107 potissimum

445 2115 554 2176 similia
570 2123 649 2186 sunt,
672 2121 706 2173 ut
721 2113 808 2192 bajus
824 2123 926 2175 auctor
941 2115 970 2176 S.
987 2114 1086 2176 dudae
1102 2134 1139 2176 ea
1191 2116 1365 2194 intelligens
1389 2115 1528 2186 Petrum,
1554 2112 1706 2187 Paulum,
1732 2114 1878 2176 decebam

445 2223 504 2263 nou
521 2201 615 2264 solum
631 2201 743 2279 legisse
757 2199 905 2273 videatur,
921 2221 1022 2263 verum
1038 2205 1138 2276 etiam,
1192 2203 1271 2263 Nam
1282 2199 1674 2263 Joannesadbucvivebat
1698 2202 1878 2262 Hiseonsar

447 2291 556 2370 partim
573 2288 785 2361 contrahendo,
810 2291 917 2367 partim
940 2288 1139 2363 extendendo,
1193 2299 1283 2349 tanea
1298 2289 1404 2349 scribit
1419 2287 1611 2366 Epiphanius
1627 2288 1660 2347 in
1677 2288 1799 2349 haeresi
1813 2286 1879 2348 Gur-

446 2378 553 2457 partim
566 2374 671 2434 iisdem
686 2373 810 2435 vocibus
819 2384 850 2436 et
857 2378 1012 2436 sententiis
1020 2375 1141 2448 utendo,

446 2465 579 2524 imitatus
593 2462 694 2522 fuisse.
713 2460 802 2540 Quod
810 2464 900 2541 igitur
914 2461 953 2523 de
968 2463 1049 2523 illius
1064 2462 1140 2542 Epi·

448 2550 543 2611 stolae
569 2557 747 2626 argumento
768 2548 880 2610 dictum
903 2559 962 2623 est,
989 2551 1079 2610 etism
1102 2547 1141 2609 ad

448 2638 526 2697 banc
543 2635 742 2696 referendum.
765 2636 883 2716 Scripta
906 2646 952 2697 est
967 2638 1053 2708 enim,
1077 2656 1141 2715 per·

450 2722 520 2784 inde
537 2733 571 2781 ut.
594 2722 660 2794 illa,
683 2724 862 2800 generaliter
883 2724 1002 2804 quidem
1024 2733 1144 2803 propter

451 2809 653 2871 exhortandos
675 2807 776 2868 fideles
800 2808 839 2867 ad
861 2809 926 2869 fidei
950 2829 1143 2890 perseveran-

450 2898 521 2957 tiam
537 2905 567 2955 et
583 2893 712 2955 studium
728 2897 871 2956 bonorum
888 2918 1020 2977 operum,
1037 2896 1143 2958 adrer-

453 3003 505 3044 sus
518 3002 577 3057 eos,
593 2985 646 3061 qui
659 2981 746 3042 fidem
755 2983 914 3061 jactabant
924 2988 991 3046 sine
1004 2983 1145 3063 operibus

456 3067 548 3151 (quod
558 3080 762 3149 argumentum
772 3090 839 3129 esse
851 3073 995 3150 Epistolis
1008 3070 1145 3131 omnibus

453 3157 611 3217 catholicis
635 3177 794 3227 commune,
819 3158 975 3218 docuimus
995 3160 1026 3217 in
1042 3178 1144 3218 earum

452 3240 701 3326 prolegomenis);
733 3244 903 3324 specialiter
933 3258 1047 3316 alutem,
1084 3254 1144 3302 turn

453 3339 555 3393 eontra
571 3332 745 3404 Nicolaitae,
769 3351 893 3410 quorum
918 3334 1027 3392 mentio
1051 3342 1098 3391 est
1114 3332 1145 3390 in

453 3417 650 3499 Apocalypsi,
667 3437 755 3497 quem
769 3428 872 3479 contra
884 3427 996 3479 sectam
1008 3420 1144 3495 impuris·

453 3507 558 3566 simam
574 3506 704 3566 Simonis
727 3506 814 3583 mogi,
838 3525 916 3585 quae
938 3501 1068 3579 (tametsi
1084 3524 1144 3564 ma·

452 3595 546 3672 gistro
566 3594 630 3671 jam
654 3588 815 3669 exstincto)
839 3593 971 3652 canceris
987 3594 1017 3652 in
1033 3611 1143 3651 rnorem

450 3680 541 3740 latius
564 3681 711 3760 serpebat,
735 3689 763 3739 et
780 3679 1004 3760 propagabatur
1020 3680 1051 3738 in
1065 3698 1145 3737 nova

449 3768 588 3847 germina.
613 3766 682 3846 Quo
705 3767 847 3846 pertinet,
872 3765 951 3846 quod
975 3766 1064 3839 dicit,
1091 3785 1142 3825 eos

449 3856 511 3915 Dei
535 3857 677 3930 qratiam
704 3855 883 3931 transferre
905 3856 941 3915 in
967 3854 1142 3927 luxurium,

448 3941 590 4023 quodque
613 3952 705 4002 vocat
727 3941 871 4002 illusores
897 3942 1068 4002 secundum
1086 3940 1142 4000 da·

447 4029 564 4088 sideria
579 4048 637 4089 suo
653 4029 856 4090 ambulantes
868 4031 903 4088 in
917 4027 1140 4105 impietatibus.

446 4113 574 4194 Scripsit
590 4125 689 4175 curtem
699 4114 723 4175 J
725 4114 807 4187 udas,
823 4122 856 4175 nt
867 4124 948 4175 recte
964 4123 1065 4175 censet
1081 4110 1140 4175 Oe·

446 4202 611 4276 eumenius,
634 4209 847 4280 postmortem
870 4201 996 4263 aliorum
1012 4203 1140 4282 Aposto-

1194 2377 1342 2447 sticorum,
1354 2394 1478 2455 quorum
1492 2377 1523 2435 in
1535 2373 1662 2436 Simone
1674 2376 1793 2435 exstitit
1802 2375 1881 2453 erige

1194 2464 1273 2524 Nam
1303 2468 1370 2540 post
1399 2469 1646 2521 commemoratas
1679 2461 1763 2522 illius
1795 2470 1881 2521 serbe

1195 2557 1379 2611 monstrosas
1392 2556 1424 2607 et
1439 2546 1580 2607 infandas
1594 2547 1753 2620 libidines,
1775 2546 1880 2609 tandem

1195 2637 1301 2697 infert:
1326 2637 1431 2713 Quare
1447 2635 1486 2695 dc
1500 2636 1549 2695 bis
1562 2643 1743 2696 commotus
1757 2637 1881 2712 spiritur

1196 2729 1333 2798 ruamus,
1352 2724 1388 2783 in
1403 2722 1555 2798 Apostolo
1576 2721 1674 2783 Jsda
1696 2725 1764 2782 uit:
1790 2725 1881 2801 Quae·

1197 2809 1530 2886 mmquemturoliter
1541 2815 1714 2885 tamquam
1721 2810 1880 2870 mestaaai·

1198 2897 1297 2959 melia
1311 2903 1444 2971 norunt,
1459 2899 1496 2957 irs
1507 2897 1555 2957 bia
1565 2904 1826 2974 corrumpuntur
1839 2902 1880 2956 stc

1196 2984 1290 3045 Porro
1305 2982 1468 3045 verisimile
1483 2991 1538 3056 est,
1560 2980 1600 3041 ad
1615 2982 1742 3044 eosdem
1757 2984 1881 3065 scriptam

1198 3091 1270 3145 esse,
1294 3070 1333 3130 ad
1355 3089 1428 3151 quos
1450 3071 1569 3150 scripsit
1583 3068 1618 3128 B.
1636 3068 1761 3146 Petrus,
1787 3069 1817 3131 id
1831 3076 1880 3140 ed,

1198 3157 1237 3218 ad
1259 3178 1311 3219 eos
1332 3158 1510 3237 praecipue,
1532 3156 1644 3235 quiex
1666 3158 1882 3219 circumcisione

1198 3243 1394 3305 crediderant.
1416 3245 1519 3304 Innuit
1539 3242 1604 3314 hoc,
1624 3262 1697 3303 cum
1715 3244 1804 3306 dicit:
1828 3245 1883 3307 lte·

1198 3351 1301 3392 moras
1316 3338 1409 3391 estote
1426 3330 1604 3405 verborum,
1628 3349 1716 3406 quus
1727 3332 1884 3409 praedicta

1197 3426 1272 3479 suast
1294 3418 1333 3479 ab
1357 3418 1516 3495 Apostolis
1531 3418 1668 3477 Domini
1692 3422 1799 3480 nostri
1818 3422 1884 3483 Jers

1199 3507 1324 3582 Christi,
1341 3507 1396 3582 qui
1411 3505 1558 3566 dicebant
1572 3504 1673 3579 vebis,
1692 3507 1884 3583 qrwnioruis

1197 3595 1368 3653 novissimo
1384 3599 1523 3669 tempore
1538 3593 1883 3655 conuocaturum

1197 3681 1265 3740 Hoc
1288 3682 1366 3739 enim
1391 3677 1543 3758 praedixit
1563 3678 1676 3739 Petrus
1699 3682 1835 3762 aspira
1848 3682 1884 3754 2,

1198 3788 1286 3847 quem
1314 3766 1352 3827 ad
1379 3766 1514 3827 Judaeos
1538 3773 1707 3846 utramque
1726 3766 1884 3849 Epistulae

1197 3854 1362 3934 scripsisse,
1375 3854 1437 3913 suis
1445 3852 1520 3914 locis
1528 3850 1730 3914 ostendimus.
1753 3855 1792 3917 ld
1804 3857 1884 3935 ipsun

1196 3940 1330 4001 indicant
1345 3940 1398 4000 illa
1413 3939 1513 4013 verba,
1529 3958 1607 4000 vers.
1625 3939 1673 4001 5.:
1691 3943 1885 4004 Communem

1196 4036 1301 4090 cctam
1324 4046 1378 4088 vos
1399 4027 1482 4098 vole,
1509 4030 1641 4088 sciram
1661 4030 1760 4090 semel
1781 4031 1883 4091 omnic

1195 4116 1271 4175 Nam
1285 4113 1315 4174 id
1324 4115 1478 4191 aptissime
1489 4113 1511 4175 J
1514 4111 1621 4173 udaeis
1634 4112 1758 4190 dicitur,
1776 4117 1884 4197 aprina

1195 4208 1295 4262 aetate
1309 4200 1430 4262 imbutis
1442 4201 1616 4279 cognitione
1627 4200 1776 4266 historiae
1787 4221 1882 4265 umet
