4442 5825
843 600 1006 657 motet
1023 601 1064 656 tlt
1081 600 1246 656 mmet.
1263 598 1347 656 ms.
1363 601 1388 655 t.
1763 607 1835 676 173

402 797 469 859 qrre
486 776 545 838 hoe
567 777 637 839 loeo
658 778 829 860 respicitur,
856 797 1004 860 apparere
1027 782 1086 841 eui·
1140 778 1193 841 alii
1204 780 1444 841 vertunt28ieut
1455 778 1621 839 oroerrlrtm
1634 778 1837 854 aceepitlio·

398 867 467 945 pianr
483 866 591 926 merito
603 874 705 946 queat,
720 867 864 927 roalaetio
878 865 946 938 diei,
962 885 1041 945 quae
1056 868 1087 926 in
1139 887 1184 928 rer
1193 890 1205 943 ,·
1232 867 1297 927 vel:
1320 868 1408 928 Siout
1431 867 1562 926 oraculo
1584 884 1768 942 rrrponrum
1792 872 1837 926 ert

397 951 479 1011 coelia
494 960 645 1033 agantur,
672 952 705 1012 id
726 952 807 1031 qnod
829 953 971 1013 videatur
985 962 1085 1032 portu·
1139 955 1228 1016 Mori.

395 1038 450 1099 lare
464 1039 565 1100 latent
579 1037 739 1100 antithetis
756 1040 833 1100 inter
847 1047 958 1100 terram
973 1045 1005 1098 et
1020 1059 1086 1101 eoe-
1183 1042 1263 1102 Oum
1309 1046 1545 1100 consummarat
1581 1039 1834 1101 tremulum.

394 1125 456 1185 lnrn.
471 1125 586 1207 Itaque
600 1145 708 1187 rentur
719 1126 812 1187 foret:
828 1124 1017 1199 Sacerdotes,
1033 1127 1087 1206 qni
1140 1127 1271 1188 Graece:
1296 1127 1376 1188 Cum
1399 1134 1473 1187 erret
1492 1134 1770 1187 consummatum
1783 1133 1836 1187 to·

393 1232 476 1292 toper
488 1221 604 1273 terram
625 1221 705 1287 runt,
727 1211 758 1273 id
776 1223 823 1273 eet
835 1213 997 1285 Levitioor,
1020 1231 1086 1274 eree
1140 1214 1356 1288 oenomaum,
1373 1212 1405 1272 id
1417 1213 1616 1273 eetfactnme.
1639 1213 1719 1273 Nam
1734 1213 1836 1287 verba,

392 1300 585 1374 routitntor,
608 1310 644 1359 at
663 1318 719 1359 ano
741 1300 919 1372 miniaterio,
946 1319 1004 1381 quo
1028 1318 1085 1359 eer-
1141 1319 1221 1380 qnae
1246 1303 1339 1360 eitare
1363 1300 1431 1360 vult
1453 1300 1633 1380 Apostolus,
1659 1299 1741 1361 dieta
1768 1310 1839 1362 rant

392 1386 472 1446 rint
485 1387 520 1446 in
535 1385 738 1459 abunculo,
754 1385 840 1448 nobie
856 1385 1020 1446 exhibeant
1034 1386 1086 1446 ob·
1139 1388 1234 1460 Mori,
1271 1389 1448 1467 priusquam
1481 1386 1707 1448 tabarnaoulnnr
1736 1386 1837 1448 facere

392 1492 505 1533 terram
529 1473 685 1552 quandam
706 1482 738 1533 et
750 1472 944 1533 umbratione
968 1492 1085 1553 reprae·
1139 1474 1297 1553 eoepiaeet,
1320 1481 1424 1553 utpote
1447 1473 1557 1554 quibua
1580 1472 1676 1535 forma
1698 1473 1835 1534 taberna·

391 1561 589 1620 tentatione·
608 1578 719 1632 eornm,
742 1578 822 1639 quae
838 1558 975 1620 (lhriatoa
989 1561 1085 1640 ponti·
1140 1561 1199 1622 enli
1214 1558 1345 1621 faciendi
1360 1560 1631 1640 praetoribebatur.
1756 1612 1758 1614 .
1891 1585 1898 1595 ·

390 1645 436 1707 lar
450 1648 520 1725 agit
541 1647 573 1707 in
587 1646 713 1706 ooeleeti
728 1647 908 1707 ranetnario.
1189 1647 1277 1722 Vide,
1293 1649 1409 1724 inquit,
1427 1651 1536 1710 omnio
1549 1648 1651 1724 facito
1660 1645 1835 1708 racundiae

427 1732 510 1795 Naro
535 1732 620 1815 quoi
639 1731 778 1814 pontifex
797 1733 975 1808 Aaronionr,
998 1753 1087 1795 eaeor
1139 1735 1319 1811 exemplar,
1348 1734 1435 1812 quod
1460 1736 1518 1795 ta'bt‘
1544 1742 1702 1796 ontearum
1728 1740 1773 1794 art
1797 1735 1834 1794 in

391 1821 524 1893 rietirna,
547 1820 645 1880 aetnel
667 1819 811 1881 introibat
832 1821 864 1879 in
884 1819 995 1882 Sancta
1010 1820 1085 1882 San·
1138 1828 1255 1882 monte.
1278 1820 1412 1883 Graeeer
1444 1822 1522 1883 Vide
1538 1825 1634 1897 enim,
1658 1820 1764 1902 inquit,
1784 1821 1837 1899 fo·

392 1916 512 1978 etornnr,
523 1907 667 1967 victimae
678 1906 1086 1987 sangninemilloeinierene,
1138 1911 1206 1969 eior
1219 1910 1330 1970 omnio
1340 1909 1514 1970 troandum
1529 1910 1693 1985 eaemplor
1706 1915 1762 1967 eto.
1777 1906 1836 1968 Lo·

393 1995 492 2074 typiee
505 1992 706 2073 aignitieabat,
720 1993 880 2067 Christum,
894 2012 998 2055 veram
1013 2016 1085 2075 pon·
1139 2014 1193 2056 oue
1209 2003 1253 2055 ert
1267 1993 1363 2055 Eroti.
1381 1995 1440 2069 25,
1463 1995 1515 2057 nbi
1540 1995 1662 2075 quidem
1677 2015 1738 2055 non
1752 1992 1836 2054 aridi·

394 2081 507 2154 t'fieenr,
522 2079 623 2141 boetia
637 2098 712 2140 auae
726 2083 827 2142 narnia
843 2082 875 2140 in
889 2099 979 2143 ernoe
992 2082 1087 2144 remel
1138 2090 1205 2142 tur:
1228 2084 1348 2156 omnio,
1371 2101 1429 2142 nee
1450 2084 1481 2143 in
1502 2081 1652 2155 Hobreeo,
1677 2101 1733 2142 nee
1755 2079 1837 2160 apnrl

395 2166 497 2240 oblata,
520 2187 578 2247 per
600 2167 752 2246 proprium
775 2169 950 2248 sangninem
973 2169 1085 2250 ingret·
1138 2168 1253 2245 LXX„;
1281 2166 1335 2229 red
1361 2177 1476 2228 tantum
1502 2168 1628 2229 dieitur:
1655 2171 1781 2246 Inrpiea
1807 2175 1837 2228 et

397 2272 488 2315 trrrrn
503 2255 538 2314 in
552 2252 677 2328 eoelnrn
691 2261 727 2314 ut
741 2263 902 2334 appareret
916 2254 1014 2316 vultui
1026 2256 1085 2316 Dei
1136 2258 1193 2334 fae
1215 2256 1388 2317 seeundum
1409 2256 1573 2332 exemplar·
1578 2300 1589 2331 ,
1613 2255 1699 2333 quod
1721 2255 1778 2316 tibi
1799 2258 1837 2316 ia

398 2360 443 2421 pro
468 2339 569 2402 nobit.
615 2340 706 2401 Hane
742 2341 990 2420 significationem
1021 2345 1086 2423 ipre
1139 2349 1245 2403 monta
1266 2350 1481 2403 monstratum
1502 2349 1554 2403 eat
1596 2342 1708 2403 Veram
1729 2360 1835 2403 aenrnr

402 2427 556 2507 ipoatolna
571 2447 639 2508 rap.
651 2431 680 2489 9.
688 2435 727 2487 et
739 2428 787 2487 10.
803 2427 938 2509 pluribus
954 2430 1087 2510 explieat
1138 2428 1320 2490 universalia
1342 2438 1397 2489 ert.
1428 2429 1519 2509 Quod
1546 2437 1631 2508 patet
1651 2448 1691 2490 ar
1712 2446 1834 2508 praeee-

402 2513 631 2575 ammantat
653 2513 912 2589 Etnihilominur,
936 2517 1018 2596 qnod
1033 2538 1085 2577 no·
1139 2515 1279 2577 dentibus
1309 2515 1446 2594 ejusdem
1476 2517 1600 2595 capitit,
1630 2515 1683 2575 nbi
1711 2514 1835 2575 dieitur:

400 2601 662 2663 aineeoaelntirtm
678 2600 735 2661 boo
748 2602 815 2662 loeo
831 2602 1085 2682 eomprehendan·
1139 2605 1334 2681 Faciamque
1371 2605 1450 2662 mihi
1485 2605 1704 2664 romerium
1737 2606 1835 2677 juata

401 2696 441 2748 tar
452 2686 507 2749 ma
522 2706 658 2769 qnoque,
680 2707 760 2768 qnae
773 2699 918 2768 geruntur
933 2697 965 2750 et
978 2689 1085 2751 divini·
1140 2707 1264 2751 omnam
1273 2690 1514 2751 rr'mr'lt'trtdinam
1526 2690 1737 2763 tobamaetdi,
1749 2688 1835 2766 quod

401 2784 439 2834 trr
451 2782 523 2836 rnnt
544 2776 684 2835 inrtitntr
702 2775 733 2834 in
748 2775 886 2836 lloeleeia
902 2773 1015 2837 Olrrirti
1030 2779 1085 2837 mi·
1140 2778 1307 2838 ortandom
1328 2778 1396 2858 titt,
1420 2785 1450 2838 at
1473 2779 1615 2839 omnium
1633 2794 1784 2838 emonam
1798 2778 1836 2837 ia

400 2860 503 2934 lanto
525 2860 658 2943 probant
678 2859 732 2923 illa
755 2861 849 2924 verba
869 2882 934 2943 eap.
952 2864 997 2924 9.:
1022 2865 1087 2926 Ne·
1139 2865 1259 2926 cauom
1282 2867 1358 2939 ajat.
1381 2863 1470 2945 Quod
1494 2873 1594 2926 entem
1609 2866 1757 2944 interpret
1770 2883 1836 2924 rer·

402 2967 469 3010 terre
481 2956 530 3009 art
551 2948 750 3026 ampliaria
767 2950 895 3026 quidam
909 2953 1087 3013 coelestium
1139 2952 1175 3011 tit
1186 2954 1359 3028 exemplar,
1383 2952 1501 3014 Graece
1516 2962 1562 3013 eet
1575 2945 1681 3026 τύπος,
1703 2952 1835 3012 voeabu-

403 3035 442 3096 tt·
455 3037 629 3113 mundam
652 3039 724 3112 ipro
739 3044 844 3098 artum
860 3037 1006 3098 eoelartto
1020 3057 1086 3099 me-
1140 3039 1203 3097 lnm
1225 3038 1376 3099 diversum
1398 3039 1437 3099 ab
1460 3058 1507 3113 eo,
1534 3038 1616 3119 qnod
1639 3036 1726 3100 modo
1750 3057 1836 3118 prae·

404 3121 523 3184 &noar
551 3123 678 3198 mata,
707 3141 804 3200 quam
834 3125 908 3184 irtio.
956 3125 1087 3186 Portant
1140 3124 1836 3205 eeoaitneeejusdemprorrnraignifieationir,

403 3210 481 3270 aim
495 3229 541 3282 ea,
563 3227 647 3289 qaae
669 3228 727 3289 per
744 3209 899 3271 inferiores
913 3210 1087 3272 raeertioter
1139 3212 1197 3272 hoe
1224 3214 1400 3291 praesertim
1415 3212 1489 3271 loeo.
1512 3211 1672 3291 Significat
1693 3213 1771 3272 enirn
1787 3211 1837 3272 lrie

403 3295 572 3374 galenum
598 3295 746 3377 applieari
772 3296 811 3357 ad
836 3294 1005 3375 Gloriatum3
1034 3297 1088 3358 reri
1140 3298 1312 3374 exemplar,
1336 3318 1396 3359 non
1410 3298 1606 3359 umbraticum
1621 3305 1674 3358 aut
1689 3297 1835 3377 praefigo·

403 3384 583 3464 praeeipuam
598 3382 738 3463 Apostoli
753 3384 921 3444 institutum
938 3394 992 3459 eat,
1014 3404 1084 3465 pon·
1140 3387 1280 3457 rativorn,
1302 3384 1358 3444 aed
1380 3386 1563 3465 propositum
1587 3383 1625 3444 ad
1641 3382 1834 3445 imitandum.

403 3467 499 3530 tim
523 3468 661 3531 eonloere
683 3489 751 3530 enm
773 3469 931 3549 pontitioe,
958 3470 1087 3552 legalem
1140 3470 1230 3551 Quae
1253 3473 1343 3532 etiam
1363 3474 1459 3551 magio
1473 3473 1595 3552 propria
1610 3478 1655 3532 eat
1670 3472 1833 3548 exemplo·

404 3573 460 3615 m
472 3553 603 3629 (ilrriato,
617 3565 710 3638 atque
725 3575 766 3617 ex
780 3575 818 3617 ea
832 3557 993 3619 eollrtione
1004 3558 1086 3618 ctri-
1140 3563 1185 3619 rtr
1200 3558 1386 3638 significatio.

404 3643 436 3700 rti
448 3642 598 3722 pentiiiein
612 3642 825 3704 excellentiam
841 3643 1007 3706 ostendere.
1182 3645 1280 3725 Igitur
1301 3645 1359 3705 har
1381 3645 1565 3726 allegatione
1587 3643 1681 3706 divini
1696 3646 1833 3722 retponti

437 3729 523 3791 strar
535 3747 723 3806 rerponrrtm
739 3738 784 3791 ert
797 3731 886 3792 Mori.
910 3731 986 3806 Iloe,
1005 3730 1086 3812 quotl
1140 3731 1249 3793 dooere
1271 3731 1337 3791 valt
1356 3732 1527 3812 Apoetolnr,
1551 3730 1635 3792 illam
1657 3732 1768 3791 veterio
1789 3739 1833 3792 ta·

402 3811 477 3889 lixit
497 3817 608 3889 omnia,
631 3837 712 3897 qaae
733 3836 789 3897 per
810 3816 981 3880 eaoerdotee
997 3820 1028 3879 in
1043 3827 1086 3878 ta·
1140 3817 1294 3880 bernaenli
1316 3818 1442 3879 formam
1464 3839 1524 3879 non
1540 3818 1636 3879 foieae
1650 3819 1688 3880 tb
1703 3817 1834 3880 humano

402 3899 553 3964 lermenlo
576 3904 767 3983 gerebantur,
793 3903 907 3984 ligoraa
921 3913 952 3966 et
966 3905 1088 3966 umbrae
1139 3908 1261 3985 ingenio
1274 3907 1481 3984 excogitatam,
1498 3915 1549 3966 aut
1560 3905 1682 3965 iortnito
1694 3903 1834 3978 oblatam,

402 3985 487 4052 tr'ne
501 3987 686 4065 eoeleatianr,
701 3989 810 4070 probat
819 3991 992 4071 Seriptnme
1006 3993 1086 4053 teeti·
1141 3993 1194 4053 red
1218 3992 1325 4052 laetam
1347 3990 1386 4052 ad
1408 3990 1562 4071 exemplar
1576 4012 1595 4052 a
1611 3992 1679 4051 Deo
1693 3992 1771 4053 Mori
1791 4011 1835 4052 re·

401 4077 501 4138 nonio.
516 4074 667 4138 Graeenrn
678 4076 801 4138 verbnm
817 4071 1016 4156 χρηματίζειν
1027 4098 1088 4138 non
1140 4077 1272 4139 velrtnnr
1297 4098 1334 4139 ae
1356 4080 1555 4159 propositum,
1581 4098 1675 4159 quarn
1702 4086 1780 4140 erret
1802 4080 1834 4139 in

401 4162 541 4240 rignifleat
571 4164 763 4244 ainrplieiter:
791 4165 1002 4242 forporem,
1032 4163 1088 4225 tel
1140 4173 1241 4227 monte
1256 4165 1337 4239 Sina,
1359 4165 1455 4246 legem
1471 4166 1502 4226 in
1518 4165 1630 4226 tabulis
1645 4176 1833 4247 arrepturus.
1882 4205 1885 4210 ·

401 4249 542 4327 qomodo
568 4249 655 4311 Dera
683 4250 845 4331 reapondet
875 4261 928 4311 aot
953 4251 1087 4331 loquitur
1140 4253 1169 4312 Δ
1184 4272 1245 4331 qno
1269 4251 1433 4332 exemplari
1455 4271 1495 4313 ne
1517 4253 1650 4313 artifieer
1672 4254 1760 4314 etiam
1777 4253 1835 4331 ipri

399 4331 570 4409 hamirribnt,
591 4335 625 4397 it
639 4345 695 4412 eat,
716 4335 872 4399 oraenlnnr
890 4336 1017 4399 reddere
1032 4357 1087 4399 oen
1139 4338 1192 4400 vel
1207 4339 1360 4400 minimum
1383 4339 1565 4412 aberrarent,
1589 4358 1640 4400 eoa
1655 4358 1777 4421 qnoque
1790 4339 1833 4399 le·

398 4418 470 4496 irre,
492 4423 613 4483 etiarnsi
636 4424 838 4501 interrogatae
859 4444 921 4485 non
935 4424 1033 4496 inerit,
1056 4434 1089 4485 et
1139 4428 1219 4507 gitur
1233 4425 1382 4486 Dominus
1406 4425 1578 4506 implevisse
1594 4428 1710 4506 'spirita
1725 4445 1779 4486 ano
1794 4422 1835 4486 atl

398 4503 648 4587 wlhelm,
664 4510 818 4571 oraotrlnm
833 4513 978 4592 arripere
1000 4510 1086 4572 Idem
1138 4514 1311 4574 nniversam
1339 4532 1415 4592 opuo
1440 4512 1627 4574 taberneonli
1653 4510 1834 4585 feriendum,

396 4593 467 4657 intr·
488 4616 557 4676 rap.
577 4601 643 4658 lt:
664 4597 746 4659 tter
759 4598 838 4673 Noa,
861 4616 1011 4675 rarpomo
1030 4618 1086 4659 ae-
1140 4598 1237 4660 Exod.
1253 4604 1303 4660 ³1.
1330 4597 1407 4659 Com
1429 4600 1507 4660 enim
1530 4619 1584 4679 prr
1603 4598 1678 4660 illud
1693 4598 1833 4662 taberna·

394 4690 475 4760 rapto
489 4693 549 4744 ete.
573 4683 614 4745 Et
628 4684 729 4744 activo
743 4704 855 4762 genere
870 4689 1015 4766 eap..12.:
1030 4687 1087 4763 qai
1140 4685 1247 4759 eulnm,
1270 4693 1300 4746 et
1324 4687 1448 4766 quaein
1468 4705 1504 4746 eo
1526 4685 1717 4766 gerebantur,
1740 4684 1834 4746 vellet

392 4785 483 4848 uper
495 4774 621 4832 terrani
636 4770 836 4848 loquebatur,
856 4770 887 4832 id
903 4782 950 4832 eet
964 4772 1087 4833 oracula
1139 4773 1224 4834 Deua
1243 4773 1444 4852 praefigurare
1466 4792 1511 4845 ea,
1534 4792 1613 4852 quae
1627 4772 1778 4851 pertinent
1792 4771 1832 4833 ad

391 4855 543 4918 uidebat.
560 4885 563 4890 ·
578 4851 662 4925 Urna·
685 4865 733 4919 eat
758 4855 863 4919 eodem
891 4858 983 4920 verbo
1009 4860 1084 4919 Mat·
1138 4855 1338 4920 raeerdotinm
1365 4857 1495 4932 Ohrirti,
1521 4859 1644 4919 tonnam
1668 4858 1734 4936 ejut
1755 4878 1830 4919 eon·
1857 4933 1860 4938 Ι

388 4941 493 5005 threna
519 4965 588 5026 erp.
613 4945 644 5004 2.
670 4946 718 5004 rai
743 4943 906 5026 Evangelii
934 4945 1028 5006 aemel
1054 4954 1086 5007 et
1138 4945 1272 5007 amendi
1287 4943 1831 5025 praeteripritadhaeeaignitieanda

387 5029 501 5106 hu,
515 5041 550 5093 at
560 5030 663 5093 Laeta
673 5050 739 5114 erp.
752 5033 801 5092 tt.
813 5042 846 5093 et
856 5033 924 5094 Aet.
938 5033 987 5093 10.
1003 5032 1087 5093 Hine
1140 5033 1461 5095 oenvonientiraimam.
