4442 5825
781 568 946 627 desolas
961 570 989 625 11.
1006 570 1093 627 stan
1111 570 1205 627 sirmi.
1241 568 1325 624 stlte.
1341 570 1367 625 ⁴.
1696 577 1769 647 609

371 768 557 831 aposseeos
572 749 706 831 effugare
718 750 779 811 Dei
789 747 946 828 judicium,
969 749 1023 829 qui
1077 748 1210 829 explicat
1231 755 1338 829 postea
1360 767 1452 809 versu
1473 751 1539 824 11.;
1562 748 1652 830 qnasi
1674 746 1772 809 dicat:

371 854 491 897 marm
516 836 690 919 dogmatum
720 844 859 898 suctores
888 844 958 896 sunt
987 856 1024 895 ac
1076 835 1109 897 Si
1121 835 1207 897 Deus
1221 834 1347 914 angelis,
1363 836 1415 916 qui
1425 835 1517 896 multe
1534 834 1689 896 nobilioris
1701 841 1772 895 sunt

371 923 474 1003 gistri.
518 923 652 987 Adducit
677 933 775 987 sutem
801 926 859 984 tria
884 922 1024 1003 exempla
1076 932 1216 997 naturae,
1243 923 1357 1004 quique
1380 922 1574 1000 fortitudine
1600 930 1629 983 et
1655 923 1771 983 virtute

371 1028 397 1073 ιο
430 1009 597 1073 horrenda:
626 1011 667 1073 de
693 1011 820 1092 angelis,
849 1009 888 1072 de
913 1008 1022 1070 mundo
1075 1017 1150 1072 sunt
1173 1012 1317 1084 majores,
1339 1008 1535 1088 peccantibus
1556 1029 1617 1070 non
1631 1009 1773 1090 pepercit,

371 1096 476 1179 ginali,
502 1097 542 1158 de
563 1096 719 1175 Sodomis,
746 1118 871 1180 quornm
896 1097 1023 1177 primum
1076 1097 1275 1177 spemveniae
1284 1095 1467 1157 ostendendo
1477 1113 1530 1157 etc.
1545 1095 1702 1176 Quomodo
1711 1116 1772 1157 uon

371 1185 497 1245 tertium
513 1183 691 1248 adferuntur
706 1187 797 1248 etism
813 1206 832 1245 a
846 1184 931 1247 duda
942 1185 1022 1264 Apo·
1076 1184 1251 1265 pepercerit,
1272 1182 1431 1245 declarent
1444 1183 1538 1245 verbs
1553 1184 1729 1264 sequentia:

371 1271 408 1333 lu.
436 1272 655 1347 Peccantibus,
672 1270 806 1334 Graece:
824 1260 1023 1350 ἁμαρτησάν-
1118 1271 1180 1335 Sed
1201 1269 1390 1332 rudentibus
1412 1272 1537 1349 inserui
1560 1270 1716 1333 detractor
1737 1270 1772 1329 in

371 1375 395 1435 ν,
413 1359 474 1436 pui
484 1368 707 1437 peccaverunt.
729 1360 800 1421 Non
815 1362 895 1421 enim
911 1359 1021 1435 impec-
1076 1365 1237 1418 tartarum
1255 1356 1391 1418 tradidit
1405 1358 1611 1435 cruciandos,
1635 1356 1773 1434 injudi-

371 1444 442 1507 tiles
467 1446 568 1525 augeb
591 1448 691 1508 sDeo
715 1449 807 1507 aresti
823 1455 903 1506 sunt.
932 1445 1022 1519 Ecce,
1074 1447 1159 1505 cium
1182 1449 1348 1505 reseruari.
1364 1443 1548 1525 Participio:
1572 1444 1772 1519 cruciandae,

379 1531 510 1615 quidem
526 1534 556 1594 in
572 1532 647 1595 libro
662 1533 698 1594 B.
713 1533 786 1610 Job,
808 1536 864 1611 pui
878 1533 1022 1593 serviunt
1076 1533 1107 1592 in
1122 1531 1241 1593 Graeco
1256 1531 1331 1592 nibil
1346 1531 1520 1612 respondet,
1542 1533 1649 1611 paucis
1664 1551 1771 1612 excep

374 1638 448 1683 swn
462 1627 539 1681 sunt
552 1619 678 1681 stabiles
683 1644 696 1698 ,·
719 1628 749 1680 et
768 1625 804 1682 in
821 1619 945 1695 anpelis
958 1622 1022 1679 suis
1075 1620 1114 1678 tis
1129 1618 1295 1694 codicibus,
1311 1639 1436 1699 quorum
1451 1641 1512 1680 non
1526 1628 1609 1681 tauta
1624 1618 1718 1696 ildes3
1741 1621 1774 1678 in

371 1710 443 1769 »erit
468 1709 675 1783 pravitatem,
702 1706 762 1769 Job
786 1711 815 1769 l.
859 1708 1022 1766 Peccatum
1076 1705 1186 1785 quibas
1216 1713 1277 1766 ost:
1309 1697 1552 1785 κολαζομένους,
1579 1705 1773 1784 puniendos.

371 1812 426 1855 um
454 1792 599 1855 describit
625 1795 659 1854 B.
686 1794 805 1855 Judss:
836 1794 928 1873 Quod
954 1811 1021 1854 nan
1076 1791 1166 1871 Quod
1182 1800 1281 1853 temen
1297 1794 1387 1854 etiam
1402 1795 1573 1875 Augustino
1588 1795 1700 1875 legitur
1720 1791 1771 1854 lib.

371 1888 537 1943 seuerum
550 1901 644 1944 suum
656 1883 889 1958 principatum,
905 1881 958 1942 red
970 1879 1020 1940 de·
1077 1884 1127 1941 11.
1142 1878 1181 1940 de
1197 1881 1278 1940 civit
1295 1880 1368 1956 Dei,
1390 1900 1457 1962 cap.
1473 1884 1541 1957 33„
1564 1889 1595 1943 et
1611 1880 1649 1942 de
1662 1889 1770 1942 natura

371 1970 524 2047 ipucrunt
541 1988 633 2030 mum
649 1969 856 2030 domicilium.
886 1967 1022 2048 Quorum
1074 1967 1155 2041 boni,
1178 1986 1243 2047 esp.
1259 1967 1320 2040 33,
1344 1987 1406 2029 nec.
1422 1989 1483 2030 non
1496 1968 1656 2049 Fulgentio
1671 1967 1725 2029 lib.
1742 1969 1771 2028 2.

371 2054 487 2117 rborum
513 2056 666 2138 expositio
692 2074 746 2117 suc
775 2055 843 2117 loco
874 2053 1023 2116 servunda
1075 2053 1116 2114 ad
1131 2053 1262 2115 l'rsslm.
1279 2073 1344 2134 cap.
1360 2056 1406 2132 23
1431 2075 1525 2136 quum
1548 2056 1660 2138 alioqui
1676 2054 1772 2117 videri

371 2162 383 2203 ·.
410 2140 495 2203 Illud
509 2145 584 2205 satis
599 2151 727 2216 canstat,
749 2143 876 2223 primum
891 2140 1019 2222 Angelo·
1074 2142 1172 2222 possit
1186 2141 1243 2202 bac
1258 2139 1392 2202 additum
1408 2141 1447 2204 ab
1459 2143 1633 2224 interprete,
1648 2141 1700 2204 vel
1712 2140 1772 2205 sliu

371 2250 391 2291 n
415 2239 574 2311 peccatum
600 2229 692 2292 inisse
716 2230 896 2310 superbiam.
938 2230 1020 2291 Nam
1074 2229 1224 2311 quopiam,
1237 2226 1408 2290 illustrandi
1422 2249 1529 2291 sensus
1544 2232 1653 2310 gratim
1669 2250 1771 2311 qnam·

371 2318 457 2379 tium
472 2320 576 2379 omnir
588 2320 712 2396 peccati
727 2325 771 2378 est
785 2317 946 2394 superbia,
961 2315 1020 2377 Ec·
1075 2318 1138 2388 vis,
1161 2335 1200 2375 au
1214 2334 1250 2376 eo
1265 2315 1427 2390 conducet,
1454 2338 1514 2378 non
1529 2316 1621 2379 iueile
1636 2315 1771 2379 dixerim.

371 2422 396 2465 s.
421 2406 488 2480 10.;
514 2416 560 2465 et:
590 2407 633 2467 ln
655 2407 725 2483 ipsa
745 2407 876 2466 initium
890 2406 1022 2478 sumpsit
1076 2401 1195 2464 Graeca
1210 2404 1254 2463 sic
1268 2401 1396 2463 babent:
1412 2404 1475 2467 Sed
1489 2408 1608 2466 eatenis
1623 2406 1770 2481 ealipinis

371 2493 429 2553 usis
439 2492 595 2568 perditio,
611 2491 690 2553 Tob.
701 2494 732 2553 4.
758 2492 877 2572 Estque
891 2510 929 2552 eu
944 2510 1021 2551 com·
1076 2493 1112 2552 in
1127 2497 1286 2550 tartarum
1303 2490 1445 2553 detrusas
1467 2492 1603 2552 tradidit
1625 2494 1661 2552 in
1678 2491 1771 2568 judi-

371 2579 423 2640 lnis
438 2588 470 2641 et
484 2582 691 2661 receptissima
706 2577 940 2658 Theologorum,
961 2585 1022 2637 tam
1076 2580 1160 2638 cium
1175 2585 1325 2653 servatos,
1341 2579 1402 2639 nisi
1418 2577 1499 2660 quod
1514 2599 1584 2659 pro:
1600 2564 1772 2658 τετηρημέ-

371 2674 470 2739 mm,
483 2686 574 2747 qnam
585 2667 793 2740 recentiorum,
801 2664 839 2726 de
850 2664 1023 2745 angelorum
1076 2680 1158 2739 νους,
1174 2672 1325 2741 servatas,
1349 2666 1401 2725 alii
1424 2665 1544 2728 codices
1559 2664 1690 2728 babent:
1715 2681 1772 2744 τη·

371 2762 448 2813 cesto
464 2755 622 2815 sententis.
654 2752 723 2832 Qua
738 2752 777 2814 de
792 2772 826 2813 re
841 2753 901 2813 late
921 2751 1021 2831 dispu-
1076 2742 1252 2829 ρουμένους,
1260 2752 1445 2829 servandos,
1453 2755 1519 2815 aive
1528 2756 1583 2830 qui
1590 2761 1772 2815 seruantur.

371 2857 408 2899 ur
431 2839 515 2920 apud
535 2840 712 2920 Magistrum
728 2842 759 2902 in
774 2842 803 2901 2.
819 2847 894 2901 sent.
909 2837 977 2900 dist.
994 2838 1023 2897 6.
1077 2836 1169 2919 Quod
1195 2858 1315 2900 sensum
1345 2861 1406 2900 non
1432 2842 1538 2901 variat
1582 2841 1660 2903 Nsm
1690 2838 1772 2923 quod

371 2924 488 3008 Quaeri
509 2937 616 3009 potest,
640 2947 693 2988 cur
713 2929 798 2989 Deus
818 2926 935 3005 angelis
954 2946 1023 3005 pec·
1077 2926 1255 3006 Gaignneus
1284 2934 1395 3007 putat,
1433 2930 1606 3008 interpretis
1635 2937 1770 3010 tempore

371 3013 466 3076 ntibus
482 3035 544 3075 non
556 3015 737 3097 pepercerit,
752 3015 805 3095 qui
820 3014 957 3095 pepercit
970 3013 1022 3074 ho·
1075 3013 1167 3075 sliam
1189 3013 1283 3075 luisse
1302 3015 1460 3076 lectionem
1477 3017 1507 3076 in
1522 3015 1674 3096 aliquibus
1690 3013 1769 3077 codi-

371 3103 408 3176 ni,
422 3102 588 3182 previdens
603 3104 631 3163 ei
645 3101 865 3182 redemptorem
876 3100 1024 3161 etSalvs·
1076 3101 1170 3173 cibus,
1192 3111 1223 3161 et
1237 3122 1307 3181 pro:
1330 3092 1548 3181 τηρουμένους,
1571 3104 1668 3164 fuisse
1682 3103 1772 3183 scrip·

371 3209 429 3252 em.
474 3188 524 3249 Ad
550 3189 606 3250 boe
630 3190 734 3250 variae
758 3189 890 3250 redonas
912 3186 1023 3248 adferri
1075 3197 1153 3248 tum:
1187 3178 1397 3267 τειρομένους,
1428 3187 1459 3248 id
1488 3203 1548 3262 est,
1579 3189 1714 3268 afflictas
1743 3195 1773 3249 et

371 3284 440 3352 snt;
462 3274 526 3349 sed,
542 3276 627 3337 salvs
638 3274 820 3356 judiciorum
835 3275 894 3336 Dei
909 3276 1022 3336 inscru-
1078 3282 1215 3349 assatos,
1238 3296 1291 3357 pro
1316 3295 1375 3354 quo
1399 3275 1543 3356 interpres
1566 3278 1672 3338 vertit:
1696 3295 1773 3339 cru·

371 3363 413 3424 nli
438 3361 658 3444 profunditate,
688 3362 764 3423 haee
793 3362 911 3423 videtur
939 3380 1023 3443 prae·
1076 3362 1223 3440 ciendam·
1247 3361 1361 3423 fallitur
1383 3365 1416 3424 in
1437 3382 1474 3423 es
1496 3383 1537 3424 re.
1568 3363 1726 3443 Siquidem
1742 3372 1773 3424 et

371 3468 429 3510 usa:
442 3448 526 3529 Quis
537 3448 669 3512 bumana
680 3460 788 3510 nutura
799 3456 1025 3510 tatscorruerst
1077 3447 1159 3529 spud
1173 3449 1197 3510 J
1200 3448 1289 3511 udum
1304 3448 1416 3530 legitur
1430 3448 1510 3511 idem
1526 3451 1662 3526 verbum,
1678 3473 1698 3514 a
1709 3470 1770 3532 quo

371 3538 469 3618 primo
486 3545 619 3617 parente,
635 3538 751 3617 quippe
766 3537 886 3617 quisue
898 3545 1023 3615 peccato
1075 3537 1269 3617 participium
1283 3537 1375 3616 hujus
1389 3536 1456 3598 loci.

371 3619 479 3704 ligavit
500 3631 595 3684 totum
610 3641 714 3704 genus.
738 3622 828 3703 Quod
844 3623 971 3703 proinde
986 3640 1025 3682 ne
1119 3622 1191 3684 Jsm
1226 3633 1257 3684 et
1282 3632 1415 3685 meteres
1440 3643 1530 3685 voces
1556 3625 1772 3705 expendamus.

371 3729 422 3772 usn
437 3713 558 3792 periret,
582 3710 787 3772 misericordia
802 3710 862 3772 Dei
875 3709 1023 3771 subvenit.
1076 3710 1151 3770 Pro:
1173 3713 1301 3786 catenis,
1325 3711 1513 3790 Augustinus
1536 3719 1568 3773 et
1588 3712 1772 3794 Fulgentius

371 3795 478 3878 pelice
502 3817 575 3859 uero
602 3807 710 3858 uaturs
735 3818 796 3858 non
817 3807 880 3858 tots
902 3795 1023 3871 cecidit,
1077 3797 1198 3876 legunt:
1213 3798 1397 3859 carceribus.
1414 3796 1512 3877 Cujus
1523 3800 1668 3861 versionis
1679 3800 1772 3861 etism

371 3879 469 3966 lpsra
486 3885 679 3966 ejusaliqus,
699 3894 789 3964 atque
811 3903 848 3945 ee
863 3885 956 3944 multo
972 3884 1024 3943 mi·
1076 3883 1162 3945 Beda
1183 3887 1329 3946 meminit.
1358 3884 1429 3959 sed,
1452 3894 1485 3945 ut
1500 3885 1596 3948 Vires
1611 3884 1694 3968 apud
1710 3887 1771 3947 Au-

371 3992 389 4042 r,
414 3992 507 4052 quam
523 3974 564 4032 sit
577 3991 695 4043 eorum,
719 3971 818 4051 quiin
834 3991 889 4032 sua
903 3970 1023 4031 rectitu·
1077 3973 1230 4050 pastinum
1247 3980 1379 4045 annotat,
1395 3991 1536 4034 carceres
1546 3992 1609 4049 pro
1624 3975 1773 4035 claustris

371 4079 398 4120 re
413 4060 614 4140 perstiterunt.
641 4058 747 4138 Itaque
762 4077 856 4137 genus
872 4058 978 4138 ipsum,
995 4065 1025 4116 ut
1078 4060 1235 4134 interpres
1250 4061 1304 4119 ilie
1316 4063 1435 4136 posuit,
1458 4061 1571 4138 quibus
1594 4065 1680 4123 euirc
1695 4061 1773 4122 dae·

392 4145 501 4218 dicem,
526 4147 557 4207 in
579 4146 639 4206 illis
654 4164 730 4224 opus
745 4164 805 4205 non
820 4144 925 4205 babuit
940 4164 1023 4224 repa·
1077 4163 1186 4206 mones
1210 4146 1441 4224 probibentur5
1468 4149 1577 4225 quates
1603 4156 1698 4211 erant
1723 4149 1774 4209 illi

371 4234 455 4294 ione.
472 4232 636 4294 Possumus
648 4241 678 4292 et
689 4232 747 4293 hoc
758 4230 879 4306 addere,
895 4230 1024 4312 quadam
1078 4234 1114 4291 in
1130 4236 1224 4307 circo,
1242 4234 1353 4310 quibus
1369 4237 1452 4312 equi,
1474 4243 1649 4313 antequam
1664 4255 1773 4298 curre·

371 4319 443 4382 ione
458 4318 527 4399 plus
539 4319 713 4399 praestitum
725 4317 879 4398 angelicae
890 4327 1024 4391 naturae,
1078 4327 1162 4394 rent,
1192 4321 1426 4382 coercebantur.
1464 4323 1612 4400 Inferni,
1644 4321 1773 4384 Graece:

442 4406 601 4468 humanae.
631 4405 709 4466 Num
731 4406 832 4486 plures
848 4405 950 4485 angeli
966 4424 1024 4464 ser·
1078 4396 1186 4484 ζόφου,
1199 4407 1364 4486 calipinis3
1381 4407 1774 4489 quemadmodumetiidem

371 4495 487 4568 tisunt,
510 4513 548 4554 ne
564 4491 722 4566 caderent,
745 4493 901 4573 pauciores
918 4491 1025 4552 cadere
1078 4501 1214 4555 auctores
1229 4493 1344 4574 legunt,
1361 4507 1393 4556 et
1406 4505 1508 4557 noster
1525 4498 1668 4576 interpres
1684 4496 1774 4556 vertit

371 4581 466 4643 missi
489 4590 576 4655 sunt;
598 4580 733 4640 homines
757 4599 829 4640 vero
850 4578 950 4660 plures
973 4598 1023 4658 pe·
1077 4580 1110 4640 iu
1126 4580 1263 4660 Epistola
1278 4583 1313 4642 B.
1328 4582 1437 4644 dudae.
1468 4583 1575 4643 Mirum
1591 4591 1698 4657 autem,
1721 4602 1775 4644 cur

371 4676 423 4742 nrt,
444 4667 602 4748 pauciores
618 4666 782 4728 salvantur.
812 4667 847 4726 ln
870 4685 904 4727 eo
926 4675 1026 4726 tumen
1078 4666 1225 4727 Erasmus
1243 4678 1359 4730 vertere
1374 4669 1529 4730 maluerit:
1555 4673 1666 4746 ιιοοιίι,
1693 4668 1774 4751 quod

371 4775 460 4817 muns
474 4764 583 4816 nsturs
595 4774 668 4834 prae
682 4752 800 4833 angelis
811 4753 959 4814 honorata
971 4763 1025 4825 est,
1079 4751 1196 4815 Graeca
1209 4775 1271 4816 vox
1287 4776 1348 4817 non
1360 4756 1516 4836 significat,
1532 4766 1564 4818 et
1575 4759 1642 4836 ipse
1654 4775 1775 4837 quoque

371 4841 411 4904 ed
436 4861 505 4903 esm
529 4840 587 4902 sibi
612 4840 711 4902 Filius
737 4840 798 4900 Dei
824 4842 855 4900 in
881 4841 1025 4900 unitatem
1079 4840 1109 4901 iu
1125 4841 1264 4922 Epistola
1279 4842 1380 4905 Judae
1395 4844 1563 4919 calipinem
1578 4843 1775 4905 transtulerit

371 4929 517 4992 uenalem
531 4926 719 4990 adcreverit.
735 4927 896 4988 Caeterum
912 4924 1026 4987 indicat
1079 4925 1172 5006 Quod
1195 4938 1295 4989 autem
1316 4937 1417 4991 noster
1434 4930 1543 4991 vertit:
1567 4930 1725 4993 detractos
1739 4934 1775 4992 in

380 5017 495 5080 Petrus
519 5023 727 5096 srgumentum
749 5035 770 5076 a
791 5016 921 5093 maiore,
944 5012 1025 5095 quod
1078 5021 1251 5092 tartarum,
1276 5023 1305 5077 et
1327 5017 1480 5094 Erasmus,
1503 5037 1633 5099 eumque
1655 5026 1776 5082 secutus

377 5131 447 5176 sall.
466 5131 536 5174 lrttt
549 5133 624 5173 usn.
637 5131 694 5172 τοι.
707 5131 745 5173 111.
1526 5122 1570 5185 39
