4442 5825
1451 589 1518 643 m
1551 587 1890 645 merom(
1924 589 1982 644 11.
2021 588 2195 651 mn
2226 586 2495 649 ΝΛΜ.
2563 587 2732 644 me.
2772 589 2851 642 11.

713 769 770 828 is
820 764 1093 829 similiter
1144 773 1358 846 peccat
1400 766 1464 829 in
1512 764 1710 846 legem
1761 765 2110 840 naturalem,

716 874 844 936 qua
881 854 1134 932 jubetur
1174 871 1599 957 unusquisque
1636 852 1830 917 vitare
1876 855 2110 933 pericu·

715 940 845 1002 lum
901 943 1139 1003 animae
1185 958 1362 1015 suae;
1423 949 1486 1000 et
1544 943 1606 1000 in
1650 939 1812 1001 hunc
1863 958 2111 1021 quoquo

716 1027 984 1107 quadrat
1034 1029 1192 1089 rafio
1234 1027 1424 1088 allata
1473 1027 1551 1088 ab
1596 1027 1921 1106 Apostolo·
1985 1028 2111 1107 Qui

715 1117 874 1176 dicit
930 1115 1064 1175 illi.-
1133 1119 1291 1188 Ave,
1343 1117 1769 1175 communicat
1820 1114 2115 1190 operibus

719 1206 858 1277 ejus
881 1202 1199 1278 mulionis.
1246 1201 1404 1261 Nam
1430 1200 1570 1261 talis
1594 1201 1653 1260 in
1679 1199 1794 1260 huc
1814 1203 2115 1271 consentit

718 1298 783 1350 et
829 1298 1187 1368 cooperatur
1230 1286 1547 1361 haeretico,
1593 1286 1773 1367 quod,
1816 1288 1968 1349 sicut
2010 1287 2113 1347 ille

717 1377 1053 1457 periculum
1082 1374 1316 1455 quaerit
1347 1376 1563 1435 animis
1595 1393 1818 1447 eorum,
1867 1374 2110 1454 quibus·

718 1480 856 1522 cum
888 1472 1181 1533 versatur,
1213 1463 1304 1520 sic
1336 1463 1453 1522 iste
1482 1481 1627 1521 suae
1658 1461 1848 1540 ipsius
1876 1463 2115 1522 animae

716 1549 1049 1630 periculum
1096 1556 1260 1609 creat
1288 1567 1408 1610 una
1451 1568 1588 1608 cum
1624 1546 1749 1620 illo,
1794 1546 1937 1617 dum
1978 1568 2113 1608 cum

717 1656 793 1697 eo
826 1645 1234 1698 conversatur.

810 1765 991 1847 Quod
1042 1769 1095 1827 si
1140 1775 1416 1827 neutrum
1469 1785 1702 1840 eorum,
1753 1785 1910 1846 quae
1954 1764 2117 1827 dicta

718 1864 881 1926 sunt,
929 1852 1189 1914 adfuerit
1218 1851 1606 1934 (quamquam
1639 1873 1758 1913 non
1789 1852 1968 1913 facilc
1999 1852 2117 1912 sibi

716 1943 1046 2022 quisquam
1081 1939 1264 2000 debet
1306 1939 1692 2019 persuadere,
1741 1938 1967 1999 nullum
1999 1938 2116 2019 ipsi

720 2047 799 2089 ex
856 2027 1252 2087 contubernio
1315 2025 1746 2086 haereticorum
1808 2028 2116 2086 imminere

720 2112 1084 2194 periculum3
1130 2122 1390 2173 meretur
1437 2115 1594 2174 enim
1638 2131 1676 2172 a
1721 2113 1855 2172 Deo
1902 2111 2117 2184 deseri,

724 2202 833 2279 qui
863 2219 970 2261 eos
1002 2221 1122 2260 non
1152 2196 1349 2274 vitat),
1394 2207 1517 2259 tum
1548 2199 1874 2280 periculum
1906 2198 2116 2259 saltem
2160 2223 2161 2228 ¹

722 2295 820 2348 est
863 2285 1132 2347 scandali
1179 2286 1538 2346 infirmorum
1575 2305 1649 2346 ex
1679 2285 1963 2346 familiari
2007 2285 2114 2346 ali-

723 2374 903 2453 cujus
957 2372 1248 2433 Catholici
1300 2391 1430 2431 cum
1485 2372 1779 2432 haeretico
1832 2374 2117 2454 quopiam

720 2462 1202 2521 conversatione.
1236 2457 1626 2526 Infirmorum‚
1660 2457 1810 2528 dico,
1842 2460 1975 2520 sive
2000 2458 2115 2520 Ca-

721 2546 1100 2619 tholicorum‚
1127 2549 1256 2606 sive
1272 2544 1349 2604 ab
1369 2545 1689 2605 haereticis
1713 2544 2116 2606 seductorum.

718 2633 1064 2694 Praebetur
1093 2635 1248 2694 enim
1291 2631 1633 2710 hujusmodi
1663 2631 1828 2692 facto
1861 2633 2116 2692 infirmis

720 2718 1062 2781 Catholicis
1092 2720 1328 2780 occasio
1358 2719 1556 2777 minus
1587 2719 1740 2778 male
1772 2719 1847 2780 de
1878 2719 2116 2781 haeresi

721 2814 788 2867 et
831 2805 1149 2867 haereticis
1205 2805 1542 2880 sentiendi3
1588 2806 1862 2865 similiter
1916 2814 2117 2867 autem

722 2902 785 2954 et
812 2891 929 2964 his,
975 2893 1078 2973 qui
1123 2892 1357 2954 seducti
1402 2890 1645 2972 quidem
1688 2903 1828 2954 sunt
1867 2892 1944 2953 ab
1975 2892 2113 2955 hae·

721 2979 947 3052 reticis,
980 2979 1091 3040 sed
1122 2978 1382 3041 nondum
1418 2983 1478 3039 in
1507 2978 1736 3040 haeresi
1769 2989 1907 3041 sunt
1935 2982 2114 3059 perti·

719 3086 924 3138 naces,
958 3067 1279 3144 praebetur
1301 3068 1556 3140 occasio,
1585 3077 1653 3127 ut
1676 3069 1808 3128 sine
1836 3066 2116 3144 scrupulo

719 3154 1188 3235 progrediantur
1209 3155 1269 3215 in
1291 3153 1542 3226 haeresi,
1572 3152 1939 3233 tandemque
1968 3153 2119 3215 fiant

718 3240 1029 3302 obstinati.
1074 3242 1294 3320 Iraque
1341 3240 1530 3300 ethic
1575 3250 1788 3318 peccat
1831 3244 1888 3301 in
1919 3241 2114 3321 legem

718 3335 994 3399 naturae,
1040 3347 1159 3408 qua
1189 3324 1535 3389 scandalum
1585 3327 1947 3388 infirmorum
1980 3348 2112 3405 pro·

719 3414 1000 3488 hibetur;
1042 3423 1103 3474 et
1146 3416 1205 3475 in
1241 3416 1369 3493 ipso
1417 3432 1660 3493 quoque
1705 3412 1905 3475 locum
1937 3412 2117 3475 habet

717 3503 878 3562 ratio
907 3501 1215 3580 Apostoli:
1250 3503 1370 3582 Qui
1400 3500 1555 3560 dicit
1577 3502 1926 3562 haeretico:
1956 3504 2113 3574 Ave,

718 3589 1150 3648 communicat
1223 3587 1516 3664 operibus
1588 3590 1722 3661 ejus
1793 3589 2109 3666 mulionis.

721 3674 1089 3735 Haereticus
1121 3673 1488 3734 scandalizat
1521 3673 1816 3750 infirmos3
1860 3675 2115 3736 scanda-
2162 3712 2163 3715 =

718 3761 869 3822 liant
897 3771 958 3821 et
989 3762 1116 3832 istc,
1164 3763 1266 3840 qui
1299 3779 1436 3820 cum
1482 3779 1556 3821 eo
1587 3769 1830 3821 exercet
1858 3760 2112 3823 familia·

718 3850 978 3909 ritatem.

811 3978 878 4040 si
904 3998 1054 4039 vero
1099 3978 1421 4059 quispiam,
1461 3976 1562 4038 vel
1605 3979 1838 4050 timore,
1876 3977 1975 4040 vel
2006 3997 2115 4059 pn·

716 4065 874 4125 dore
905 4065 1227 4137 mundano,
1255 4066 1383 4145 agit
1412 4062 1787 4126 lamiEariter
1809 4079 1949 4128 eum
1978 4064 2112 4127 hae·

710 4153 950 4224 reficis,
1004 4161 1067 4212 et
1110 4153 1171 4212 in
1218 4170 1429 4212 mensa
1477 4153 1770 4210 communi
1823 4146 2113 4229 (exempli
2160 4191 2161 4195 =

711 4233 949 4314 αωοβ).
976 4238 1120 4300 licet
1159 4240 1295 4317 ipse
1338 4257 1459 4302 neu
1505 4246 1704 4298 asmat
1728 4256 1809 4299 en
1837 4238 1989 4306 cibis
2013 4257 2109 4299 ec·

709 4325 1062 4388 clesiastiea
1103 4324 1245 4403 lege
1288 4344 1401 4386 auo
1440 4334 1713 4402 tempore
1756 4324 2115 4398 interdictio,

705 4421 916 4476 tamen
948 4410 1111 4481 facit,
1148 4430 1312 4491 quae
1343 4410 1704 4491 professioni
1734 4409 1876 4472 fidei
1909 4410 2110 4471 catho-

704 4499 869 4561 licae
911 4506 1265 4578 repugna-t,
1308 4497 1499 4560 veluti
1543 4497 1933 4558 maimundo
1972 4496 2109 4560 hae·

702 4585 919 4649 reticio
945 4604 1174 4656 carnes,
1221 4586 1357 4662 ipse
1386 4591 1590 4644 tamen
1629 4602 1734 4644 eas
1765 4602 1886 4645 non
1916 4603 2108 4645 come·
2156 4626 2157 4635 η

705 4672 882 4742 dens,
929 4670 1036 4732 sed
1068 4671 1261 4731 solum
1290 4672 1524 4750 pisces:
1570 4668 1667 4730 hic
1716 4670 2110 4732 communicat

706 4757 995 4841 operibus
1042 4776 1244 4819 eorum
1290 4757 1574 4837 malignis
1609 4756 1670 4817 in
1701 4756 2108 4826 conculcando

703 4845 1024 4908 Ecclesiae
1055 4852 1460 4925 praeceptam,
1505 4851 1570 4905 et
1603 4841 1748 4906 fidei
1790 4845 2107 4923 profusio·

703 4952 843 4994 nem
873 4929 1080 5003 violat,
1116 4940 1310 5011 atque
1329 4928 1748 4996 scandalizat·
1730 4950 1891 5013 ipsos
1918 4932 2104 4992 etiarn

702 5020 1047 5084 hae-suco·
1072 5037 1181 5100 per
1206 5018 1389 5079 istan
1422 4997 1774 5098 mollitiem·
1817 5018 1960 5084 linet
1987 5016 2102 5080 for-

3460 593 3604 669 '¹188

2161 765 2391 829 tassia
2422 763 2733 827 Ecclesiae
2762 772 3153 846 praeceptum
3197 765 3259 827 in
3291 763 3470 837 corde
3499 783 3612 833 suo

2212 852 2379 914 nullo
2405 851 2582 915 modo
2614 859 2971 917 contemnat.

2304 938 2482 1020 Quod
2513 942 2566 1000 si
2596 939 2817 1019 aliquis
2863 937 3240 999 familiariter
3286 958 3423 1001 cum
3467 937 3605 1001 hae·

2214 1026 2422 1088 reticis
2473 1035 2751 1087 versatur
2797 1045 2874 1087 ex
2922 1034 3265 1102 contemptu
3318 1044 3461 1086 vero
3508 1023 3610 1083 vel

2216 1115 2677 1192 interpretatis-o
2709 1113 2862 1192 legis
2888 1112 3289 1191 Apostolicae,
3322 1131 3480 1193 quae
3511 1110 3611 1175 hio

2217 1209 2430 1274 exstat,
2476 1200 2575 1261 vel
2605 1199 3069 1272 ecclesiast-icae,
3114 1218 3235 1277 qua
3277 1198 3610 1263 commuuio

2217 1306 2358 1347 cum
2408 1287 2940 1347 excommunicatis
2992 1285 3372 1367 prohibetur,
3434 1285 3609 1347 certis

2220 1373 2460 1435 casibus
2506 1376 2775 1453 exceptis
2822 1369 2970 1452 (quo
3002 1372 3080 1433 de
3122 1372 3366 1450 negotio
3397 1389 3608 1433 omnes

2220 1459 2519 1539 Theologi
2563 1460 2819 1521 morales
2863 1468 2927 1519 et
2969 1460 3122 1538 juris
3164 1459 3436 1519 canonici
3468 1477 3607 1537 pru·

2220 1547 2433 1607 dentes
2464 1550 2590 1609 suis
2621 1547 2769 1609 locis
2801 1543 3035 1624 agunt),
3065 1548 3114 1607 is
3144 1544 3442 1624 delinquit
3474 1563 3609 1605 con·

2221 1642 2314 1694 tra
2356 1633 2557 1713 legem
2605 1637 2789 1696 etiam
2835 1632 3099 1694 divinam
3153 1641 3216 1692 et
3259 1630 3612 1707 naturalem,

2222 1740 2345 1799 qua
2416 1729 2653 1782 tenetur
2710 1718 2958 1782 obedire
3018 1717 3326 1799 Apostolis
3386 1716 3610 1779 Christi

2221 1807 2476 1886 ejusque
2521 1807 2852 1875 Ecclesiae.
2920 1807 3001 1867 Et
3047 1808 3108 1869 in
3156 1805 3322 1865 illum
3375 1824 3613 1884 quoque

2223 1892 2385 1954 cadit
2414 1897 2568 1955 ratio
2599 1896 2695 1956 hic
2726 1916 2766 1956 a
2793 1895 3031 1956 Joanne
3070 1892 3364 1972 Apostolo
3393 1893 3613 1972 posita,

2223 1982 2370 2060 quia
2415 1983 2814 2042 communicat
2859 1988 3105 2059 peccato
3152 1979 3441 2041 haeretici
3474 1997 3610 2040 con·

2223 2070 2550 2128 temnentis
2597 2067 2950 2139 Ecclesiam,
3002 2064 3144 2127 dum
3190 2073 3250 2126 et
3296 2068 3429 2147 ipse
3471 2086 3609 2127 con·

2223 2154 2443 2215 temnit.

2308 2240 2401 2301 Ex
2431 2241 2524 2303 his
2548 2240 2821 2301 omnibus
2845 2237 3301 2318 intelligendum
3325 2239 3611 2319 relinqui·

2222 2334 2336 2399 tur,
2369 2336 2593 2406 quanto
2618 2326 2818 2388 studio
2846 2326 3261 2405 unusquisque
3283 2325 3617 2391 catholicus

2221 2411 2434 2491 fugere
2482 2413 2703 2475 debeat
2733 2413 3245 2475 conversationem
3289 2431 3418 2473 cum
3469 2413 3608 2476 hae·

2220 2501 2454 2577 reticis3
2501 2510 2562 2560 et
2607 2500 2764 2562 idem
2794 2499 3091 2578 judicium
3124 2507 3218 2559 est
3245 2499 3613 2561 delectione
3737 2490 3741 2495 ’

2224 2585 2510 2649 librorum
2542 2589 2823 2666 ipsorum,
2869 2586 2971 2647 vel
3015 2587 3091 2646 de
3137 2583 3372 2647 haeresi
3407 2605 3613 2666 suspe-

2223 2681 2486 2750 ctorum3
2534 2675 2809 2754 quamvis
2853 2673 3020 2737 nulla
3066 2679 3227 2733 esset
3261 2672 3385 2737 alia
3416 2692 3616 2747 causa,

2170 2805 2173 2809 ἡ
2222 2780 2404 2842 quam
2437 2759 2799 2825 seductionis
2831 2759 3178 2840 periculum.
3210 2758 3402 2821 Multo
3432 2760 3616 2836 igitur

2223 2848 2435 2928 magis,
2468 2846 2707 2928 quando
2740 2847 2942 2929 plures
2972 2867 3050 2907 ex
3083 2845 3214 2905 istis
3244 2847 3443 2906 causis
3473 2866 3612 2916 con·

2223 2944 2484 2996 currunt.
2528 2935 2769 3015 Quibus
2798 2944 2861 2996 et
2888 2934 2994 2998 illa
3023 2941 3216 3015 potest
3243 2931 3407 3007 addi,
3455 2932 3618 2996 salus

2221 3023 2411 3103 ipsius
2440 3022 2743 3095 haeretici,
2784 3030 2866 3095 ut,
2913 3021 3054 3084 dum
3089 3039 3160 3083 se
3203 3018 3370 3080 videt
3400 3018 3478 3080 ab
3508 3020 3612 3086 ho·

2221 3107 2482 3170 minibus
2528 3110 2723 3182 vitari,
2769 3108 3122 3189 pudefictus
3164 3109 3245 3169 ad
3276 3105 3612 3176 Ecclesiam

2223 3194 2450 3257 redeat.
2516 3196 2694 3258 Hanc
2740 3197 2899 3256 enim
2946 3215 3191 3257 causam
3246 3196 3614 3273 inspectavit

2223 3280 2475 3355 Paulus,
2528 3282 2772 3362 quando
2817 3281 3034 3343 fratres
3096 3291 3340 3362 propter
3387 3283 3618 3345 minora

2226 3370 2404 3430 etiam
2438 3371 2703 3440 crimina,
2735 3388 2916 3450 quam
2941 3370 3023 3429 sit
3049 3369 3341 3442 haeresis,
3373 3389 3410 3430 a
3441 3385 3614 3448 prae·

2226 3455 2396 3516 tectis
2425 3456 2739 3518 Ecclesiae
2778 3465 3021 3517 notatos
3068 3457 3153 3517 ita
3195 3457 3373 3520 vitari
3406 3455 3613 3530 voluit,

2226 3552 2294 3604 ut
2336 3562 2418 3604 ne
2458 3563 2726 3606 mensam
2773 3541 3014 3622 quidem
3060 3564 3433 3606 communem
3479 3562 3615 3604 cum

2224 3633 2299 3695 iis
2351 3629 2635 3692 haberent
2686 3630 2791 3690 alii
2836 3628 3074 3704 fideles,
3132 3634 3162 3691 1
3216 3630 3354 3693 Gor.
3400 3631 3458 3692 5.
3504 3628 3616 3691 suh

2226 3718 2399 3780 finem
2431 3725 2489 3777 et
2521 3721 2557 3779 2
2590 3716 2808 3779 These.
2840 3720 2898 3780 3.

2314 3803 2584 3885 Quaeret
2614 3806 2928 3884 quispiam,
2970 3823 3049 3864 an
3078 3804 3262 3883 igitur
3289 3824 3410 3866 non
3439 3802 3620 3866 liceat

2227 3890 2562 3953 Catholicis
2606 3892 2819 3953 vivere
2860 3894 2926 3953 in
2970 3891 3043 3950 iis
3085 3890 3463 3969 regionibus,
3512 3890 3618 3952 ubi

2227 3977 2422 4055 major
2474 3997 2615 4056 pars
2666 3986 2758 4039 est
2809 3978 3277 4053 haereticorum3
3337 3977 3456 4044 imo
3512 3976 3617 4038 ubi

2223 4064 2510 4126 haeretici
2557 4062 2953 4138 dominantur,
2999 4072 3063 4124 et
3091 4063 3206 4125 soli
3250 4072 3468 4144 gerunt
3501 4083 3618 4126 otn-

2224 4150 2554 4216 niaofficia
2582 4150 2842 4231 publica.
2888 4152 3059 4222 Item,
3091 4170 3170 4211 an
3199 4149 3382 4214 faciat
3414 4158 3621 4218 contra

2222 4237 2340 4300 hoc
2369 4237 2784 4317 Apostolieum
2828 4244 3238 4320 praeceptum,
3280 4239 3388 4317 qui
3416 4255 3615 4299 neces·

2223 4325 2404 4385 sit-ate
2463 4323 2728 4403 quadam
2786 4326 3221 4402 constringitur
3272 4333 3331 4386 et
3383 4326 3621 4403 cogitur

2221 4411 2496 4472 habitere
2527 4418 2632 4474 aet
2656 4413 2883 4473 versari
2906 4413 2969 4473 in
2992 4410 3205 4471 eadem
3228 4410 3457 4473 familia
3480 4430 3618 4472 cum

2221 4498 2427 4577 aliquo
2456 4497 2781 4559 haeretico.
2826 4500 3109 4570 Rursum,
3153 4516 3234 4558 au
3278 4498 3452 4559 nohis
3499 4518 3620 4559 non

2221 4584 2407 4645 liceat
2437 4586 2670 4663 precari
2715 4586 2943 4647 homini
2974 4584 3273 4645 haeretico
3304 4584 3613 4646 meliorem

2219 4679 2503 4744 mentem,
2546 4681 2652 4731 aut
2682 4692 2813 4734 eum
2861 4674 2922 4733 in
2954 4673 3190 4734 domum
3223 4673 3509 4751 recipere,
3554 4678 3621 4733 ut

2218 4757 2390 4819 illum
2435 4756 2785 4830 doceamus,
2831 4767 2893 4821 et
2935 4757 3012 4819 ab
3055 4776 3254 4820 errore
3290 4759 3427 4824 viae
3473 4778 3620 4820 suae

2219 4852 2570 4907 convertere
2628 4845 2995 4908 studeamus.
3078 4843 3175 4905 Ad
3234 4844 3347 4906 has
3408 4865 3616 4910 omnes

2217 4933 2602 5011 quaestiones
2646 4930 3124 5013 respondendum
3157 4938 3265 5004 est,
3314 4928 3616 5012 Apostoli*

2217 5038 2351 5084 cum
2380 5026 2486 5082 aut
2511 5018 2999 5086 Ecclesiastieum
3043 5026 3438 5106 praecaptum
3473 5018 3614 5084 -talir
