4442 5825
742 592 913 648 ariarates
930 593 970 647 sn
988 590 1153 647 marsos.
1187 591 1262 646 vitiis
1283 591 1324 644 ie.
1341 590 1383 643 ²0.
1703 590 1776 660 263

355 769 425 830 oles
439 776 540 831 tomm
555 766 635 851 apud
651 767 892 844 Theodoretum,
918 778 949 831 et
963 789 1028 850 pro·
1082 769 1141 831 bus
1158 767 1324 849 insculpta,
1350 784 1429 848 quae
1451 763 1484 825 in
1504 762 1636 824 humeris
1649 764 1689 823 'et
1708 770 1778 823 ante

355 854 463 919 aditur
477 874 574 936 usque
590 854 630 916 sd
644 855 732 918 finem
745 856 911 937 Epistulae.
934 857 1030 918 Nobis
1083 868 1187 937 pectus
1213 855 1367 936 gestabat,
1396 852 1468 913 illue
1493 871 1594 913 secum
1621 847 1779 912 inferebat.

355 944 416 1005 iam
430 944 541 1005 merito
554 942 606 1003 hic
621 945 692 1003 nori
708 942 815 1023 eapitis
830 944 947 1004 initium
963 961 1030 1004 esse
1084 942 1172 1023 Quae
1187 944 1283 1024 figura
1299 951 1378 1015 erat,
1402 959 1504 1000 omnes
1525 939 1651 1010 electos,
1680 936 1780 1018 quiin

355 1030 471 1108 iberet3
491 1031 597 1090 urnas
613 1030 691 1091 enim
705 1030 869 1110 Apostolus
886 1029 924 1091 ad
939 1028 1029 1090 aliud.
1084 1028 1238 1091 duodecim
1268 1028 1403 1089 tribubus
1436 1025 1533 1087 Isrsiil
1563 1024 1779 1106 intelliguntur,

355 1136 405 1178 am
418 1117 568 1178 hactenus
580 1116 701 1199 quidem
715 1116 857 1178 disseruit
868 1116 907 1178 de
916 1117 1030 1180 Christi
1082 1135 1137 1197 per
1162 1115 1312 1179 Christum
1342 1111 1517 1197 pontificem
1546 1110 1780 1174 introducendos

355 1203 517 1277 eerdotio,
533 1211 565 1264 ot
578 1205 691 1265 virtute
705 1203 841 1266 sacrificii
857 1205 932 1283 ojus,
948 1203 1030 1284 quod
1083 1205 1114 1264 in
1130 1211 1234 1264 sancta
1251 1201 1400 1265 coelestia.
1607 1249 1610 1256 .

355 1292 451 1353 sicum
485 1290 596 1353 obtulit
623 1291 707 1352 Patri
737 1293 769 1351 in
795 1312 900 1364 cruce,
930 1290 1030 1371 deque
1127 1291 1177 1351 20.
1201 1292 1305 1371 ρυαννν
1331 1291 1474 1351 initiavit
1496 1286 1587 1350 nobis
1610 1288 1697 1346 tiam
1716 1303 1779 1346 no·

355 1380 529 1459 rogatione
544 1385 679 1440 veterum
695 1379 924 1454 sacrificiorum
950 1396 1030 1437 nuuc
1085 1397 1157 1439 nam
1180 1379 1348 1439 viventem.
1385 1375 1557 1437 Relatiuum
1577 1372 1726 1436 Graecum
1742 1361 1779 1451 ἢν

355 1484 486 1526 amore
509 1462 612 1545 (quem
634 1466 666 1526 in
686 1465 824 1526 omuibus
848 1464 1029 1547 paeneEpi·
1083 1463 1186 1525 referri
1224 1473 1326 1544 potest
1363 1464 1403 1523 ad
1434 1463 1623 1535 introitum,
1661 1457 1780 1521 Graeca

355 1552 412 1613 alie
437 1546 594 1627 observat)
615 1571 634 1611 a
656 1550 791 1614 doctriua
814 1550 969 1613 descendit
991 1548 1030 1610 ad
1083 1544 1217 1627 sicodor,
1230 1551 1385 1612 foeminini
1395 1550 1530 1629 generis,
1546 1548 1597 1609 vel
1608 1546 1697 1627 jungi
1709 1545 1778 1607 snb·

355 1638 572 1700 :hortationem
587 1639 669 1700 vitae
684 1636 881 1700 Christianae.
918 1637 1029 1718 Quam·
1083 1639 1212 1700 atautivo
1229 1639 1364 1719 sequenti
1380 1629 1462 1714 ὁδὸν,
1479 1639 1574 1699 viam.
1597 1632 1646 1696 Ad
1662 1634 1779 1696 introi·

355 1744 417 1788 ram
432 1725 626 1806 potissimum
649 1727 680 1788 iu
702 1725 759 1787 hoc
782 1726 970 1799 immoratur,
997 1731 1031 1783 ut
1083 1733 1150 1789 iuni
1169 1726 1304 1787 referunt
1318 1725 1566 1806 Theophyleotus
1590 1732 1622 1783 et
1636 1718 1779 1783 Cacume-

355 1814 417 1874 siie
434 1812 613 1893 Scripturas
625 1814 805 1874 testimoniis
820 1822 849 1874 et
860 1821 1030 1875 sauctorum
1082 1815 1160 1874 nius.
1193 1812 1279 1875 Idem
1294 1811 1362 1871 uult
1376 1810 1558 1890 Cajeteuus,
1585 1807 1713 1889 ideoque
1728 1826 1781 1889 pu·

355 1898 480 1981 :emplis
495 1898 652 1960 Hebraeos
664 1901 777 1961 excitet
787 1898 825 1961 ad
837 1916 1029 1982 persoveruu·
1084 1907 1129 1962 tet
1144 1898 1235 1961 inisse
1252 1897 1440 1961 vomendum:
1457 1917 1548 1977 quem
1563 1897 1708 1957 initiavit
1714 1916 1727 1973 ,·
1750 1895 1782 1955 iu

355 2006 397 2049 ιιι
413 1986 508 2061 fidei,
524 1994 555 2046 et
569 1986 746 2067 patientiam
762 1988 794 2047 in
809 1986 962 2062 aduersis,
986 1985 1029 2044 iu·
1084 2006 1143 2069 quo
1166 1996 1267 2049 nmen
1291 1985 1358 2047 salli
1383 1987 1496 2066 ipsum,
1522 1984 1781 2067 grammaticorum

355 2072 445 2136 udum
465 2074 558 2133 etiam
581 2082 697 2135 terrem
718 2073 876 2135 instabiles
899 2084 930 2134 et
951 2071 1029 2133 infir·
1083 2074 1188 2155 regule
1210 2073 1313 2147 docet,
1340 2092 1420 2155 quae
1443 2069 1534 2133 tradit
1557 2078 1637 2132 recte
1661 2087 1780 2131 concor·

355 2159 1032 2330 ta{titibtit‘ittti”iiiiii
1084 2161 1338 2328 tuitii
1371 2156 1783 2307 itit'itiittttt

355 2344 366 2395 t
426 2352 478 2394 res
507 2334 615 2394 vertit:
643 2334 813 2412 iidaciam,
845 2355 882 2396 ex
912 2332 1030 2395 Graeco
1084 2345 1185 2397 textus
1201 2334 1361 2415 Syriacus,
1388 2353 1443 2395 uec
1464 2352 1524 2393 nou
1540 2332 1658 2392 Erasmi
1674 2330 1781 2404 versio,

355 2410 409 2503 rp’p
416 2414 522 2499 ηοίαν,
539 2421 683 2482 Erasmus
698 2422 875 2484 libertatem
890 2423 1031 2501 iuterpre
1084 2441 1161 2505 qnae
1178 2422 1220 2483 sic
1234 2421 1346 2483 habet:
1364 2420 1415 2482 Ea
1429 2422 1493 2496 via,
1510 2437 1606 2496 qaam
1623 2418 1782 2480 dedicavit

355 2518 409 2571 ins
434 2516 499 2582 est,
525 2509 610 2587 quasi
633 2507 732 2571 dicere
754 2509 829 2570 velit
851 2508 1032 2590 Apostolus:
1084 2509 1174 2573 nobis
1189 2516 1344 2570 recentem
1362 2526 1399 2568 ue
1420 2510 1588 2569 viventem.
1625 2506 1667 2566 Et
1681 2524 1782 2586 quam·

355 2616 403 2659 m
427 2595 498 2674 jam
519 2591 684 2656 habeamus
714 2596 838 2659 liberum
864 2597 1031 2675 ingressum
1084 2599 1132 2659 vis
1146 2597 1186 2657 sd
1202 2616 1323 2658 senarum
1338 2614 1398 2656 uon
1420 2594 1545 2654 multum
1559 2594 1690 2665 intersit,
1716 2598 1782 2654 utro

355 2680 497 2746 ,Sancta
510 2700 564 2763 per
579 2678 690 2744 Christi
712 2684 905 2764 sanguinem,
930 2681 1032 2742 hortor
1084 2683 1246 2755 referatur,
1261 2684 1390 2746 arbitror
1406 2690 1520 2754 umen,
1543 2678 1728 2741 commodius
1742 2677 1788 2761 ed·

355 2790 403 2843 sa,
421 2777 458 2829 nt
474 2767 633 2830 accedatis.
668 2769 730 2831 Alii
744 2779 845 2831 nmen
861 2769 1034 2831 existiment
1084 2774 1172 2834 mam
1188 2769 1293 2832 referri
1309 2788 1406 2852 peaes,
1423 2788 1459 2829 eo
1474 2782 1676 2847 sensu,qaem
1690 2767 1781 2829 Cras·

355 2856 469 2922 haiae
486 2874 595 2917 nomen
610 2854 659 2918 hio
673 2857 770 2939 magis
785 2855 950 2937 quadrart;
973 2874 1033 2957 qua
1083 2860 1184 2921 misna
1207 2859 1306 2920 versio
1329 2857 1476 2939 suggerit.
1511 2856 1671 2930 initiavit,
1689 2852 1780 2917 Grae

355 2943 551 3028 purificatione
566 2962 657 3025 saepe
669 2946 759 3007 etiam
771 2943 844 3007 aiibi
856 2930 1032 3023 παρ’ῥησιαν
1086 2965 1135 3008 ce:
1151 2938 1333 3005 ἐνεκαίνισεν
1342 2990 1352 3020 ,
1369 2943 1399 3005 id
1415 2952 1461 3005 est
1475 2944 1658 3017 innovavit,
1674 2943 1700 3003 si
1715 2961 1781 3002 ver·

355 3037 459 3114 turpet
483 3029 660 3110 Apostolus,
686 3040 717 3092 et
739 3029 861 3112 quidem
882 3030 940 3091 hoc
965 3030 1032 3111 ipso
1083 3033 1156 3096 hum
1172 3052 1189 3094 e
1204 3033 1295 3095 verbo
1311 3032 1468 3113 exprimas.
1504 3029 1606 3111 Atque
1629 3030 1671 3090 ita
1685 3036 1782 3090 verte

355 3119 448 3200 rpite,
475 3115 530 3176 uhi
550 3136 605 3178 uos
627 3117 784 3179 hahemus:
812 3118 917 3179 Nolite
936 3117 1033 3177 amit·
1085 3128 1156 3181 runt
1170 3118 1313 3180 nonnulli.
1351 3117 1412 3180 Sed
1433 3118 1528 3178 multo
1553 3118 1664 3177 rectius
1680 3124 1784 3178 noster

355 3223 393 3266 ee
424 3202 653 3281 confidentiam
685 3213 832 3266 vairam.
870 3203 940 3284 Quo
966 3202 1032 3264 loco
1084 3208 1247 3286 interpres:
1270 3207 1432 3279 initiavit,
1460 3210 1491 3265 at
1504 3204 1664 3263 Erasmus:
1692 3203 1783 3263 dedi·

355 3291 422 3352 ism
452 3289 598 3351 Erasmm
625 3290 776 3369 idaciani
805 3293 906 3351 vertit.
944 3289 1033 3351 Certe
1085 3297 1178 3355 eavit.
1202 3293 1251 3353 Ita
1266 3294 1363 3372 capita
1379 3291 1544 3370 superiori:
1562 3291 1781 3366 acepsimam

355 3395 521 3460 ¹raecoruur
535 3379 739 3439 commentarii
761 3379 857 3459 magis
876 3396 930 3458 pro
947 3376 1033 3453 iidv-
1085 3380 1213 3458 quidem
1239 3381 1306 3440 sine
1335 3380 1493 3454 mnevine
1523 3375 1702 3437 dedicatum
1729 3383 1781 3438 eet.

355 3461 525 3536 inferiunt,
542 3482 631 3544 quam
648 3483 702 3545 pro
715 3465 868 3526 libertate.
890 3463 1034 3544 Denique
1085 3464 1142 3527 Usi
1165 3474 1234 3527 sunt
1254 3463 1358 3526 eadem
1382 3482 1458 3525 voce
1472 3461 1571 3524 Lxx
1588 3461 1639 3523 lib.
1657 3465 1684 3525 3.
1707 3463 1782 3543 aeg.

355 3569 477 3614 namus
492 3551 524 3610 iu
538 3551 717 3633 paraphrasi
732 3571 766 3613 se
781 3551 920 3628 conexit,
934 3557 964 3611 et
978 3569 1032 3630 pro
1086 3554 1132 3614 8.:
1172 3553 1341 3614 Dedicovit
1378 3552 1506 3612 domam
1540 3550 1676 3611 Domini
1705 3551 1782 3612 lien.

355 3635 482 3700 ierim
496 3639 634 3717 reposuit
650 3638 812 3716 fiduciam.
1084 3640 1167 3702 Hiuc
1182 3659 1289 3701 nornen
1300 3639 1508 3701 encaeniorum
1520 3634 1600 3716 apud
1613 3636 1637 3697 J
1637 3655 1703 3696 oan.
1715 3655 1782 3717 cap.

369 3723 475 3806 Igitur
490 3742 596 3786 sensns
611 3732 671 3785 ert:
697 3723 773 3786 Com
788 3726 894 3806 igitur,
916 3723 1033 3797 haam,
1088 3728 1155 3802 10.,
1179 3745 1241 3808 quo
1265 3724 1489 3807 significabatur
1512 3722 1575 3783 dies
1590 3722 1684 3783 festus
1700 3720 1781 3784 dedi·

355 3817 401 3874 aa
415 3811 458 3870 sit
471 3810 559 3872 nobis
578 3810 690 3873 fiducia
710 3819 740 3875 et
755 3832 824 3894 spes
838 3813 919 3874 bona
934 3814 1032 3892 ingre-
1086 3815 1215 3876 cationis
1231 3814 1336 3894 templi
1358 3814 1424 3874 sive
1446 3811 1558 3872 aitaris.
1595 3808 1716 3870 Dicitur
1730 3827 1781 3871 au·

355 3896 435 3962 leudi
458 3897 492 3958 iu
513 3907 618 3959 uncte
644 3917 698 3980 per
719 3900 897 3979 sanguinem
920 3895 1033 3959 Christi
1086 3908 1147 3962 tem
1161 3892 1341 3978 ἐγκαινίζειν
1358 3899 1493 3980 proprie,
1520 3898 1571 3978 qui
1594 3916 1656 3957 rem
1679 3916 1782 3976 quam·

355 3993 388 4048 ie.
412 3982 504 4044 Haeo
515 3993 588 4045 note
599 3993 670 4047 suut
684 4004 722 4047 ex
734 3986 870 4046 doctriua
879 3987 1034 4066 superiori,
1086 3989 1166 4069 piam
1182 4007 1292 4048 noram
1308 3994 1338 4047 et
1348 3987 1413 4067 jam
1425 3983 1592 4046 absolutam
1603 3985 1716 4064 primus
1731 3984 1783 4044 ad·

355 4091 396 4134 aa
410 4067 591 4146 didicimus,
618 4070 768 4134 Christum
791 4071 959 4154 pontificem
981 4092 1033 4151 per
1085 4074 1167 4135 hibet
1183 4074 1213 4134 iu
1228 4092 1323 4133 usum.
1361 4071 1451 4134 Unde
1470 4078 1605 4151 tempore
1620 4070 1783 4151 Augustini

355 4177 420 4220 rum
437 4160 616 4240 sauguinem
631 4158 717 4220 nohis
728 4157 842 4220 aditum
854 4159 1034 4239 patefecisse
1086 4162 1273 4222 encaeniare
1289 4159 1445 4221 dicebatur
1461 4159 1550 4219 etiam
1567 4157 1609 4231 is,
1636 4159 1689 4239 qui
1705 4177 1784 4220 nora

355 4243 512 4308 iernen
534 4263 620 4319 resa,
651 4244 828 4307 adumbrata
848 4265 902 4328 per
923 4247 1034 4308 Sancta
1086 4248 1187 4307 tunica
1207 4245 1403 4318 induebatur,
1430 4253 1465 4304 at
1490 4248 1556 4325 ipse
1581 4244 1673 4305 refert
1697 4253 1784 4305 tract

355 4339 505 4394 meierum
534 4331 645 4394 soteris
674 4333 862 4407 testamenti,
893 4334 923 4395 iu
954 4351 1035 4414 quae
1086 4334 1137 4395 48.
1151 4333 1284 4395 inJoeu.
1308 4331 1447 4394 Christus
1460 4330 1783 4412 ergonobisinitiuese

355 4418 470 4482 ontidci
485 4417 622 4479 Levitico
642 4440 704 4480 non
726 4420 849 4500 patebat
870 4420 1034 4501 ingressus,
1087 4421 1194 4482 dicitur
1208 4422 1289 4482 viam
1304 4441 1412 4482 novem
1435 4418 1473 4479 ad
1490 4419 1619 4493 Sancta,
1644 4420 1716 4500 quia
1731 4435 1785 4500 per

355 4505 388 4568 *si
405 4524 478 4566 cum
500 4506 647 4586 sauguine
669 4505 757 4568 vituli
781 4514 812 4567 et
834 4506 918 4568 hirci.
953 4506 1034 4568 Illud
1087 4527 1153 4568 eam
1175 4508 1287 4588 primus
1310 4509 1465 4587 ingressus
1491 4514 1551 4578 est,
1581 4513 1614 4565 ut
1638 4524 1694 4565 noe
1716 4515 1785 4585 post

355 4589 427 4665 ido,
458 4611 520 4651 non
543 4591 640 4653 solum
664 4591 788 4666 Christi,
815 4596 1033 4655 verumetiam
1088 4614 1157 4655 eum
1185 4592 1418 4675 ingrederemur.
1455 4591 1504 4654 Ea
1529 4594 1580 4652 via
1607 4598 1666 4665 ast,
1692 4609 1784 4670 quam

355 4689 486 4755 mrum,
499 4675 531 4738 id
547 4685 608 4751 est,
623 4677 728 4761 populi
742 4677 854 4753 fidelis,
881 4682 1034 4743 introitum
1086 4682 1152 4764 ipse
1167 4701 1222 4742 sua
1234 4682 1376 4763 passione
1388 4680 1494 4748 stravit¹
1503 4677 1542 4739 ad
1555 4676 1679 4738 coelum.
1696 4676 1785 4739 Hunc

355 4791 359 4828 ι
380 4765 517 4839 Sancte,
541 4766 572 4826 in
593 4765 645 4826 ilio
669 4776 743 4848 typo
765 4766 858 4848 legali
881 4767 1034 4849 quandam
1087 4769 1251 4851 Apostolus
1265 4777 1354 4830 vocat
1368 4785 1499 4841 novum,
1516 4756 1784 4842 Graecostpiapa-

355 4855 481 4918 sbaiase
508 4855 823 4934 repraesentationem.
868 4854 947 4916 Nam
976 4855 1034 4917 etsi
1087 4871 1157 4932 τον,
1174 4863 1345 4931 recentem,
1362 4854 1418 4915 hoc
1433 4861 1491 4925 est,
1515 4859 1650 4912 recenter
1663 4851 1783 4929 laetam,

355 4938 476 5004 ontiiex
504 4938 588 5000 solus
618 4941 651 5002 in
680 4939 733 5001 illa
762 4941 875 5006 Sancta
903 4944 1035 5017 intraret,
1087 4961 1144 5005 nec
1160 4941 1249 5003 ullius
1265 4949 1354 5004 antea
1369 4939 1496 5021 pedibus
1510 4937 1662 4999 calcatam.
1685 4939 1786 5001 Vocat

355 5028 456 5092 smine
477 5033 579 5088 umen
602 5024 763 5090 duodecim
784 5028 911 5092 tribuum
926 5027 1034 5109 lapidi·
1087 5031 1262 5104 moenum,
1277 5028 1328 5091 rel
1343 5026 1413 5109 quia
1428 5026 1509 5087 ducit
1524 5023 1565 5086 ad
1580 5025 1782 5088 vitamaoter·
