4442 5825
714 618 1378 700 umoumnsrsurmmrms.rs.-1s.
1665 622 1738 722 sss

371 817 485 881 rudenti
508 821 610 903 capito
630 820 738 883 Petrus
754 817 925 902 descripsit)
948 819 988 882 ad
1040 821 1201 884 moritu.
1232 819 1392 885 Conclusio
1416 830 1463 885 est
1484 821 1649 903 Epistolae,
1673 843 1737 903 qus

371 914 457 969 ntum
478 926 599 970 suarum
622 906 821 989 cupiditatum
836 928 871 969 ac
887 907 986 970 dolen·
1039 905 1196 982 admonet,
1217 918 1253 969 ut
1267 908 1306 970 sb
1322 910 1548 990 impostoribus,
1570 908 1610 972 de
1625 909 1736 990 anbus

371 1013 403 1055 nu
417 995 468 1055 sui
482 997 590 1057 erroris
612 996 740 1056 trahere.
778 994 869 1075 Quod
885 1002 916 1056 at
931 995 987 1055 hoc
1039 994 1135 1056 multa
1149 997 1297 1075 superine,
1320 998 1379 1058 sibi
1402 1005 1537 1058 caveant.
1567 996 1604 1058 ln
1619 994 1738 1058 Graeco

371 1078 411 1141 ulo
427 1080 566 1143 feserunt
579 1079 753 1144 Lutberani
1039 1101 1099 1144 uon
1115 1090 1174 1143 est:
1196 1082 1329 1159 fratres,
1346 1083 1416 1145 sed:
1440 1073 1605 1163 ἀγαπητοὶ,
1622 1082 1738 1145 dilecti.

371 1165 462 1241 rinde,
478 1171 552 1248 quie
564 1166 918 1248 JacobnsApostolusin
930 1187 986 1228 sus
1039 1170 1270 1247 Prncscicntcs,
1296 1167 1327 1230 id
1348 1180 1409 1245 eet,
1428 1170 1494 1251 jam
1519 1192 1538 1232 ε
1559 1170 1646 1231 nobis
1662 1170 1738 1232 satis

371 1262 386 1313 t
415 1273 482 1334 cup.
510 1256 539 1315 2.
566 1252 726 1316 manifeste
750 1255 919 1334 significat,
951 1272 986 1315 ea
1039 1257 1218 1334 praemoniti
1242 1266 1272 1316 et
1292 1256 1427 1318 instructi
1444 1256 1482 1317 de
1498 1256 1641 1319 cavendis
1657 1276 1737 1318 erro·

371 1339 985 1422 necopinionequosdsmimbutosinisee,
1038 1342 1120 1402 ribus
1147 1352 1178 1405 et
1204 1362 1336 1404 errorum
1363 1344 1524 1425 magistris.
1563 1343 1736 1420 Onstoditc,

371 1427 428 1487 lem
444 1427 483 1488 sd
495 1429 645 1508 justitiam
661 1438 691 1488 et
705 1428 832 1490 salutem
849 1427 985 1489 sufficere
1038 1428 1172 1491 Graece:
1187 1423 1399 1507 φυλάσσεσθε,
1409 1432 1623 1506 custodimini,
1633 1438 1738 1492 custo·

371 1520 431 1574 ent
453 1512 570 1596 absque
593 1515 679 1576 bonis
701 1515 853 1594 operibus.
884 1514 984 1594 Quam
1038 1516 1102 1575 dite
1128 1535 1183 1578 uos
1209 1519 1303 1594 ipsos,
1330 1525 1453 1595 cuncte,
1481 1527 1516 1578 ut
1542 1516 1618 1579 bene
1643 1519 1737 1579 vertit

371 1601 479 1661 viter
500 1609 662 1683 oppugnet.
699 1602 809 1663 Scribit
830 1612 930 1663 antem
953 1610 986 1662 ot
1037 1603 1192 1664 Erremus.
1230 1604 1280 1665 Sic
1304 1613 1467 1684 usurpatur
1484 1606 1574 1665 etism
1589 1605 1657 1665 Act
1674 1606 1736 1678 21,

371 1685 415 1748 ad
437 1688 570 1760 eosdem,
593 1687 631 1748 ad
647 1706 724 1768 quos
741 1690 863 1762 Petrus,
884 1688 984 1763 idest,
1037 1688 1088 1748 ubi
1115 1709 1170 1751 nos
1195 1690 1340 1770 legimus:
1366 1700 1404 1758 ut
1429 1692 1611 1754 abstineant
1636 1708 1668 1751 sc
1695 1691 1735 1752 ab

371 1771 502 1836 sodecim
517 1775 622 1847 tribue,
638 1795 715 1856 qnae
731 1783 816 1835 crant
829 1777 860 1835 in
871 1775 983 1855 disper·
1037 1775 1132 1837 idolis
1146 1779 1323 1852 immolato,
1340 1786 1396 1842 etc.

371 1905 378 1920 .
407 1859 521 1922 Verum
537 1861 673 1924 Jscobus
688 1863 812 1942 quidem
827 1864 921 1923 tacuit
936 1884 982 1924 oc·
1080 1867 1127 1925 Nc
1149 1865 1367 1939 insipientium
1392 1883 1501 1927 errore
1523 1863 1665 1925 traducti
1679 1881 1737 1926 σε·

371 1967 439 2010 nem
454 1951 571 2023 erroris,
587 1969 678 2032 quum
693 1951 843 2028 expressit
857 1950 984 2029 Petrus3
1037 1951 1151 2014 ciduts'e
1165 1971 1186 2011 n
1198 1954 1338 2029 propria
1354 1952 1514 2029 tirmitntc.
1538 1950 1674 2013 Graece:
1690 1952 1737 2012 Nc

371 2036 428 2095 icet
439 2034 617 2098 fabricatum
629 2056 666 2096 ex
677 2036 825 2117 Epistolie
838 2037 982 2099 Paulinis.
1036 2040 1235 2115 iniquorum,
1248 2058 1301 2099 sen
1310 2040 1514 2117 nefariorum
1521 2055 1629 2099 errore
1641 2039 1736 2099 mmet

371 2121 552 2184 uadmodum
574 2145 592 2185 σ
615 2122 734 2184 diverso
758 2123 866 2183 Petrus
889 2128 984 2185 tscuit
1037 2125 1166 2186 abducti
1181 2132 1235 2184 ctc.
1265 2125 1363 2185 Vocat
1383 2117 1554 2203 ἀθέσμους,
1576 2125 1731 2203 nefarios,

371 2228 382 2269 s
398 2207 566 2271 doctrinam
578 2229 742 2282 erroneam,
758 2230 846 2289 quam
861 2229 981 2293 expres·
1037 2213 1089 2293 qni
1104 2212 1187 2275 nullo
1194 2213 1273 2290 jure,
1289 2212 1440 2294 nullisque
1451 2212 1570 2293 legibus
1583 2213 1614 2272 in
1625 2210 1732 2273 ordine

373 2296 477 2357 cobus.
493 2295 583 2359 Unde
596 2304 701 2357 mutua
717 2296 885 2373 collatione,
902 2317 984 2378 quae
1037 2301 1158 2361 retineri
1181 2307 1324 2378 possunt,
1346 2299 1400 2360 sed
1424 2301 1522 2359 omnia
1545 2298 1653 2360 volunt
1675 2298 1734 2359 eibi

371 2403 470 2464 roque
484 2386 598 2464 scripta
613 2391 691 2459 sunt,
707 2383 904 2446 illustrentur.
1037 2387 1140 2447 licere.
1179 2384 1270 2466 Quod
1296 2387 1483 2466 aptissimum
1510 2392 1555 2445 est
1580 2384 1735 2464 epitheton

371 2490 401 2530 rc
416 2471 564 2551 pertinet,
587 2470 666 2554 quod
681 2472 872 2550 Augustinus
887 2470 983 2547 docet,
1038 2492 1148 2548 eorum,
1164 2475 1215 2554 qni
1232 2482 1331 2533 sectas
1346 2472 1465 2535 iaciunt
1477 2480 1506 2533 et
1518 2491 1634 2533 errores
1645 2472 1733 2532 semi·

371 2557 441 2618 olus
457 2557 619 2619 ostholicas
635 2567 763 2640 quatuor
770 2558 984 2639 Apostolorum
1037 2571 1120 2623 nant
1150 2559 1276 2633 Cavete,
1297 2561 1405 2642 inquit,
1427 2580 1465 2620 ue
1482 2577 1538 2621 vos
1554 2579 1674 2639 quoque
1690 2578 1734 2619 or

371 2663 432 2706 raus
455 2644 641 2724 praedictum
665 2664 810 2720 errorem,
833 2667 921 2726 quem
946 2669 985 2709 ex
1037 2651 1136 2710 reneis
1159 2649 1283 2708 istorum
1306 2645 1454 2709 doctrinis
1480 2666 1541 2706 una
1565 2665 1633 2707 cum
1659 2644 1734 2720 aliia,

371 2730 433 2793 olis
458 2732 547 2793 Pauli
567 2750 726 2814 perperam
749 2731 912 2794 intellectis
933 2755 984 2795 vo·
1038 2757 1114 2817 quos
1133 2737 1198 2815 jam
1219 2742 1434 2815 perverterunt,
1457 2732 1578 2793 abducti
1602 2741 1632 2794 et
1647 2734 1732 2794 iuvo-

371 2839 381 2880 s
419 2818 584 2881 hauserant
620 2817 762 2901 quidam,
800 2824 985 2900 conscriptes
1037 2825 1112 2897 luti,
1146 2822 1292 2883 excidatis
1318 2845 1338 2884 ε
1362 2830 1465 2882 vestm
1490 2820 1629 2882 firmitate
1652 2819 1733 2894 fidei,

371 2928 388 2969 s.
427 2906 466 2970 Id
488 2907 578 2969 habet
599 2907 676 2969 libro
700 2907 739 2968 de
761 2906 822 2969 fide
846 2920 878 2970 et
901 2930 982 2990 opor.
1038 2933 1128 2993 quum
1165 2909 1378 2990 Apostolorum
1424 2908 1524 2969 edocti
1559 2909 1733 2989 magisterio

377 2999 428 3057 14.
452 3005 482 3056 ot
506 2994 544 3057 de
566 2997 665 3075 gratia
680 3002 710 3054 et
726 2994 776 3055 lib.
794 2995 855 3057 urb.
871 3017 936 3077 cap.
955 2999 981 3059 7.
1037 3000 1181 3061 hactenus
1196 2998 1341 3059 tenuistis.
1369 2993 1511 3057 Ostendit
1525 2995 1575 3057 bic
1592 2995 1684 3068 locus,
1701 3004 1735 3056 ut

395 3102 480 3162 quae
502 3081 540 3142 de
565 3102 601 3142 ea
617 3102 649 3143 re
665 3082 795 3143 diximus
811 3085 841 3143 in
856 3083 981 3163 praefat.
1035 3087 1089 3148 alii
1101 3085 1196 3156 multi,
1210 3082 1300 3144 fidem
1310 3083 1511 3147 Christianam
1524 3083 1622 3143 amitti
1634 3101 1732 3163 posse.

371 3169 491 3248 'Epist
504 3170 674 3230 catholicus.
697 3168 868 3230 Accedebat
881 3181 982 3232 nutem
1037 3173 1129 3254 Quod
1144 3178 1350 3250 argumentum
1363 3168 1509 3231 Calvinus
1528 3168 1598 3229 dum
1614 3169 1734 3229 solvere

371 3258 458 3318 rroris
482 3259 672 3317 occasionem
694 3256 831 3317 doctrina
852 3259 891 3318 de
906 3258 980 3318 elec·
1036 3270 1161 3322 conatur
1187 3257 1236 3318 hic
1262 3268 1294 3317 et
1318 3257 1407 3331 alibi,
1428 3276 1572 3338 suamque
1598 3264 1731 3317 statuere

380 3352 413 3404 et
427 3343 648 3424 reprobatione,
673 3362 763 3424 qnam
779 3344 922 3418 similiter,
946 3366 981 3406 ao
1034 3346 1105 3408 fidei
1120 3346 1322 3417 securitatem,
1338 3365 1429 3425 quam
1443 3353 1541 3415 vocat,
1564 3363 1661 3403 meras
1675 3361 1726 3403 ne·

371 3432 451 3510 :ipne
468 3433 497 3490 in
514 3430 651 3512 Epistola
666 3430 706 3490 ad
718 3431 877 3504 Romanos,
892 3431 982 3494 trudit
1035 3434 1122 3496 bulas
1144 3430 1274 3492 offundit
1296 3432 1413 3504 lectori,
1436 3450 1512 3511 qnae
1534 3431 1602 3510 ipss
1625 3450 1679 3508 per
1698 3449 1732 3490 se

371 3537 409 3579 ιε.
440 3516 519 3577 Num
543 3526 574 3578 et
593 3535 648 3598 per
662 3517 745 3578 illam
761 3517 882 3579 excludi
897 3518 979 3580 vide·
1035 3523 1086 3582 lux
1102 3520 1239 3580 veritatis
1255 3522 1329 3580 satis
1345 3517 1477 3579 discutit.

371 3625 392 3666 u
415 3622 512 3683 opera
531 3624 549 3663 ε
565 3604 686 3684 negotio
701 3613 822 3665 nostres
834 3605 979 3684 justifica·
1081 3608 1129 3667 18.
1167 3607 1299 3669 Crescite·
1331 3624 1404 3667 uero
1434 3607 1471 3666 iss
1498 3605 1606 3681 qratia
1637 3610 1667 3663 ct
1695 3604 1732 3663 in

371 3733 381 3751 .
414 3690 604 3771 Quamquam
620 3699 652 3751 et
667 3691 731 3769 ipse
746 3691 859 3754 Paulus
874 3692 979 3753 adver·
1034 3696 1214 3771 cognitione
1229 3695 1363 3755 Domini
1378 3694 1480 3753 nostri
1498 3699 1528 3751 et
1542 3690 1731 3765 saluatoris,

371 3775 521 3858 ujusmodi
533 3779 748 3858 depravatores
760 3780 908 3857 vigilavit,
919 3801 980 3839 non
1034 3786 1115 3844 Jcsu
1131 3782 1255 3843 obruti
1286 3782 1430 3854 Crescite,
1454 3777 1485 3838 id
1501 3788 1553 3851 est,
1569 3779 1640 3838 dete
1660 3796 1730 3853 ope·

371 3886 378 3925 ι
393 3863 585 3927 exhortando
608 3863 711 3925 fideles
727 3862 766 3924 ad
782 3865 862 3926 bona
878 3885 979 3946 opere,
1034 3889 1107 3940 rem,
1131 3875 1165 3927 ut
1187 3870 1329 3928 noscatis
1353 3868 1384 3926 in
1400 3866 1501 3945 gratia
1516 3875 1578 3937 otc,
1602 3861 1684 3942 qnod
1698 3862 1733 3923 iit

371 3972 437 4014 uam
461 3950 500 4011 sd
526 3951 656 4011 salutem
682 3954 869 4027 necessaris,
897 3952 980 4032 quod
1034 3953 1134 4015 studio
1156 3953 1301 4015 bonorum
1325 3972 1456 4034 operum.
1487 3952 1547 4012 Per
1561 3950 1636 4011 haec
1652 3951 1731 4012 enim

377 4041 410 4100 in
426 4037 565 4099 omnibus
581 4038 744 4118 Epistolis3
766 4058 870 4100 verum
894 4040 978 4099 etium
1033 4050 1094 4102 tom
1132 4041 1265 4120 gratiae,
1303 4061 1394 4120 qnam
1432 4037 1503 4099 fidei
1541 4045 1733 4117 comparatur

371 4128 375 4185 ἰ
402 4125 483 4186 male
511 4145 594 4185 susm
622 4123 788 4185 doctrinam
812 4125 978 4206 intelligen-
1033 4135 1232 4208 augmentum.
1258 4127 1370 4189 Gratia
1383 4125 1498 4187 obsim
1513 4124 1730 4187 cssotoasom

380 4211 543 4274 obviando.
582 4211 658 4274 Cum
685 4214 763 4271 enim
789 4210 915 4274 dixisset
941 4212 980 4273 sd
1034 4216 1210 4294 intelligitur
1238 4234 1294 4290 σε,
1328 4233 1390 4294 qua
1418 4233 1474 4273 nos
1499 4212 1585 4272 Patri
1612 4211 1729 4292 sibique

375 4301 424 4361 b:
444 4299 692 4361 Ubinbursdauit
700 4299 979 4376 delictum,super-
1032 4311 1135 4383 gratos
1164 4301 1273 4374 efficit,
1310 4300 1466 4362 constituit
1503 4307 1533 4360 ot
1562 4305 1729 4359 conservat.

371 4387 463 4447 dnuit
475 4390 593 4463 pratia,
618 4407 687 4447 mox
709 4387 793 4446 initio
809 4390 918 4466 ospitis
934 4407 977 4446 se·
1033 4389 1181 4468 Ejusdem
1208 4390 1324 4450 dirimi
1351 4388 1486 4449 Domini
1518 4388 1729 4462 considerem

371 4477 403 4534 :is
419 4493 514 4552 pravo
529 4473 695 4533 intellectui
708 4474 844 4546 occurrit,
861 4474 978 4534 dicens:
1033 4485 1130 4547 vocat,
1147 4495 1205 4556 qua
1217 4494 1284 4535 eum
1296 4483 1328 4535 ct
1340 4476 1408 4554 ejus
1420 4476 1564 4555 mysteria
1577 4472 1726 4551 cognosci·

388 4578 465 4636 erqo
485 4561 646 4621 dicemus?
669 4561 929 4622 Permanebimus
943 4564 980 4623 irs
1032 4583 1098 4623 mne
1119 4582 1199 4622 nnnc
1221 4580 1275 4641 per
1297 4560 1405 4633 fidem,
1428 4562 1458 4621 in
1481 4560 1583 4620 tuturo
1606 4557 1730 4619 saeculo

371 4655 427 4724 so,
451 4655 489 4707 ut
501 4649 610 4724 pratia
625 4647 790 4718 abundet?
819 4647 908 4707 Absit
924 4655 977 4708 etc.
1032 4650 1181 4731 cognituri
1198 4669 1252 4729 per
1267 4650 1407 4728 speciem.
1422 4646 1539 4707 Idcirco
1554 4666 1615 4707 non
1637 4642 1730 4708 dixit:

371 4744 469 4813 tcap.
486 4735 515 4794 3.
532 4734 642 4795 resistit
656 4734 712 4805 iis,
738 4736 788 4814 qui
811 4732 979 4795 doctrinam
1031 4741 1068 4799 irs
1088 4737 1161 4814 tide,
1186 4735 1242 4796 sed
1264 4755 1337 4797 usus
1358 4742 1403 4796 ost
1417 4733 1549 4813 generali
1564 4730 1730 4793 vocabulo:

371 4821 663 4893 ucslumnisbsntnr,
679 4821 832 4899 tamquam'
849 4819 978 4881 diceret:
1033 4818 1191 4901 γνώσεως,
1207 4821 1238 4882 id
1254 4830 1301 4883 est
1315 4823 1514 4899 cognitionis.
1537 4820 1580 4879 Et
1590 4818 1729 4894 observo,

371 4926 457 4970 rmus
467 4908 566 4982 muln,
583 4915 619 4968 ut
632 4907 871 4968 ominntbona.
892 4910 979 4986 Quo·
1030 4912 1066 4973 B.
1097 4911 1220 4970 Petrum
1251 4908 1391 4970 claudere
1416 4907 1590 4988 ¹Epistolom
1620 4904 1728 4966 iisdem

377 4995 490 5075 inquit,
505 4995 674 5056 damnatio
684 4997 775 5069 justo
790 5002 839 5055 cst.
1030 5016 1129 5079 poeno
1143 4995 1254 5070 verbis,
1274 4994 1387 5075 qnibus
1402 5014 1474 5055 nsua
1488 4994 1586 5055 iuerat
1600 4993 1631 5053 in
1647 4991 1729 5053 selu·

371 5128 373 5141 .
408 5082 472 5146 Vos
484 5083 594 5163 tpttur,
614 5082 747 5164 fratres,
766 5083 979 5161 prandentes
1032 5088 1162 5162 tutione,
1183 5102 1261 5167 quse
1275 5082 1347 5146 tulis
1362 5089 1440 5147 eret:
1469 5082 1581 5149 Gratia
1595 5078 1683 5143 vobit
1698 5086 1729 5144 ct
