4442 5825
393 573 441 643 Μ
821 620 824 625 ,
853 617 857 624 ,
907 566 1139 622 comminius
1156 568 1189 622 nr
1206 567 1272 622 cir.
1289 568 1320 623 rr.
1393 578 1410 612 ·.

391 765 452 807 non
466 743 608 815 meminit,
624 740 694 822 quia
709 740 754 800 sol
770 750 856 801 nocte
871 762 931 802 non
950 741 1084 820 videtur,

391 831 542 892 stellarum
559 837 659 889 autem
675 829 813 902 meminit,
829 848 907 908 quae
919 839 1005 889 nocte
1020 838 1084 890 tan·

391 926 453 978 tum
469 923 624 997 apparent.
649 913 717 993 Quo
738 916 826 975 etiam
849 914 974 1001 credunt
995 917 1083 995 perti-

391 1024 470 1078 nere,
493 1001 573 1084 quod
595 1003 671 1062 inter
694 1021 745 1074 ea,
768 1022 848 1080 quae
869 1001 954 1062 Deus
975 1001 1085 1063 homini

392 1091 530 1170 subjecit,
551 1108 622 1151 oves
638 1089 733 1167 primo
754 1088 820 1150 loco
836 1091 942 1168 posuit,
966 1087 1086 1151 dicens:

392 1179 471 1241 Ooca
497 1185 527 1237 rt
552 1176 643 1237 boves
660 1178 827 1236 universos
853 1184 924 1250 etc,
946 1177 1017 1256 qnia
1042 1176 1085 1236 ni·

390 1267 497 1328 mirum
516 1266 596 1324 cirea
622 1280 693 1323 oves
720 1281 790 1323 eura
811 1263 875 1341 ejus
899 1262 1085 1324 versabatur.

391 1351 526 1414 Pertinet
541 1348 654 1422 eodem,
670 1347 752 1429 quod
764 1351 821 1408 ait:
837 1351 890 1413 Ex
900 1368 955 1411 ore
969 1350 1085 1428 infore·

390 1442 472 1499 liam
487 1446 541 1498 otc.
556 1437 633 1497 Erat
644 1437 721 1495 enim
734 1438 799 1516 ipse
815 1445 887 1496 tune
903 1436 1003 1498 adhuc
1018 1456 1084 1517 par·

390 1525 486 1585 vuius.
575 1576 578 1581 .

365 1633 370 1640 ·
434 1610 518 1692 Quid
533 1618 577 1671 est
591 1610 694 1682 bomo,
719 1609 805 1685 quod
828 1628 948 1670 memor
963 1629 993 1671 er
1008 1613 1084 1685 rior,

390 1707 448 1761 aut
459 1698 698 1776 flliusboms'uia,
713 1699 865 1773 quoniam
874 1699 1086 1757 visitoscam?

391 1785 461 1867 Qua
483 1786 598 1845 ratione
619 1783 818 1843 testimouium
841 1781 898 1843 hoc
916 1784 1030 1844 Psalmi
1054 1787 1085 1845 in

391 1871 543 1934 Christum
566 1878 724 1950 competat,
745 1889 804 1930 uon
827 1889 888 1931 una
908 1881 954 1930 est
970 1870 1085 1951 exposi-

388 1968 487 2020 torum
495 1958 654 2020 sententia.
667 1956 753 2028 Sunt,
769 1957 822 2036 qui
831 1964 926 2016 totum
934 1957 1087 2019 Psalmum

389 2043 555 2108 secundum
575 2045 690 2104 literam
711 2042 751 2103 ad
773 2043 936 2117 Christum,
961 2046 1087 2126 ejusque

374 2151 512 2214 regnum
533 2132 668 2204 referant,
692 2138 866 2210 argumento
889 2140 1006 2212 sumpto
1022 2140 1086 2192 tum

390 2240 429 2281 ex
443 2218 498 2280 hoc
513 2219 588 2290 loco,
611 2219 662 2279 ubi
678 2225 738 2277 tres
761 2236 867 2278 versus
883 2219 1018 2278 continui
1034 2239 1087 2299 pro

389 2307 562 2369 testimonio
573 2313 739 2377 sumuntur,
752 2312 905 2385 tamquam
916 2304 954 2364 de
966 2302 1088 2366 Christo

391 2394 527 2474 loquens,
542 2400 606 2454 tum
623 2393 711 2452 etiam
728 2409 768 2450 ex
785 2393 801 2451 1
816 2389 884 2451 Cor.
900 2392 947 2452 15.
963 2402 994 2451 et
1009 2392 1087 2472 Eph.

395 2479 432 2555 1.,
454 2480 562 2562 quibus
584 2479 657 2539 locis
680 2476 771 2538 illud:
796 2479 914 2540 Omuio
932 2479 1088 2553 subjecisti

391 2567 595 2644 subpeditare
610 2569 687 2640 ejus,
708 2565 738 2623 in
754 2561 907 2626 Christum
924 2564 1087 2644 Apostolus

393 2657 622 2734 interpretatur,
649 2670 686 2711 ac
711 2650 843 2730 denique
866 2671 906 2711 ex
929 2670 980 2724 eo,
1006 2652 1089 2732 quod

393 2743 460 2821 ipse
482 2739 628 2800 Dominus
650 2734 757 2798 Matth.
774 2739 824 2796 21.
847 2758 966 2798 versum
990 2737 1089 2799 illum:

394 2829 447 2888 Ex
470 2845 523 2888 ore
548 2826 726 2904 insontium
753 2831 783 2884 et
809 2825 994 2887 lactentium
1022 2835 1088 2899 eta,

393 2913 521 2975 adduxit
552 2913 590 2974 do
618 2913 720 2994 pueris
749 2914 809 2991 ipsi
839 2913 1089 2974 acclamantibus:

395 3002 547 3068 Occulta!
574 2999 675 3080 Atque
702 2998 778 3059 hanc
801 3018 870 3059 esse
892 3008 998 3080 putant
1022 3020 1089 3061 san·

394 3092 519 3149 tentiam
546 3085 706 3167 Augustini
732 3095 763 3145 et
789 3085 914 3147 aliorum
945 3096 1089 3160 veterum,

1138 742 1219 804 Nam
1235 743 1316 823 quod
1332 744 1372 805 ad
1386 745 1560 806 historicum
1583 765 1706 807 sensum
1722 745 1836 818 attinet,

1139 832 1164 890 si
1179 833 1247 909 quis
1262 832 1353 891 totins
1368 832 1482 893 Psalmi
1505 834 1611 894 seriem
1637 842 1669 893 et
1684 831 1780 892 verba
1795 829 1836 891 di-

1138 917 1266 995 ligenter
1280 916 1441 1000 expendat,
1463 918 1555 981 facile
1569 920 1731 998 intelliget,
1754 920 1786 978 in
1802 937 1836 979 eo

1139 1003 1283 1064 celebrari
1313 1005 1372 1065 Dei
1407 1007 1551 1066 creatoris
1580 1005 1836 1068 inaestimabilem

1139 1093 1304 1170 potentiam
1334 1093 1365 1151 in
1395 1095 1541 1154 creaturis
1571 1113 1607 1153 ac
1644 1092 1836 1175 peculiariter

1139 1179 1234 1259 ipsius
1251 1179 1282 1238 in
1297 1197 1392 1257 genus
1406 1179 1569 1240 humanum
1589 1179 1836 1255 beneficentiam

1139 1262 1234 1346 qnod,
1268 1283 1336 1325 cum
1359 1268 1501 1326 miserum
1523 1268 1563 1327 sit
1584 1277 1615 1327 ct
1635 1267 1715 1339 vile,
1741 1274 1788 1327 tot
1809 1274 1836 1326 et

1139 1353 1230 1412 tantis
1253 1351 1408 1412 beneficiis
1431 1351 1574 1432 dignatus
1591 1355 1638 1429 sit,
1660 1364 1694 1414 ut
1718 1354 1772 1434 qui
1788 1352 1836 1413 ho·

1139 1440 1247 1499 minem
1270 1437 1437 1499 condiderit
1459 1440 1498 1499 ab
1522 1440 1640 1520 angelis
1663 1438 1836 1512 secundum,

1140 1545 1197 1586 neo
1211 1525 1272 1586 illis
1287 1525 1380 1586 multo
1400 1525 1582 1601 inferiorem,
1606 1527 1749 1607 imaginis
1766 1544 1836 1587 ruas

1140 1613 1331 1692 participem,
1365 1611 1516 1673 dominum
1552 1614 1644 1674 totius
1673 1630 1836 1694 corporeae

1141 1707 1302 1770 creaturae,
1318 1701 1494 1778 praesertim
1510 1700 1695 1774 animalium,
1712 1718 1794 1781 quae
1810 1699 1836 1758 iu

1140 1805 1227 1846 usum
1253 1786 1320 1863 ejus
1344 1784 1452 1847 cedere
1473 1788 1573 1866 Jussit.
1608 1787 1710 1867 Hujus
1735 1804 1836 1849 senaar

1141 1873 1314 1953 ampliorem
1338 1871 1545 1953 probationem
1568 1873 1638 1936 vide
1659 1872 1744 1954 apud
1766 1872 1836 1934 Jan·

1142 1961 1257 2021 senium
1269 1961 1300 2020 iu
1311 1959 1559 2021 annotationibus
1571 1959 1706 2040 ejusdem
1715 1960 1836 2020 Psalmi.

1141 2047 1202 2107 Ubi
1239 2048 1329 2106 etiam
1359 2046 1447 2107 docte
1478 2046 1660 2126 explicatum
1691 2047 1836 2116 invenies

1140 2131 1392 2214 quemadmodum
1416 2153 1469 2194 seu
1491 2135 1632 2214 mystico,
1656 2153 1709 2194 seu
1734 2151 1836 2213 appro

1141 2222 1238 2300 priato
1254 2237 1344 2280 sensu
1360 2228 1443 2282 totos
1458 2219 1597 2281 Psalmur
1616 2219 1655 2281 da
1671 2219 1836 2282 Christoat

1141 2326 1232 2386 regno
1250 2305 1315 2385 ejus
1330 2316 1422 2389 atque
1444 2306 1574 2367 dominio
1596 2307 1694 2388 possit
1719 2306 1836 2386 exponi

1142 2391 1231 2471 Quod
1255 2401 1353 2453 autem
1376 2394 1565 2473 Augustinus
1587 2402 1618 2453 et
1639 2393 1692 2453 alii
1717 2390 1836 2474 quidam

1141 2487 1278 2540 veterum
1293 2481 1337 2540 ita
1352 2481 1443 2559 hujus
1458 2480 1574 2541 Psalmi
1590 2481 1689 2540 omnia
1704 2478 1746 2539 dc
1758 2476 1836 2540 Chri·

1142 2574 1187 2628 sto
1203 2568 1443 2646 interpretantur,
1466 2573 1501 2625 ut
1516 2566 1555 2628 de
1567 2567 1689 2628 homine
1703 2565 1782 2626 nihil
1798 2564 1836 2626 di·

1142 2661 1221 2728 cant,
1235 2672 1435 2734 nequaquam
1456 2654 1571 2733 probat,
1595 2672 1663 2713 eum
1684 2651 1725 2712 ad
1749 2651 1836 2713 homi

1143 2759 1209 2801 nem
1224 2741 1364 2800 historico
1377 2759 1468 2800 sensu
1483 2760 1543 2802 non
1557 2742 1720 2819 pertinere
1736 2739 1836 2800 Visum

1143 2827 1222 2887 enim
1237 2825 1366 2887 fritillis
1378 2826 1521 2887 Patribus
1533 2827 1696 2906 mysticum
1711 2845 1835 2888 sensum

1143 2924 1296 2995 tamquam
1318 2913 1522 2976 sublimiorem
1537 2925 1569 2976 et
1590 2914 1752 2988 utiliorem,
1774 2933 1836 2996 pro

1144 3004 1237 3082 sequi,
1259 3002 1480 3081 praetermissa,
1502 3022 1561 3062 non
1583 3010 1685 3063 tamen
1699 2999 1836 3061 damnato

1144 3096 1196 3148 ant
1211 3087 1342 3161 exclusa,
1358 3087 1468 3149 literali
1486 3087 1692 3167 intelligentia,
1719 3107 1781 3168 qua
1803 3085 1836 3147 ad

396 3177 449 3256 qui
464 3174 621 3236 Psalmum
640 3176 683 3234 ita
706 3171 743 3233 de
767 3171 887 3234 Christo
911 3183 982 3235 sunt
1004 3176 1091 3236 inter·
1144 3175 1294 3236 hominem
1310 3195 1346 3236 eo
1362 3174 1460 3249 modo,
1475 3195 1535 3256 quo
1551 3174 1663 3236 dictum
1680 3182 1733 3248 est,
1749 3173 1836 3236 rerer

398 3263 519 3343 pretati,
531 3261 886 3326 utalteriussensusnon
897 3262 1092 3324 meminerint.
1145 3272 1232 3322 retur

396 3347 529 3423 Addunt,
552 3369 620 3410 eum
635 3348 833 3410 versiculum.
857 3351 974 3410 Omnia
989 3349 1092 3423 suble·
1187 3348 1268 3408 Nam
1283 3348 1366 3429 quod
1388 3349 1533 3427 objiciunt
1547 3348 1639 3421 alii,
1629 3368 1660 3408 ιιι
1675 3347 1742 3409 solo
1758 3347 1836 3409 Obsi

396 3435 763 3514 cirtiuabprdibaacjoa,
776 3434 984 3509 denulloalio,
1001 3455 1093 3517 quam
1146 3444 1192 3497 sto
1216 3438 1372 3497 veritatem
1392 3436 1540 3507 obtinere,
1563 3434 1675 3515 quod
1666 3456 1697 3495 ru
1720 3434 1836 3495 Psalmr

398 3524 437 3585 de
452 3523 580 3596 Christo,
595 3543 669 3584 vere
685 3524 780 3603 accipi
796 3544 894 3604 posse.
921 3524 999 3605 Quia
1015 3524 1092 3584 eninr
1146 3523 1267 3584 dicitur·
1302 3526 1419 3585 Omnia
1444 3522 1600 3598 subiecisti
1625 3524 1681 3582 aab
1708 3521 1836 3599 pedibu

399 3612 476 3672 alius
498 3623 552 3683 est,
576 3613 725 3690 inquiunt,
749 3611 834 3689 cujus
856 3610 984 3690 pedibus
1006 3611 1092 3671 Deus
1146 3616 1222 3686 ejas,
1239 3610 1330 3672 facile
1345 3631 1383 3671 ex
1398 3614 1463 3692 ipso
1476 3610 1542 3670 loco
1558 3609 1709 3681 refellitur,
1725 3608 1779 3669 ubi
1795 3628 1835 3689 gc

399 3699 498 3759 omnia
512 3695 732 3758 substraverit?
1085 3754 1087 3757 ,
1146 3698 1289 3759 neralitas
1312 3697 1367 3758 illa
1388 3697 1488 3759 verbis
1514 3696 1712 3776 sequentibus
1741 3703 1836 3777 aperti

439 3785 503 3845 Alii
517 3804 589 3843 vero
605 3791 682 3858 sunt,
698 3785 752 3863 qui
764 3784 862 3858 simul,
879 3793 911 3843 et
922 3784 961 3844 de
975 3784 1093 3845 homine
1147 3785 1326 3865 explicatur:
1351 3785 1569 3864 Ouas,'inqnit,
1598 3791 1627 3843 et
1650 3782 1744 3844 bovas
1765 3785 1836 3844 arsi·

398 3872 465 3952 ipso
477 3890 530 3932 seu
543 3870 580 3931 de
592 3868 720 3931 hnmano
733 3891 853 3951 genere,
869 3878 900 3931 et
911 3869 950 3931 de
962 3871 1092 3947 Christo,
1146 3891 1261 3946 versas,
1286 3875 1418 3948 iusuper
1433 3879 1462 3932 et
1474 3889 1593 3948 pecora
1608 3872 1725 3947 compi,
1752 3870 1836 3931 volso

398 3958 551 4017 Psalmum
576 3959 665 4060 juxta
694 3958 811 4020 literam
844 3961 1092 4038 interpretanturJ
1146 3977 1211 4020 cres
1225 3960 1303 4019 coeli
1318 3965 1373 4018 etc.
1391 3958 1509 4040 Quibus
1525 3958 1632 4036 utique
1647 3956 1749 4018 verbis
1765 3976 1835 4017 com

397 4042 541 4104 videlicet
555 4047 703 4123 geminum
727 4065 847 4106 sensum
863 4045 1008 4105 literalem
1024 4045 1094 4106 huic
1146 4053 1327 4105 memoratur
1342 4043 1513 4117 dominium,
1537 4041 1616 4124 quod
1632 4045 1716 4103 Deus
1730 4043 1835 4104 homin

397 4130 528 4203 Psalmo,
551 4130 632 4210 quod
656 4134 714 4191 et
706 4154 737 4193 ru
760 4133 828 4193 aliis
851 4131 1032 4235 quibusdam
1047 4131 1092 4192 ia·
1146 4134 1178 4191 in
1199 4151 1252 4193 sua
1273 4132 1422 4192 creatione
1442 4131 1608 4192 contulisse
1629 4130 1740 4209 legitur
1756 4148 1836 4242 super

399 4218 496 4289 ciunt,
524 4216 737 4279 adscribentes.
773 4217 832 4279 Sed
859 4217 897 4278 de
922 4211 1092 4296 huJusmodi
1147 4220 1245 4279 omnia
1260 4219 1436 4292 animantia,
1453 4216 1575 4278 Geml.

398 4304 516 4364 ratione
546 4304 763 4383 interpretandi
789 4305 989 4384 Scripturam,
1020 4304 1092 4384 quid
1190 4303 1255 4365 Nee
1267 4314 1320 4378 est,
1337 4304 1418 4385 quod
1430 4324 1500 4384 qurs
1512 4302 1680 4374 cavilletur
1693 4301 1836 4363 hominm

398 4388 588 4451 sentiendum
608 4392 661 4463 sit,
681 4410 746 4470 Jam
770 4412 861 4472 snpra
883 4392 1093 4450 admonuimus
1147 4412 1183 4451 co
1205 4391 1335 4452 dominio
1359 4410 1413 4469 per
1436 4398 1590 4470 peecatum
1614 4389 1773 4450 excidisse.
1798 4389 1836 4454 Sit

398 4478 430 4537 in
445 4477 627 4537 tractatione
650 4477 729 4538 illius
754 4479 930 4538 testimonii:
954 4480 1024 4553 Epo
1040 4494 1092 4539 cro
1146 4479 1226 4537 enim
1249 4477 1387 4539 Joannes
1409 4475 1554 4537 Calvinus
1576 4474 1697 4552 objicit,
1720 4475 1836 4538 addans

398 4564 448 4624 illi
462 4567 499 4626 irs
512 4565 645 4624 Patrem
661 4572 716 4625 stc.
1146 4563 1234 4624 Adae
1264 4564 1514 4643 praevaricatoris
1545 4562 1644 4635 illios,
1685 4562 1786 4624 donec
1815 4564 1836 4624 ir

441 4651 537 4712 Nobis
559 4652 690 4712 maxime
716 4649 858 4731 probatur
880 4651 1038 4732 Enthymii
1061 4655 1093 4712 st
1146 4649 1259 4710 Christi
1272 4650 1417 4711 familiam
1431 4651 1564 4728 cooptati
1577 4650 1647 4722 sint,
1662 4649 1834 4728 injuetesib

397 4737 537 4799 Janssnii
553 4740 709 4811 sententia,
725 4738 776 4820 qui
787 4737 939 4797 Psalmum
954 4738 1093 4799 historice
1146 4732 1307 4799 vendicare
1314 4756 1401 4799 nsum
1410 4746 1575 4811 creaturae,
1583 4744 1751 4817 totumque,
1765 4736 1836 4815 quoi

399 4822 519 4902 quidem
534 4834 564 4885 et
579 4824 741 4887 secundum
764 4824 883 4884 literam
906 4824 945 4885 de
959 4826 1025 4904 ipso
1041 4824 1091 4886 ho·
1144 4833 1298 4903 usurpant,
1310 4826 1353 4887 eis
1365 4824 1520 4885 intortum
1530 4824 1680 4903 imputari.
1697 4823 1760 4885 Sed
1772 4823 1836 4884 hee

397 4910 478 4970 mine
492 4922 655 4992 exponunt,
677 4914 804 4992 mystice
819 4931 899 4983 vero,
922 4913 988 4971 sive
1000 4912 1093 4990 juxta
1145 4909 1307 4971 secundum
1331 4931 1434 4972 veram
1451 4909 1655 4989 Theologiam
1675 4908 1756 4971 falsa
1776 4927 1836 4971 suu·

397 4995 550 5084 quandam
588 5000 863 5083 appropriationem
893 4998 932 5059 de
962 4997 1091 5062 Christo.
1145 5005 1177 5059 et
1203 5016 1334 5059 erronea.
1371 4997 1441 5059 Non
1471 4997 1550 5058 euim
1577 4994 1745 5059 dominium
1772 4994 1836 5059 illur'
