4442 5825
392 602 463 667 tte
925 593 1343 649 comammrmmcmm

389 771 451 830 Dei
477 771 604 845 excelsi,
635 771 716 851 quod
746 770 950 850 Hieronymus
975 773 1083 833 vertite
1137 770 1213 832 bene
1236 769 1369 833 declarat
1392 774 1424 833 iu
1448 771 1517 851 ejus
1540 771 1602 832 leci
1631 772 1816 831 commentato

390 859 475 918 Erat
497 859 579 918 enim
606 857 750 918 sorados
774 860 835 920 Dei
862 860 1026 937 altissimi5
1053 866 1085 919 et
1138 858 1275 919 Joeuues
1289 857 1457 934 Heeselius,
1478 857 1519 918 sd
1534 878 1626 939 quem
1643 857 1774 919 lectorem
1785 878 1817 917 re-

391 944 453 1004 Jes.
472 945 536 1004 fic:
564 947 613 1004 Tu
636 948 739 1004 iratus
758 966 805 1018 ea,
830 955 859 1006 ct
872 950 1082 1022 peccavimus,
1138 946 1232 1005 mitto.
1249 944 1311 1005 Sed
1327 953 1500 1006 tamennon
1512 942 1818 1005 videturilluddiscri·

391 1028 421 1088 id
445 1039 497 1103 est,
521 1032 593 1108 quia
617 1032 813 1109 peccavimus.
851 1034 901 1092 Ita
923 1033 978 1092 hoc
1002 1034 1083 1093 loco:
1138 1051 1204 1091 men
1218 1034 1597 1109 percutietinr'quitatir,
1622 1032 1694 1092 aB.
1713 1030 1817 1091 Ambro-

391 1119 474 1196 Quia
487 1125 651 1193 peccatum
669 1125 712 1178 cst
732 1121 893 1196 iniquitas.
916 1120 984 1179 Hac
1007 1121 1083 1179 euim
1138 1119 1182 1176 sio
1209 1116 1370 1190 traditum,
1400 1117 1470 1178 huic
1500 1117 1648 1198 Apostoli
1678 1117 1741 1178 loce
1764 1119 1821 1177 satis

390 1203 545 1263 indefinita
562 1206 773 1282 propositione,
795 1227 913 1266 sensum
930 1208 1082 1266 universa·
1139 1203 1294 1281 quadrare,
1319 1204 1369 1264 ubi
1385 1204 1424 1264 ad
1439 1207 1713 1285 exaggerationem
1727 1205 1822 1285 pueri

390 1292 446 1350 lem
462 1291 608 1362 habente,
632 1292 740 1370 probat
755 1294 966 1365 universalem,
992 1313 1083 1371 quam
1139 1289 1257 1363 dicitur,
1285 1290 1366 1370 quod
1394 1293 1434 1351 sit
1459 1293 1633 1372 iniquitas3
1664 1292 1821 1370 praesertim

390 1386 568 1457 sumpserat.
584 1379 702 1457 Estque
716 1381 929 1461 consequentia
945 1379 1083 1440 evidens:
1140 1397 1214 1449 cum,
1226 1376 1332 1437 eodem
1339 1378 1487 1457 Apostolo
1499 1387 1629 1438 auctore
1641 1378 1720 1438 intre
1729 1376 1821 1456 cepi,

390 1461 486 1524 Omne
502 1473 654 1543 peccatum
670 1473 715 1524 est
731 1467 889 1546 iniquitas;
913 1487 997 1545 ergo,
1021 1467 1083 1547 qul·
1139 1466 1229 1523 etiam
1255 1484 1272 1524 e
1293 1465 1411 1525 diverso
1435 1469 1541 1527 omnis
1555 1468 1717 1543 iniquitas
1727 1482 1822 1541 precu-

390 1571 520 1630 cumque
532 1549 605 1611 facit
617 1561 782 1631 peccatum,
798 1553 869 1614 facit
886 1555 1083 1630 iniquitatem.
1139 1558 1205 1611 tum
1221 1554 1272 1626 eit,
1289 1551 1371 1632 quod
1382 1552 1563 1613 Ambrosius
1579 1563 1693 1632 negat;
1707 1550 1822 1611 lieetillo

390 1637 551 1717 Dependet
576 1647 677 1699 autem
705 1641 887 1719 probationis
915 1639 1083 1699 intellectus
1137 1638 1205 1697 loco
1221 1638 1372 1698 diversum
1388 1641 1419 1701 iu
1431 1639 1552 1700 Graece
1569 1639 1751 1700 vocabulum
1764 1656 1823 1707 aaa

391 1745 428 1785 ex
452 1725 671 1803 significatione
690 1725 813 1786 duarum
829 1746 950 1787 vocum:
970 1745 1084 1803 pecco·
1139 1746 1198 1785 uon
1214 1727 1394 1805 ignoremus.
1427 1727 1499 1786 Huc
1515 1722 1821 1807 accedit,'quodinr'·
1864 1749 1865 1798 l

390 1819 457 1872 tum
473 1820 503 1871 et
517 1815 679 1891 iniquitat.
1139 1815 1244 1889 quitus
1266 1815 1296 1872 in
1319 1812 1482 1892 Scripturis
1504 1834 1567 1874 uon
1585 1814 1650 1872 uisi
1666 1811 1704 1873 de
1718 1819 1822 1892 peecata
1864 1804 1865 1816 ¹

434 1899 516 1971 Sunt,
533 1901 585 1978 qui
598 1907 763 1976 peccatum
780 1909 808 1960 et
824 1903 1026 1978 iniquitatem
1043 1901 1086 1960 ita
1139 1899 1198 1959 dici
1225 1899 1311 1970 solet,
1337 1899 1589 1980 quemadmodum
1617 1908 1650 1959 et
1671 1901 1822 1973 injustitie,

391 1986 586 2064 distinguant,
608 1995 643 2045 ut
662 1995 827 2062 peccatum
851 2009 905 2068 pro
926 1986 1083 2047 increduli·
1139 1994 1283 2065 quantum
1299 1986 1338 2046 ad
1352 1988 1433 2066 ipsas
1447 2007 1539 2048 voces
1556 1988 1677 2047 attinet

390 2080 452 2132 tate
473 2080 503 2131 et
526 2074 679 2151 impietate
703 2073 800 2133 cordis
816 2077 997 2155 accipietur,
1020 2075 1085 2134 ini·
1181 2073 1290 2152 Iteque
1306 2072 1335 2133 S.
1353 2073 1515 2153 Gregorius
1530 2073 1584 2133 lib.
1604 2077 1656 2133 ll.
1674 2071 1823 2142 Moralium,

392 2162 496 2238 quitus
523 2181 575 2240 pro
602 2161 758 2232 fructibus,
785 2161 1006 2240 alloquuntur,
1033 2162 1084 2220 im·
1139 2179 1203 2239 cap.
1220 2162 1291 2231 23,
1318 2161 1486 2234 existimat,
1513 2180 1555 2220 ex
1582 2167 1689 2220 ruente
1713 2158 1823 2219 Joauuis

390 2248 529 2328 pietatis3
552 2245 720 2325 cujusmodi
744 2257 814 2308 suut
838 2257 976 2327 peccata,
1003 2267 1083 2326 quae
1140 2246 1279 2326 Apostoli
1292 2249 1379 2306 inter
1396 2250 1603 2325 iniquitatem
1619 2254 1717 2323 atquc
1729 2263 1822 2322 peccu-

391 2335 614 2394 committuutur
636 2334 783 2395 adversus
798 2336 980 2415 proximum,
1002 2333 1087 2394 uelut
1139 2340 1207 2393 tum
1229 2334 1309 2394 nihil
1332 2335 1470 2412 disturc5
1493 2337 1565 2410 ipso
1580 2342 1695 2394 tamen
1709 2351 1766 2392 usu
1784 2332 1821 2391 lo·

391 2422 614 2491 inhumanitas,
644 2421 854 2495 inclementia,
885 2423 1010 2494 medes,
1041 2424 1082 2482 in·
1139 2421 1268 2497 quendi,
1296 2423 1412 2500 iuquit,
1437 2422 1512 2497 plur
1538 2424 1719 2498 iniquitas,
1744 2437 1821 2496 quau

391 2507 502 2568 vedere
529 2526 576 2566 res
602 2507 724 2568 alienas.
755 2507 795 2568 Ut
818 2511 856 2569 sit
876 2528 995 2569 seusus:
1023 2508 1085 2588 Qui
1136 2515 1300 2583 peccatum
1324 2515 1437 2584 sunm
1460 2515 1490 2568 et
1512 2512 1621 2568 omnis
1637 2506 1821 2568 aomotnm

390 2596 498 2675 impius
516 2603 546 2654 et
561 2603 747 2673 contemptor
761 2595 819 2656 Dei
835 2606 889 2671 est,
911 2597 992 2656 idem
1009 2605 1038 2656 et
1053 2597 1084 2656 in
1138 2614 1169 2654 sc
1193 2601 1389 2670 peccatorem
1413 2597 1559 2672 tutatum
1586 2598 1737 2672 iniquum
1762 2609 1821 2653 ocra

391 2683 541 2764 proximos
565 2683 725 2760 injuriosus
741 2685 806 2756 erit,
830 2704 866 2744 eo
883 2681 964 2764 quod
980 2703 1017 2742 ex
1033 2686 1083 2743 im·
1138 2681 1251 2756 dicere,
1278 2700 1525 2759 nonnumquam
1554 2683 1719 2743 crubescit
1754 2679 1821 2741 nra

391 2771 509 2848 pietate,
525 2789 583 2850 qua
597 2769 681 2829 Deu
693 2771 847 2848 ignoratur
857 2780 909 2831 aut
922 2771 1083 2830 contemui-
1138 2768 1198 2829 ille.
1229 2769 1327 2829 Sentit
1351 2777 1466 2841 autem,
1492 2767 1570 2828 nibil
1598 2769 1717 2830 disum
1741 2762 1821 2847 quoad

392 2866 450 2927 tur,
474 2856 569 2916 omnia
593 2857 624 2916 in
645 2855 781 2918 homiues
805 2859 946 2940 iniquiter
961 2858 1084 2917 oriatur.
1138 2875 1199 2916 rem
1221 2857 1332 2935 ipsam,
1354 2876 1390 2918 eo
1413 2854 1497 2936 quod
1515 2875 1607 2917 omne
1624 2853 1821 2936 procurrunt

391 2943 502 3004 Verum
525 2944 582 3002 ista
606 2947 756 3023 expositio
778 2945 868 3026 louge
889 2946 982 3025 petita
997 2953 1042 3004 eet
1057 2952 1086 3004 et
1139 2945 1291 3022 iniquitas,
1307 2951 1337 3004 et
1349 2952 1464 3019 coutra3
1481 2942 1596 3003 distare
1609 2954 1715 3004 tamen
1726 2936 1821 3021 aliquid

392 3051 494 3110 purum
517 3028 654 3103 fundata,
677 3052 732 3092 nec
754 3030 827 3093 iacit
848 3032 887 3092 ad
911 3039 1083 3092 contextum
1140 3029 1240 3109 quoud
1256 3030 1512 3109 significationem.
1531 3031 1629 3111 Quod
1642 3041 1677 3091 ut
1690 3029 1819 3106 intsuigr·

391 3118 560 3199 praesentis
586 3117 654 3177 loci.
692 3118 820 3180 Sanctus
849 3118 1024 3180 Ambrosius
1055 3121 1084 3178 in
1140 3127 1207 3188 tur,
1235 3116 1408 3190 sciendum,
1443 3120 1653 3194 iniquitatem
1681 3117 1820 3178 Gneus

392 3203 665 3286 apologiuDuvid¹
690 3227 754 3285 cap.
780 3211 838 3280 13,
861 3214 992 3267 tractans
1007 3206 1085 3266 lruuc
1139 3204 1261 3265 Joauue
1291 3205 1392 3265 vocari
1422 3196 1573 3281 ἀνομίαν,
1605 3205 1639 3265 id
1671 3213 1737 3276 est,
1763 3202 1821 3276 leyt't

391 3292 505 3364 locum,
529 3299 652 3365 censet,
675 3292 766 3353 latius
781 3302 884 3373 patere
899 3292 1003 3353 nornen
1020 3295 1085 3353 ini·
1139 3294 1419 3366 transqrcsaioncm
1452 3310 1506 3352 seu
1532 3310 1689 3352 recessum
1718 3310 1738 3350 a
1763 3290 1819 3364 leuc

392 3382 539 3457 quitatis,
565 3398 654 3457 quam
668 3384 809 3457 peccati5
830 3388 863 3439 ut
877 3400 965 3441 omne
981 3399 1086 3459 pecca·
1139 3378 1220 3438 Dicit
1243 3399 1315 3457 ergo
1338 3380 1373 3437 B.
1396 3379 1543 3451 Joanues,
1566 3397 1663 3440 omne
1677 3384 1819 3454 peceatum

392 3475 453 3526 tum
481 3468 520 3524 sit
546 3467 706 3543 iniquitas,
733 3489 791 3528 uon
819 3476 930 3528 contra.
969 3464 1085 3527 Gonou-
1140 3485 1206 3526 esse
1226 3467 1450 3542 iniquitaten,
1477 3474 1511 3524 ut
1535 3464 1701 3542 ostendat,
1726 3463 1819 3525 uullru

391 3555 570 3635 piscantium
591 3554 679 3626 euim,
704 3575 770 3616 curu
793 3574 855 3633 qua
877 3556 1033 3625 nascimur,
1055 3560 1087 3613 et
1140 3558 1294 3633 peecatum
1316 3562 1470 3631 tamquam
1493 3553 1563 3612 leve
1589 3549 1820 3613 contemnendus

393 3660 473 3720 quae
496 3650 565 3720 post
584 3640 763 3720 baptismum
787 3644 817 3702 in
840 3642 925 3702 nobis
941 3649 1086 3712 remanet,
1140 3659 1222 3711 esse,
1247 3647 1405 3719 propterea
1420 3638 1501 3718 quod
1517 3642 1548 3699 in
1565 3641 1649 3700 omui
1667 3636 1820 3717 peccaturi

393 3735 498 3807 estque
513 3726 618 3800 radia,
635 3735 669 3787 ut
680 3730 732 3803 uit,
748 3738 777 3790 ct
788 3731 997 3789 seminarium
1010 3746 1085 3804 pcc·
1140 3727 1217 3803 legis
1247 3726 1371 3787 divinae
1401 3724 1549 3805 quaedam
1580 3726 1717 3786 violatio.
1763 3724 1819 3783 Cur

391 3822 546 3888 catorum,
562 3815 664 3876 molor
676 3816 801 3893 fructus
811 3818 930 3893 serens,
946 3816 1086 3893 iniquita·
1140 3815 1219 3873 enim
1235 3812 1273 3873 ad
1290 3816 1371 3875 ritae
1386 3814 1546 3891 puritatem
1562 3821 1593 3873 et
1609 3812 1820 3874 sanctimoniae

392 3910 453 3960 tem
480 3921 547 3962 esse
573 3899 659 3977 dicit,
688 3923 767 3982 quae
792 3911 909 3975 tamen,
938 3910 969 3961 ut
996 3901 1086 3961 habet
1140 3900 1309 3960 hortaretur
1336 3898 1457 3971 fideles,
1484 3910 1612 3960 revocat
1639 3920 1720 3961 nuuc
1746 3914 1821 3960 eost

391 3987 468 4047 fides
483 3986 657 4060 catholica,
679 3998 746 4066 post
767 3991 950 4070 baptismum
966 3990 1086 4069 proprie
1141 3989 1274 4066 peccatis
1297 3988 1449 4047 sanctitati
1471 3988 1643 4058 contrariis,
1667 3997 1702 4047 ut
1716 3986 1821 4047 muln

393 4084 549 4154 peceatum
572 4095 631 4135 uon
655 4086 710 4137 est.
740 4078 775 4137 ld
791 4076 871 4158 quod
887 4095 989 4137 rursus
1006 4073 1085 4154 apud
1139 4083 1208 4134 suut
1222 4074 1427 4154 impudicitiae
1442 4074 1822 4154 stimmnndtttsepeeut.

392 4160 518 4222 eundem
535 4162 644 4240 legitur
660 4164 690 4222 iu
702 4163 777 4225 libro
789 4165 825 4225 de
837 4165 926 4224 Isaac
938 4162 1086 4233 stenima,
1140 4180 1236 4242 quae,
1267 4160 1348 4241 quod
1379 4160 1497 4240 legibue
1523 4160 1671 4222 humanis
1701 4159 1822 4237 (excepit

391 4269 457 4329 cap.
474 4250 512 4321 8.,
528 4268 616 4331 quern
634 4249 698 4327 ejus
713 4251 810 4311 locum
829 4252 902 4310 citat
914 4257 943 4309 at
954 4248 1087 4329 explicat
1140 4246 1279 4309 adulterii
1295 4244 1416 4323 injurie)
1435 4247 1537 4328 puniri
1551 4267 1615 4308 nou
1632 4248 1775 4320 solerent,
1794 4241 1821 4305 la

391 4336 578 4415 Augustinus
595 4334 646 4396 lib.
663 4338 691 4396 2.
707 4344 812 4398 contra
827 4336 992 4407 Juliannm,
1019 4355 1085 4414 cap.
1141 4335 1226 4395 viore
1247 4334 1444 4414 putabantur,
1467 4354 1504 4394 ac
1526 4333 1656 4397 liberius
1678 4333 1821 4396 committe

392 4423 421 4483 5.
437 4422 625 4503 Augustinus
640 4442 764 4501 quoque
779 4423 911 4503 ejusdem
925 4425 1022 4503 operis
1033 4421 1086 4481 lib.
1140 4421 1268 4496 bantur,
1295 4421 1333 4481 ab
1360 4423 1399 4482 iis
1425 4422 1622 4502 praesertim,
1655 4423 1709 4504 qui
1735 4416 1822 4482 intur·

392 4510 421 4569 5.
444 4529 509 4589 cap.
533 4512 561 4569 3.
586 4519 617 4570 et
638 4510 688 4570 lib.
713 4514 740 4571 6.
766 4531 830 4590 cap.
847 4512 875 4570 8.
893 4510 1087 4590 pronuntiare
1142 4517 1227 4568 eraut
1242 4509 1393 4589 mysteriis
1404 4508 1649 4569 simonianorum
1662 4530 1700 4569 ac
1710 4502 1822 4569 Nieoh‘r

392 4615 450 4656 non
475 4596 607 4668 dubitat,
630 4598 899 4677 concupiscentiam
924 4598 955 4657 in
978 4597 1088 4656 renatis
1142 4603 1247 4655 tarum.
1293 4595 1415 4656 Etenim
1442 4594 1501 4654 hoo
1526 4614 1625 4675 genus
1653 4604 1822 4677 peccatum

392 4702 461 4742 esse
487 4682 695 4763 iniquitatem,
725 4704 814 4764 quam
846 4691 945 4743 tamen
974 4682 1089 4761 ubique
1142 4681 1314 4759 specisliter
1338 4682 1449 4761 opponi
1471 4684 1645 4757 sanctitati,
1674 4681 1762 4744 docet
1784 4675 1822 4739 ih

393 4778 549 4848 peccatum
566 4790 633 4831 esse
648 4779 748 4850 negat.
1142 4766 1231 4828 Pauli
1268 4767 1308 4829 ad
1334 4767 1625 4831 Thessalonicenses
1664 4765 1823 4834 autumn

435 4856 523 4918 Hanc
535 4857 685 4919 Ambrosii
698 4866 727 4918 et
740 4857 899 4937 Augustini
916 4856 1087 4929 doctrinam,
1144 4859 1159 4915 1
1189 4855 1284 4934 Epist.
1313 4860 1357 4917 4.:
1395 4857 1483 4916 Herc
1512 4865 1557 4917 cat
1589 4858 1742 4919 voluntas
1769 4852 1823 4926 aa

393 4962 454 5022 qua
470 4944 587 5015 docent,
610 4946 880 5025 concupiscentium
897 4944 986 5005 etiam
1002 4961 1086 5004 rena·
1141 4942 1350 5020 sanctificatio
1366 4950 1482 5019 vestra,
1498 4951 1536 5006 ut
1551 4944 1741 5007 adsumatis
1756 4954 1824 5005 sust

392 5037 490 5090 terum
507 5032 612 5092 merito
636 5034 739 5093 vocari
754 5032 960 5113 iniquitatem,
982 5028 1043 5091 late
1058 5037 1089 5090 et
1138 5030 1356 5107 fornicatione
1372 5036 1426 5091 etc.
