<?xml version="1.0" encoding="UTF-8"?>
<!DOCTYPE html PUBLIC "-//W3C//DTD XHTML 1.0 Transitional//EN"
    "http://www.w3.org/TR/xhtml1/DTD/xhtml1-transitional.dtd">
<html xmlns="http://www.w3.org/1999/xhtml" xml:lang="en" lang="en">
 <head>
  <title>
</title>
<meta http-equiv="Content-Type" content="text/html;charset=utf-8" />
  <meta name='ocr-system' content='tesseract 3.04.00' />
  <meta name='ocr-capabilities' content='ocr_page ocr_carea ocr_par ocr_line ocrx_word'/>
</head>
<body>
  <div class='ocr_page' id='page_1' title='image "./guilielmiestiii01estigoog_0789.png"; bbox 0 0 4442 5825; ppageno 0'>
   <div class='ocr_carea' id='block_1_1' title="bbox 766 618 1807 703">
    <p class='ocr_par' dir='ltr' id='par_1_1' title="bbox 766 618 1807 703">
     <span class='ocr_line' id='line_1_1' title="bbox 766 618 1807 703; baseline 0.03 -29"><span class='ocrx_word' id='word_1_1' title='bbox 766 618 930 677; x_wconf 73' lang='lat' dir='ltr'><strong>mierum</strong></span> <span class='ocrx_word' id='word_1_2' title='bbox 945 622 965 677; x_wconf 76' lang='grc' dir='ltr'><strong>Ι.</strong></span> <span class='ocrx_word' id='word_1_3' title='bbox 982 621 1070 679; x_wconf 72' lang='lat' dir='ltr'><strong>Bm!</strong></span> <span class='ocrx_word' id='word_1_4' title='bbox 1085 623 1219 680; x_wconf 68' lang='lat' dir='ltr'><strong>maltum</strong></span> <span class='ocrx_word' id='word_1_5' title='bbox 1253 621 1337 681; x_wconf 67' lang='lat' dir='ltr'><strong>ffl-</strong></span> <span class='ocrx_word' id='word_1_6' title='bbox 1354 625 1398 679; x_wconf 83' lang='lat' dir='ltr'><strong>tt.</strong></span> <span class='ocrx_word' id='word_1_7' title='bbox 1735 636 1807 703; x_wconf 80' lang='grc'><strong>779</strong></span> 
     </span>
    </p>
   </div>
   <div class='ocr_carea' id='block_1_2' title="bbox 356 795 1818 5140">
    <p class='ocr_par' dir='ltr' id='par_1_2' title="bbox 356 795 1818 5140">
     <span class='ocr_line' id='line_1_2' title="bbox 358 795 1809 884; baseline 0.008 -30"><span class='ocrx_word' id='word_1_8' title='bbox 358 795 434 854; x_wconf 64' lang='lat' dir='ltr'><strong>dmi</strong></span> <span class='ocrx_word' id='word_1_9' title='bbox 447 795 543 869; x_wconf 66' lang='lat' dir='ltr'><strong>misi,</strong></span> <span class='ocrx_word' id='word_1_10' title='bbox 564 795 667 874; x_wconf 72' lang='lat' dir='ltr'><strong>sapite</strong></span> <span class='ocrx_word' id='word_1_11' title='bbox 690 797 731 857; x_wconf 84' lang='lat' dir='ltr'><strong>et</strong></span> <span class='ocrx_word' id='word_1_12' title='bbox 745 798 906 862; x_wconf 78' lang='lat' dir='ltr'><strong>idolerum</strong></span> <span class='ocrx_word' id='word_1_13' title='bbox 921 801 1058 863; x_wconf 78' lang='lat' dir='ltr'><strong>cultore.</strong></span> <span class='ocrx_word' id='word_1_14' title='bbox 1112 801 1185 880; x_wconf 88' lang='lat' dir='ltr'><strong>quia</strong></span> <span class='ocrx_word' id='word_1_15' title='bbox 1206 799 1245 862; x_wconf 86' lang='lat' dir='ltr'><strong>ab</strong></span> <span class='ocrx_word' id='word_1_16' title='bbox 1267 801 1328 863; x_wconf 88' lang='lat' dir='ltr'><strong>illis</strong></span> <span class='ocrx_word' id='word_1_17' title='bbox 1350 811 1557 884; x_wconf 86' lang='lat' dir='ltr'><strong>proponuntur</strong></span> <span class='ocrx_word' id='word_1_18' title='bbox 1580 809 1733 883; x_wconf 79' lang='lat' dir='ltr'><strong>temqnam</strong></span> <span class='ocrx_word' id='word_1_19' title='bbox 1748 804 1809 867; x_wconf 89' lang='lat' dir='ltr'><strong>Dei</strong></span> 
     </span>
     <span class='ocr_line' id='line_1_3' title="bbox 361 879 1810 970; baseline 0.009 -30"><span class='ocrx_word' id='word_1_20' title='bbox 361 879 451 960; x_wconf 78' lang='lat' dir='ltr'><strong>Quae</strong></span> <span class='ocrx_word' id='word_1_21' title='bbox 465 890 511 941; x_wconf 88' lang='lat' dir='ltr'><strong>est</strong></span> <span class='ocrx_word' id='word_1_22' title='bbox 525 882 629 945; x_wconf 88' lang='lat' dir='ltr'><strong>eadem</strong></span> <span class='ocrx_word' id='word_1_23' title='bbox 653 886 800 947; x_wconf 74' lang='lat' dir='ltr'><strong>renuntia</strong></span> <span class='ocrx_word' id='word_1_24' title='bbox 822 904 889 946; x_wconf 92' lang='lat' dir='ltr'><strong>cum</strong></span> <span class='ocrx_word' id='word_1_25' title='bbox 904 886 961 947; x_wconf 89' lang='lat' dir='ltr'><strong>hac</strong></span> <span class='ocrx_word' id='word_1_26' title='bbox 976 888 1058 968; x_wconf 93' lang='lat' dir='ltr'><strong>Apo·</strong></span> <span class='ocrx_word' id='word_1_27' title='bbox 1110 888 1251 961; x_wconf 83' lang='lat' dir='ltr'><strong>verbnm,</strong></span> <span class='ocrx_word' id='word_1_28' title='bbox 1274 896 1306 950; x_wconf 90' lang='lat' dir='ltr'><strong>at</strong></span> <span class='ocrx_word' id='word_1_29' title='bbox 1327 896 1478 968; x_wconf 70' lang='lat' dir='ltr'><strong>umquam</strong></span> <span class='ocrx_word' id='word_1_30' title='bbox 1496 909 1601 950; x_wconf 87' lang='lat' dir='ltr'><strong>aarum</strong></span> <span class='ocrx_word' id='word_1_31' title='bbox 1616 892 1810 970; x_wconf 72' lang='lat' dir='ltr'><strong>susceptione</strong></span> 
     </span>
     <span class='ocr_line' id='line_1_4' title="bbox 360 965 1810 1056; baseline 0.01 -30"><span class='ocrx_word' id='word_1_32' title='bbox 360 965 433 1026; x_wconf 91' lang='lat' dir='ltr'><strong>stoli</strong></span> <span class='ocrx_word' id='word_1_33' title='bbox 447 966 584 1029; x_wconf 89' lang='lat' dir='ltr'><strong>Joanuis.</strong></span> <span class='ocrx_word' id='word_1_34' title='bbox 1111 995 1148 1035; x_wconf 83' lang='lat' dir='ltr'><strong>ae</strong></span> <span class='ocrx_word' id='word_1_35' title='bbox 1161 977 1357 1037; x_wconf 81' lang='lat' dir='ltr'><strong>veneratione</strong></span> <span class='ocrx_word' id='word_1_36' title='bbox 1379 976 1496 1037; x_wconf 89' lang='lat' dir='ltr'><strong>colatur</strong></span> <span class='ocrx_word' id='word_1_37' title='bbox 1511 975 1613 1053; x_wconf 81' lang='lat' dir='ltr'><strong>Deus3</strong></span> <span class='ocrx_word' id='word_1_38' title='bbox 1635 997 1727 1056; x_wconf 88' lang='lat' dir='ltr'><strong>quum</strong></span> <span class='ocrx_word' id='word_1_39' title='bbox 1748 980 1810 1040; x_wconf 90' lang='lat' dir='ltr'><strong>sint</strong></span> 
     </span>
     <span class='ocr_line' id='line_1_5' title="bbox 404 1053 1807 1142; baseline 0.009 -29"><span class='ocrx_word' id='word_1_40' title='bbox 404 1053 473 1114; x_wconf 88' lang='lat' dir='ltr'><strong>Hac</strong></span> <span class='ocrx_word' id='word_1_41' title='bbox 503 1056 641 1120; x_wconf 85' lang='lat' dir='ltr'><strong>nimirum</strong></span> <span class='ocrx_word' id='word_1_42' title='bbox 672 1059 709 1120; x_wconf 90' lang='lat' dir='ltr'><strong>de</strong></span> <span class='ocrx_word' id='word_1_43' title='bbox 739 1078 830 1120; x_wconf 89' lang='lat' dir='ltr'><strong>caasa</strong></span> <span class='ocrx_word' id='word_1_44' title='bbox 865 1061 896 1120; x_wconf 93' lang='lat' dir='ltr'><strong>in</strong></span> <span class='ocrx_word' id='word_1_45' title='bbox 925 1062 1058 1141; x_wconf 74' lang='lat' dir='ltr'><strong>generali</strong></span> <span class='ocrx_word' id='word_1_46' title='bbox 1110 1061 1221 1141; x_wconf 89' lang='lat' dir='ltr'><strong>impiae</strong></span> <span class='ocrx_word' id='word_1_47' title='bbox 1245 1063 1400 1123; x_wconf 71' lang='lat' dir='ltr'><strong>falsitates.</strong></span> <span class='ocrx_word' id='word_1_48' title='bbox 1445 1063 1541 1124; x_wconf 88' lang='lat' dir='ltr'><strong>Idolo</strong></span> <span class='ocrx_word' id='word_1_49' title='bbox 1580 1065 1672 1142; x_wconf 80' lang='lat' dir='ltr'><strong>igitur</strong></span> <span class='ocrx_word' id='word_1_50' title='bbox 1701 1066 1807 1126; x_wconf 89' lang='lat' dir='ltr'><strong>merito</strong></span> 
     </span>
     <span class='ocr_line' id='line_1_6' title="bbox 358 1140 1807 1230; baseline 0.008 -31"><span class='ocrx_word' id='word_1_51' title='bbox 358 1140 573 1220; x_wconf 80' lang='lat' dir='ltr'><strong>Apostolorum</strong></span> <span class='ocrx_word' id='word_1_52' title='bbox 590 1146 716 1207; x_wconf 88' lang='lat' dir='ltr'><strong>concilio</strong></span> <span class='ocrx_word' id='word_1_53' title='bbox 735 1153 799 1208; x_wconf 88' lang='lat' dir='ltr'><strong>erat</strong></span> <span class='ocrx_word' id='word_1_54' title='bbox 815 1146 1005 1227; x_wconf 88' lang='lat' dir='ltr'><strong>prohibitum,</strong></span> <span class='ocrx_word' id='word_1_55' title='bbox 1020 1168 1058 1209; x_wconf 93' lang='lat' dir='ltr'><strong>ne</strong></span> <span class='ocrx_word' id='word_1_56' title='bbox 1111 1148 1315 1227; x_wconf 73' lang='lat' dir='ltr'><strong>appellentur,</strong></span> <span class='ocrx_word' id='word_1_57' title='bbox 1343 1169 1435 1230; x_wconf 91' lang='lat' dir='ltr'><strong>quum</strong></span> <span class='ocrx_word' id='word_1_58' title='bbox 1450 1151 1511 1209; x_wconf 91' lang='lat' dir='ltr'><strong>sint</strong></span> <span class='ocrx_word' id='word_1_59' title='bbox 1525 1149 1674 1230; x_wconf 85' lang='lat' dir='ltr'><strong>quaedam</strong></span> <span class='ocrx_word' id='word_1_60' title='bbox 1688 1170 1807 1229; x_wconf 89' lang='lat' dir='ltr'><strong>reprae-</strong></span> 
     </span>
     <span class='ocr_line' id='line_1_7' title="bbox 358 1226 1807 1312; baseline 0.008 -26"><span class='ocrx_word' id='word_1_61' title='bbox 358 1226 466 1288; x_wconf 82' lang='lat' dir='ltr'><strong>hdelss</strong></span> <span class='ocrx_word' id='word_1_62' title='bbox 489 1241 682 1295; x_wconf 75' lang='lat' dir='ltr'><strong>vescerentur</strong></span> <span class='ocrx_word' id='word_1_63' title='bbox 702 1232 896 1312; x_wconf 85' lang='lat' dir='ltr'><strong>idolothytis,</strong></span> <span class='ocrx_word' id='word_1_64' title='bbox 923 1235 989 1295; x_wconf 88' lang='lat' dir='ltr'><strong>Act.</strong></span> <span class='ocrx_word' id='word_1_65' title='bbox 1008 1235 1056 1296; x_wconf 76' lang='lat'><strong>15.</strong></span> <span class='ocrx_word' id='word_1_66' title='bbox 1111 1236 1308 1307; x_wconf 85' lang='lat' dir='ltr'><strong>sentatioues,</strong></span> <span class='ocrx_word' id='word_1_67' title='bbox 1331 1236 1398 1297; x_wconf 90' lang='lat' dir='ltr'><strong>sive</strong></span> <span class='ocrx_word' id='word_1_68' title='bbox 1420 1235 1594 1310; x_wconf 87' lang='lat' dir='ltr'><strong>sensibiles,</strong></span> <span class='ocrx_word' id='word_1_69' title='bbox 1617 1237 1681 1296; x_wconf 86' lang='lat' dir='ltr'><strong>sive</strong></span> <span class='ocrx_word' id='word_1_70' title='bbox 1700 1237 1807 1298; x_wconf 91' lang='lat' dir='ltr'><strong>intelli·</strong></span> 
     </span>
     <span class='ocr_line' id='line_1_8' title="bbox 360 1314 1807 1401; baseline 0.008 -28"><span class='ocrx_word' id='word_1_71' title='bbox 360 1314 450 1394; x_wconf 80' lang='lat' dir='ltr'><strong>Qnae</strong></span> <span class='ocrx_word' id='word_1_72' title='bbox 479 1316 586 1396; x_wconf 88' lang='lat' dir='ltr'><strong>utique</strong></span> <span class='ocrx_word' id='word_1_73' title='bbox 621 1319 838 1400; x_wconf 86' lang='lat' dir='ltr'><strong>prohibitiones</strong></span> <span class='ocrx_word' id='word_1_74' title='bbox 875 1342 934 1381; x_wconf 93' lang='lat' dir='ltr'><strong>non</strong></span> <span class='ocrx_word' id='word_1_75' title='bbox 964 1322 1058 1382; x_wconf 92' lang='lat' dir='ltr'><strong>solius</strong></span> <span class='ocrx_word' id='word_1_76' title='bbox 1110 1322 1234 1401; x_wconf 80' lang='lat' dir='ltr'><strong>gihilea,</strong></span> <span class='ocrx_word' id='word_1_77' title='bbox 1250 1321 1346 1381; x_wconf 89' lang='lat' dir='ltr'><strong>cultus</strong></span> <span class='ocrx_word' id='word_1_78' title='bbox 1362 1322 1456 1383; x_wconf 82' lang='lat' dir='ltr'><strong>divini</strong></span> <span class='ocrx_word' id='word_1_79' title='bbox 1470 1322 1630 1383; x_wconf 89' lang='lat' dir='ltr'><strong>exercendi</strong></span> <span class='ocrx_word' id='word_1_80' title='bbox 1645 1324 1807 1386; x_wconf 83' lang='lat' dir='ltr'><strong>eausafor·</strong></span> 
     </span>
     <span class='ocr_line' id='line_1_9' title="bbox 358 1400 1809 1489; baseline 0.007 -28"><span class='ocrx_word' id='word_1_81' title='bbox 358 1400 496 1462; x_wconf 85' lang='lat' dir='ltr'><strong>scandali</strong></span> <span class='ocrx_word' id='word_1_82' title='bbox 525 1405 642 1469; x_wconf 85' lang='lat' dir='ltr'><strong>vitandi</strong></span> <span class='ocrx_word' id='word_1_83' title='bbox 666 1426 758 1468; x_wconf 85' lang='lat' dir='ltr'><strong>cauea</strong></span> <span class='ocrx_word' id='word_1_84' title='bbox 784 1406 882 1467; x_wconf 84' lang='lat' dir='ltr'><strong>factae</strong></span> <span class='ocrx_word' id='word_1_85' title='bbox 911 1417 982 1469; x_wconf 88' lang='lat' dir='ltr'><strong>sunt</strong></span> <span class='ocrx_word' id='word_1_86' title='bbox 1011 1407 1057 1468; x_wconf 94' lang='lat' dir='ltr'><strong>his</strong></span> <span class='ocrx_word' id='word_1_87' title='bbox 1110 1417 1210 1470; x_wconf 90' lang='lat' dir='ltr'><strong>matae</strong></span> <span class='ocrx_word' id='word_1_88' title='bbox 1232 1429 1268 1469; x_wconf 88' lang='lat' dir='ltr'><strong>ac</strong></span> <span class='ocrx_word' id='word_1_89' title='bbox 1291 1410 1470 1489; x_wconf 71' lang='lat' dir='ltr'><strong>prepositae</strong></span> <span class='ocrx_word' id='word_1_90' title='bbox 1487 1408 1594 1489; x_wconf 87' lang='lat' dir='ltr'><strong>quibus</strong></span> <span class='ocrx_word' id='word_1_91' title='bbox 1608 1417 1710 1470; x_wconf 66' lang='lat' dir='ltr'><strong>nmen</strong></span> <span class='ocrx_word' id='word_1_92' title='bbox 1734 1410 1809 1472; x_wconf 91' lang='lat' dir='ltr'><strong>nihil</strong></span> 
     </span>
     <span class='ocr_line' id='line_1_10' title="bbox 358 1488 1809 1576; baseline 0.006 -27"><span class='ocrx_word' id='word_1_93' title='bbox 358 1488 535 1569; x_wconf 83' lang='lat' dir='ltr'><strong>Scripturas</strong></span> <span class='ocrx_word' id='word_1_94' title='bbox 551 1492 641 1567; x_wconf 91' lang='lat' dir='ltr'><strong>locis,</strong></span> <span class='ocrx_word' id='word_1_95' title='bbox 657 1492 815 1554; x_wconf 86' lang='lat' dir='ltr'><strong>sedetiam</strong></span> <span class='ocrx_word' id='word_1_96' title='bbox 831 1494 966 1574; x_wconf 87' lang='lat' dir='ltr'><strong>periculi.</strong></span> <span class='ocrx_word' id='word_1_97' title='bbox 990 1495 1066 1575; x_wconf 55' lang='lat' dir='ltr'><strong>Nec⁸</strong></span> <span class='ocrx_word' id='word_1_98' title='bbox 1109 1496 1153 1554; x_wconf 93' lang='lat' dir='ltr'><strong>rei</strong></span> <span class='ocrx_word' id='word_1_99' title='bbox 1168 1496 1278 1556; x_wconf 90' lang='lat' dir='ltr'><strong>subest.</strong></span> <span class='ocrx_word' id='word_1_100' title='bbox 1302 1495 1431 1557; x_wconf 87' lang='lat' dir='ltr'><strong>Videtur</strong></span> <span class='ocrx_word' id='word_1_101' title='bbox 1445 1506 1545 1558; x_wconf 86' lang='lat' dir='ltr'><strong>autem</strong></span> <span class='ocrx_word' id='word_1_102' title='bbox 1561 1495 1711 1576; x_wconf 90' lang='lat' dir='ltr'><strong>Didymus</strong></span> <span class='ocrx_word' id='word_1_103' title='bbox 1730 1497 1809 1558; x_wconf 89' lang='lat' dir='ltr'><strong>hanc</strong></span> 
     </span>
     <span class='ocr_line' id='line_1_11' title="bbox 358 1574 1808 1664; baseline 0.006 -29"><span class='ocrx_word' id='word_1_104' title='bbox 358 1576 440 1637; x_wconf 92' lang='lat' dir='ltr'><strong>enim</strong></span> <span class='ocrx_word' id='word_1_105' title='bbox 457 1574 608 1640; x_wconf 86' lang='lat' dir='ltr'><strong>mediocre</strong></span> <span class='ocrx_word' id='word_1_106' title='bbox 624 1580 863 1662; x_wconf 87' lang='lat' dir='ltr'><strong>sratpericulorn</strong></span> <span class='ocrx_word' id='word_1_107' title='bbox 880 1580 1057 1643; x_wconf 80' lang='lat' dir='ltr'><strong>christianis</strong></span> <span class='ocrx_word' id='word_1_108' title='bbox 1110 1600 1194 1643; x_wconf 88' lang='lat' dir='ltr'><strong>suam</strong></span> <span class='ocrx_word' id='word_1_109' title='bbox 1227 1584 1424 1662; x_wconf 87' lang='lat' dir='ltr'><strong>posteriorem</strong></span> <span class='ocrx_word' id='word_1_110' title='bbox 1461 1584 1679 1663; x_wconf 85' lang='lat' dir='ltr'><strong>expositionem</strong></span> <span class='ocrx_word' id='word_1_111' title='bbox 1715 1584 1808 1664; x_wconf 86' lang='lat' dir='ltr'><strong>priori</strong></span> 
     </span>
     <span class='ocr_line' id='line_1_12' title="bbox 358 1662 1807 1752; baseline 0.008 -31"><span class='ocrx_word' id='word_1_112' title='bbox 358 1664 389 1721; x_wconf 91' lang='lat' dir='ltr'><strong>in</strong></span> <span class='ocrx_word' id='word_1_113' title='bbox 407 1662 507 1723; x_wconf 91' lang='lat' dir='ltr'><strong>medio</strong></span> <span class='ocrx_word' id='word_1_114' title='bbox 522 1664 744 1729; x_wconf 88' lang='lat' dir='ltr'><strong>idololatrarum</strong></span> <span class='ocrx_word' id='word_1_115' title='bbox 758 1666 954 1745; x_wconf 80' lang='lat' dir='ltr'><strong>degentibus,</strong></span> <span class='ocrx_word' id='word_1_116' title='bbox 969 1689 1054 1750; x_wconf 88' lang='lat' dir='ltr'><strong>prae·</strong></span> <span class='ocrx_word' id='word_1_117' title='bbox 1073 1708 1076 1720; x_wconf 85' lang='lat'>·</span> <span class='ocrx_word' id='word_1_118' title='bbox 1111 1667 1330 1749; x_wconf 87' lang='lat' dir='ltr'><strong>quodammodo</strong></span> <span class='ocrx_word' id='word_1_119' title='bbox 1354 1670 1523 1749; x_wconf 87' lang='lat' dir='ltr'><strong>praeferre,</strong></span> <span class='ocrx_word' id='word_1_120' title='bbox 1548 1667 1670 1751; x_wconf 85' lang='lat' dir='ltr'><strong>quaudo</strong></span> <span class='ocrx_word' id='word_1_121' title='bbox 1685 1671 1807 1752; x_wconf 86' lang='lat' dir='ltr'><strong>subjun-</strong></span> 
     </span>
     <span class='ocr_line' id='line_1_13' title="bbox 357 1751 1809 1838; baseline 0.008 -30"><span class='ocrx_word' id='word_1_122' title='bbox 357 1751 461 1809; x_wconf 87' lang='lat' dir='ltr'><strong>sertim</strong></span> <span class='ocrx_word' id='word_1_123' title='bbox 487 1752 657 1815; x_wconf 74' lang='lat' dir='ltr'><strong>rudioribus</strong></span> <span class='ocrx_word' id='word_1_124' title='bbox 685 1753 735 1816; x_wconf 81' lang='lat' dir='ltr'><strong>rel</strong></span> <span class='ocrx_word' id='word_1_125' title='bbox 762 1753 986 1829; x_wconf 89' lang='lat' dir='ltr'><strong>infirmioribus,</strong></span> <span class='ocrx_word' id='word_1_126' title='bbox 1016 1774 1056 1816; x_wconf 93' lang='lat' dir='ltr'><strong>ne</strong></span> <span class='ocrx_word' id='word_1_127' title='bbox 1110 1758 1170 1834; x_wconf 81' lang='lat' dir='ltr'><strong>git,</strong></span> <span class='ocrx_word' id='word_1_128' title='bbox 1201 1754 1298 1838; x_wconf 90' lang='lat' dir='ltr'><strong>qnod,</strong></span> <span class='ocrx_word' id='word_1_129' title='bbox 1333 1759 1358 1817; x_wconf 91' lang='lat' dir='ltr'><strong>si</strong></span> <span class='ocrx_word' id='word_1_130' title='bbox 1382 1757 1438 1818; x_wconf 93' lang='lat' dir='ltr'><strong>hoe</strong></span> <span class='ocrx_word' id='word_1_131' title='bbox 1470 1755 1559 1816; x_wconf 91' lang='lat' dir='ltr'><strong>modo</strong></span> <span class='ocrx_word' id='word_1_132' title='bbox 1585 1758 1645 1817; x_wconf 81' lang='lat' dir='ltr'><strong>ista</strong></span> <span class='ocrx_word' id='word_1_133' title='bbox 1668 1757 1809 1838; x_wconf 78' lang='lat' dir='ltr'><strong>Apostoli</strong></span> 
     </span>
     <span class='ocr_line' id='line_1_14' title="bbox 356 1837 1808 1925; baseline 0.004 -28"><span class='ocrx_word' id='word_1_134' title='bbox 356 1837 411 1897; x_wconf 84' lang='lat' dir='ltr'><strong>vei</strong></span> <span class='ocrx_word' id='word_1_135' title='bbox 426 1847 524 1913; x_wconf 88' lang='lat' dir='ltr'><strong>metu,</strong></span> <span class='ocrx_word' id='word_1_136' title='bbox 551 1841 600 1902; x_wconf 86' lang='lat' dir='ltr'><strong>vel</strong></span> <span class='ocrx_word' id='word_1_137' title='bbox 616 1840 745 1923; x_wconf 89' lang='lat' dir='ltr'><strong>pudore,</strong></span> <span class='ocrx_word' id='word_1_138' title='bbox 771 1841 821 1901; x_wconf 84' lang='lat' dir='ltr'><strong>vel</strong></span> <span class='ocrx_word' id='word_1_139' title='bbox 839 1839 978 1920; x_wconf 81' lang='lat' dir='ltr'><strong>placendi</strong></span> <span class='ocrx_word' id='word_1_140' title='bbox 994 1851 1055 1902; x_wconf 90' lang='lat' dir='ltr'><strong>stu·</strong></span> <span class='ocrx_word' id='word_1_141' title='bbox 1110 1842 1204 1904; x_wconf 85' lang='lat' dir='ltr'><strong>rerba</strong></span> <span class='ocrx_word' id='word_1_142' title='bbox 1224 1842 1441 1924; x_wconf 81' lang='lat' dir='ltr'><strong>intelligentur,</strong></span> <span class='ocrx_word' id='word_1_143' title='bbox 1457 1862 1607 1923; x_wconf 81' lang='lat' dir='ltr'><strong>congruus</strong></span> <span class='ocrx_word' id='word_1_144' title='bbox 1621 1843 1686 1904; x_wconf 86' lang='lat' dir='ltr'><strong>riuis</strong></span> <span class='ocrx_word' id='word_1_145' title='bbox 1703 1865 1757 1925; x_wconf 92' lang='lat' dir='ltr'><strong>per</strong></span> <span class='ocrx_word' id='word_1_146' title='bbox 1772 1865 1808 1906; x_wconf 89' lang='lat' dir='ltr'><strong>aa</strong></span> 
     </span>
     <span class='ocr_line' id='line_1_15' title="bbox 357 1922 1808 2010; baseline 0.006 -27"><span class='ocrx_word' id='word_1_147' title='bbox 357 1922 412 1983; x_wconf 93' lang='lat' dir='ltr'><strong>die</strong></span> <span class='ocrx_word' id='word_1_148' title='bbox 426 1922 561 1989; x_wconf 89' lang='lat' dir='ltr'><strong>facerent</strong></span> <span class='ocrx_word' id='word_1_149' title='bbox 584 1929 688 1989; x_wconf 90' lang='lat' dir='ltr'><strong>saltem</strong></span> <span class='ocrx_word' id='word_1_150' title='bbox 710 1935 865 1988; x_wconf 86' lang='lat' dir='ltr'><strong>externum</strong></span> <span class='ocrx_word' id='word_1_151' title='bbox 889 1928 1002 2007; x_wconf 89' lang='lat' dir='ltr'><strong>aliquid</strong></span> <span class='ocrx_word' id='word_1_152' title='bbox 1017 1928 1056 1988; x_wconf 87' lang='lat' dir='ltr'><strong>ad</strong></span> <span class='ocrx_word' id='word_1_153' title='bbox 1110 1929 1183 1988; x_wconf 91' lang='lat' dir='ltr'><strong>huic</strong></span> <span class='ocrx_word' id='word_1_154' title='bbox 1212 1930 1370 2009; x_wconf 81' lang='lat' dir='ltr'><strong>Epistulae</strong></span> <span class='ocrx_word' id='word_1_155' title='bbox 1399 1933 1584 2010; x_wconf 85' lang='lat' dir='ltr'><strong>imponetur,</strong></span> <span class='ocrx_word' id='word_1_156' title='bbox 1617 1933 1648 1991; x_wconf 89' lang='lat' dir='ltr'><strong>in</strong></span> <span class='ocrx_word' id='word_1_157' title='bbox 1674 1950 1735 2009; x_wconf 92' lang='lat' dir='ltr'><strong>qua</strong></span> <span class='ocrx_word' id='word_1_158' title='bbox 1768 1930 1808 1992; x_wconf 93' lang='lat' dir='ltr'><strong>de</strong></span> 
     </span>
     <span class='ocr_line' id='line_1_16' title="bbox 356 2010 1809 2096; baseline 0.005 -25"><span class='ocrx_word' id='word_1_159' title='bbox 356 2010 508 2072; x_wconf 86' lang='lat' dir='ltr'><strong>idolorum</strong></span> <span class='ocrx_word' id='word_1_160' title='bbox 542 2014 654 2076; x_wconf 88' lang='lat' dir='ltr'><strong>celtum</strong></span> <span class='ocrx_word' id='word_1_161' title='bbox 691 2018 849 2096; x_wconf 85' lang='lat' dir='ltr'><strong>pertinens.</strong></span> <span class='ocrx_word' id='word_1_162' title='bbox 899 2014 1056 2095; x_wconf 81' lang='lat' dir='ltr'><strong>Quomodo</strong></span> <span class='ocrx_word' id='word_1_163' title='bbox 1110 2016 1380 2096; x_wconf 86' lang='lat' dir='ltr'><strong>pseudoprophetis</strong></span> <span class='ocrx_word' id='word_1_164' title='bbox 1403 2026 1434 2079; x_wconf 91' lang='lat' dir='ltr'><strong>et</strong></span> <span class='ocrx_word' id='word_1_165' title='bbox 1458 2017 1639 2078; x_wconf 74' lang='lat' dir='ltr'><strong>antichristis</strong></span> <span class='ocrx_word' id='word_1_166' title='bbox 1668 2017 1809 2080; x_wconf 84' lang='lat' dir='ltr'><strong>cavendis</strong></span> 
     </span>
     <span class='ocr_line' id='line_1_17' title="bbox 357 2096 1392 2176; baseline 0.004 -17"><span class='ocrx_word' id='word_1_167' title='bbox 357 2118 439 2159; x_wconf 90' lang='lat' dir='ltr'><strong>nunc</strong></span> <span class='ocrx_word' id='word_1_168' title='bbox 454 2096 505 2175; x_wconf 89' lang='lat' dir='ltr'><strong>(ah</strong></span> <span class='ocrx_word' id='word_1_169' title='bbox 521 2098 634 2176; x_wconf 86' lang='lat' dir='ltr'><strong>dolori)</strong></span> <span class='ocrx_word' id='word_1_170' title='bbox 650 2101 782 2163; x_wconf 86' lang='lat' dir='ltr'><strong>nonnulli</strong></span> <span class='ocrx_word' id='word_1_171' title='bbox 799 2100 951 2173; x_wconf 77' lang='lat' dir='ltr'><strong>catholici,</strong></span> <span class='ocrx_word' id='word_1_172' title='bbox 973 2102 1055 2162; x_wconf 85' lang='lat' dir='ltr'><strong>habi·</strong></span> <span class='ocrx_word' id='word_1_173' title='bbox 1109 2102 1213 2164; x_wconf 86' lang='lat' dir='ltr'><strong>fideles</strong></span> <span class='ocrx_word' id='word_1_174' title='bbox 1227 2111 1392 2164; x_wconf 79' lang='lat' dir='ltr'><strong>monuerat.</strong></span> 
     </span>
     <span class='ocr_line' id='line_1_18' title="bbox 357 2187 1807 2270; baseline 0.006 -26"><span class='ocrx_word' id='word_1_175' title='bbox 357 2193 458 2245; x_wconf 86' lang='lat' dir='ltr'><strong>tantos</strong></span> <span class='ocrx_word' id='word_1_176' title='bbox 480 2187 558 2247; x_wconf 91' lang='lat' dir='ltr'><strong>iuter</strong></span> <span class='ocrx_word' id='word_1_177' title='bbox 579 2190 745 2250; x_wconf 87' lang='lat' dir='ltr'><strong>haereticos</strong></span> <span class='ocrx_word' id='word_1_178' title='bbox 769 2208 866 2250; x_wconf 86' lang='lat' dir='ltr'><strong>rerum</strong></span> <span class='ocrx_word' id='word_1_179' title='bbox 890 2208 943 2267; x_wconf 89' lang='lat' dir='ltr'><strong>per</strong></span> <span class='ocrx_word' id='word_1_180' title='bbox 957 2187 1055 2250; x_wconf 83' lang='lat' dir='ltr'><strong>diver·</strong></span> <span class='ocrx_word' id='word_1_181' title='bbox 1155 2191 1213 2250; x_wconf 89' lang='lat' dir='ltr'><strong>Pro</strong></span> <span class='ocrx_word' id='word_1_182' title='bbox 1229 2188 1333 2251; x_wconf 90' lang='lat' dir='ltr'><strong>eodem</strong></span> <span class='ocrx_word' id='word_1_183' title='bbox 1355 2191 1445 2270; x_wconf 87' lang='lat' dir='ltr'><strong>hujus</strong></span> <span class='ocrx_word' id='word_1_184' title='bbox 1461 2190 1639 2270; x_wconf 80' lang='lat' dir='ltr'><strong>Scriptores</strong></span> <span class='ocrx_word' id='word_1_185' title='bbox 1653 2190 1807 2252; x_wconf 88' lang='lat' dir='ltr'><strong>intellectu</strong></span> 
     </span>
     <span class='ocr_line' id='line_1_19' title="bbox 357 2274 1808 2358; baseline 0.003 -25"><span class='ocrx_word' id='word_1_186' title='bbox 357 2291 411 2333; x_wconf 89' lang='lat' dir='ltr'><strong>sas</strong></span> <span class='ocrx_word' id='word_1_187' title='bbox 427 2276 600 2351; x_wconf 83' lang='lat' dir='ltr'><strong>provincias</strong></span> <span class='ocrx_word' id='word_1_188' title='bbox 615 2277 778 2354; x_wconf 89' lang='lat' dir='ltr'><strong>potientes,</strong></span> <span class='ocrx_word' id='word_1_189' title='bbox 801 2274 946 2336; x_wconf 86' lang='lat' dir='ltr'><strong>interdum</strong></span> <span class='ocrx_word' id='word_1_190' title='bbox 964 2295 1054 2354; x_wconf 89' lang='lat' dir='ltr'><strong>quae·</strong></span> <span class='ocrx_word' id='word_1_191' title='bbox 1111 2274 1222 2336; x_wconf 76' lang='lat' dir='ltr'><strong>adferri</strong></span> <span class='ocrx_word' id='word_1_192' title='bbox 1258 2287 1384 2356; x_wconf 88' lang='lat' dir='ltr'><strong>possunt</strong></span> <span class='ocrx_word' id='word_1_193' title='bbox 1413 2278 1448 2337; x_wconf 91' lang='lat' dir='ltr'><strong>B.</strong></span> <span class='ocrx_word' id='word_1_194' title='bbox 1478 2278 1656 2358; x_wconf 83' lang='lat' dir='ltr'><strong>Hieronymi</strong></span> <span class='ocrx_word' id='word_1_195' title='bbox 1687 2276 1808 2338; x_wconf 83' lang='lat' dir='ltr'><strong>diversa</strong></span> 
     </span>
     <span class='ocr_line' id='line_1_20' title="bbox 357 2357 1806 2442; baseline 0.004 -23"><span class='ocrx_word' id='word_1_196' title='bbox 357 2357 431 2419; x_wconf 91' lang='lat' dir='ltr'><strong>dam</strong></span> <span class='ocrx_word' id='word_1_197' title='bbox 455 2358 574 2422; x_wconf 87' lang='lat' dir='ltr'><strong>faciunt</strong></span> <span class='ocrx_word' id='word_1_198' title='bbox 599 2372 652 2422; x_wconf 89' lang='lat' dir='ltr'><strong>aut</strong></span> <span class='ocrx_word' id='word_1_199' title='bbox 671 2362 777 2423; x_wconf 91' lang='lat' dir='ltr'><strong>dicunt</strong></span> <span class='ocrx_word' id='word_1_200' title='bbox 799 2360 868 2421; x_wconf 89' lang='lat' dir='ltr'><strong>fidei</strong></span> <span class='ocrx_word' id='word_1_201' title='bbox 892 2362 1056 2423; x_wconf 87' lang='lat' dir='ltr'><strong>catholicae</strong></span> <span class='ocrx_word' id='word_1_202' title='bbox 1109 2364 1192 2423; x_wconf 90' lang='lat' dir='ltr'><strong>loca:</strong></span> <span class='ocrx_word' id='word_1_203' title='bbox 1207 2365 1239 2424; x_wconf 92' lang='lat' dir='ltr'><strong>in</strong></span> <span class='ocrx_word' id='word_1_204' title='bbox 1254 2383 1319 2442; x_wconf 90' lang='lat' dir='ltr'><strong>cap.</strong></span> <span class='ocrx_word' id='word_1_205' title='bbox 1336 2364 1365 2422; x_wconf 80' lang='lat'><strong>2.</strong></span> <span class='ocrx_word' id='word_1_206' title='bbox 1382 2371 1413 2424; x_wconf 90' lang='lat' dir='ltr'><strong>et</strong></span> <span class='ocrx_word' id='word_1_207' title='bbox 1428 2365 1458 2423; x_wconf 90' lang='lat' dir='ltr'><strong>in</strong></span> <span class='ocrx_word' id='word_1_208' title='bbox 1471 2368 1522 2425; x_wconf 83' lang='lat'><strong>44.</strong></span> <span class='ocrx_word' id='word_1_209' title='bbox 1540 2365 1679 2437; x_wconf 83' lang='lat' dir='ltr'><strong>Jssaiae,</strong></span> <span class='ocrx_word' id='word_1_210' title='bbox 1694 2366 1725 2424; x_wconf 89' lang='lat' dir='ltr'><strong>in</strong></span> <span class='ocrx_word' id='word_1_211' title='bbox 1741 2384 1806 2442; x_wconf 84' lang='lat' dir='ltr'><strong>cap.</strong></span> 
     </span>
     <span class='ocr_line' id='line_1_21' title="bbox 356 2445 1807 2531; baseline 0.004 -26"><span class='ocrx_word' id='word_1_212' title='bbox 356 2453 414 2505; x_wconf 84' lang='lat' dir='ltr'><strong>aut</strong></span> <span class='ocrx_word' id='word_1_213' title='bbox 429 2445 574 2509; x_wconf 88' lang='lat' dir='ltr'><strong>institutis</strong></span> <span class='ocrx_word' id='word_1_214' title='bbox 589 2448 743 2511; x_wconf 80' lang='lat' dir='ltr'><strong>Ecclesiae</strong></span> <span class='ocrx_word' id='word_1_215' title='bbox 758 2448 962 2509; x_wconf 87' lang='lat' dir='ltr'><strong>dissentanea.</strong></span> <span class='ocrx_word' id='word_1_216' title='bbox 1110 2451 1139 2510; x_wconf 85' lang='grc'><strong>3.</strong></span> <span class='ocrx_word' id='word_1_217' title='bbox 1162 2450 1309 2521; x_wconf 87' lang='lat' dir='ltr'><strong>Danielis,</strong></span> <span class='ocrx_word' id='word_1_218' title='bbox 1321 2450 1352 2509; x_wconf 93' lang='lat' dir='ltr'><strong>in</strong></span> <span class='ocrx_word' id='word_1_219' title='bbox 1364 2470 1429 2530; x_wconf 89' lang='lat' dir='ltr'><strong>cap.</strong></span> <span class='ocrx_word' id='word_1_220' title='bbox 1442 2451 1471 2510; x_wconf 74' lang='grc'><strong>2.</strong></span> <span class='ocrx_word' id='word_1_221' title='bbox 1494 2450 1617 2511; x_wconf 90' lang='lat' dir='ltr'><strong>Abacuc</strong></span> <span class='ocrx_word' id='word_1_222' title='bbox 1628 2450 1807 2531; x_wconf 88' lang='lat' dir='ltr'><strong>Prophetae,</strong></span> 
     </span>
     <span class='ocr_line' id='line_1_22' title="bbox 403 2533 1818 2618; baseline 0.004 -25"><span class='ocrx_word' id='word_1_223' title='bbox 403 2533 1055 2618; x_wconf 81' lang='lat' dir='ltr'><strong>Etcxhisliqu&#39;et,quantaveiimperitie,</strong></span> <span class='ocrx_word' id='word_1_224' title='bbox 1110 2540 1223 2609; x_wconf 84' lang='lat' dir='ltr'><strong>v.18.‚</strong></span> <span class='ocrx_word' id='word_1_225' title='bbox 1247 2537 1278 2597; x_wconf 90' lang='lat' dir='ltr'><strong>in</strong></span> <span class='ocrx_word' id='word_1_226' title='bbox 1301 2557 1366 2617; x_wconf 86' lang='lat' dir='ltr'><strong>cap.</strong></span> <span class='ocrx_word' id='word_1_227' title='bbox 1389 2541 1436 2599; x_wconf 85' lang='lat'><strong>13.</strong></span> <span class='ocrx_word' id='word_1_228' title='bbox 1460 2537 1582 2597; x_wconf 87' lang='lat' dir='ltr'><strong>Zachsr.</strong></span> <span class='ocrx_word' id='word_1_229' title='bbox 1604 2556 1634 2596; x_wconf 83' lang='lat' dir='ltr'><strong>v.</strong></span> <span class='ocrx_word' id='word_1_230' title='bbox 1653 2542 1680 2598; x_wconf 71' lang='lat' dir='ltr'><strong>t.</strong></span> <span class='ocrx_word' id='word_1_231' title='bbox 1719 2536 1818 2599; x_wconf 85' lang='lat' dir='ltr'><strong>Adde&#39;</strong></span> 
     </span>
     <span class='ocr_line' id='line_1_23' title="bbox 357 2618 1808 2704; baseline 0.006 -26"><span class='ocrx_word' id='word_1_232' title='bbox 357 2618 412 2678; x_wconf 83' lang='lat' dir='ltr'><strong>rel</strong></span> <span class='ocrx_word' id='word_1_233' title='bbox 439 2621 628 2698; x_wconf 88' lang='lat' dir='ltr'><strong>improbitate</strong></span> <span class='ocrx_word' id='word_1_234' title='bbox 653 2624 773 2685; x_wconf 84' lang='lat' dir='ltr'><strong>sectarii</strong></span> <span class='ocrx_word' id='word_1_235' title='bbox 800 2621 879 2682; x_wconf 87' lang='lat' dir='ltr'><strong>hunc</strong></span> <span class='ocrx_word' id='word_1_236' title='bbox 902 2621 998 2682; x_wconf 88' lang='lat' dir='ltr'><strong>locum</strong></span> <span class='ocrx_word' id='word_1_237' title='bbox 1022 2621 1056 2681; x_wconf 91' lang='lat' dir='ltr'><strong>B.</strong></span> <span class='ocrx_word' id='word_1_238' title='bbox 1110 2623 1141 2684; x_wconf 85' lang='lat' dir='ltr'><strong>S.</strong></span> <span class='ocrx_word' id='word_1_239' title='bbox 1164 2623 1365 2702; x_wconf 85' lang='lat' dir='ltr'><strong>Augustinum</strong></span> <span class='ocrx_word' id='word_1_240' title='bbox 1387 2622 1524 2685; x_wconf 75' lang='lat' dir='ltr'><strong>confess.</strong></span> <span class='ocrx_word' id='word_1_241' title='bbox 1548 2623 1808 2704; x_wconf 78' lang='lat' dir='ltr'><strong>lib.t.esp.1t.,</strong></span> 
     </span>
     <span class='ocr_line' id='line_1_24' title="bbox 356 2705 1808 2791; baseline 0.003 -24"><span class='ocrx_word' id='word_1_242' title='bbox 356 2705 492 2767; x_wconf 84' lang='lat' dir='ltr'><strong>Joannis</strong></span> <span class='ocrx_word' id='word_1_243' title='bbox 518 2708 716 2789; x_wconf 87' lang='lat' dir='ltr'><strong>detorqueant</strong></span> <span class='ocrx_word' id='word_1_244' title='bbox 742 2708 886 2770; x_wconf 82' lang='lat' dir='ltr'><strong>adsersus</strong></span> <span class='ocrx_word' id='word_1_245' title='bbox 910 2709 1056 2788; x_wconf 78' lang='lat' dir='ltr'><strong>imagines</strong></span> <span class='ocrx_word' id='word_1_246' title='bbox 1109 2710 1161 2770; x_wconf 85' lang='lat' dir='ltr'><strong>ubi</strong></span> <span class='ocrx_word' id='word_1_247' title='bbox 1176 2710 1334 2789; x_wconf 76' lang='lat' dir='ltr'><strong>signifieat,</strong></span> <span class='ocrx_word' id='word_1_248' title='bbox 1351 2710 1431 2791; x_wconf 88' lang='lat' dir='ltr'><strong>qued</strong></span> <span class='ocrx_word' id='word_1_249' title='bbox 1451 2712 1600 2771; x_wconf 65' lang='lat' dir='ltr'><strong>coenses</strong></span> <span class='ocrx_word' id='word_1_250' title='bbox 1614 2727 1704 2771; x_wconf 81' lang='lat' dir='ltr'><strong>auom</strong></span> <span class='ocrx_word' id='word_1_251' title='bbox 1721 2714 1808 2787; x_wconf 81' lang='lat' dir='ltr'><strong>ipro·</strong></span> 
     </span>
     <span class='ocr_line' id='line_1_25' title="bbox 358 2790 1807 2875; baseline 0.003 -22"><span class='ocrx_word' id='word_1_252' title='bbox 358 2790 476 2853; x_wconf 81' lang='lat' dir='ltr'><strong>Christi</strong></span> <span class='ocrx_word' id='word_1_253' title='bbox 491 2795 616 2858; x_wconf 91' lang='lat' dir='ltr'><strong>Domini</strong></span> <span class='ocrx_word' id='word_1_254' title='bbox 631 2806 661 2857; x_wconf 90' lang='lat' dir='ltr'><strong>et</strong></span> <span class='ocrx_word' id='word_1_255' title='bbox 676 2797 862 2868; x_wconf 84' lang='lat' dir='ltr'><strong>Sanctorum,</strong></span> <span class='ocrx_word' id='word_1_256' title='bbox 876 2804 1055 2868; x_wconf 87' lang='lat' dir='ltr'><strong>asserentes,</strong></span> <span class='ocrx_word' id='word_1_257' title='bbox 1109 2815 1181 2857; x_wconf 81' lang='lat' dir='ltr'><strong>ram</strong></span> <span class='ocrx_word' id='word_1_258' title='bbox 1209 2801 1352 2858; x_wconf 82' lang='lat' dir='ltr'><strong>unimam</strong></span> <span class='ocrx_word' id='word_1_259' title='bbox 1376 2798 1505 2874; x_wconf 62' lang='lat' dir='ltr'><strong>sumunt</strong></span> <span class='ocrx_word' id='word_1_260' title='bbox 1530 2799 1683 2875; x_wconf 81' lang='lat' dir='ltr'><strong>templum</strong></span> <span class='ocrx_word' id='word_1_261' title='bbox 1709 2798 1807 2872; x_wconf 81' lang='lat' dir='ltr'><strong>idolo,</strong></span> 
     </span>
     <span class='ocr_line' id='line_1_26' title="bbox 357 2882 1806 2964; baseline 0.003 -23"><span class='ocrx_word' id='word_1_262' title='bbox 357 2900 422 2942; x_wconf 91' lang='lat' dir='ltr'><strong>nen</strong></span> <span class='ocrx_word' id='word_1_263' title='bbox 436 2901 526 2962; x_wconf 80' lang='lat' dir='ltr'><strong>posse</strong></span> <span class='ocrx_word' id='word_1_264' title='bbox 545 2884 672 2964; x_wconf 78' lang='lat' dir='ltr'><strong>intelligi</strong></span> <span class='ocrx_word' id='word_1_265' title='bbox 695 2886 732 2947; x_wconf 93' lang='lat' dir='ltr'><strong>de</strong></span> <span class='ocrx_word' id='word_1_266' title='bbox 755 2882 841 2945; x_wconf 91' lang='lat' dir='ltr'><strong>idolis</strong></span> <span class='ocrx_word' id='word_1_267' title='bbox 864 2884 1055 2954; x_wconf 89' lang='lat' dir='ltr'><strong>ethnicorum,</strong></span> <span class='ocrx_word' id='word_1_268' title='bbox 1110 2887 1145 2945; x_wconf 84' lang='lat' dir='ltr'><strong>in</strong></span> <span class='ocrx_word' id='word_1_269' title='bbox 1162 2902 1224 2962; x_wconf 82' lang='lat' dir='ltr'><strong>quo</strong></span> <span class='ocrx_word' id='word_1_270' title='bbox 1239 2885 1396 2946; x_wconf 83' lang='lat' dir='ltr'><strong>collocent</strong></span> <span class='ocrx_word' id='word_1_271' title='bbox 1416 2885 1603 2963; x_wconf 70' lang='lat' dir='ltr'><strong>flymentum</strong></span> <span class='ocrx_word' id='word_1_272' title='bbox 1615 2888 1733 2947; x_wconf 76' lang='lat' dir='ltr'><strong>moris</strong></span> <span class='ocrx_word' id='word_1_273' title='bbox 1747 2887 1806 2947; x_wconf 83' lang='lat' dir='ltr'><strong>rui.</strong></span> 
     </span>
     <span class='ocr_line' id='line_1_27' title="bbox 358 2969 1808 3052; baseline 0.002 -22"><span class='ocrx_word' id='word_1_274' title='bbox 358 2988 397 3030; x_wconf 88' lang='lat' dir='ltr'><strong>eo</strong></span> <span class='ocrx_word' id='word_1_275' title='bbox 428 2969 509 3047; x_wconf 81' lang='lat' dir='ltr'><strong>quod</strong></span> <span class='ocrx_word' id='word_1_276' title='bbox 536 2970 583 3047; x_wconf 90' lang='lat' dir='ltr'><strong>(ut</strong></span> <span class='ocrx_word' id='word_1_277' title='bbox 609 2969 705 3048; x_wconf 77' lang='lat' dir='ltr'><strong>aiunt)</strong></span> <span class='ocrx_word' id='word_1_278' title='bbox 731 2970 883 3045; x_wconf 88' lang='lat' dir='ltr'><strong>fidelibus,</strong></span> <span class='ocrx_word' id='word_1_279' title='bbox 913 2969 950 3032; x_wconf 90' lang='lat' dir='ltr'><strong>ad</strong></span> <span class='ocrx_word' id='word_1_280' title='bbox 982 2989 1057 3052; x_wconf 90' lang='lat' dir='ltr'><strong>quos</strong></span> <span class='ocrx_word' id='word_1_281' title='bbox 1109 2971 1199 3033; x_wconf 86' lang='lat' dir='ltr'><strong>Adde</strong></span> <span class='ocrx_word' id='word_1_282' title='bbox 1221 2972 1410 3033; x_wconf 89' lang='lat' dir='ltr'><strong>Vincentium</strong></span> <span class='ocrx_word' id='word_1_283' title='bbox 1432 2974 1618 3034; x_wconf 88' lang='lat' dir='ltr'><strong>Lirinenssm</strong></span> <span class='ocrx_word' id='word_1_284' title='bbox 1645 2973 1691 3033; x_wconf 87' lang='lat' dir='ltr'><strong>sni</strong></span> <span class='ocrx_word' id='word_1_285' title='bbox 1713 2972 1808 3035; x_wconf 86' lang='lat' dir='ltr'><strong>libelli</strong></span> 
     </span>
     <span class='ocr_line' id='line_1_28' title="bbox 358 3056 1807 3140; baseline 0.003 -22"><span class='ocrx_word' id='word_1_286' title='bbox 358 3056 463 3118; x_wconf 76' lang='lat' dir='ltr'><strong>scribit</strong></span> <span class='ocrx_word' id='word_1_287' title='bbox 478 3058 651 3139; x_wconf 84' lang='lat' dir='ltr'><strong>Apostolus,</strong></span> <span class='ocrx_word' id='word_1_288' title='bbox 673 3059 786 3119; x_wconf 91' lang='lat' dir='ltr'><strong>nullum</strong></span> <span class='ocrx_word' id='word_1_289' title='bbox 807 3067 872 3119; x_wconf 87' lang='lat' dir='ltr'><strong>erat</strong></span> <span class='ocrx_word' id='word_1_290' title='bbox 893 3057 1055 3138; x_wconf 89' lang='lat' dir='ltr'><strong>pericnlum</strong></span> <span class='ocrx_word' id='word_1_291' title='bbox 1110 3078 1173 3137; x_wconf 91' lang='lat' dir='ltr'><strong>cap.</strong></span> <span class='ocrx_word' id='word_1_292' title='bbox 1193 3058 1253 3132; x_wconf 67' lang='lat' dir='ltr'><strong>lt„</strong></span> <span class='ocrx_word' id='word_1_293' title='bbox 1280 3059 1333 3118; x_wconf 90' lang='lat' dir='ltr'><strong>ubi</strong></span> <span class='ocrx_word' id='word_1_294' title='bbox 1355 3062 1411 3132; x_wconf 88' lang='lat' dir='ltr'><strong>ait,</strong></span> <span class='ocrx_word' id='word_1_295' title='bbox 1438 3060 1519 3140; x_wconf 92' lang='lat' dir='ltr'><strong>qued</strong></span> <span class='ocrx_word' id='word_1_296' title='bbox 1543 3062 1574 3120; x_wconf 93' lang='lat' dir='ltr'><strong>in</strong></span> <span class='ocrx_word' id='word_1_297' title='bbox 1595 3066 1698 3120; x_wconf 85' lang='lat' dir='ltr'><strong>vetere</strong></span> <span class='ocrx_word' id='word_1_298' title='bbox 1717 3067 1807 3122; x_wconf 87' lang='lat' dir='ltr'><strong>tosta·</strong></span> 
     </span>
     <span class='ocr_line' id='line_1_29' title="bbox 359 3143 1807 3224; baseline 0.001 -18"><span class='ocrx_word' id='word_1_299' title='bbox 359 3143 460 3206; x_wconf 87' lang='lat' dir='ltr'><strong>cultos</strong></span> <span class='ocrx_word' id='word_1_300' title='bbox 475 3146 663 3208; x_wconf 84' lang='lat' dir='ltr'><strong>idololatrici.</strong></span> <span class='ocrx_word' id='word_1_301' title='bbox 687 3146 800 3206; x_wconf 89' lang='lat' dir='ltr'><strong>Dicant</strong></span> <span class='ocrx_word' id='word_1_302' title='bbox 814 3145 918 3224; x_wconf 82' lang='lat' dir='ltr'><strong>igitur,</strong></span> <span class='ocrx_word' id='word_1_303' title='bbox 934 3145 974 3205; x_wconf 90' lang='lat' dir='ltr'><strong>de</strong></span> <span class='ocrx_word' id='word_1_304' title='bbox 990 3145 1055 3224; x_wconf 87' lang='lat' dir='ltr'><strong>qui·</strong></span> <span class='ocrx_word' id='word_1_305' title='bbox 1109 3155 1208 3206; x_wconf 88' lang='lat' dir='ltr'><strong>mento</strong></span> <span class='ocrx_word' id='word_1_306' title='bbox 1223 3164 1281 3222; x_wconf 81' lang='lat' dir='ltr'><strong>per</strong></span> <span class='ocrx_word' id='word_1_307' title='bbox 1294 3147 1368 3206; x_wconf 80' lang='lat' dir='ltr'><strong>deos</strong></span> <span class='ocrx_word' id='word_1_308' title='bbox 1382 3148 1504 3208; x_wconf 79' lang='lat' dir='ltr'><strong>ultanus</strong></span> <span class='ocrx_word' id='word_1_309' title='bbox 1526 3148 1695 3222; x_wconf 69' lang='lat' dir='ltr'><strong>stirpes-ica</strong></span> <span class='ocrx_word' id='word_1_310' title='bbox 1710 3148 1807 3208; x_wconf 75' lang='lat' dir='ltr'><strong>intel·</strong></span> 
     </span>
     <span class='ocr_line' id='line_1_30' title="bbox 357 3231 1807 3314; baseline 0 -19"><span class='ocrx_word' id='word_1_311' title='bbox 357 3232 417 3295; x_wconf 90' lang='lat' dir='ltr'><strong>bus</strong></span> <span class='ocrx_word' id='word_1_312' title='bbox 433 3231 521 3293; x_wconf 92' lang='lat' dir='ltr'><strong>idolis</strong></span> <span class='ocrx_word' id='word_1_313' title='bbox 543 3232 635 3294; x_wconf 88' lang='lat' dir='ltr'><strong>locuti</strong></span> <span class='ocrx_word' id='word_1_314' title='bbox 660 3235 719 3294; x_wconf 89' lang='lat' dir='ltr'><strong>sint</strong></span> <span class='ocrx_word' id='word_1_315' title='bbox 736 3232 872 3314; x_wconf 84' lang='lat' dir='ltr'><strong>Apostoli</strong></span> <span class='ocrx_word' id='word_1_316' title='bbox 889 3233 918 3293; x_wconf 94' lang='lat' dir='ltr'><strong>in</strong></span> <span class='ocrx_word' id='word_1_317' title='bbox 936 3251 990 3292; x_wconf 89' lang='lat' dir='ltr'><strong>sno</strong></span> <span class='ocrx_word' id='word_1_318' title='bbox 1006 3231 1054 3291; x_wconf 90' lang='lat' dir='ltr'><strong>de·</strong></span> <span class='ocrx_word' id='word_1_319' title='bbox 1109 3234 1256 3309; x_wconf 82' lang='lat' dir='ltr'><strong>lipssutrcr</strong></span> <span class='ocrx_word' id='word_1_320' title='bbox 1270 3235 1421 3309; x_wconf 76' lang='lat' dir='ltr'><strong>horresce,</strong></span> <span class='ocrx_word' id='word_1_321' title='bbox 1439 3232 1521 3313; x_wconf 88' lang='lat' dir='ltr'><strong>quod</strong></span> <span class='ocrx_word' id='word_1_322' title='bbox 1537 3234 1580 3293; x_wconf 89' lang='lat' dir='ltr'><strong>ita</strong></span> <span class='ocrx_word' id='word_1_323' title='bbox 1595 3233 1634 3293; x_wconf 86' lang='lat' dir='ltr'><strong>ab</strong></span> <span class='ocrx_word' id='word_1_324' title='bbox 1646 3233 1807 3295; x_wconf 87' lang='lat' dir='ltr'><strong>haereticis</strong></span> 
     </span>
     <span class='ocr_line' id='line_1_31' title="bbox 359 3317 1807 3401; baseline 0.001 -21"><span class='ocrx_word' id='word_1_325' title='bbox 359 3326 443 3380; x_wconf 89' lang='lat' dir='ltr'><strong>crete</strong></span> <span class='ocrx_word' id='word_1_326' title='bbox 461 3318 660 3401; x_wconf 85' lang='lat' dir='ltr'><strong>Jereselyrnis</strong></span> <span class='ocrx_word' id='word_1_327' title='bbox 682 3318 778 3391; x_wconf 89' lang='lat' dir='ltr'><strong>facte,</strong></span> <span class='ocrx_word' id='word_1_328' title='bbox 805 3320 870 3379; x_wconf 91' lang='lat' dir='ltr'><strong>Act.</strong></span> <span class='ocrx_word' id='word_1_329' title='bbox 889 3321 947 3392; x_wconf 79' lang='lat'><strong>15,</strong></span> <span class='ocrx_word' id='word_1_330' title='bbox 974 3326 1004 3380; x_wconf 91' lang='lat' dir='ltr'><strong>et</strong></span> <span class='ocrx_word' id='word_1_331' title='bbox 1018 3317 1057 3378; x_wconf 86' lang='lat' dir='ltr'><strong>de</strong></span> <span class='ocrx_word' id='word_1_332' title='bbox 1110 3322 1267 3400; x_wconf 91' lang='lat' dir='ltr'><strong>opiniones</strong></span> <span class='ocrx_word' id='word_1_333' title='bbox 1290 3340 1379 3394; x_wconf 87' lang='lat' dir='ltr'><strong>suae,</strong></span> <span class='ocrx_word' id='word_1_334' title='bbox 1395 3322 1472 3381; x_wconf 89' lang='lat' dir='ltr'><strong>sicut</strong></span> <span class='ocrx_word' id='word_1_335' title='bbox 1488 3342 1507 3382; x_wconf 95' lang='lat' dir='ltr'><strong>a</strong></span> <span class='ocrx_word' id='word_1_336' title='bbox 1521 3319 1684 3400; x_wconf 78' lang='lat' dir='ltr'><strong>gentilibus</strong></span> <span class='ocrx_word' id='word_1_337' title='bbox 1695 3321 1737 3383; x_wconf 91' lang='lat' dir='ltr'><strong>dii</strong></span> <span class='ocrx_word' id='word_1_338' title='bbox 1751 3322 1807 3395; x_wconf 89' lang='lat' dir='ltr'><strong>sui,</strong></span> 
     </span>
     <span class='ocr_line' id='line_1_32' title="bbox 359 3405 1315 3486; baseline 0.004 -22"><span class='ocrx_word' id='word_1_339' title='bbox 359 3405 471 3486; x_wconf 88' lang='lat' dir='ltr'><strong>quihus</strong></span> <span class='ocrx_word' id='word_1_340' title='bbox 497 3408 538 3468; x_wconf 88' lang='lat' dir='ltr'><strong>sit</strong></span> <span class='ocrx_word' id='word_1_341' title='bbox 562 3408 682 3468; x_wconf 88' lang='lat' dir='ltr'><strong>locutus</strong></span> <span class='ocrx_word' id='word_1_342' title='bbox 702 3407 816 3468; x_wconf 88' lang='lat' dir='ltr'><strong>Paulus</strong></span> <span class='ocrx_word' id='word_1_343' title='bbox 836 3405 1000 3486; x_wconf 86' lang='lat' dir='ltr'><strong>Apostolus</strong></span> <span class='ocrx_word' id='word_1_344' title='bbox 1025 3406 1056 3465; x_wconf 93' lang='lat' dir='ltr'><strong>in</strong></span> <span class='ocrx_word' id='word_1_345' title='bbox 1110 3409 1315 3469; x_wconf 82' lang='lat' dir='ltr'><strong>observentur.</strong></span> 
     </span>
     <span class='ocr_line' id='line_1_33' title="bbox 359 3493 1806 3575; baseline -0.001 -20"><span class='ocrx_word' id='word_1_346' title='bbox 359 3493 502 3575; x_wconf 78' lang='lat' dir='ltr'><strong>Epistola</strong></span> <span class='ocrx_word' id='word_1_347' title='bbox 538 3495 577 3555; x_wconf 91' lang='lat' dir='ltr'><strong>ad</strong></span> <span class='ocrx_word' id='word_1_348' title='bbox 614 3494 801 3566; x_wconf 84' lang='lat' dir='ltr'><strong>Corinthios,</strong></span> <span class='ocrx_word' id='word_1_349' title='bbox 840 3493 913 3555; x_wconf 90' lang='lat' dir='ltr'><strong>loeis</strong></span> <span class='ocrx_word' id='word_1_350' title='bbox 951 3494 1056 3554; x_wconf 88' lang='lat' dir='ltr'><strong>citatis.</strong></span> <span class='ocrx_word' id='word_1_351' title='bbox 1153 3495 1262 3556; x_wconf 77' lang='lat' dir='ltr'><strong>Tertia</strong></span> <span class='ocrx_word' id='word_1_352' title='bbox 1284 3495 1429 3575; x_wconf 85' lang='lat' dir='ltr'><strong>expositio</strong></span> <span class='ocrx_word' id='word_1_353' title='bbox 1452 3504 1498 3555; x_wconf 91' lang='lat' dir='ltr'><strong>est</strong></span> <span class='ocrx_word' id='word_1_354' title='bbox 1517 3493 1599 3574; x_wconf 89' lang='lat' dir='ltr'><strong>apud</strong></span> <span class='ocrx_word' id='word_1_355' title='bbox 1618 3493 1806 3555; x_wconf 84' lang='lat' dir='ltr'><strong>Commenta·</strong></span> 
     </span>
     <span class='ocr_line' id='line_1_34' title="bbox 359 3579 1806 3663; baseline -0.002 -19"><span class='ocrx_word' id='word_1_356' title='bbox 359 3583 474 3644; x_wconf 89' lang='lat' dir='ltr'><strong>Dicant</strong></span> <span class='ocrx_word' id='word_1_357' title='bbox 497 3583 604 3656; x_wconf 90' lang='lat' dir='ltr'><strong>etiam,</strong></span> <span class='ocrx_word' id='word_1_358' title='bbox 630 3602 690 3663; x_wconf 88' lang='lat' dir='ltr'><strong>qua</strong></span> <span class='ocrx_word' id='word_1_359' title='bbox 717 3585 746 3643; x_wconf 92' lang='lat' dir='ltr'><strong>in</strong></span> <span class='ocrx_word' id='word_1_360' title='bbox 768 3582 872 3642; x_wconf 86' lang='lat' dir='ltr'><strong>schola</strong></span> <span class='ocrx_word' id='word_1_361' title='bbox 898 3579 1057 3641; x_wconf 87' lang='lat' dir='ltr'><strong>didicerint</strong></span> <span class='ocrx_word' id='word_1_362' title='bbox 1109 3590 1205 3642; x_wconf 89' lang='lat' dir='ltr'><strong>torem</strong></span> <span class='ocrx_word' id='word_1_363' title='bbox 1225 3582 1256 3642; x_wconf 83' lang='lat' dir='ltr'><strong>S.</strong></span> <span class='ocrx_word' id='word_1_364' title='bbox 1277 3581 1414 3642; x_wconf 77' lang='lat' dir='ltr'><strong>Thomas</strong></span> <span class='ocrx_word' id='word_1_365' title='bbox 1441 3601 1550 3642; x_wconf 91' lang='lat' dir='ltr'><strong>nomen</strong></span> <span class='ocrx_word' id='word_1_366' title='bbox 1576 3582 1806 3659; x_wconf 76' lang='lat' dir='ltr'><strong>praeferentem,</strong></span> 
     </span>
     <span class='ocr_line' id='line_1_35' title="bbox 358 3667 1807 3818; baseline -0.002 0"><span class='ocrx_word' id='word_1_367' title='bbox 358 3667 1058 3818; x_wconf 50' lang='lat' dir='ltr'><strong>itttilttiiiftl‘tt‘ltili</strong></span> <span class='ocrx_word' id='word_1_368' title='bbox 1110 3667 1443 3817; x_wconf 64' lang='lat' dir='ltr'><strong>liuttifftii</strong></span> <span class='ocrx_word' id='word_1_369' title='bbox 1461 3667 1807 3817; x_wconf 57' lang='lat' dir='ltr'><strong>iiiiiiuiiiii</strong></span> 
     </span>
     <span class='ocr_line' id='line_1_36' title="bbox 358 3780 1805 3827; baseline -0.013 -9"><span class='ocrx_word' id='word_1_370' title='bbox 358 3780 368 3819; x_wconf 89' lang='lat'>1</span> <span class='ocrx_word' id='word_1_371' title='bbox 393 3780 410 3816; x_wconf 95' lang='lat' dir='ltr'><strong>o</strong></span> <span class='ocrx_word' id='word_1_372' title='bbox 445 3802 451 3817; x_wconf 92' lang='lat'><em>.</em></span> <span class='ocrx_word' id='word_1_373' title='bbox 1452 3801 1459 3827; x_wconf 73' lang='lat'>‚</span> <span class='ocrx_word' id='word_1_374' title='bbox 1795 3788 1805 3799; x_wconf 94' lang='lat'><em>.</em></span> 
     </span>
     <span class='ocr_line' id='line_1_37' title="bbox 357 3776 1807 3926; baseline -0.003 -20"><span class='ocrx_word' id='word_1_375' title='bbox 357 3844 507 3915; x_wconf 87' lang='lat' dir='ltr'><strong>aecunda,</strong></span> <span class='ocrx_word' id='word_1_376' title='bbox 528 3846 644 3906; x_wconf 87' lang='lat' dir='ltr'><strong>actions</strong></span> <span class='ocrx_word' id='word_1_377' title='bbox 659 3846 762 3926; x_wconf 88' lang='lat' dir='ltr'><strong>quinta</strong></span> <span class='ocrx_word' id='word_1_378' title='bbox 777 3777 948 3922; x_wconf 56' lang='lat' dir='ltr'><strong>etyieptima</strong></span> <span class='ocrx_word' id='word_1_379' title='bbox 965 3838 1055 3919; x_wconf 81' lang='lat' dir='ltr'><strong>(utro</strong></span> <span class='ocrx_word' id='word_1_380' title='bbox 1110 3843 1178 3917; x_wconf 87' lang='lat' dir='ltr'><strong>tici,</strong></span> <span class='ocrx_word' id='word_1_381' title='bbox 1195 3776 1665 3923; x_wconf 64' lang='lat' dir='ltr'><strong>qeatenusppietatempsiilnulant</strong></span> <span class='ocrx_word' id='word_1_382' title='bbox 1699 3841 1807 3902; x_wconf 84' lang='lat' dir='ltr'><strong>Posset</strong></span> 
     </span>
     <span class='ocr_line' id='line_1_38' title="bbox 357 3928 1807 4012; baseline -0.004 -18"><span class='ocrx_word' id='word_1_383' title='bbox 357 3933 452 4012; x_wconf 89' lang='lat' dir='ltr'><strong>bique</strong></span> <span class='ocrx_word' id='word_1_384' title='bbox 466 3931 523 3993; x_wconf 87' lang='lat' dir='ltr'><strong>sub</strong></span> <span class='ocrx_word' id='word_1_385' title='bbox 538 3928 655 4009; x_wconf 88' lang='lat' dir='ltr'><strong>finem),</strong></span> <span class='ocrx_word' id='word_1_386' title='bbox 679 3930 836 3991; x_wconf 85' lang='lat' dir='ltr'><strong>anathema</strong></span> <span class='ocrx_word' id='word_1_387' title='bbox 858 3930 980 3991; x_wconf 89' lang='lat' dir='ltr'><strong>dicimus</strong></span> <span class='ocrx_word' id='word_1_388' title='bbox 996 3950 1055 3989; x_wconf 92' lang='lat' dir='ltr'><strong>om·</strong></span> <span class='ocrx_word' id='word_1_389' title='bbox 1109 3929 1289 4010; x_wconf 79' lang='lat' dir='ltr'><strong>generaliter</strong></span> <span class='ocrx_word' id='word_1_390' title='bbox 1311 3938 1405 3989; x_wconf 87' lang='lat' dir='ltr'><strong>totam</strong></span> <span class='ocrx_word' id='word_1_391' title='bbox 1429 3948 1525 4010; x_wconf 82' lang='lat' dir='ltr'><strong>genus</strong></span> <span class='ocrx_word' id='word_1_392' title='bbox 1547 3930 1741 4010; x_wconf 84' lang='lat' dir='ltr'><strong>hypocriseos</strong></span> <span class='ocrx_word' id='word_1_393' title='bbox 1756 3948 1807 3990; x_wconf 91' lang='lat' dir='ltr'><strong>uo·</strong></span> 
     </span>
     <span class='ocr_line' id='line_1_39' title="bbox 358 4014 1806 4098; baseline -0.003 -18"><span class='ocrx_word' id='word_1_394' title='bbox 358 4019 463 4093; x_wconf 85' lang='lat' dir='ltr'><strong>nibus,</strong></span> <span class='ocrx_word' id='word_1_395' title='bbox 480 4020 532 4098; x_wconf 89' lang='lat' dir='ltr'><strong>qui</strong></span> <span class='ocrx_word' id='word_1_396' title='bbox 547 4039 598 4078; x_wconf 90' lang='lat' dir='ltr'><strong>eas</strong></span> <span class='ocrx_word' id='word_1_397' title='bbox 614 4018 697 4079; x_wconf 88' lang='lat' dir='ltr'><strong>idola</strong></span> <span class='ocrx_word' id='word_1_398' title='bbox 711 4016 876 4098; x_wconf 86' lang='lat' dir='ltr'><strong>appellant.</strong></span> <span class='ocrx_word' id='word_1_399' title='bbox 1109 4018 1189 4076; x_wconf 87' lang='lat' dir='ltr'><strong>mine</strong></span> <span class='ocrx_word' id='word_1_400' title='bbox 1203 4014 1349 4077; x_wconf 87' lang='lat' dir='ltr'><strong>idolorum</strong></span> <span class='ocrx_word' id='word_1_401' title='bbox 1366 4017 1494 4089; x_wconf 89' lang='lat' dir='ltr'><strong>censeri,</strong></span> <span class='ocrx_word' id='word_1_402' title='bbox 1518 4018 1590 4097; x_wconf 89' lang='lat' dir='ltr'><strong>qnia</strong></span> <span class='ocrx_word' id='word_1_403' title='bbox 1605 4018 1722 4094; x_wconf 87' lang='lat' dir='ltr'><strong>species</strong></span> <span class='ocrx_word' id='word_1_404' title='bbox 1738 4035 1806 4076; x_wconf 93' lang='lat' dir='ltr'><strong>san·</strong></span> 
     </span>
     <span class='ocr_line' id='line_1_40' title="bbox 405 4103 1806 4186; baseline 0 -23"><span class='ocrx_word' id='word_1_405' title='bbox 405 4105 539 4166; x_wconf 87' lang='lat' dir='ltr'><strong>Audisnt</strong></span> <span class='ocrx_word' id='word_1_406' title='bbox 553 4107 654 4186; x_wconf 89' lang='lat' dir='ltr'><strong>potius</strong></span> <span class='ocrx_word' id='word_1_407' title='bbox 670 4105 800 4176; x_wconf 89' lang='lat' dir='ltr'><strong>sectarii,</strong></span> <span class='ocrx_word' id='word_1_408' title='bbox 816 4124 895 4185; x_wconf 88' lang='lat' dir='ltr'><strong>quae</strong></span> <span class='ocrx_word' id='word_1_409' title='bbox 911 4104 951 4163; x_wconf 89' lang='lat' dir='ltr'><strong>eit</strong></span> <span class='ocrx_word' id='word_1_410' title='bbox 966 4103 1057 4181; x_wconf 87' lang='lat' dir='ltr'><strong>hujus</strong></span> <span class='ocrx_word' id='word_1_411' title='bbox 1110 4103 1219 4164; x_wconf 77' lang='lat' dir='ltr'><strong>utitatis</strong></span> <span class='ocrx_word' id='word_1_412' title='bbox 1234 4105 1427 4163; x_wconf 88' lang='lat' dir='ltr'><strong>assumitnra</strong></span> <span class='ocrx_word' id='word_1_413' title='bbox 1449 4103 1687 4177; x_wconf 87' lang='lat' dir='ltr'><strong>simulatoribus,</strong></span> <span class='ocrx_word' id='word_1_414' title='bbox 1715 4122 1806 4183; x_wconf 88' lang='lat' dir='ltr'><strong>qnam</strong></span> 
     </span>
     <span class='ocr_line' id='line_1_41' title="bbox 358 4187 1806 4272; baseline -0.002 -19"><span class='ocrx_word' id='word_1_415' title='bbox 358 4192 557 4272; x_wconf 83' lang='lat' dir='ltr'><strong>Apostolicae</strong></span> <span class='ocrx_word' id='word_1_416' title='bbox 572 4189 941 4269; x_wconf 85' lang='lat' dir='ltr'><strong>sententiasalteraapud</strong></span> <span class='ocrx_word' id='word_1_417' title='bbox 957 4188 1055 4268; x_wconf 91' lang='lat' dir='ltr'><strong>Didy·</strong></span> <span class='ocrx_word' id='word_1_418' title='bbox 1109 4210 1169 4250; x_wconf 90' lang='lat' dir='ltr'><strong>nen</strong></span> <span class='ocrx_word' id='word_1_419' title='bbox 1195 4190 1335 4250; x_wconf 84' lang='lat' dir='ltr'><strong>babeant.</strong></span> <span class='ocrx_word' id='word_1_420' title='bbox 1374 4190 1444 4249; x_wconf 90' lang='lat' dir='ltr'><strong>Huc</strong></span> <span class='ocrx_word' id='word_1_421' title='bbox 1470 4188 1582 4251; x_wconf 86' lang='lat' dir='ltr'><strong>adferri</strong></span> <span class='ocrx_word' id='word_1_422' title='bbox 1610 4197 1702 4270; x_wconf 90' lang='lat' dir='ltr'><strong>queat</strong></span> <span class='ocrx_word' id='word_1_423' title='bbox 1730 4187 1806 4250; x_wconf 91' lang='lat' dir='ltr'><strong>illud</strong></span> 
     </span>
     <span class='ocr_line' id='line_1_42' title="bbox 357 4276 1807 4360; baseline -0.002 -20"><span class='ocrx_word' id='word_1_424' title='bbox 357 4299 442 4340; x_wconf 89' lang='lat' dir='ltr'><strong>mum</strong></span> <span class='ocrx_word' id='word_1_425' title='bbox 473 4279 637 4360; x_wconf 89' lang='lat' dir='ltr'><strong>expositio,</strong></span> <span class='ocrx_word' id='word_1_426' title='bbox 665 4276 831 4357; x_wconf 88' lang='lat' dir='ltr'><strong>eademque</strong></span> <span class='ocrx_word' id='word_1_427' title='bbox 857 4279 953 4356; x_wconf 87' lang='lat' dir='ltr'><strong>prima</strong></span> <span class='ocrx_word' id='word_1_428' title='bbox 980 4278 1057 4336; x_wconf 88' lang='lat' dir='ltr'><strong>inter</strong></span> <span class='ocrx_word' id='word_1_429' title='bbox 1110 4276 1475 4355; x_wconf 85' lang='lat' dir='ltr'><strong>ZachariaeProphetae,</strong></span> <span class='ocrx_word' id='word_1_430' title='bbox 1492 4296 1557 4356; x_wconf 91' lang='lat' dir='ltr'><strong>cap.</strong></span> <span class='ocrx_word' id='word_1_431' title='bbox 1575 4282 1638 4337; x_wconf 86' lang='lat'>11.:</span> <span class='ocrx_word' id='word_1_432' title='bbox 1655 4278 1807 4354; x_wconf 77' lang='lat' dir='ltr'><strong>Oportet·</strong></span> 
     </span>
     <span class='ocr_line' id='line_1_43' title="bbox 358 4362 1679 4448; baseline -0.004 -20"><span class='ocrx_word' id='word_1_433' title='bbox 358 4385 415 4428; x_wconf 91' lang='lat' dir='ltr'><strong>sas</strong></span> <span class='ocrx_word' id='word_1_434' title='bbox 442 4372 519 4439; x_wconf 90' lang='lat' dir='ltr'><strong>tres,</strong></span> <span class='ocrx_word' id='word_1_435' title='bbox 550 4386 623 4448; x_wconf 89' lang='lat' dir='ltr'><strong>qnos</strong></span> <span class='ocrx_word' id='word_1_436' title='bbox 646 4366 731 4445; x_wconf 90' lang='lat' dir='ltr'><strong>ponit</strong></span> <span class='ocrx_word' id='word_1_437' title='bbox 745 4363 935 4425; x_wconf 88' lang='lat' dir='ltr'><strong>Venerabilis</strong></span> <span class='ocrx_word' id='word_1_438' title='bbox 956 4362 1056 4438; x_wconf 80' lang='lat' dir='ltr'><strong>Beda3</strong></span> <span class='ocrx_word' id='word_1_439' title='bbox 1110 4371 1140 4424; x_wconf 84' lang='lat' dir='ltr'><strong>et</strong></span> <span class='ocrx_word' id='word_1_440' title='bbox 1153 4363 1295 4439; x_wconf 83' lang='lat' dir='ltr'><strong>idolum,</strong></span> <span class='ocrx_word' id='word_1_441' title='bbox 1311 4365 1533 4441; x_wconf 79' lang='lat' dir='ltr'><strong>derelinquens</strong></span> <span class='ocrx_word' id='word_1_442' title='bbox 1546 4382 1679 4440; x_wconf 74' lang='lat' dir='ltr'><strong>propotu.</strong></span> 
     </span>
     <span class='ocr_line' id='line_1_44' title="bbox 358 4446 1806 4532; baseline -0.003 -17"><span class='ocrx_word' id='word_1_443' title='bbox 358 4454 501 4515; x_wconf 91' lang='lat' dir='ltr'><strong>nimirum</strong></span> <span class='ocrx_word' id='word_1_444' title='bbox 516 4454 605 4514; x_wconf 86' lang='lat' dir='ltr'><strong>idolo</strong></span> <span class='ocrx_word' id='word_1_445' title='bbox 628 4452 678 4513; x_wconf 91' lang='lat' dir='ltr'><strong>hic</strong></span> <span class='ocrx_word' id='word_1_446' title='bbox 693 4451 841 4532; x_wconf 86' lang='lat' dir='ltr'><strong>appellari</strong></span> <span class='ocrx_word' id='word_1_447' title='bbox 856 4451 1010 4531; x_wconf 90' lang='lat' dir='ltr'><strong>opiniones</strong></span> <span class='ocrx_word' id='word_1_448' title='bbox 1026 4458 1057 4509; x_wconf 90' lang='lat' dir='ltr'><strong>et</strong></span> <span class='ocrx_word' id='word_1_449' title='bbox 1154 4450 1269 4529; x_wconf 70' lang='lat' dir='ltr'><strong>Quane</strong></span> <span class='ocrx_word' id='word_1_450' title='bbox 1299 4451 1461 4531; x_wconf 87' lang='lat' dir='ltr'><strong>expositio,</strong></span> <span class='ocrx_word' id='word_1_451' title='bbox 1488 4470 1567 4531; x_wconf 90' lang='lat' dir='ltr'><strong>quae</strong></span> <span class='ocrx_word' id='word_1_452' title='bbox 1596 4458 1645 4511; x_wconf 93' lang='lat' dir='ltr'><strong>est</strong></span> <span class='ocrx_word' id='word_1_453' title='bbox 1674 4446 1806 4510; x_wconf 83' lang='lat' dir='ltr'><strong>secunda</strong></span> 
     </span>
     <span class='ocr_line' id='line_1_45' title="bbox 357 4536 1805 4618; baseline -0.004 -17"><span class='ocrx_word' id='word_1_454' title='bbox 357 4540 513 4602; x_wconf 83' lang='lat' dir='ltr'><strong>doctrinas</strong></span> <span class='ocrx_word' id='word_1_455' title='bbox 527 4540 753 4601; x_wconf 88' lang='lat' dir='ltr'><strong>haereticorum.</strong></span> <span class='ocrx_word' id='word_1_456' title='bbox 793 4537 881 4618; x_wconf 82' lang='lat' dir='ltr'><strong>Quae</strong></span> <span class='ocrx_word' id='word_1_457' title='bbox 896 4537 1056 4617; x_wconf 83' lang='lat' dir='ltr'><strong>expositio,</strong></span> <span class='ocrx_word' id='word_1_458' title='bbox 1109 4536 1192 4616; x_wconf 88' lang='lat' dir='ltr'><strong>apud</strong></span> <span class='ocrx_word' id='word_1_459' title='bbox 1205 4536 1329 4610; x_wconf 88' lang='lat' dir='ltr'><strong>Bedam,</strong></span> <span class='ocrx_word' id='word_1_460' title='bbox 1346 4538 1393 4597; x_wconf 93' lang='lat' dir='ltr'><strong>hic</strong></span> <span class='ocrx_word' id='word_1_461' title='bbox 1408 4538 1562 4618; x_wconf 80' lang='lat' dir='ltr'><strong>peridolo</strong></span> <span class='ocrx_word' id='word_1_462' title='bbox 1577 4537 1718 4615; x_wconf 82' lang='lat' dir='ltr'><strong>intelligit</strong></span> <span class='ocrx_word' id='word_1_463' title='bbox 1734 4556 1805 4596; x_wconf 89' lang='lat' dir='ltr'><strong>ava·</strong></span> 
     </span>
     <span class='ocr_line' id='line_1_46' title="bbox 357 4622 1806 4706; baseline -0.003 -18"><span class='ocrx_word' id='word_1_464' title='bbox 357 4630 386 4688; x_wconf 93' lang='lat' dir='ltr'><strong>si</strong></span> <span class='ocrx_word' id='word_1_465' title='bbox 403 4648 462 4687; x_wconf 92' lang='lat' dir='ltr'><strong>non</strong></span> <span class='ocrx_word' id='word_1_466' title='bbox 479 4634 526 4686; x_wconf 88' lang='lat' dir='ltr'><strong>est</strong></span> <span class='ocrx_word' id='word_1_467' title='bbox 540 4625 630 4705; x_wconf 89' lang='lat' dir='ltr'><strong>plane</strong></span> <span class='ocrx_word' id='word_1_468' title='bbox 651 4627 784 4706; x_wconf 80' lang='lat' dir='ltr'><strong>genuino</strong></span> <span class='ocrx_word' id='word_1_469' title='bbox 806 4633 837 4686; x_wconf 92' lang='lat' dir='ltr'><strong>et</strong></span> <span class='ocrx_word' id='word_1_470' title='bbox 857 4625 895 4687; x_wconf 90' lang='lat' dir='ltr'><strong>ab</strong></span> <span class='ocrx_word' id='word_1_471' title='bbox 911 4622 1056 4704; x_wconf 87' lang='lat' dir='ltr'><strong>Apostcle</strong></span> <span class='ocrx_word' id='word_1_472' title='bbox 1109 4625 1219 4696; x_wconf 80' lang='lat' dir='ltr'><strong>citiam,</strong></span> <span class='ocrx_word' id='word_1_473' title='bbox 1236 4644 1325 4702; x_wconf 89' lang='lat' dir='ltr'><strong>quam</strong></span> <span class='ocrx_word' id='word_1_474' title='bbox 1342 4624 1456 4684; x_wconf 87' lang='lat' dir='ltr'><strong>Paulus</strong></span> <span class='ocrx_word' id='word_1_475' title='bbox 1468 4624 1630 4703; x_wconf 89' lang='lat' dir='ltr'><strong>Apostolus</strong></span> <span class='ocrx_word' id='word_1_476' title='bbox 1646 4623 1724 4685; x_wconf 92' lang='lat' dir='ltr'><strong>dixit</strong></span> <span class='ocrx_word' id='word_1_477' title='bbox 1739 4641 1806 4684; x_wconf 90' lang='lat' dir='ltr'><strong>esse</strong></span> 
     </span>
     <span class='ocr_line' id='line_1_47' title="bbox 357 4707 1744 4792; baseline -0.004 -17"><span class='ocrx_word' id='word_1_478' title='bbox 357 4715 407 4775; x_wconf 91' lang='lat' dir='ltr'><strong>his</strong></span> <span class='ocrx_word' id='word_1_479' title='bbox 425 4716 456 4775; x_wconf 92' lang='lat' dir='ltr'><strong>in</strong></span> <span class='ocrx_word' id='word_1_480' title='bbox 471 4712 569 4774; x_wconf 84' lang='lat' dir='ltr'><strong>verbis</strong></span> <span class='ocrx_word' id='word_1_481' title='bbox 584 4714 713 4787; x_wconf 86' lang='lat' dir='ltr'><strong>intenta,</strong></span> <span class='ocrx_word' id='word_1_482' title='bbox 734 4722 780 4773; x_wconf 90' lang='lat' dir='ltr'><strong>est</strong></span> <span class='ocrx_word' id='word_1_483' title='bbox 802 4720 881 4772; x_wconf 88' lang='lat' dir='ltr'><strong>certe</strong></span> <span class='ocrx_word' id='word_1_484' title='bbox 896 4711 940 4771; x_wconf 92' lang='lat' dir='ltr'><strong>illi</strong></span> <span class='ocrx_word' id='word_1_485' title='bbox 957 4711 1055 4792; x_wconf 90' lang='lat' dir='ltr'><strong>proxi·</strong></span> <span class='ocrx_word' id='word_1_486' title='bbox 1109 4710 1255 4772; x_wconf 89' lang='lat' dir='ltr'><strong>idolorum</strong></span> <span class='ocrx_word' id='word_1_487' title='bbox 1271 4712 1461 4784; x_wconf 87' lang='lat' dir='ltr'><strong>servitutem,</strong></span> <span class='ocrx_word' id='word_1_488' title='bbox 1478 4710 1553 4791; x_wconf 78' lang='lat' dir='ltr'><strong>pr.</strong></span> <span class='ocrx_word' id='word_1_489' title='bbox 1570 4712 1617 4785; x_wconf 76' lang='grc'><strong>6.,</strong></span> <span class='ocrx_word' id='word_1_490' title='bbox 1632 4707 1697 4770; x_wconf 83' lang='lat'>001.</span> <span class='ocrx_word' id='word_1_491' title='bbox 1714 4712 1744 4771; x_wconf 80' lang='grc'><strong>3.</strong></span> 
     </span>
     <span class='ocr_line' id='line_1_48' title="bbox 357 4796 1804 4880; baseline -0.003 -19"><span class='ocrx_word' id='word_1_492' title='bbox 357 4820 419 4862; x_wconf 86' lang='lat' dir='ltr'><strong>ma.</strong></span> <span class='ocrx_word' id='word_1_493' title='bbox 443 4800 517 4860; x_wconf 86' lang='lat' dir='ltr'><strong>Nam</strong></span> <span class='ocrx_word' id='word_1_494' title='bbox 534 4798 572 4860; x_wconf 92' lang='lat' dir='ltr'><strong>de</strong></span> <span class='ocrx_word' id='word_1_495' title='bbox 585 4800 725 4861; x_wconf 73' lang='lat' dir='ltr'><strong>monadis</strong></span> <span class='ocrx_word' id='word_1_496' title='bbox 737 4797 1010 4880; x_wconf 88' lang='lat' dir='ltr'><strong>pseudoprophetis</strong></span> <span class='ocrx_word' id='word_1_497' title='bbox 1026 4807 1058 4859; x_wconf 90' lang='lat' dir='ltr'><strong>et</strong></span> <span class='ocrx_word' id='word_1_498' title='bbox 1154 4796 1270 4878; x_wconf 79' lang='lat' dir='ltr'><strong>Quinta</strong></span> <span class='ocrx_word' id='word_1_499' title='bbox 1285 4797 1434 4878; x_wconf 84' lang='lat' dir='ltr'><strong>expositio</strong></span> <span class='ocrx_word' id='word_1_500' title='bbox 1451 4805 1508 4867; x_wconf 86' lang='lat' dir='ltr'><strong>est,</strong></span> <span class='ocrx_word' id='word_1_501' title='bbox 1533 4816 1614 4879; x_wconf 87' lang='lat' dir='ltr'><strong>quae</strong></span> <span class='ocrx_word' id='word_1_502' title='bbox 1636 4796 1715 4877; x_wconf 90' lang='lat' dir='ltr'><strong>apud</strong></span> <span class='ocrx_word' id='word_1_503' title='bbox 1732 4816 1804 4857; x_wconf 92' lang='lat' dir='ltr'><strong>sun·</strong></span> 
     </span>
     <span class='ocr_line' id='line_1_49' title="bbox 358 4883 1806 4965; baseline -0.003 -17"><span class='ocrx_word' id='word_1_504' title='bbox 358 4887 543 4949; x_wconf 87' lang='lat' dir='ltr'><strong>antichristis</strong></span> <span class='ocrx_word' id='word_1_505' title='bbox 558 4885 652 4947; x_wconf 86' lang='lat' dir='ltr'><strong>multe</strong></span> <span class='ocrx_word' id='word_1_506' title='bbox 675 4887 794 4948; x_wconf 88' lang='lat' dir='ltr'><strong>dixerat</strong></span> <span class='ocrx_word' id='word_1_507' title='bbox 811 4886 977 4965; x_wconf 86' lang='lat' dir='ltr'><strong>Apostolus</strong></span> <span class='ocrx_word' id='word_1_508' title='bbox 1000 4884 1056 4946; x_wconf 91' lang='lat' dir='ltr'><strong>hae</strong></span> <span class='ocrx_word' id='word_1_509' title='bbox 1109 4884 1178 4945; x_wconf 87' lang='lat' dir='ltr'><strong>dem</strong></span> <span class='ocrx_word' id='word_1_510' title='bbox 1201 4884 1410 4945; x_wconf 88' lang='lat' dir='ltr'><strong>Venerabilem</strong></span> <span class='ocrx_word' id='word_1_511' title='bbox 1426 4885 1539 4944; x_wconf 90' lang='lat' dir='ltr'><strong>Bedam</strong></span> <span class='ocrx_word' id='word_1_512' title='bbox 1562 4883 1608 4944; x_wconf 87' lang='lat' dir='ltr'><strong>hia</strong></span> <span class='ocrx_word' id='word_1_513' title='bbox 1629 4884 1729 4945; x_wconf 83' lang='lat' dir='ltr'><strong>verbis</strong></span> <span class='ocrx_word' id='word_1_514' title='bbox 1754 4904 1806 4963; x_wconf 88' lang='lat' dir='ltr'><strong>pa·</strong></span> 
     </span>
     <span class='ocr_line' id='line_1_50' title="bbox 358 4971 1806 5053; baseline -0.003 -18"><span class='ocrx_word' id='word_1_515' title='bbox 358 4974 497 5053; x_wconf 66' lang='lat' dir='ltr'><strong>Epictila</strong></span> <span class='ocrx_word' id='word_1_516' title='bbox 513 4992 576 5053; x_wconf 92' lang='lat' dir='ltr'><strong>cap.</strong></span> <span class='ocrx_word' id='word_1_517' title='bbox 593 4976 622 5034; x_wconf 77' lang='grc'><strong>2.</strong></span> <span class='ocrx_word' id='word_1_518' title='bbox 638 4982 669 5034; x_wconf 90' lang='lat' dir='ltr'><strong>et</strong></span> <span class='ocrx_word' id='word_1_519' title='bbox 684 4978 712 5035; x_wconf 83' lang='lat'><strong>4.</strong></span> <span class='ocrx_word' id='word_1_520' title='bbox 750 4973 843 5033; x_wconf 86' lang='lat' dir='ltr'><strong>Porro</strong></span> <span class='ocrx_word' id='word_1_521' title='bbox 867 4991 968 5032; x_wconf 78' lang='lat' dir='ltr'><strong>sonuum</strong></span> <span class='ocrx_word' id='word_1_522' title='bbox 992 4972 1054 5051; x_wconf 94' lang='lat' dir='ltr'><strong>opi·</strong></span> <span class='ocrx_word' id='word_1_523' title='bbox 1109 4972 1296 5052; x_wconf 88' lang='lat' dir='ltr'><strong>raphrastice</strong></span> <span class='ocrx_word' id='word_1_524' title='bbox 1311 4971 1444 5032; x_wconf 77' lang='lat' dir='ltr'><strong>effertur:</strong></span> <span class='ocrx_word' id='word_1_525' title='bbox 1463 4972 1648 5046; x_wconf 73' lang='lat' dir='ltr'><strong>Observato,</strong></span> <span class='ocrx_word' id='word_1_526' title='bbox 1671 4990 1712 5032; x_wconf 81' lang='lat' dir='ltr'><strong>us</strong></span> <span class='ocrx_word' id='word_1_527' title='bbox 1727 4988 1806 5048; x_wconf 81' lang='lat' dir='ltr'><strong>quea</strong></span> 
     </span>
     <span class='ocr_line' id='line_1_51' title="bbox 359 5057 1806 5140; baseline -0.003 -15"><span class='ocrx_word' id='word_1_528' title='bbox 359 5063 467 5125; x_wconf 74' lang='lat' dir='ltr'><strong>monas</strong></span> <span class='ocrx_word' id='word_1_529' title='bbox 483 5067 514 5122; x_wconf 87' lang='lat' dir='ltr'><strong>et</strong></span> <span class='ocrx_word' id='word_1_530' title='bbox 528 5058 678 5123; x_wconf 75' lang='lat' dir='ltr'><strong>doctrinm</strong></span> <span class='ocrx_word' id='word_1_531' title='bbox 688 5062 793 5124; x_wconf 90' lang='lat' dir='ltr'><strong>merito</strong></span> <span class='ocrx_word' id='word_1_532' title='bbox 805 5057 944 5122; x_wconf 88' lang='lat' dir='ltr'><strong>dicuntur</strong></span> <span class='ocrx_word' id='word_1_533' title='bbox 955 5059 1054 5140; x_wconf 84' lang='lat' dir='ltr'><strong>idolo,</strong></span> <span class='ocrx_word' id='word_1_534' title='bbox 1108 5059 1224 5123; x_wconf 79' lang='lat' dir='ltr'><strong>muudi</strong></span> <span class='ocrx_word' id='word_1_535' title='bbox 1237 5058 1399 5121; x_wconf 77' lang='lat' dir='ltr'><strong>illecebras</strong></span> <span class='ocrx_word' id='word_1_536' title='bbox 1409 5059 1582 5121; x_wconf 80' lang='lat' dir='ltr'><strong>conditoris</strong></span> <span class='ocrx_word' id='word_1_537' title='bbox 1592 5061 1697 5121; x_wconf 82' lang='lat' dir='ltr'><strong>emori</strong></span> <span class='ocrx_word' id='word_1_538' title='bbox 1705 5076 1806 5138; x_wconf 81' lang='lat' dir='ltr'><strong>pror·</strong></span> 
     </span>
    </p>
   </div>
   <div class='ocr_carea' id='block_1_3' title="bbox 0 0 2226 5825">
    <p class='ocr_par' dir='ltr' id='par_1_3' title="bbox 0 0 2226 5825">
     <span class='ocr_line' id='line_1_52' title="bbox 0 0 2226 5825; baseline 0 0"><span class='ocrx_word' id='word_1_539' title='bbox 0 0 2226 5825; x_wconf 95' lang='lat' dir='ltr'><strong> </strong></span> 
     </span>
    </p>
   </div>
  </div>
 </body>
</html>
