4442 5825
324 632 400 703 13⁰
839 617 1121 676 mmmmm
1137 621 1206 677 cst.
1223 619 1283 676 m.

322 803 462 882 superius
475 819 513 860 sx
528 801 623 881 ipsius
637 799 809 880 Prophetes
824 797 928 859 verbis
942 800 1017 858 sutis
1073 798 1191 860 codices
1213 799 1312 860 minos
1326 799 1445 878 probuti
1460 797 1622 879 dupliesnt

321 888 522 959 ostendimus,
537 890 604 967 ipso
618 889 709 947 etism
723 895 862 956 auctore,
877 884 917 946 de
931 886 1018 964 cujus
1074 888 1167 947 Dans
1191 887 1283 946 dubo.
1320 888 1397 946 Nsm
1423 896 1456 946 et
1481 888 1513 947 in
1540 885 1633 946 Hsbn

320 975 470 1036 minutis
490 994 571 1035 nunc
590 976 726 1054 egimus,
752 971 864 1033 ibidem
884 971 1017 1052 sdstipn·
1072 975 1276 1051 geminstioue
1284 973 1439 1034 scribitur:
1455 973 1552 1034 Dabo
1565 974 1633 1048 ispe

321 1063 413 1123 lsnts.
1072 1063 1109 1118 in
1131 1061 1236 1121 medio
1259 1078 1388 1134 eorum,
1415 1061 1496 1133 sivs,
1522 1071 1559 1117 ut
1580 1060 1633 1120 ulii

365 1148 467 1228 Quare
481 1145 564 1226 qood
580 1146 707 1207 dicitnr:
731 1147 802 1222 Epo
817 1146 1018 1221 modericus,
1073 1151 1109 1206 in
1125 1150 1281 1208 interior-o
1297 1165 1425 1221 sorum,
1451 1158 1486 1207 ut
1500 1146 1633 1226 Hieron]

320 1256 380 1298 noo
395 1234 454 1294 nisi
475 1232 568 1295 vside
589 1232 777 1295 incommodo
794 1240 895 1311 potest
908 1233 1018 1311 exponi
1074 1234 1244 1294 oisoeribrss
1255 1252 1375 1293 eonem.
1398 1232 1484 1294 Hsee
1496 1233 1633 1312 Propbet

322 1322 361 1384 de
375 1320 511 1400 ejusdcm
526 1321 632 1401 popuii
647 1321 830 1400 rejectione,
849 1337 930 1400 quse
944 1328 1018 1379 tem·
1073 1338 1142 1379 cum
1169 1320 1367 1399 sequentibus
1392 1329 1528 1399 spertsm
1552 1321 1633 1380 sonti

320 1428 394 1490 poss
407 1408 480 1468 nori
499 1410 673 1468 testamenti
694 1406 794 1467 futur·
809 1407 864 1482 sit3
885 1424 1019 1485 presser-
1073 1425 1136 1486 qos
1149 1405 1314 1467 dilucidum
1329 1408 1400 1467 novi
1415 1409 1590 1466 tesrsmenti
1607 1427 1632 1487 p

321 1497 376 1557 tim
391 1515 501 1576 quom,
515 1503 550 1554 nt
564 1494 638 1555 slibi
651 1493 798 1564 diximus,
821 1495 856 1554 in
875 1492 932 1551 bro
945 1492 1017 1571 Epi·
1073 1512 1151 1553 nem.
1189 1493 1278 1573 Qusc
1293 1501 1328 1551 ut
1342 1494 1463 1572 plenius
1478 1493 1633 1573 intelliget

320 1582 399 1643 stols
414 1581 552 1642 studiose
566 1590 675 1641 uuest
688 1580 868 1659 Apostolus,
883 1597 923 1640 ne
936 1598 1018 1639 men·
1073 1579 1216 1641 ferendus
1230 1588 1278 1640 est
1292 1580 1341 1640 bic
1356 1579 1442 1640 locus
1453 1598 1522 1640 cum
1538 1580 1633 1642 sliiss

321 1671 403 1730 tione
416 1669 526 1729 secreti
541 1667 659 1729 consilii
678 1666 774 1727 divini
784 1664 824 1726 ds
833 1664 1019 1726 Jndseornm
1073 1667 1174 1747 qoslis
1199 1667 1343 1745 imprimis
1367 1674 1415 1726 est
1441 1687 1518 1727 unus
1541 1677 1574 1728 et
1596 1668 1632 1729 sl*

320 1757 531 1838 reprobatione
557 1763 589 1816 et
610 1755 745 1835 gentium
767 1753 928 1812 vocatione
950 1770 1021 1811 suos
1073 1754 1184 1813 Erech.
1202 1773 1268 1832 csp.
1286 1758 1335 1813 11.
1351 1761 1384 1814 et
1398 1757 1466 1816 3b.:
1490 1755 1587 1816 Dabo
1604 1773 1633 1816 o·

321 1842 479 1904 Hebreeos
494 1839 626 1903 offendet
643 1850 698 1902 sot
720 1840 885 1900 contristet.
923 1837 1020 1908 Adde,
1073 1841 1155 1921 quit,
1182 1859 1238 1902 sos·
1260 1858 1399 1915 morsm,
1426 1848 1456 1901 st
1477 1844 1632 1917 spiritum

322 1927 406 2011 quod
430 1929 634 1991 testimonium
658 1929 717 1989 boe
740 1927 950 2007 propheticum
978 1925 1020 1985 its
1070 1946 1194 2004 ponam
1209 1931 1246 1988 in
1260 1927 1366 1988 medio
1381 1930 1497 2005 nestri5
1512 1931 1633 2007 stanfs

322 2024 494 2078 contextum
516 2026 578 2090 est,
603 2023 639 2076 nt
660 2014 811 2097 quasdem
834 2015 866 2073 in
888 2031 922 2072 so
941 2032 1019 2072 com·
1073 2015 1240 2091 lapideum
1256 2015 1294 2074 ds
1308 2033 1407 2075 coms
1421 2023 1546 2091 omre,
1574 2024 1633 2077 etr

321 2109 524 2165 memorentur
538 2105 719 2186 praetentu,
735 2099 882 2181 qnsedsm
897 2101 1020 2179 promit·
1074 2102 1120 2162 bis
1148 2120 1204 2162 eor
1231 2120 1393 2162 comeum
1432 2104 1476 2163 Et
1497 2104 1627 2180 focium

322 2198 423 2252 uubis
437 2188 549 2251 nnn.
585 2190 682 2270 Atqui
704 2189 782 2248 inter
803 2208 855 2260 ee,
880 2206 960 2268 quse
973 2206 1020 2246 ro·
1070 2191 1250 2266 praeceptis
1273 2191 1350 2248 meis
1379 2189 1566 2267 ambuletis,
1598 2198 1631 2251 st

322 2277 460 2338 teruntur
489 2287 521 2336 ut
546 2279 721 2359 proeteriit,
747 2277 823 2336 sicot
854 2282 902 2334 est
928 2271 1022 2333 illud:
1073 2294 1143 2336 meo
1158 2275 1360 2350 srsstods‘utis,
1377 2281 1614 2353 stoprrcmini.

324 2365 391 2442 lpsi
413 2382 482 2426 non
500 2369 751 2441 permanserunt
776 2366 812 2422 in
835 2366 1021 2421 &nomento
1075 2361 1173 2421 sddit:
1190 2364 1264 2423 Non
1272 2371 1409 2439 proptor·
1424 2382 1479 2424 oos
1494 2384 1552 2441 eoo
1565 2368 1633 2444 [σοι

323 2470 410 2526 mro,
441 2452 485 2512 sie
516 2460 549 2513 et
576 2450 659 2513 istud
684 2449 864 2510 subserens:
895 2448 939 2509 Ei
966 2464 1021 2524 epo
1073 2450 1337 2510 Dominnstrss.
1359 2449 1633 2532 Similislegerees

323 2540 448 2615 noplcaei
471 2556 529 2599 eos.
565 2538 638 2599 Non
655 2556 726 2615 ergo
750 2537 882 2615 pertinet
903 2533 960 2594 boo
981 2532 1022 2594 sd
1074 2536 1126 2596 30.
1143 2544 1172 2596 et
1186 2534 1303 2597 dorem.
1320 2538 1371 2597 24.
1409 2537 1523 2598 Senem
1543 2541 1633 2620 igitur

323 2634 441 2705 tempus
456 2623 606 2685 sdvenbrs
622 2622 749 2696 Christi,
770 2621 822 2681 sed
837 2622 878 2682 sd
894 2640 931 2681 es
946 2628 1021 2681 tem·
1074 2622 1168 2684 sionis
1182 2631 1247 2683 est:
1273 2624 1388 2702 Legem
1410 2644 1508 2685 mesm
1524 2627 1632 2688 insere

325 2731 417 2793 pers,
443 2730 523 2791 quse
545 2711 622 2772 buno
643 2712 740 2790 ipsum
761 2709 833 2768 novi
851 2707 1022 2768 tustsmenti
1075 2729 1195 2781 eorum,
1210 2716 1350 2788 potenter
1365 2711 1396 2770 in
1412 2713 1458 2772 eis
1475 2713 1633 2791 operando

327 2798 553 2881 promissionem
573 2803 812 2869 mteoesssrnnt,
837 2795 883 2854 nti
908 2793 1022 2853 dictum
1076 2797 1410 2876 cognitsmobservent.
1434 2797 1527 2877 Quod
1536 2799 1633 2880 quide

325 2892 374 2947 est
390 2903 490 2966 supro„
1076 2885 1136 2945 Dei
1150 2884 1304 2963 proprium
1319 2892 1373 2966 est,
1389 2885 1433 2944 sit
1447 2884 1482 2943 Β.
1495 2885 1633 2950 Tbornss

369 2969 455 3051 Quid
470 2970 590 3032 nudem
605 2972 696 3050 igitur
707 2968 765 3031 srbi
776 2967 857 3029 suit:
869 2975 943 3044 port
957 2967 1024 3026 dies
1076 2971 1231 3031 mentsrio.
1254 2970 1439 3051 intelligitur
1454 2980 1555 3033 sutem
1571 2974 1633 3048 lex¹

325 3057 420 3121 illos?
449 3056 599 3129 Arbitror,
614 3056 695 3117 buno
710 3074 777 3116 esse
791 3074 925 3127 sonsum,
939 3073 1022 3115 eum·
1077 3056 1221 3135 decalogo
1245 3059 1354 3136 seripts
1377 3058 1492 3131 fueret,
1519 3064 1632 3142 etqui

326 3163 386 3226 que
399 3142 523 3224 plsnum
538 3164 575 3204 se
588 3143 768 3223 simplicem:
796 3141 871 3202 Post
884 3142 1022 3220 siiqusn-
1077 3164 1144 3205 esm
1171 3141 1332 3203 reducitur.
1369 3145 1447 3205 Nom
1473 3144 1527 3207 lex
1553 3167 1633 3210 cserr

326 3233 552 3311 contempnis
575 3232 714 3311 spatium.
751 3227 793 3289 Ut
815 3247 851 3288 es
872 3227 1024 3289 locutione
1077 3237 1230 3291 cesseturs
1253 3240 1319 3290 erut
1342 3239 1477 3311 tempore
1498 3237 1570 3295 novi
1598 3244 1632 3296 te

326 3318 514 3399 significetur
534 3319 566 3378 in
584 3336 706 3396 genere,
734 3315 870 3376 intusum
899 3313 1023 3394 aliquod
1077 3314 1169 3396 Quod
1184 3334 1257 3377 vero
1272 3315 1394 3390 Psnlus,
1409 3319 1633 3383 secutosLXX

326 3413 463 3487 tempus,
479 3403 650 3465 bominibus
664 3404 786 3484 quidem
801 3404 955 3474 incertum,
971 3398 1024 3462 red
1077 3420 1201 3463 numero
1216 3400 1296 3462 dixit
1310 3406 1407 3480 lepos,
1431 3424 1491 3466 non
1507 3405 1633 3469 dissidet

326 3492 394 3553 Deo
409 3500 522 3552 certum
537 3510 574 3551 se
596 3490 765 3560 definitum,
789 3508 851 3568 qno
874 3496 1024 3548 samson
1079 3491 1156 3549 enirn
1172 3486 1309 3568 decalogi
1323 3491 1412 3572 piore
1426 3502 1498 3552 sont
1513 3513 1633 3577 prseeq

326 3578 395 3650 fist,
422 3576 505 3658 qood
528 3576 716 3657 prsedioitur.
755 3574 835 3636 Tele
857 3582 919 3649 ent,
943 3573 1024 3654 qood
1123 3577 1167 3637 Et
1183 3581 1220 3636 in
1235 3578 1329 3638 cordo
1344 3595 1454 3639 comm
1468 3585 1631 3655 superseri

328 3665 497 3743 Propbetse
512 3662 661 3724 interdum
676 3661 793 3722 dicunt:
819 3664 896 3722 Post
910 3661 1026 3721 multos
1078 3661 1140 3722 Alii
1157 3671 1291 3723 vertunt:
1313 3665 1495 3725 interibant.
1529 3667 1633 3729 Noni

328 3751 410 3825 diss,
426 3759 461 3809 ut
474 3749 539 3811 des.
556 3751 621 3820 st,
647 3749 759 3810 Esecb
777 3752 842 3820 38..
859 3746 978 3809 Daniel.
994 3750 1023 3807 8.
1078 3749 1225 3827 repetitur
1240 3749 1347 3811 esdem
1363 3754 1547 3831 praepositio
1564 3746 1617 3813 ini
1624 3800 1633 3830 ‚

328 3837 407 3898 Nom
422 3844 454 3897 et
474 3836 550 3897 bsoc
569 3833 653 3914 opud
673 3854 725 3895 eos
745 3833 955 3915 irequeutsts:
983 3835 1025 3892 In
1078 3833 1264 3896 Hebraicum
1288 3817 1340 3928 ‘pp
1355 3839 1477 3917 proprie
1491 3857 1591 3916 snper
1615 3849 1632 3901 s

328 3924 386 3984 iiio
408 3930 565 4001 temporo,
592 3925 629 3982 in
650 3922 710 3981 ilio
731 3924 801 3996 dis,
829 3922 878 3982 vel
900 3926 937 3982 in
961 3921 1025 3982 illie
1078 3920 1131 3981 sed
1157 3923 1206 3982 bic
1226 3922 1331 3984 eodem
1351 3924 1531 4004 accipiendo
1552 3938 1628 3989 sunt

330 4009 438 4070 diebus
445 4053 455 4084 ,
478 4028 571 4089 ssepo
585 4016 741 4089 ponuntur
755 4010 870 4087 ubsque
886 4008 1024 4087 designs·
1079 4008 1150 4068 berc
1166 4017 1196 4067 ot
1209 4010 1446 4086 sospes-scribere.
1484 4012 1617 4092 Sumpts

331 4097 415 4156 tione
429 4096 501 4157 certi
516 4097 670 4175 temporis.
700 4094 770 4156 Janr
786 4094 866 4174 quod
882 4102 1026 4156 snnotent
1079 4094 1255 4173 metspbors
1277 4118 1296 4158 s
1317 4098 1496 4158 membranis
1519 4110 1575 4160 snt
1590 4101 1633 4163 tsi

330 4182 482 4256 nonnulli,
514 4192 630 4263 psrtsm
646 4182 723 4242 beno
739 4181 861 4260 adjungi
876 4201 965 4261 posse
979 4199 1025 4240 ee·
1079 4180 1206 4261 quibos,
1221 4191 1274 4242 sut
1285 4201 1380 4259 super
1395 4184 1503 4262 quibus
1519 4188 1632 4252 scribit

355 4270 514 4340 uentibus,
545 4268 601 4328 boo
627 4267 732 4328 modo:
763 4269 839 4329 Post
865 4269 930 4328 diss
956 4267 1026 4327 iiior
1080 4269 1126 4327 sio
1143 4277 1301 4331 errantem
1324 4269 1484 4331 manifeste
1505 4271 1546 4333 ed
1569 4276 1633 4337 tabi

332 4288 423 4430 biron
448 4352 620 4429 Dominus)
646 4355 756 4415 dando
781 4356 861 4429 isses
880 4373 965 4414 meos
990 4357 1026 4413 in
1079 4354 1161 4425 does,
1177 4357 1288 4435 quibos
1304 4358 1355 4418 lex
1371 4359 1633 4425 votoristestsmer

332 4449 468 4504 mentem
483 4461 592 4503 sorum
608 4451 676 4514 etc,
696 4458 794 4520 pssne
808 4459 1026 4520 supervacuum
1080 4444 1240 4521 inscripts;
1257 4453 1409 4523 tsroqusm
1420 4444 1533 4508 diceret
1543 4448 1633 4512 Domi

332 4535 386 4593 est.
402 4548 468 4588 cnm
483 4538 615 4589 recurret
630 4529 661 4587 in
676 4525 802 4587 eundem
818 4546 936 4586 sensum
952 4528 1027 4587 broc
1079 4548 1152 4588 vum
1162 4529 1219 4589 hoc
1235 4539 1354 4611 pactum
1370 4531 1472 4593 iorism
1489 4553 1558 4595 cum
1574 4535 1633 4599 dou

334 4617 513 4674 constructio
529 4633 596 4673 cum
609 4614 715 4691 priori3
731 4632 787 4672 nec
798 4612 937 4687 dubium,
953 4616 1027 4695 quin
1080 4617 1253 4677 nonitsrum
1263 4619 1538 4698 scripturuslegem
1547 4641 1633 4686 mear

334 4700 424 4776 prior,
440 4719 518 4779 quse
529 4701 658 4760 omniurn
670 4707 717 4758 est
729 4699 931 4777 interpretum,
943 4721 1026 4781 prse·
1081 4704 1118 4764 lio
1128 4703 1271 4783 lapideis,
1292 4706 1369 4767 sicut
1384 4705 1456 4765 olim
1468 4706 1545 4781 ioci3
1561 4710 1618 4771 sed

334 4781 459 4844 ierendn
472 4788 520 4847 sit.
1080 4799 1185 4871 ptnrus
1197 4793 1226 4851 in
1239 4790 1375 4853 cordibus
1388 4813 1499 4865 eorum,
1515 4798 1590 4871 eivc,
1607 4813 1633 4858 ut

379 4869 498 4930 Dondo
514 4872 596 4945 lepos
610 4886 696 4928 meos
710 4870 746 4927 in
760 4876 896 4929 mentem
909 4891 1027 4934 sorum.
1081 4878 1129 4937 ius
1152 4877 1284 4956 loquitor
1307 4879 1407 4941 icor.
1423 4882 1468 4954 3.‚
1495 4882 1527 4941 in
1549 4882 1633 4944 tsbul

336 4947 465 5014 Grsece:
490 4957 575 5017 dans
589 4955 670 5028 depes
690 4971 777 5013 meos
791 4962 847 5013 eto.
884 4957 936 5019 Sic
951 4962 1028 5020 enim
1082 4968 1214 5037 carneis,
1239 4966 1334 5025 idest
1355 4986 1521 5047 permesm
1541 4971 1633 5049 protis

336 5035 428 5100 'Q
448 5037 646 5122 ‘indm
669 5037 793 5118 Ῑθεῖῑΰῐι
821 5039 891 5104 fleti
908 5046 1029 5127 quidem
1082 5054 1157 5114 citer
1181 5052 1375 5114 inclineturos
1400 5072 1502 5118 eornm
1521 5055 1633 5132 solunt
