4442 5825
396 580 468 650 lli
912 574 1278 634 cesrmumsssnmr.
1297 580 1325 633 ι.

392 747 430 810 ab
447 768 483 811 eo
498 740 581 810 loco:
603 751 677 812 Non
694 769 822 813 rursum
842 755 994 829 iacientes
1005 753 1090 832 ριιιε·
1141 753 1177 816 lie
1203 763 1249 817 cst
1272 755 1388 819 infanti.
1417 759 1492 819 Nam
1515 761 1593 820 sicut
1618 759 1736 836 inians,
1761 761 1770 824 l

395 837 581 900 dementum
607 841 828 914 poenitentioe
865 841 905 900 ob
942 840 1089 917 operibus
1141 844 1324 917 nutriendus,
1341 844 1469 905 noniert
1483 845 1611 908 solidum
1627 847 1738 925 cibum,
1751 850 1770 911 it

392 927 530 986 mortuis
543 931 600 984 etc.
629 924 724 986 Porro
747 925 829 1008 qued
849 929 908 987 ait:
935 927 1090 988 elemento
1141 928 1187 989 illi
1200 929 1309 990 accidit
1326 933 1356 992 in
1371 931 1507 993 doctrina
1523 931 1645 995 Christi.

393 1012 530 1089 merois,
552 1009 674 1071 videtur
694 1012 875 1074 Hebraismo
898 1013 1012 1074 dictum
1032 1033 1088 1092 pro
1186 1017 1236 1076 14.
1270 1019 1489 1094 Persectorum
1516 1028 1624 1082 αιιιιηι
1651 1030 1697 1082 eet
1721 1023 1769 1084 rol

393 1117 443 1174 eo,
466 1099 547 1160 acsi
568 1096 698 1159 diceret:
722 1100 877 1162 elemento
899 1100 1086 1162 exordialio.
1141 1102 1236 1162 ιιὸιιι.
1260 1104 1327 1164 lloc
1343 1115 1396 1179 est,
1412 1105 1563 1186 perfectis,
1578 1116 1737 1189 tamquam
1757 1131 1769 1170 ι

393 1184 502 1248 Gravis
516 1185 589 1246 haec
604 1195 651 1245 est
665 1187 840 1266 increpatio,
856 1208 918 1267 qua
932 1187 1088 1268 significat,
1142 1190 1187 1262 tis,
1214 1190 1320 1270 quales
1336 1212 1391 1253 vos
1413 1192 1545 1254 nondum
1561 1214 1628 1255 esse
1650 1194 1753 1270 video,

395 1292 446 1335 eos
470 1281 539 1353 post
563 1280 679 1333 tantum
706 1276 847 1354 temporis
868 1274 968 1335 adhuc
990 1292 1088 1354 poene
1141 1277 1226 1336 uenit
1236 1279 1321 1355 pasci
1330 1277 1484 1340 doctrinae
1495 1280 1769 1344 sublimiorisalim·

394 1358 623 1421 rudimentarios
633 1379 701 1421 ease
709 1361 741 1422 in
747 1360 899 1442 religione
908 1360 1088 1421 Christiana
1142 1360 1229 1442 Quae
1240 1372 1339 1425 eutem
1353 1364 1436 1426 dicat
1449 1365 1610 1445 perfectos,
1626 1389 1769 1450 consequi

435 1449 479 1510 Et
498 1448 580 1526 faeti
595 1450 676 1521 eatis,
700 1447 913 1524 quibustuae
936 1465 1015 1524 opus
1036 1449 1087 1520 sit,
1142 1450 1275 1528 exponit
1299 1453 1434 1526 Eorum,
1457 1457 1513 1530 qui
1531 1473 1596 1531 pro
1611 1463 1768 1518 ιοιιιιιιιιι

392 1552 462 1598 noo
476 1535 577 1597 solido
589 1534 671 1607 pibo.
692 1534 869 1616 Metaphcra
884 1533 973 1594 ducta
987 1534 1027 1595 ab
1044 1534 1087 1593 in·
1142 1541 1326 1599 exercitatos
1347 1539 1463 1600 halent
1484 1560 1593 1603 sensus
1607 1541 1653 1601 ao
1675 1543 1769 1605 discr.

392 1619 535 1695 iactibus,
559 1638 620 1700 qua
642 1621 734 1681 etiam
749 1623 842 1682 utitur
865 1620 969 1682 icor.
987 1625 1024 1696 3.,
1046 1621 1089 1679 ita
1142 1640 1215 1682 uem
1238 1623 1313 1684 boui
1336 1643 1374 1686 oc
1396 1627 1485 1686 moli.
1508 1629 1575 1689 Pro
1598 1639 1769 1693 consuetae

392 1709 541 1771 scribens:
568 1709 635 1768 Loe
658 1706 745 1768 vobis
762 1717 876 1787 potum
902 1707 993 1784 dedi,
1020 1724 1089 1769 non
1143 1707 1258 1770 Graece
1280 1701 1363 1788 παρὰ
1388 1706 1444 1791 τὴν
1467 1706 1550 1790 ἕξιν,
1577 1715 1608 1775 id
1636 1726 1684 1777 est
1708 1736 1769 1795 pre

394 1814 513 1874 escom3
536 1795 682 1856 noudum
698 1797 781 1857 enim
794 1797 958 1873 poteratis.
982 1796 1089 1855 Lectis
1141 1795 1297 1873 hobitum,
1323 1808 1356 1858 ut
1370 1799 1445 1879 legit
1459 1804 1650 1880 Augustinus
1667 1803 1721 1865 lib.
1742 1809 1769 1868 1:

392 1884 514 1945 nomine
535 1881 600 1942 vult
622 1879 754 1962 intelligi
768 1880 933 1944 doctrinam
952 1880 1087 1942 humilio·
1142 1882 1251 1943 Trinit.
1274 1903 1338 1965 cap.
1365 1887 1422 1960 13„
1443 1888 1494 1948 uel
1514 1899 1550 1949 ut
1572 1890 1725 1952 Eremos
1746 1914 1768 1955 v

394 1990 456 2032 rem
477 1989 514 2030 sc
534 1968 710 2043 faciliorem,
736 1989 815 2050 quae
835 1968 962 2029 rudibus
984 1976 1014 2029 et
1035 1969 1087 2027 im·
1142 1968 1374 2033 Ambrosianum
1390 1973 1525 2035 secutus:
1547 1984 1684 2053 propter
1698 1997 1769 2040 osca

392 2056 536 2140 perlectis
557 2057 724 2129 conveniat,
746 2065 782 2117 ut
803 2076 842 2118 ex
862 2054 989 2116 adverso
1011 2055 1089 2116 soli·
1142 2055 1258 2116 dinem.
1280 2059 1398 2120 διηιιιι
1411 2059 1451 2120 ad
1466 2071 1596 2123 mentem
1612 2064 1768 2127 translatu

393 2145 472 2208 dum
493 2143 596 2205 diam
618 2142 752 2225 appellat
774 2141 939 2204 doctrinam
965 2140 1088 2202 eruditis
1142 2142 1343 2206 cumGraeca
1365 2166 1425 2208 vox
1446 2138 1632 2228 αἰσθητήρια
1654 2154 1769 2232 propris

393 2242 425 2296 ci
438 2231 582 2314 perfectis
598 2241 821 2312 congruentem,
836 2228 867 2290 id
883 2238 938 2302 est,
952 2228 1090 2289 altiorem
1142 2230 1267 2309 gnificet
1287 2251 1400 2312 organa
1425 2253 1577 2309 sensuum,
1603 2244 1637 2298 ut
1659 2247 1732 2299 sunt
1754 2261 1768 2301 o

393 2318 655 2396 acdifficiliorcm3
670 2318 771 2400 qualia
786 2316 904 2379 eratde
917 2315 1090 2378 sacerdotio
1142 2336 1238 2378 aurea.
1261 2317 1431 2394 Perfecios,
1454 2323 1570 2401 inquit,
1593 2344 1647 2386 eos
1670 2346 1766 2400 voco,

394 2407 507 2471 Christi
521 2405 685 2469 secundum
705 2404 841 2466 ordinem
854 2401 1090 2465 Melchisedech.
1142 2403 1232 2483 longo
1247 2422 1313 2478 usu,
1336 2406 1421 2467 uelut
1435 2407 1540 2470 habitu
1555 2421 1742 2491 comparato,
1760 2435 1768 2474 ι

395 2494 486 2577 Quod
509 2495 568 2555 ait:
596 2495 678 2572 faeti
703 2496 782 2568 eatis,
810 2490 887 2552 hene
913 2491 972 2552 vim
998 2489 1091 2550 habet
1143 2499 1202 2551 tem
1218 2490 1329 2553 habent
1343 2495 1535 2556 exercitatam
1551 2497 1591 2557 ad
1606 2495 1768 2562 discernes

389 2585 479 2666 juxta
494 2580 629 2643 Greecos
648 2583 842 2660 interpretes:
865 2579 912 2639 Ilo
927 2577 1090 2639 devenistis
1142 2577 1174 2638 in
1188 2596 1374 2658 unaqueque
1394 2600 1435 2654 re,
1458 2583 1533 2663 quid
1557 2583 1668 2644 bonum
1692 2588 1743 2662 sit,

396 2688 450 2751 per
471 2668 624 2749 ignaviam
645 2674 794 2740 uestram,
817 2664 933 2726 scilicet
955 2674 989 2724 ut
1010 2663 1091 2724 lacte
1141 2663 1263 2724 malum.
1286 2668 1374 2727 Burei
1388 2673 1417 2727 et
1432 2671 1512 2730 moli
1531 2671 1652 2732 nomine
1672 2674 1767 2735 etiam

392 2757 458 2818 aitis
471 2752 622 2817 nutriendi
643 2773 726 2814 more
748 2751 950 2833 parvulorum,
971 2769 1028 2813 nec
1042 2768 1089 2810 so·
1141 2770 1207 2811 rum
1222 2758 1254 2812 et
1267 2750 1374 2815 falsum
1391 2755 1695 2836 comprehenduntur,
1711 2780 1768 2823 ma·

393 2841 510 2904 lidloris
529 2840 686 2904 doctrinae
703 2839 804 2901 cibum
818 2837 933 2900 ieratis.
1143 2838 1214 2920 quia
1229 2836 1269 2898 de
1283 2837 1419 2901 doctrine
1440 2842 1479 2902 ad
1494 2842 1585 2904 fidem
1600 2847 1768 2925 pertinente

1143 2925 1291 2987 tiuimum
1312 2947 1408 2990 sermo
1431 2938 1484 2991 est
1508 2930 1644 2993 Eandem
1659 2944 1767 2998 senten

354 3030 358 3041 “
439 3020 487 3081 le
511 3017 624 3079 Omne
646 3018 743 3091 enim,
766 3014 823 3092 qai
844 3013 935 3075 lectis
949 3020 995 3075 est
1006 3030 1089 3090 per·
1142 3011 1271 3073 breviter
1297 3016 1340 3075 ita
1362 3020 1510 3097 expressit
1533 3022 1549 3077 1
1576 3018 1643 3081 Cor.
1659 3023 1708 3081 λι
1734 3023 1768 3102 81

392 3106 488 3182 ticeps
494 3146 505 3178 ‚
542 3120 654 3181 expers
683 3109 729 3164 ιιι
757 3103 911 3163 remonis
934 3102 1088 3177 ιιιιιιιιαι.
1142 3100 1490 3179 toolieosuniojudioot
1497 3127 1509 3182 ;
1522 3108 1685 3185 cumprius
1695 3109 1768 3172 dixi

391 3192 527 3270 Eapeso,
544 3188 663 3252 Graece
677 3180 817 3266 ἄπειρος,
837 3188 934 3261 idest,
949 3189 1088 3267 inexper·
1142 3187 1317 3250 animalem
1338 3190 1497 3251 hominem
1518 3210 1586 3254 nou
1607 3196 1768 3272 percipere

392 3286 443 3340 tua
456 3298 493 3340 ec
506 3276 598 3338 rudia
614 3277 880 3350 Sermojuetitioe
892 3276 1027 3336 doctrina
1041 3281 1090 3335 est
1141 3292 1226 3351 quoe
1247 3284 1322 3337 eunt
1343 3278 1475 3353 spirtius
1494 3280 1565 3340 Dei
1588 3278 1652 3359 Qui
1674 3281 1762 3345 locus

392 3365 595 3449 perfectionis,
611 3363 651 3425 de
665 3383 725 3446 qua
740 3362 842 3424 statim
857 3364 945 3423 initio
959 3380 1088 3442 sequen·
1142 3362 1201 3422 isto
1225 3362 1424 3425 conferendus
1446 3373 1508 3441 est,
1535 3374 1641 3448 utpote
1662 3369 1767 3434 similll

392 3454 433 3515 u‘s
447 3452 571 3533 capitis:
593 3451 646 3513 Ad
656 3451 898 3529 perfectionne,
915 3450 1023 3529 inquit,
1036 3448 1089 3527 se·
1142 3455 1173 3508 et
1187 3466 1265 3529 quae
1282 3450 1343 3510 illic
1358 3472 1412 3532 pro
1429 3453 1585 3533 utriunque
1600 3452 1660 3515 loci
1673 3457 1767 3520 intelli

392 3558 514 3603 ιιιιιιιιι.
536 3539 614 3600 Eam
628 3546 718 3599 vocat
727 3539 898 3613 ριιιιιιιιιιιι,
914 3538 988 3617 quia
997 3535 1087 3615 justi·
1141 3535 1185 3595 tia
1199 3533 1317 3615 plenius
1337 3535 1557 3614 ednotavimm,
1579 3540 1640 3602 huc
1660 3562 1767 3606 revoca

392 3630 442 3701 tia,
467 3628 495 3688 si
519 3627 624 3687 stricte
648 3633 796 3697 sumatur,
823 3622 1015 3703 perfectionis
1042 3629 1089 3682 eet
1185 3622 1276 3683 Dicet
1290 3623 1417 3704 aliquis:
1440 3625 1475 3687 si
1490 3636 1551 3687 tum
1570 3626 1659 3689 rudes
1681 3649 1767 3694 rem

393 3732 511 3777 nomen.
548 3711 612 3774 Sub
638 3712 695 3773 hec
723 3718 823 3772 autem
853 3707 1087 3790 comprehendit,
1143 3711 1282 3770 vinorum
1294 3719 1380 3771 erant
1391 3710 1533 3786 Hebraei,
1548 3722 1583 3773 nt
1594 3713 1678 3777 lacte
1689 3717 1767 3779 nutri

392 3799 542 3884 quidquid
561 3800 593 3859 in
612 3797 745 3860 doctrina
760 3795 929 3859 Christiana
951 3804 998 3857 est
1011 3795 1088 3875 ejus·
1143 3803 1251 3869 essem,
1274 3817 1334 3858 nun
1357 3796 1453 3859 solido
1476 3800 1560 3875 cibo,
1581 3800 1656 3880 quid
1679 3812 1739 3877 est
1760 3826 1767 3864 ι

392 3886 488 3962 modi,
512 3894 544 3947 ut
565 3886 638 3947 solis
660 3883 801 3968 perlectis
824 3889 985 3964 congruat,
1011 3884 1089 3943 sicut
1142 3883 1308 3963 Apostolus
1323 3884 1369 3945 eis
1385 3884 1513 3947 solidum
1537 3887 1638 3949 cibum
1653 3890 1767 3968 praebe

393 3974 450 4037 sub
475 3975 596 4035 nomine
620 3975 798 4051 eopieoiioe
826 3975 842 4032 1
866 3970 935 4034 Cor.
959 3972 998 4042 2..
1021 3989 1089 4030 cum
1144 3968 1202 4030 hac
1216 3970 1284 4049 ipae
1299 3970 1438 4052 Epistola
1459 3973 1555 4034 multa
1571 3974 1767 4040 subtiliterdi

392 4063 453 4124 ait:
483 4062 682 4138 sapientiem
710 4060 873 4138 loquimur
902 4061 988 4119 inter
1010 4074 1089 4134 per·
1143 4055 1263 4116 tanede
1284 4060 1401 4138 magnis
1423 4060 1586 4139 mysteriis,
1607 4081 1646 4123 ac
1666 4064 1767 4126 nomia

391 4148 751 4230 sectos.1tequesensus
766 4154 825 4207 este
854 4146 1043 4229 Quicumque
1058 4143 1089 4203 in
1142 4141 1181 4203 de
1210 4141 1324 4204 Christi
1355 4145 1521 4206 secardotio
1555 4148 1586 4207 in
1616 4147 1766 4212 lielebise

393 4235 506 4299 (lhriati
530 4235 635 4296 schola
657 4235 726 4295 talis
748 4241 807 4308 est,
832 4241 866 4293 ut
888 4232 986 4293 adhuc
1010 4230 1089 4291 lacte
1142 4228 1354 4310 praefigurato,
1380 4232 1420 4293 de
1441 4253 1499 4314 quo
1523 4232 1651 4308 dixerat,
1675 4255 1766 4298 aemi

392 4318 1090 4489 nihilitlssfisslfllzl“sitifi
1142 4316 1548 4486 difficillimi?
1558 4324 1766 4485 etthi*

394 4497 435 4559 ad
448 4516 516 4559 mm
530 4495 709 4558 audiendam
731 4515 836 4576 parum
854 4492 992 4555 idoneus.
1014 4491 1089 4553 Jam
1142 4491 1186 4551 sic
1208 4491 1435 4572 intelligendum
1455 4512 1529 4567 esse,
1552 4491 1638 4573 quod
1656 4494 1711 4557 hic
1734 4495 1765 4560 dl

392 4584 538 4665 relinquit
547 4581 766 4657 assumendum,
779 4581 861 4663 quod
871 4579 1005 4645 discret:
1028 4578 1089 4639 Vos
1142 4576 1181 4639 de
1196 4576 1364 4640 differentis
1387 4579 1587 4660 perfectorum
1602 4589 1635 4641 et
1650 4581 1766 4664 imperi

393 4670 475 4733 lecte
504 4690 583 4748 opus
611 4670 738 4731 hebetia.
779 4670 871 4731 Unde
900 4666 1089 4747 syllogistice
1141 4684 1215 4738 rum,
1228 4665 1318 4745 quasi
1331 4666 1361 4726 in
1374 4664 1592 4728 doctrinafidei
1605 4666 1668 4730 alia
1679 4668 1765 4734 usis

394 4756 561 4818 concludit:
584 4758 668 4836 Ergo
691 4754 841 4818 solidioris
864 4754 925 4816 cibi
939 4774 999 4818 uon
1014 4752 1088 4813 estis
1141 4750 1195 4812 sed
1210 4771 1245 4812 ea
1268 4752 1402 4833 parvulis
1423 4752 1618 4835 proponenda
1633 4762 1765 4832 tantm.

394 4861 530 4924 cepeess.
552 4842 793 4923 Propositionem
804 4842 980 4904 confirmant
993 4838 1088 4900 uerba
1142 4840 1234 4899 etiem
1243 4838 1430 4919 exponenda,
1439 4860 1494 4902 nec
1500 4841 1728 4921 pertractanda.
1744 4841 1766 4926 Q

394 4932 567 5010 sequeutia:
595 4928 756 4990 Parvulos
778 4933 863 4991 enim
886 4936 937 4988 est.
969 4926 1089 4989 Graece
1141 4927 1366 5006 responsionem
1389 4929 1495 4988 sumsit
1509 4946 1549 4988 ex
1563 4926 1766 5009 Augustinci

393 5010 514 5096 equioc,
530 5014 564 5077 id
577 5023 624 5076 est
636 5016 759 5094 intorta,
776 5016 866 5099 qusai
879 5013 975 5078 dicct:
997 5014 1085 5077 Simi-
1142 5016 1193 5076 98.
1204 5013 1235 5075 in
1246 5012 1269 5074 J
1271 5034 1348 5089 can,
1363 5013 1416 5076 ubi
1430 5016 1556 5095 exponit
1570 5013 1627 5077 illa
1640 5034 1737 5100 supra
1752 5037 1766 5084 ι
