4442 5825
425 577 499 647 790
1054 554 1291 625 amanam

423 746 624 820 adversarius,
645 747 792 809 haeresim
808 764 963 829 spargens,
979 767 1059 828 quae
1074 745 1119 808 di·
1172 764 1261 821 aem,
1277 764 1338 807 noa
1351 742 1423 806 ideo
1438 743 1610 825 apponitur,
1624 728 1673 804 ¹ut
1687 743 1870 823 significetur,

423 845 504 896 recto
533 831 686 895 Christum
714 836 815 914 ipsum
845 844 1016 915 oppugnat,
1047 836 1119 895 dum
1173 852 1234 903 eos,
1251 831 1624 913 sinouperseveravarint
1641 832 1675 891 ia
1686 830 1869 892 fidaetcsri

423 921 530 982 adimit
546 923 574 981 ei
589 940 691 981 reram
706 922 866 982 humanam
886 930 1037 996 naturamq
1060 923 1119 982 imo
1172 929 1245 993 tato,
1269 920 1424 981 habituros
1445 917 1648 979 nihilominus
1672 919 1808 997 priorum
1827 917 1869 980 bo·

423 1027 480 1071 nec
494 1007 628 1068 diuinam
645 1007 765 1068 Christo
788 1008 960 1088 relinquens
975 1019 1120 1082 naturam,
1174 1026 1276 1068 norum
1293 1025 1417 1086 operum
1432 1005 1622 1084 aliquantam
1640 1005 1828 1082 mercedem
1846 1005 1871 1067 id

424 1115 513 1177 quem
528 1093 602 1154 facit
617 1094 834 1166 simulatorem,
854 1103 884 1155 et
899 1096 929 1156 in
945 1094 1026 1156 facto
1042 1116 1121 1155 men·
1174 1096 1252 1156 euim
1261 1091 1369 1154 falsum
1377 1112 1450 1165 esso,
1460 1090 1571 1153 docent
1580 1091 1765 1170 Scripturas
1772 1092 1869 1153 Ereti.

425 1181 529 1243 dacem
546 1180 641 1260 (quod
657 1181 724 1241 Deo
746 1203 804 1243 non
824 1191 924 1261 potest
938 1179 1121 1259 convenire),
1176 1182 1225 1252 18,
1240 1182 1302 1255 24,
1325 1187 1357 1240 et
1377 1180 1524 1259 repetitur
1547 1199 1616 1258 cap.
1638 1178 1693 1252 33,
1720 1184 1770 1242 13.
1787 1183 1871 1241 leet

425 1268 496 1329 dum
520 1269 569 1341 ait,
594 1267 762 1328 simulatam
785 1267 933 1328 duntaxat
953 1270 1120 1330 humanita·
1174 1267 1290 1328 Euclea.
1305 1268 1349 1326 9.:
1366 1269 1475 1344 Oasites
1487 1284 1556 1327 uae
1570 1267 1871 1343 peccaverimusne

424 1363 485 1415 tem
506 1353 652 1427 habuisse,
677 1356 845 1435 omniaque,
869 1375 948 1434 quae
970 1358 1053 1416 visus
1076 1363 1122 1415 cst
1175 1355 1260 1415 bone
1272 1353 1393 1432 perdet.
1417 1353 1468 1414 Sic
1483 1355 1575 1414 etiam
1591 1353 1618 1414 J
1619 1351 1738 1414 acobus
1754 1373 1817 1432 cap.
1832 1355 1871 1412 Ἅι

424 1440 526 1503 facore
542 1451 596 1501 aut
611 1443 683 1520 pati,
707 1440 856 1502 duntaxat
870 1442 1034 1502 simulasse.
1175 1445 1372 1520 Quicumque
1387 1448 1487 1501 totam
1501 1441 1602 1516 tapam
1616 1442 1810 1511 edocuerit,
1828 1442 1871 1517 o!-

470 1527 668 1588 Obsorvanda
694 1536 738 1586 est
763 1530 820 1588 hoc
846 1529 912 1590 loeo
939 1527 1123 1590 incredibilis
1174 1528 1455 1608 seadctautcmia
1465 1545 1543 1602 uae,
1559 1528 1872 1605 fectmeetomaiura

426 1615 645 1676 haereticorum
672 1615 870 1695 impudentia,
894 1617 944 1695 qui
969 1614 1122 1676 Christum
1175 1634 1256 1676 reue.
1280 1616 1366 1696 Quin
1380 1624 1410 1675 et
1431 1615 1489 1674 hoc
1510 1615 1579 1694 ipso
1603 1614 1685 1685 loco,
1709 1624 1797 1695 parto
1818 1635 1872 1694 pm

426 1722 485 1762 non
512 1701 658 1763 habuisse
684 1720 784 1761 veram
812 1702 971 1762 humanam
995 1723 1122 1774 carnem,
1176 1704 1259 1763 xime
1282 1700 1486 1782 praecedento,
1509 1700 1657 1762 absolute
1684 1702 1814 1762 dicitur:
1835 1703 1873 1763 Nc

427 1787 480 1849 sed
497 1787 703 1849 tantummodo
719 1789 896 1869 phantasma
909 1789 1015 1862 irrisae,
1032 1790 1123 1849 aude·
1174 1791 1327 1866 perdetis,
1342 1807 1424 1865 quer
1443 1789 1569 1863 operati
1584 1790 1670 1849 esth.
1693 1788 1783 1848 lstnd
1796 1809 1872 1868 ergo:

427 1875 499 1936 bant
515 1874 630 1950 dooere,
654 1875 774 1935 riveute
795 1875 892 1936 adhuc
908 1875 1025 1938 Joauue
1041 1876 1121 1956 Apo·
1173 1877 1325 1953 plenem,
1353 1877 1516 1953 apponitur
1541 1884 1701 1950 tamquam
1730 1875 1873 1955 epitheton

427 1961 514 2032 stolo,
531 1963 583 2041 qui
599 1981 676 2021 unus
691 1961 790 2022 fuerat
805 1961 963 2022 duodecim
980 1961 1121 2024 domesti·
1177 1963 1257 2023 illius
1273 1961 1423 2023 mercedis
1430 1984 1442 2039 ,-
1465 1970 1498 2020 ut
1514 1981 1555 2022 ex
1570 1961 1704 2023 adverae
1720 1962 1870 2043 amplifice

428 2069 529 2109 corum
554 2049 663 2126 ipsine,
691 2049 740 2129 qui
763 2069 855 2128 snper
876 2058 980 2129 pectas
1001 2051 1067 2128 ejus
1092 2051 1123 2110 in
1176 2060 1226 2109 tur
1245 2047 1419 2129 magnitudo
1442 2046 1627 2122 detrimenti,
1651 2048 1739 2128 quod
1762 2052 1871 2110 sintae

426 2135 591 2197 novissima
601 2155 696 2194 coena
708 2136 895 2207 recubuerat,
912 2138 963 2216 qui
979 2137 1122 2197 crucifixo
1176 2139 1300 2216 cepturi,
1315 2137 1340 2195 si
1353 2155 1412 2195 nen
1426 2146 1629 2214 perseverent
1654 2134 1698 2196 Ut
1709 2138 1871 2197 censuerit:

428 2234 458 2283 et
478 2223 615 2281 morienti
639 2223 813 2298 adatiterat,
841 2224 893 2297 qui
913 2224 1122 2284 resuscitatum
1176 2224 1225 2285 Ne
1239 2223 1326 2284 vobis
1342 2224 1417 2282 fiant
1430 2241 1519 2281 cassa
1536 2233 1566 2282 et
1580 2222 1697 2297 inania,
1716 2242 1799 2300 quae
1813 2222 1869 2283 hae

427 2310 555 2370 viderat.
578 2308 616 2368 Iit
631 2308 704 2388 qaid
719 2329 780 2370 nou
799 2308 921 2369 audebit
937 2310 1123 2388 impudentia
1176 2319 1263 2371 tenus
1286 2309 1364 2370 bene
1386 2308 1508 2388 egistis3
1531 2306 1585 2369 sed
1611 2317 1647 2368 ut
1663 2330 1690 2369 a
1724 2310 1794 2371 Deo
1815 2310 1870 2369 illo·

427 2396 553 2456 aliorum
576 2395 806 2469 haereticorum,
833 2397 900 2457 sive
923 2399 952 2457 in
976 2395 1122 2468 doctrina,
1176 2417 1240 2458 rum
1266 2406 1405 2475 respectu
1429 2396 1581 2475 accipiatis
1607 2396 1780 2457 coelestem
1802 2396 1871 2456 illam

426 2483 493 2542 sive
514 2483 544 2542 iu
567 2482 773 2544 facinoribus?
798 2482 918 2561 Quanto
941 2492 1041 2546 autem
1066 2504 1122 2544 auo
1176 2482 1342 2545 mercedem
1365 2481 1484 2564 plenam
1500 2490 1531 2541 et
1547 2482 1718 2560 copiosam,
1744 2503 1869 2564 quaere

427 2568 506 2630 malo
529 2568 561 2628 hi
585 2569 688 2630 fideles
711 2567 811 2631 forant
833 2570 1053 2632 baereticorum
1069 2570 1121 2632 do-
1176 2571 1273 2650 posita
1296 2576 1342 2629 est
1365 2567 1493 2629 fideliter
1511 2567 1579 2630 Deo
1607 2588 1713 2647 usque
1743 2570 1775 2631 ia
1796 2569 1869 2631 dnm

427 2657 553 2717 utrinam
569 2658 752 2734 suscepturi,
774 2658 939 2735 Apostolos
963 2677 1014 2718 eos
1033 2656 1123 2719 docet
1176 2657 1421 2718 adhaerentibus.
1451 2654 1500 2715 Ad
1515 2674 1581 2715 eam
1597 2655 1729 2717 modum
1745 2656 1872 2718 Salvator

426 2741 543 2803 duobus
555 2743 691 2803 versibus
707 2743 913 2820 aequantibus.
1176 2743 1335 2824 inquiebat
1354 2744 1423 2816 suis,
1446 2761 1500 2820 pro
1523 2740 1656 2804 rideant
1674 2742 1802 2822 justitia
1815 2762 1869 2824 per

471 2830 500 2889 8.
532 2830 639 2889 Videte
657 2839 776 2890 vosmet
797 2832 891 2907 ipsos,
914 2850 954 2891 ac
967 2830 1121 2908 perdetis,
1176 2831 1359 2892 secutionem
1375 2830 1526 2909 passuris:
1549 2830 1673 2892 Merca
1696 2838 1806 2892 ocare
1825 2849 1869 2890 eo-

425 2935 508 2995 quec
524 2920 648 2993 operati
663 2921 741 2979 estis.
765 2917 931 2979 Confirmat
945 2920 1022 2979 enim
1038 2938 1121 2979 suam
1173 2922 1268 2995 pr‘ose
1283 2925 1327 2978 est
1341 2920 1376 2979 ia
1391 2919 1491 2979 coelia.
1518 2917 1577 2978 ldst
1591 2916 1705 2981 eadam
1723 2918 1870 2980 locaticia

426 3003 664 3065 adhortationem
677 3016 852 3084 argumento
865 3003 955 3069 ducto
964 3005 1001 3065 ab
1013 3006 1123 3066 incom-
1167 3005 1278 3067 'libello
1295 3004 1385 3066 Ruth.
1402 3006 1431 3077 2,
1448 3009 1497 3066 12.

425 3092 531 3163 modis,
556 3112 633 3170 qnae
655 3092 692 3150 iis
708 3093 768 3152 sint
783 3101 935 3166 eventura,
960 3094 984 3153 si
999 3113 1061 3153 non
1076 3112 1122 3152 ac·
1219 3094 1266 3154 Ex
1281 3091 1339 3152 lroo
1353 3093 1446 3172 igitar
1465 3109 1555 3151 versu
1579 3098 1647 3152 toto
1663 3093 1726 3153 tria
1742 3102 1868 3174 satque

425 3179 597 3260 quiescant,
620 3176 791 3258 perdituros
813 3180 953 3240 nimirum
976 3198 1028 3239 eos
1043 3178 1121 3241 salu·
1174 3187 1242 3240 tuor
1257 3178 1359 3260 colligi
1376 3187 1500 3256 possunt
1514 3177 1712 3260 Theologiea
1728 3180 1870 3261 dogmata

426 3273 496 3337 tem,
511 3273 540 3326 st
555 3273 718 3337 aeternam,
742 3274 774 3325 at
788 3275 986 3345 praesentem.
1010 3267 1058 3327 De
1073 3285 1120 3326 ae·
1216 3266 1350 3326 Primum
1366 3276 1422 3340 est,
1441 3283 1533 3344 opera
1553 3263 1637 3326 bona
1659 3266 1870 3348 perspiritum

425 3361 511 3413 terna
533 3351 590 3413 hoc
614 3352 689 3412 dicit
710 3353 769 3414 isto
785 3373 883 3421 vorsu.
906 3352 944 3413 de
964 3360 1122 3433 praesente
1174 3353 1233 3413 Dei
1248 3352 1327 3414 iacta
1348 3351 1514 3414 mercedem
1537 3353 1622 3431 apud
1639 3353 1747 3414 Deum
1767 3355 1870 3417 mereri.

426 3462 454 3500 v.
471 3442 499 3500 9.
523 3440 575 3500 Ait
598 3459 685 3519 ergo:
715 3439 824 3500 Videte
842 3448 958 3500 coenet
973 3442 1066 3516 ipses,
1090 3438 1120 3499 id
1217 3439 1371 3512 Alterum,
1394 3458 1483 3521 posse
1504 3439 1600 3500 amitti
1625 3440 1800 3514 caritatem,
1820 3461 1870 3502 em

424 3533 484 3588 est:
511 3525 624 3587 cavete
639 3524 743 3602 vobis3
765 3545 820 3586 vos
842 3525 925 3607 ipsos
947 3528 1121 3606 circumspi·
1174 3526 1285 3602 niaque
1301 3528 1401 3605 priora
1415 3527 1495 3588 bona
1514 3526 1622 3587 merita
1637 3526 1708 3588 fieri
1726 3528 1835 3590 inania

424 3615 499 3689 cite;
533 3613 614 3692 agito
647 3615 870 3692 circumspecte.
910 3614 985 3675 Vult
1016 3622 1119 3674 autem
1216 3614 1369 3686 Tertium,
1398 3634 1458 3674 non
1485 3630 1554 3673 esse
1591 3613 1741 3676 absolute
1770 3634 1871 3687 mm.

422 3700 589 3781 Apostolus
613 3701 687 3761 istos
702 3698 806 3761 fidelos
829 3719 957 3772 mouere,
979 3709 1014 3760 nt
1029 3702 1118 3762 etiam
1172 3699 1253 3781 qnod
1269 3699 1405 3761 nonnulli
1417 3699 1515 3761 solent
1526 3697 1647 3761 dicere:
1663 3700 1797 3765 Nullum
1807 3718 1871 3783 opu

422 3798 517 3865 atque
532 3788 623 3846 etiam
647 3787 703 3848 sibi
720 3795 857 3859 caveant,
881 3809 919 3848 ne
936 3788 974 3849 ab
997 3787 1045 3849 his
1065 3788 1118 3848 im·
1171 3789 1282 3850 bonum
1297 3806 1419 3850 manere
1429 3788 1678 3849 irremuneratam
1691 3809 1715 3851 a
1726 3791 1805 3852 Dee.
1819 3790 1867 3852 Rc

421 3872 591 3953 pastoribus
615 3874 798 3935 seducantur
820 3875 850 3934 in
866 3874 948 3935 illam
971 3873 1117 3935 nefariam
1170 3875 1286 3935 tutatur
1309 3876 1386 3934 enim
1409 3893 1462 3953 per
1484 3871 1561 3934 illud
1582 3893 1716 3956 quoque
1741 3874 1868 3955 Aponi

420 3958 583 4032 haeresim,
610 3979 671 4039 qua
697 3961 808 4022 dicitnr
830 3959 968 4023 Christus
994 3959 1140 4022 simula
1171 3960 1238 4022 Gal.
1256 3965 1302 4023 s:
1335 3962 1444 4022 Teate
1464 3962 1552 4038 pesti
1573 3964 1649 4021 ertia
1669 3963 1871 4040 frustreiffl

421 4065 503 4106 crum
519 4044 666 4107 duntaxat
687 4046 816 4109 hominis
831 4045 933 4115 fuisse.
953 4066 1013 4108 non
1028 4067 1118 4109 verus
1170 4055 1279 4109 temet
1291 4049 1427 4126 frustm.
1450 4045 1562 4109 confer
1576 4046 1608 4109 d
1632 4048 1792 4111 'rhomam
1808 4056 1869 4130 dp

419 4131 516 4193 homo.
540 4130 657 4192 Eadem
681 4152 753 4194 uero
768 4131 960 4195 ratioeatde
980 4133 1117 4215 qualibet
1171 4156 1199 4215 q.
1215 4134 1267 4197 89.
1290 4142 1345 4195 art
1369 4137 1398 4195 4.
1415 4134 1454 4195 ad
1469 4137 1498 4195 2.
1522 4139 1554 4195 st
1570 4133 1682 4216 Suppi
1711 4156 1745 4217 q.
1764 4140 1869 4201 lut

420 4218 481 4279 alia
495 4218 621 4290 haeresi,
644 4226 699 4280 aut
721 4219 891 4295 schismate,
914 4231 948 4282 ut
966 4240 1056 4301 supra
1072 4219 1115 4282 di·
1170 4226 1200 4283 4.
1216 4219 1254 4281 ad
1272 4226 1300 4281 1.

419 4311 499 4365 etum
516 4305 571 4366 est.
1213 4308 1370 4388 Quartum,
1392 4329 1452 4370 non
1468 4325 1532 4368 esse
1552 4307 1716 4383 vitiosum,
1739 4312 1768 4372 si
1778 4311 1871 4391 jum

462 4394 508 4453 Ne
523 4392 676 4467 perdetis,
701 4411 782 4469 quoe
804 4395 929 4470 operati
943 4397 1022 4456 eatis.
1047 4391 1117 4455 Hoc
1169 4394 1246 4455 bene
1260 4403 1401 4475 oporatur
1424 4396 1535 4455 intuitu
1556 4400 1707 4458 samanae
1722 4396 1870 4460 mercedi

417 4485 472 4550 aa,
488 4497 534 4550 ne,
550 4476 698 4557 quidquid
714 4478 861 4540 hactenus
878 4484 908 4542 in
924 4501 996 4542 vera
1008 4480 1115 4541 Christi
1169 4479 1259 4543 Certe
1290 4483 1370 4542 euim
1400 4479 1537 4562 operanti
1562 4479 1638 4541 licet
1662 4503 1736 4545 um
1761 4481 1871 4554 intent
1913 4471 1914 4480 ἵ

416 4564 477 4625 fide
499 4564 644 4624 bonorum
671 4585 793 4645 opernm
817 4565 947 4639 fecistis,
975 4568 1117 4629 idemne
1169 4587 1260 4646 quam
1291 4567 1422 4647 Spiritus
1451 4567 1582 4629 Sanam
1611 4586 1669 4647 por
1703 4569 1870 4653 scripu·

416 4650 468 4709 flat
489 4649 576 4711 vobis
598 4650 715 4724 inutile,
738 4672 855 4713 cassum
878 4662 910 4715 et
931 4655 1028 4728 inane,
1049 4655 1073 4714 si
1097 4674 1117 4715 a
1168 4673 1240 4715 ruas
1256 4656 1285 4715 oi
1301 4656 1452 4735 proponit,
1471 4662 1504 4713 nt
1518 4652 1671 4716 hocloco.

416 4734 574 4797 catholica
589 4736 649 4799 fide
664 4736 850 4800 excideretis.
1210 4740 1293 4802 Illud
1316 4738 1531 4822 adjiciendum,
1554 4740 1731 4822 plerosque
1747 4743 1871 4807 erana

458 4823 521 4885 Sed
534 4829 571 4884 ut
592 4825 764 4886 mercedem
783 4827 918 4903 plenem
942 4829 1114 4904 accipietis.
1169 4826 1288 4889 codices
1304 4827 1377 4889 ista:
1401 4828 1448 4889 Ne
1460 4825 1616 4904 perdutis,
1647 4847 1737 4907 quea
1755 4829 1871 4910 operd

414 4909 607 4986 Mercedem,
623 4914 744 4994 'utique
779 4931 899 4984 eorum,
929 4933 1008 4994 quae
1038 4913 1115 4976 bene
1167 4916 1249 4990 catis,
1266 4913 1402 4975 utillud:
1428 4915 1602 4990 accipietis,
1622 4914 1735 4996 legera
1751 4916 1867 5000 perpri·

412 4998 527 5078 operati
543 5000 627 5059 estis.
653 4997 740 5079 Quod
766 5007 838 5062 vero
860 5000 1018 5083 adjicitur:
1038 5001 1111 5080 ple·
1166 5000 1246 5065 maia
1264 5020 1442 5085 personamq
1472 5000 1591 5063 anem
1619 5001 1868 5089 Robertuaqu·
