<?xml version="1.0" encoding="UTF-8"?>
<!DOCTYPE html PUBLIC "-//W3C//DTD XHTML 1.0 Transitional//EN"
    "http://www.w3.org/TR/xhtml1/DTD/xhtml1-transitional.dtd">
<html xmlns="http://www.w3.org/1999/xhtml" xml:lang="en" lang="en">
 <head>
  <title>
</title>
<meta http-equiv="Content-Type" content="text/html;charset=utf-8" />
  <meta name='ocr-system' content='tesseract 3.04.00' />
  <meta name='ocr-capabilities' content='ocr_page ocr_carea ocr_par ocr_line ocrx_word'/>
</head>
<body>
  <div class='ocr_page' id='page_1' title='image "./guilielmiestiii01estigoog_0231.png"; bbox 0 0 4442 5825; ppageno 0'>
   <div class='ocr_carea' id='block_1_1' title="bbox 766 595 1802 671">
    <p class='ocr_par' dir='ltr' id='par_1_1' title="bbox 766 595 1802 671">
     <span class='ocr_line' id='line_1_1' title="bbox 766 595 1802 671; baseline 0.006 -20"><span class='ocrx_word' id='word_1_1' title='bbox 766 595 937 653; x_wconf 67' lang='lat' dir='ltr'><strong>merstem</strong></span> <span class='ocrx_word' id='word_1_2' title='bbox 955 596 995 651; x_wconf 76' lang='lat' dir='ltr'><strong>su</strong></span> <span class='ocrx_word' id='word_1_3' title='bbox 1014 596 1179 653; x_wconf 71' lang='lat' dir='ltr'><strong>nmmos.</strong></span> <span class='ocrx_word' id='word_1_4' title='bbox 1212 596 1289 652; x_wconf 72' lang='lat' dir='ltr'><strong>vene</strong></span> <span class='ocrx_word' id='word_1_5' title='bbox 1306 597 1350 650; x_wconf 78' lang='lat'><strong>2⁰·</strong></span> <span class='ocrx_word' id='word_1_6' title='bbox 1367 596 1411 650; x_wconf 83' lang='lat'><strong>21.</strong></span> <span class='ocrx_word' id='word_1_7' title='bbox 1731 603 1802 671; x_wconf 69' lang='lat'><strong>221</strong></span> 
     </span>
    </p>
   </div>
   <div class='ocr_carea' id='block_1_2' title="bbox 369 768 1807 5034">
    <p class='ocr_par' dir='ltr' id='par_1_2' title="bbox 369 768 1807 5034">
     <span class='ocr_line' id='line_1_2' title="bbox 369 768 1805 847; baseline -0.001 -14"><span class='ocrx_word' id='word_1_8' title='bbox 369 771 424 833; x_wconf 86' lang='lat' dir='ltr'><strong>ideo</strong></span> <span class='ocrx_word' id='word_1_9' title='bbox 439 768 582 832; x_wconf 78' lang='lat' dir='ltr'><strong>Christus</strong></span> <span class='ocrx_word' id='word_1_10' title='bbox 605 770 755 833; x_wconf 87' lang='lat' dir='ltr'><strong>similibus</strong></span> <span class='ocrx_word' id='word_1_11' title='bbox 774 793 838 834; x_wconf 90' lang='lat' dir='ltr'><strong>cum</strong></span> <span class='ocrx_word' id='word_1_12' title='bbox 852 773 940 836; x_wconf 83' lang='lat' dir='ltr'><strong>Mose</strong></span> <span class='ocrx_word' id='word_1_13' title='bbox 956 773 1056 837; x_wconf 81' lang='lat' dir='ltr'><strong>verbis</strong></span> <span class='ocrx_word' id='word_1_14' title='bbox 1110 792 1160 836; x_wconf 87' lang='lat' dir='ltr'><strong>sus</strong></span> <span class='ocrx_word' id='word_1_15' title='bbox 1184 794 1250 835; x_wconf 91' lang='lat' dir='ltr'><strong>eum</strong></span> <span class='ocrx_word' id='word_1_16' title='bbox 1273 774 1381 847; x_wconf 90' lang='lat' dir='ltr'><strong>locum,</strong></span> <span class='ocrx_word' id='word_1_17' title='bbox 1407 771 1458 834; x_wconf 90' lang='lat' dir='ltr'><strong>nbi</strong></span> <span class='ocrx_word' id='word_1_18' title='bbox 1481 771 1707 833; x_wconf 85' lang='lat' dir='ltr'><strong>tabernaculum</strong></span> <span class='ocrx_word' id='word_1_19' title='bbox 1731 781 1805 835; x_wconf 85' lang='lat' dir='ltr'><strong>erat.</strong></span> 
     </span>
     <span class='ocr_line' id='line_1_3' title="bbox 369 858 1806 942; baseline 0.001 -22"><span class='ocrx_word' id='word_1_20' title='bbox 369 860 402 920; x_wconf 82' lang='lat' dir='ltr'><strong>nt</strong></span> <span class='ocrx_word' id='word_1_21' title='bbox 413 858 513 919; x_wconf 80' lang='lat' dir='ltr'><strong>voluit</strong></span> <span class='ocrx_word' id='word_1_22' title='bbox 528 862 559 921; x_wconf 90' lang='lat' dir='ltr'><strong>iu</strong></span> <span class='ocrx_word' id='word_1_23' title='bbox 580 859 763 921; x_wconf 85' lang='lat' dir='ltr'><strong>instituendo</strong></span> <span class='ocrx_word' id='word_1_24' title='bbox 786 872 973 923; x_wconf 87' lang='lat' dir='ltr'><strong>sacramento</strong></span> <span class='ocrx_word' id='word_1_25' title='bbox 990 882 1056 922; x_wconf 87' lang='lat' dir='ltr'><strong>san·</strong></span> <span class='ocrx_word' id='word_1_26' title='bbox 1110 861 1148 921; x_wconf 94' lang='lat' dir='ltr'><strong>Id</strong></span> <span class='ocrx_word' id='word_1_27' title='bbox 1161 863 1239 922; x_wconf 88' lang='lat' dir='ltr'><strong>enim</strong></span> <span class='ocrx_word' id='word_1_28' title='bbox 1255 861 1404 941; x_wconf 84' lang='lat' dir='ltr'><strong>significat</strong></span> <span class='ocrx_word' id='word_1_29' title='bbox 1415 861 1559 921; x_wconf 88' lang='lat' dir='ltr'><strong>Hebraea</strong></span> <span class='ocrx_word' id='word_1_30' title='bbox 1570 860 1703 942; x_wconf 79' lang='lat' dir='ltr'><strong>phrasis:</strong></span> <span class='ocrx_word' id='word_1_31' title='bbox 1720 860 1806 922; x_wconf 79' lang='lat' dir='ltr'><strong>Uon-</strong></span> 
     </span>
     <span class='ocr_line' id='line_1_4' title="bbox 369 945 1805 1028; baseline 0.001 -21"><span class='ocrx_word' id='word_1_32' title='bbox 369 946 456 1026; x_wconf 72' lang='lat' dir='ltr'><strong>puinis</strong></span> <span class='ocrx_word' id='word_1_33' title='bbox 472 947 539 1022; x_wconf 81' lang='lat' dir='ltr'><strong>sui3</strong></span> <span class='ocrx_word' id='word_1_34' title='bbox 565 954 600 1006; x_wconf 91' lang='lat' dir='ltr'><strong>nt</strong></span> <span class='ocrx_word' id='word_1_35' title='bbox 622 945 750 1008; x_wconf 87' lang='lat' dir='ltr'><strong>diceret:</strong></span> <span class='ocrx_word' id='word_1_36' title='bbox 778 949 840 1008; x_wconf 79' lang='lat' dir='ltr'><strong>Hic</strong></span> <span class='ocrx_word' id='word_1_37' title='bbox 863 955 907 1009; x_wconf 85' lang='lat' dir='ltr'><strong>eet</strong></span> <span class='ocrx_word' id='word_1_38' title='bbox 925 951 1056 1025; x_wconf 69' lang='lat' dir='ltr'><strong>sanquis</strong></span> <span class='ocrx_word' id='word_1_39' title='bbox 1111 955 1164 1008; x_wconf 81' lang='lat' dir='ltr'><strong>tra</strong></span> <span class='ocrx_word' id='word_1_40' title='bbox 1178 950 1294 1026; x_wconf 78' lang='lat' dir='ltr'><strong>[aciem</strong></span> <span class='ocrx_word' id='word_1_41' title='bbox 1318 947 1527 1023; x_wconf 77' lang='lat' dir='ltr'><strong><em>tabernaculi,</em></strong></span> <span class='ocrx_word' id='word_1_42' title='bbox 1551 947 1805 1028; x_wconf 89' lang='lat' dir='ltr'><strong>quamadmodum</strong></span> 
     </span>
     <span class='ocr_line' id='line_1_5' title="bbox 369 1035 1807 1112; baseline 0.002 -19"><span class='ocrx_word' id='word_1_43' title='bbox 369 1051 444 1094; x_wconf 83' lang='lat' dir='ltr'><strong>neus</strong></span> <span class='ocrx_word' id='word_1_44' title='bbox 472 1036 554 1095; x_wconf 78' lang='lat' dir='ltr'><strong>noui</strong></span> <span class='ocrx_word' id='word_1_45' title='bbox 582 1038 780 1110; x_wconf 81' lang='lat' dir='ltr'><strong>testamenti,</strong></span> <span class='ocrx_word' id='word_1_46' title='bbox 810 1035 918 1096; x_wconf 85' lang='lat' dir='ltr'><strong>Mattb.</strong></span> <span class='ocrx_word' id='word_1_47' title='bbox 946 1037 996 1096; x_wconf 75' lang='lat'><strong>26.</strong></span> <span class='ocrx_word' id='word_1_48' title='bbox 1027 1044 1057 1095; x_wconf 88' lang='lat' dir='ltr'><strong>et</strong></span> <span class='ocrx_word' id='word_1_49' title='bbox 1109 1036 1141 1095; x_wconf 92' lang='lat' dir='ltr'><strong>in</strong></span> <span class='ocrx_word' id='word_1_50' title='bbox 1170 1035 1381 1096; x_wconf 83' lang='lat' dir='ltr'><strong>Machabeeis:</strong></span> <span class='ocrx_word' id='word_1_51' title='bbox 1421 1035 1543 1097; x_wconf 79' lang='lat' dir='ltr'><strong><em>Contra</em></strong></span> <span class='ocrx_word' id='word_1_52' title='bbox 1572 1036 1688 1112; x_wconf 69' lang='lat' dir='ltr'><strong>faciem</strong></span> <span class='ocrx_word' id='word_1_53' title='bbox 1725 1035 1807 1096; x_wconf 79' lang='lat' dir='ltr'><strong>lde·</strong></span> 
     </span>
     <span class='ocr_line' id='line_1_6' title="bbox 369 1119 1807 1203; baseline 0.001 -23"><span class='ocrx_word' id='word_1_54' title='bbox 369 1119 643 1203; x_wconf 53' lang='lat' dir='ltr'><strong>Herculisque</strong></span> <span class='ocrx_word' id='word_1_55' title='bbox 656 1123 858 1202; x_wconf 89' lang='lat' dir='ltr'><strong>consequitur,</strong></span> <span class='ocrx_word' id='word_1_56' title='bbox 870 1123 1056 1184; x_wconf 89' lang='lat' dir='ltr'><strong>intellectum</strong></span> <span class='ocrx_word' id='word_1_57' title='bbox 1110 1141 1241 1198; x_wconf 85' lang='lat' dir='ltr'><strong>macae,</strong></span> <span class='ocrx_word' id='word_1_58' title='bbox 1271 1123 1441 1198; x_wconf 87' lang='lat' dir='ltr'><strong>Judaeae,</strong></span> <span class='ocrx_word' id='word_1_59' title='bbox 1472 1121 1690 1183; x_wconf 71' lang='lat' dir='ltr'><strong>Ptolemaidos.</strong></span> <span class='ocrx_word' id='word_1_60' title='bbox 1736 1119 1807 1203; x_wconf 76' lang='lat' dir='ltr'><strong>Quo</strong></span> 
     </span>
     <span class='ocr_line' id='line_1_7' title="bbox 369 1207 1804 1291; baseline 0.001 -23"><span class='ocrx_word' id='word_1_61' title='bbox 369 1208 445 1268; x_wconf 63' lang='lat' dir='ltr'><strong>mam</strong></span> <span class='ocrx_word' id='word_1_62' title='bbox 474 1207 637 1268; x_wconf 80' lang='lat' dir='ltr'><strong>verborum</strong></span> <span class='ocrx_word' id='word_1_63' title='bbox 674 1208 800 1270; x_wconf 87' lang='lat' dir='ltr'><strong>similam</strong></span> <span class='ocrx_word' id='word_1_64' title='bbox 831 1228 897 1270; x_wconf 89' lang='lat' dir='ltr'><strong>asae</strong></span> <span class='ocrx_word' id='word_1_65' title='bbox 934 1208 1054 1270; x_wconf 87' lang='lat' dir='ltr'><strong>debera.</strong></span> <span class='ocrx_word' id='word_1_66' title='bbox 1111 1211 1204 1270; x_wconf 88' lang='lat' dir='ltr'><strong>etiam</strong></span> <span class='ocrx_word' id='word_1_67' title='bbox 1219 1229 1309 1270; x_wconf 87' lang='lat' dir='ltr'><strong>sensu</strong></span> <span class='ocrx_word' id='word_1_68' title='bbox 1329 1209 1449 1282; x_wconf 90' lang='lat' dir='ltr'><strong>Daniel,</strong></span> <span class='ocrx_word' id='word_1_69' title='bbox 1473 1211 1505 1270; x_wconf 89' lang='lat' dir='ltr'><strong>in</strong></span> <span class='ocrx_word' id='word_1_70' title='bbox 1518 1208 1679 1291; x_wconf 80' lang='lat' dir='ltr'><strong>Babylone</strong></span> <span class='ocrx_word' id='word_1_71' title='bbox 1697 1210 1804 1270; x_wconf 86' lang='lat' dir='ltr'><strong>consti-</strong></span> 
     </span>
     <span class='ocr_line' id='line_1_8' title="bbox 369 1293 1806 1377; baseline 0.001 -23"><span class='ocrx_word' id='word_1_72' title='bbox 369 1293 462 1374; x_wconf 76' lang='lat' dir='ltr'><strong>Quara</strong></span> <span class='ocrx_word' id='word_1_73' title='bbox 485 1296 566 1356; x_wconf 89' lang='lat' dir='ltr'><strong>sicut</strong></span> <span class='ocrx_word' id='word_1_74' title='bbox 587 1294 745 1356; x_wconf 81' lang='lat' dir='ltr'><strong>verborum</strong></span> <span class='ocrx_word' id='word_1_75' title='bbox 760 1296 839 1356; x_wconf 84' lang='lat' dir='ltr'><strong>blosi</strong></span> <span class='ocrx_word' id='word_1_76' title='bbox 855 1317 915 1358; x_wconf 89' lang='lat' dir='ltr'><strong>non</strong></span> <span class='ocrx_word' id='word_1_77' title='bbox 931 1303 976 1356; x_wconf 91' lang='lat' dir='ltr'><strong>est</strong></span> <span class='ocrx_word' id='word_1_78' title='bbox 990 1316 1054 1356; x_wconf 92' lang='lat' dir='ltr'><strong>san·</strong></span> <span class='ocrx_word' id='word_1_79' title='bbox 1110 1303 1201 1370; x_wconf 89' lang='lat' dir='ltr'><strong>tutus,</strong></span> <span class='ocrx_word' id='word_1_80' title='bbox 1223 1296 1362 1358; x_wconf 78' lang='lat' dir='ltr'><strong>fenestris</strong></span> <span class='ocrx_word' id='word_1_81' title='bbox 1378 1298 1491 1377; x_wconf 88' lang='lat' dir='ltr'><strong>apertis</strong></span> <span class='ocrx_word' id='word_1_82' title='bbox 1506 1305 1612 1358; x_wconf 90' lang='lat' dir='ltr'><strong>contra</strong></span> <span class='ocrx_word' id='word_1_83' title='bbox 1627 1295 1806 1370; x_wconf 74' lang='lat' dir='ltr'><strong>Jerusalem,</strong></span> 
     </span>
     <span class='ocr_line' id='line_1_9' title="bbox 369 1380 1804 1464; baseline 0.001 -23"><span class='ocrx_word' id='word_1_84' title='bbox 369 1399 424 1441; x_wconf 82' lang='lat' dir='ltr'><strong>tna:</strong></span> <span class='ocrx_word' id='word_1_85' title='bbox 446 1380 516 1442; x_wconf 84' lang='lat' dir='ltr'><strong>Hoc</strong></span> <span class='ocrx_word' id='word_1_86' title='bbox 532 1390 580 1442; x_wconf 89' lang='lat' dir='ltr'><strong>ast</strong></span> <span class='ocrx_word' id='word_1_87' title='bbox 595 1383 714 1461; x_wconf 79' lang='lat' dir='ltr'><strong>signnm</strong></span> <span class='ocrx_word' id='word_1_88' title='bbox 729 1384 893 1463; x_wconf 79' lang='lat' dir='ltr'><strong>sanguinis,</strong></span> <span class='ocrx_word' id='word_1_89' title='bbox 909 1382 981 1443; x_wconf 84' lang='lat' dir='ltr'><strong>aad:</strong></span> <span class='ocrx_word' id='word_1_90' title='bbox 996 1383 1056 1443; x_wconf 90' lang='lat' dir='ltr'><strong>Hic</strong></span> <span class='ocrx_word' id='word_1_91' title='bbox 1110 1383 1252 1445; x_wconf 88' lang='lat' dir='ltr'><strong>adorasse</strong></span> <span class='ocrx_word' id='word_1_92' title='bbox 1266 1384 1386 1464; x_wconf 77' lang='lat' dir='ltr'><strong>legitur,</strong></span> <span class='ocrx_word' id='word_1_93' title='bbox 1402 1383 1481 1446; x_wconf 90' lang='lat' dir='ltr'><strong>Dan.</strong></span> <span class='ocrx_word' id='word_1_94' title='bbox 1499 1387 1527 1445; x_wconf 88' lang='grc'><strong>6.</strong></span> <span class='ocrx_word' id='word_1_95' title='bbox 1554 1383 1667 1444; x_wconf 83' lang='lat' dir='ltr'><strong>Iisdem</strong></span> <span class='ocrx_word' id='word_1_96' title='bbox 1681 1382 1744 1445; x_wconf 83' lang='lat' dir='ltr'><strong>lara</strong></span> <span class='ocrx_word' id='word_1_97' title='bbox 1759 1402 1804 1443; x_wconf 90' lang='lat' dir='ltr'><strong>ra·</strong></span> 
     </span>
     <span class='ocr_line' id='line_1_10' title="bbox 370 1469 1807 1550; baseline 0.001 -21"><span class='ocrx_word' id='word_1_98' title='bbox 370 1476 407 1529; x_wconf 85' lang='lat' dir='ltr'><strong>cat</strong></span> <span class='ocrx_word' id='word_1_99' title='bbox 430 1487 503 1530; x_wconf 84' lang='lat' dir='ltr'><strong>vara</strong></span> <span class='ocrx_word' id='word_1_100' title='bbox 530 1476 563 1531; x_wconf 89' lang='lat' dir='ltr'><strong>et</strong></span> <span class='ocrx_word' id='word_1_101' title='bbox 587 1470 710 1549; x_wconf 90' lang='lat' dir='ltr'><strong>proprie</strong></span> <span class='ocrx_word' id='word_1_102' title='bbox 735 1472 858 1550; x_wconf 82' lang='lat' dir='ltr'><strong>sanguis</strong></span> <span class='ocrx_word' id='word_1_103' title='bbox 883 1470 1056 1531; x_wconf 86' lang='lat' dir='ltr'><strong>testamenti</strong></span> <span class='ocrx_word' id='word_1_104' title='bbox 1109 1469 1240 1530; x_wconf 81' lang='lat' dir='ltr'><strong>tionibus</strong></span> <span class='ocrx_word' id='word_1_105' title='bbox 1267 1470 1464 1544; x_wconf 83' lang='lat' dir='ltr'><strong>refelluntur,</strong></span> <span class='ocrx_word' id='word_1_106' title='bbox 1491 1471 1542 1549; x_wconf 88' lang='lat' dir='ltr'><strong>qui</strong></span> <span class='ocrx_word' id='word_1_107' title='bbox 1568 1470 1628 1530; x_wconf 93' lang='lat' dir='ltr'><strong>huc</strong></span> <span class='ocrx_word' id='word_1_108' title='bbox 1653 1469 1807 1532; x_wconf 86' lang='lat' dir='ltr'><strong>adducunt</strong></span> 
     </span>
     <span class='ocr_line' id='line_1_11' title="bbox 370 1554 1805 1639; baseline 0.002 -24"><span class='ocrx_word' id='word_1_109' title='bbox 370 1562 424 1629; x_wconf 80' lang='lat' dir='ltr'><strong>eta,</strong></span> <span class='ocrx_word' id='word_1_110' title='bbox 439 1557 482 1616; x_wconf 87' lang='lat' dir='ltr'><strong>ita</strong></span> <span class='ocrx_word' id='word_1_111' title='bbox 497 1574 556 1616; x_wconf 91' lang='lat' dir='ltr'><strong>nec</strong></span> <span class='ocrx_word' id='word_1_112' title='bbox 570 1556 728 1617; x_wconf 87' lang='lat' dir='ltr'><strong>verborum</strong></span> <span class='ocrx_word' id='word_1_113' title='bbox 740 1554 856 1616; x_wconf 75' lang='lat' dir='ltr'><strong>Christi</strong></span> <span class='ocrx_word' id='word_1_114' title='bbox 872 1575 977 1618; x_wconf 89' lang='lat' dir='ltr'><strong>sensus</strong></span> <span class='ocrx_word' id='word_1_115' title='bbox 993 1563 1055 1616; x_wconf 91' lang='lat' dir='ltr'><strong>ast:</strong></span> <span class='ocrx_word' id='word_1_116' title='bbox 1109 1556 1208 1617; x_wconf 88' lang='lat' dir='ltr'><strong>locum</strong></span> <span class='ocrx_word' id='word_1_117' title='bbox 1224 1559 1322 1618; x_wconf 86' lang='lat' dir='ltr'><strong>Lavit.</strong></span> <span class='ocrx_word' id='word_1_118' title='bbox 1338 1561 1396 1632; x_wconf 76' lang='lat'><strong>16,</strong></span> <span class='ocrx_word' id='word_1_119' title='bbox 1412 1557 1463 1617; x_wconf 91' lang='lat' dir='ltr'><strong>nbi</strong></span> <span class='ocrx_word' id='word_1_120' title='bbox 1479 1559 1659 1639; x_wconf 88' lang='lat' dir='ltr'><strong>praecipitur</strong></span> <span class='ocrx_word' id='word_1_121' title='bbox 1673 1558 1805 1637; x_wconf 87' lang='lat' dir='ltr'><strong>expiatio</strong></span> 
     </span>
     <span class='ocr_line' id='line_1_12' title="bbox 370 1640 1806 1722; baseline 0.003 -20"><span class='ocrx_word' id='word_1_122' title='bbox 370 1640 425 1702; x_wconf 87' lang='lat' dir='ltr'><strong>lloc</strong></span> <span class='ocrx_word' id='word_1_123' title='bbox 440 1650 487 1703; x_wconf 89' lang='lat' dir='ltr'><strong>est</strong></span> <span class='ocrx_word' id='word_1_124' title='bbox 500 1642 620 1722; x_wconf 75' lang='lat' dir='ltr'><strong>signnm</strong></span> <span class='ocrx_word' id='word_1_125' title='bbox 643 1644 800 1722; x_wconf 78' lang='lat' dir='ltr'><strong>sanguinis</strong></span> <span class='ocrx_word' id='word_1_126' title='bbox 815 1645 883 1717; x_wconf 86' lang='lat' dir='ltr'><strong>mei,</strong></span> <span class='ocrx_word' id='word_1_127' title='bbox 903 1651 938 1703; x_wconf 89' lang='lat' dir='ltr'><strong>nt</strong></span> <span class='ocrx_word' id='word_1_128' title='bbox 952 1643 1056 1704; x_wconf 86' lang='lat' dir='ltr'><strong>volunt</strong></span> <span class='ocrx_word' id='word_1_129' title='bbox 1109 1644 1282 1718; x_wconf 68' lang='lat' dir='ltr'><strong>sanctuarii,</strong></span> <span class='ocrx_word' id='word_1_130' title='bbox 1302 1642 1487 1705; x_wconf 77' lang='lat' dir='ltr'><strong>tabernaculi</strong></span> <span class='ocrx_word' id='word_1_131' title='bbox 1503 1653 1533 1705; x_wconf 85' lang='lat' dir='ltr'><strong>at</strong></span> <span class='ocrx_word' id='word_1_132' title='bbox 1547 1642 1650 1705; x_wconf 89' lang='lat' dir='ltr'><strong>altaris</strong></span> <span class='ocrx_word' id='word_1_133' title='bbox 1665 1642 1806 1706; x_wconf 81' lang='lat' dir='ltr'><strong>iacienda</strong></span> 
     </span>
     <span class='ocr_line' id='line_1_13' title="bbox 370 1726 1806 1812; baseline 0.001 -22"><span class='ocrx_word' id='word_1_134' title='bbox 370 1726 598 1802; x_wconf 76' lang='lat' dir='ltr'><strong>Sacramentarii,</strong></span> <span class='ocrx_word' id='word_1_135' title='bbox 619 1728 688 1791; x_wconf 90' lang='lat' dir='ltr'><strong>sed:</strong></span> <span class='ocrx_word' id='word_1_136' title='bbox 713 1729 774 1790; x_wconf 84' lang='lat' dir='ltr'><strong>Hic</strong></span> <span class='ocrx_word' id='word_1_137' title='bbox 797 1749 869 1790; x_wconf 80' lang='lat' dir='ltr'><strong>aare</strong></span> <span class='ocrx_word' id='word_1_138' title='bbox 883 1750 919 1791; x_wconf 91' lang='lat' dir='ltr'><strong>ac</strong></span> <span class='ocrx_word' id='word_1_139' title='bbox 934 1731 1055 1810; x_wconf 89' lang='lat' dir='ltr'><strong>proprie</strong></span> <span class='ocrx_word' id='word_1_140' title='bbox 1109 1733 1266 1810; x_wconf 81' lang='lat' dir='ltr'><strong>sanguinis</strong></span> <span class='ocrx_word' id='word_1_141' title='bbox 1281 1732 1465 1812; x_wconf 83' lang='lat' dir='ltr'><strong>aspersione.</strong></span> <span class='ocrx_word' id='word_1_142' title='bbox 1481 1731 1560 1791; x_wconf 85' lang='lat' dir='ltr'><strong>Nam</strong></span> <span class='ocrx_word' id='word_1_143' title='bbox 1571 1751 1627 1793; x_wconf 91' lang='lat' dir='ltr'><strong>nec</strong></span> <span class='ocrx_word' id='word_1_144' title='bbox 1639 1731 1680 1792; x_wconf 91' lang='lat' dir='ltr'><strong>ibi</strong></span> <span class='ocrx_word' id='word_1_145' title='bbox 1691 1730 1806 1792; x_wconf 78' lang='lat' dir='ltr'><strong>factm</strong></span> 
     </span>
     <span class='ocr_line' id='line_1_14' title="bbox 370 1817 1804 1898; baseline 0.003 -22"><span class='ocrx_word' id='word_1_146' title='bbox 370 1818 478 1896; x_wconf 69' lang='lat' dir='ltr'><strong>sangnis</strong></span> <span class='ocrx_word' id='word_1_147' title='bbox 492 1834 577 1876; x_wconf 90' lang='lat' dir='ltr'><strong>mans</strong></span> <span class='ocrx_word' id='word_1_148' title='bbox 592 1824 647 1891; x_wconf 87' lang='lat' dir='ltr'><strong>ast,</strong></span> <span class='ocrx_word' id='word_1_149' title='bbox 667 1818 738 1877; x_wconf 79' lang='lat' dir='ltr'><strong>novi</strong></span> <span class='ocrx_word' id='word_1_150' title='bbox 761 1819 935 1878; x_wconf 87' lang='lat' dir='ltr'><strong>testamenti</strong></span> <span class='ocrx_word' id='word_1_151' title='bbox 951 1817 1054 1878; x_wconf 85' lang='lat' dir='ltr'><strong>confir·</strong></span> <span class='ocrx_word' id='word_1_152' title='bbox 1108 1818 1187 1879; x_wconf 79' lang='lat' dir='ltr'><strong>Mori</strong></span> <span class='ocrx_word' id='word_1_153' title='bbox 1210 1827 1357 1891; x_wconf 80' lang='lat' dir='ltr'><strong>narratur,</strong></span> <span class='ocrx_word' id='word_1_154' title='bbox 1379 1817 1433 1879; x_wconf 87' lang='lat' dir='ltr'><strong>sod</strong></span> <span class='ocrx_word' id='word_1_155' title='bbox 1454 1817 1602 1898; x_wconf 87' lang='lat' dir='ltr'><strong>pontificis</strong></span> <span class='ocrx_word' id='word_1_156' title='bbox 1624 1838 1730 1879; x_wconf 87' lang='lat' dir='ltr'><strong>munna</strong></span> <span class='ocrx_word' id='word_1_157' title='bbox 1754 1817 1804 1880; x_wconf 78' lang='lat' dir='ltr'><strong>de</strong></span> 
     </span>
     <span class='ocr_line' id='line_1_15' title="bbox 370 1904 1806 1985; baseline 0.002 -22"><span class='ocrx_word' id='word_1_158' title='bbox 370 1904 496 1964; x_wconf 69' lang='lat' dir='ltr'><strong>madum</strong></span> <span class='ocrx_word' id='word_1_159' title='bbox 985 1936 996 1946; x_wconf 91' lang='lat'><em>·</em></span> <span class='ocrx_word' id='word_1_160' title='bbox 1109 1905 1265 1981; x_wconf 76' lang='lat' dir='ltr'><strong>scribitur3</strong></span> <span class='ocrx_word' id='word_1_161' title='bbox 1287 1925 1342 1966; x_wconf 91' lang='lat' dir='ltr'><strong>nac</strong></span> <span class='ocrx_word' id='word_1_162' title='bbox 1357 1905 1420 1966; x_wconf 88' lang='lat' dir='ltr'><strong>alia</strong></span> <span class='ocrx_word' id='word_1_163' title='bbox 1443 1905 1602 1985; x_wconf 82' lang='lat' dir='ltr'><strong>significari</strong></span> <span class='ocrx_word' id='word_1_164' title='bbox 1626 1905 1745 1967; x_wconf 87' lang='lat' dir='ltr'><strong>vidatur</strong></span> <span class='ocrx_word' id='word_1_165' title='bbox 1760 1925 1806 1966; x_wconf 88' lang='lat' dir='ltr'><strong>as·</strong></span> 
     </span>
     <span class='ocr_line' id='line_1_16' title="bbox 404 1990 1807 2073; baseline 0.001 -21"><span class='ocrx_word' id='word_1_166' title='bbox 404 1994 451 2052; x_wconf 80' lang='lat' dir='ltr'><strong>el.</strong></span> <span class='ocrx_word' id='word_1_167' title='bbox 473 1991 585 2052; x_wconf 79' lang='lat' dir='ltr'><strong>snam</strong></span> <span class='ocrx_word' id='word_1_168' title='bbox 609 1990 869 2065; x_wconf 66' lang='lat' dir='ltr'><strong>tabernaculam,</strong></span> <span class='ocrx_word' id='word_1_169' title='bbox 893 1998 922 2050; x_wconf 85' lang='lat' dir='ltr'><strong>et</strong></span> <span class='ocrx_word' id='word_1_170' title='bbox 945 1993 1055 2051; x_wconf 82' lang='lat' dir='ltr'><strong>omnia</strong></span> <span class='ocrx_word' id='word_1_171' title='bbox 1108 1994 1215 2073; x_wconf 89' lang='lat' dir='ltr'><strong>persio,</strong></span> <span class='ocrx_word' id='word_1_172' title='bbox 1231 2011 1321 2072; x_wconf 87' lang='lat' dir='ltr'><strong>qnam</strong></span> <span class='ocrx_word' id='word_1_173' title='bbox 1334 2012 1420 2073; x_wconf 90' lang='lat' dir='ltr'><strong>qnae,</strong></span> <span class='ocrx_word' id='word_1_174' title='bbox 1436 1991 1524 2053; x_wconf 87' lang='lat' dir='ltr'><strong>modo</strong></span> <span class='ocrx_word' id='word_1_175' title='bbox 1535 1994 1601 2073; x_wconf 87' lang='lat' dir='ltr'><strong>jam</strong></span> <span class='ocrx_word' id='word_1_176' title='bbox 1616 1991 1705 2069; x_wconf 87' lang='lat' dir='ltr'><strong>dieto,</strong></span> <span class='ocrx_word' id='word_1_177' title='bbox 1719 1993 1807 2054; x_wconf 84' lang='lat' dir='ltr'><strong>flerat</strong></span> 
     </span>
     <span class='ocr_line' id='line_1_17' title="bbox 373 2079 1804 2161; baseline 0.002 -22"><span class='ocrx_word' id='word_1_178' title='bbox 373 2079 1054 2155; x_wconf 72' lang='lat' dir='ltr'><strong>mminiateriiaanpuineaimila&#39;teraeper-</strong></span> <span class='ocrx_word' id='word_1_179' title='bbox 1109 2088 1213 2140; x_wconf 90' lang='lat' dir='ltr'><strong>contra</strong></span> <span class='ocrx_word' id='word_1_180' title='bbox 1240 2080 1483 2160; x_wconf 82' lang='lat' dir='ltr'><strong>propitiatorium</strong></span> <span class='ocrx_word' id='word_1_181' title='bbox 1505 2100 1541 2140; x_wconf 86' lang='lat' dir='ltr'><strong>ac</strong></span> <span class='ocrx_word' id='word_1_182' title='bbox 1561 2089 1698 2153; x_wconf 87' lang='lat' dir='ltr'><strong>caetera,</strong></span> <span class='ocrx_word' id='word_1_183' title='bbox 1725 2100 1804 2161; x_wconf 88' lang='lat' dir='ltr'><strong>qnae</strong></span> 
     </span>
     <span class='ocr_line' id='line_1_18' title="bbox 371 2163 1442 2246; baseline 0 -21"><span class='ocrx_word' id='word_1_184' title='bbox 371 2166 410 2225; x_wconf 74' lang='lat' dir='ltr'><strong>aa</strong></span> <span class='ocrx_word' id='word_1_185' title='bbox 436 2166 626 2241; x_wconf 76' lang='lat' dir='ltr'><strong>liiniatcria‘,</strong></span> <span class='ocrx_word' id='word_1_186' title='bbox 653 2163 789 2246; x_wconf 75' lang='lat' dir='ltr'><strong>intellige</strong></span> <span class='ocrx_word' id='word_1_187' title='bbox 813 2168 910 2241; x_wconf 66' lang='lat' dir='ltr'><strong>taem,</strong></span> <span class='ocrx_word' id='word_1_188' title='bbox 937 2164 1055 2227; x_wconf 80' lang='lat' dir='ltr'><strong>Graece</strong></span> <span class='ocrx_word' id='word_1_189' title='bbox 1109 2166 1151 2227; x_wconf 90' lang='lat' dir='ltr'><strong>ibi</strong></span> <span class='ocrx_word' id='word_1_190' title='bbox 1166 2174 1442 2227; x_wconf 82' lang='lat' dir='ltr'><strong>commemorantur.</strong></span> 
     </span>
     <span class='ocr_line' id='line_1_19' title="bbox 372 2245 1804 2333; baseline 0.003 -24"><span class='ocrx_word' id='word_1_191' title='bbox 372 2245 562 2331; x_wconf 73' lang='grc' dir='ltr'><strong>λειτουργίας.</strong></span> <span class='ocrx_word' id='word_1_192' title='bbox 582 2252 840 2314; x_wconf 83' lang='lat' dir='ltr'><strong>Tabernaculum</strong></span> <span class='ocrx_word' id='word_1_193' title='bbox 857 2260 885 2313; x_wconf 81' lang='lat' dir='ltr'><strong>ct</strong></span> <span class='ocrx_word' id='word_1_194' title='bbox 899 2271 977 2314; x_wconf 88' lang='lat' dir='ltr'><strong>vasa</strong></span> <span class='ocrx_word' id='word_1_195' title='bbox 992 2253 1054 2313; x_wconf 81' lang='lat' dir='ltr'><strong>mi·</strong></span> <span class='ocrx_word' id='word_1_196' title='bbox 1152 2253 1251 2314; x_wconf 81' lang='lat' dir='ltr'><strong>Aliter</strong></span> <span class='ocrx_word' id='word_1_197' title='bbox 1266 2274 1338 2333; x_wconf 80' lang='lat' dir='ltr'><strong>argo</strong></span> <span class='ocrx_word' id='word_1_198' title='bbox 1353 2251 1514 2332; x_wconf 76' lang='lat' dir='ltr'><strong>respondet</strong></span> <span class='ocrx_word' id='word_1_199' title='bbox 1531 2252 1561 2314; x_wconf 85' lang='grc'><strong>8.</strong></span> <span class='ocrx_word' id='word_1_200' title='bbox 1578 2253 1723 2328; x_wconf 82' lang='lat' dir='ltr'><strong>Thomas,</strong></span> <span class='ocrx_word' id='word_1_201' title='bbox 1747 2253 1804 2315; x_wconf 88' lang='lat' dir='ltr'><strong>sci-</strong></span> 
     </span>
     <span class='ocr_line' id='line_1_20' title="bbox 372 2336 1805 2422; baseline 0 -21"><span class='ocrx_word' id='word_1_202' title='bbox 372 2340 484 2401; x_wconf 60' lang='lat' dir='ltr'><strong>morte</strong></span> <span class='ocrx_word' id='word_1_203' title='bbox 498 2336 573 2421; x_wconf 91' lang='lat' dir='ltr'><strong>(qno</strong></span> <span class='ocrx_word' id='word_1_204' title='bbox 583 2340 704 2401; x_wconf 91' lang='lat' dir='ltr'><strong>nomine</strong></span> <span class='ocrx_word' id='word_1_205' title='bbox 715 2340 976 2421; x_wconf 89' lang='lat' dir='ltr'><strong>comprehenditur</strong></span> <span class='ocrx_word' id='word_1_206' title='bbox 991 2347 1055 2399; x_wconf 87' lang='lat' dir='ltr'><strong>tota</strong></span> <span class='ocrx_word' id='word_1_207' title='bbox 1106 2338 1181 2401; x_wconf 91' lang='lat' dir='ltr'><strong>licat</strong></span> <span class='ocrx_word' id='word_1_208' title='bbox 1195 2341 1374 2422; x_wconf 79' lang='lat' dir='ltr'><strong>Apostolum</strong></span> <span class='ocrx_word' id='word_1_209' title='bbox 1398 2340 1482 2421; x_wconf 90' lang='lat' dir='ltr'><strong>loqui</strong></span> <span class='ocrx_word' id='word_1_210' title='bbox 1499 2357 1560 2400; x_wconf 91' lang='lat' dir='ltr'><strong>non</strong></span> <span class='ocrx_word' id='word_1_211' title='bbox 1575 2338 1613 2401; x_wconf 91' lang='lat' dir='ltr'><strong>de</strong></span> <span class='ocrx_word' id='word_1_212' title='bbox 1629 2342 1805 2422; x_wconf 83' lang='lat' dir='ltr'><strong>expiatione</strong></span> 
     </span>
     <span class='ocr_line' id='line_1_21' title="bbox 373 2422 1805 2508; baseline 0.005 -22"><span class='ocrx_word' id='word_1_213' title='bbox 373 2422 544 2487; x_wconf 70' lang='lat' dir='ltr'><strong>hlamacmi</strong></span> <span class='ocrx_word' id='word_1_214' title='bbox 570 2422 720 2507; x_wconf 86' lang='lat' dir='ltr'><strong>supellex)</strong></span> <span class='ocrx_word' id='word_1_215' title='bbox 746 2426 879 2489; x_wconf 89' lang='lat' dir='ltr'><strong>nondum</strong></span> <span class='ocrx_word' id='word_1_216' title='bbox 902 2436 987 2488; x_wconf 74' lang='lat' dir='ltr'><strong>amnt</strong></span> <span class='ocrx_word' id='word_1_217' title='bbox 1008 2425 1053 2487; x_wconf 86' lang='lat' dir='ltr'><strong>la·</strong></span> <span class='ocrx_word' id='word_1_218' title='bbox 1108 2427 1309 2503; x_wconf 84' lang='lat' dir='ltr'><strong>tabernaculi,</strong></span> <span class='ocrx_word' id='word_1_219' title='bbox 1332 2446 1412 2508; x_wconf 87' lang='lat' dir='ltr'><strong>quaa</strong></span> <span class='ocrx_word' id='word_1_220' title='bbox 1433 2427 1595 2507; x_wconf 76' lang='lat' dir='ltr'><strong>quotannis</strong></span> <span class='ocrx_word' id='word_1_221' title='bbox 1618 2427 1727 2504; x_wconf 79' lang='lat' dir='ltr'><strong>fiebat3</strong></span> <span class='ocrx_word' id='word_1_222' title='bbox 1748 2425 1805 2493; x_wconf 76' lang='lat' dir='ltr'><strong>sed</strong></span> 
     </span>
     <span class='ocr_line' id='line_1_22' title="bbox 373 2511 1804 2595; baseline 0 -21"><span class='ocrx_word' id='word_1_223' title='bbox 373 2511 482 2587; x_wconf 63' lang='lat' dir='ltr'><strong>licata,</strong></span> <span class='ocrx_word' id='word_1_224' title='bbox 495 2512 619 2594; x_wconf 88' lang='lat' dir='ltr'><strong>qnando</strong></span> <span class='ocrx_word' id='word_1_225' title='bbox 630 2512 731 2574; x_wconf 78' lang='lat' dir='ltr'><strong>Moses</strong></span> <span class='ocrx_word' id='word_1_226' title='bbox 743 2524 831 2575; x_wconf 88' lang='lat' dir='ltr'><strong>vetus</strong></span> <span class='ocrx_word' id='word_1_227' title='bbox 843 2523 1054 2577; x_wconf 85' lang='lat' dir='ltr'><strong>testamentum</strong></span> <span class='ocrx_word' id='word_1_228' title='bbox 1107 2513 1147 2574; x_wconf 90' lang='lat' dir='ltr'><strong>dc</strong></span> <span class='ocrx_word' id='word_1_229' title='bbox 1163 2516 1258 2595; x_wconf 81' lang='lat' dir='ltr'><strong>prima</strong></span> <span class='ocrx_word' id='word_1_230' title='bbox 1270 2517 1340 2595; x_wconf 90' lang='lat' dir='ltr'><strong>ejus</strong></span> <span class='ocrx_word' id='word_1_231' title='bbox 1352 2533 1389 2574; x_wconf 91' lang='lat' dir='ltr'><strong>ac</strong></span> <span class='ocrx_word' id='word_1_232' title='bbox 1400 2533 1542 2576; x_wconf 83' lang='lat' dir='ltr'><strong>vasorum</strong></span> <span class='ocrx_word' id='word_1_233' title='bbox 1557 2513 1804 2575; x_wconf 85' lang='lat' dir='ltr'><strong>sanctificatione.</strong></span> 
     </span>
     <span class='ocr_line' id='line_1_23' title="bbox 375 2596 1804 2683; baseline 0 -22"><span class='ocrx_word' id='word_1_234' title='bbox 375 2596 521 2662; x_wconf 81' lang='lat' dir='ltr'><strong>dedicavit.</strong></span> <span class='ocrx_word' id='word_1_235' title='bbox 551 2600 623 2661; x_wconf 83' lang='lat' dir='ltr'><strong>Non</strong></span> <span class='ocrx_word' id='word_1_236' title='bbox 648 2621 721 2682; x_wconf 75' lang='lat' dir='ltr'><strong>argo</strong></span> <span class='ocrx_word' id='word_1_237' title='bbox 746 2608 818 2662; x_wconf 91' lang='lat' dir='ltr'><strong>tunc</strong></span> <span class='ocrx_word' id='word_1_238' title='bbox 844 2622 881 2663; x_wconf 84' lang='lat' dir='ltr'><strong>aa</strong></span> <span class='ocrx_word' id='word_1_239' title='bbox 907 2602 1054 2682; x_wconf 82' lang='lat' dir='ltr'><strong>sangnine</strong></span> <span class='ocrx_word' id='word_1_240' title='bbox 1108 2601 1198 2682; x_wconf 79' lang='lat' dir='ltr'><strong>Quae</strong></span> <span class='ocrx_word' id='word_1_241' title='bbox 1213 2603 1334 2683; x_wconf 89' lang='lat' dir='ltr'><strong>quidem</strong></span> <span class='ocrx_word' id='word_1_242' title='bbox 1349 2600 1452 2663; x_wconf 76' lang='lat' dir='ltr'><strong>Exodi</strong></span> <span class='ocrx_word' id='word_1_243' title='bbox 1471 2601 1576 2662; x_wconf 88' lang='lat' dir='ltr'><strong>ultimo</strong></span> <span class='ocrx_word' id='word_1_244' title='bbox 1591 2601 1656 2663; x_wconf 85' lang='lat' dir='ltr'><strong>fieri</strong></span> <span class='ocrx_word' id='word_1_245' title='bbox 1674 2601 1804 2679; x_wconf 87' lang='lat' dir='ltr'><strong>jubetur,</strong></span> 
     </span>
     <span class='ocr_line' id='line_1_24' title="bbox 374 2687 1802 2770; baseline -0.001 -21"><span class='ocrx_word' id='word_1_246' title='bbox 374 2694 524 2765; x_wconf 77' lang='lat' dir='ltr'><strong>potuerunt</strong></span> <span class='ocrx_word' id='word_1_247' title='bbox 538 2689 667 2768; x_wconf 82' lang='lat' dir='ltr'><strong>aspergi.</strong></span> <span class='ocrx_word' id='word_1_248' title='bbox 690 2688 802 2749; x_wconf 89' lang='lat' dir='ltr'><strong>Verum</strong></span> <span class='ocrx_word' id='word_1_249' title='bbox 816 2689 910 2749; x_wconf 88' lang='lat' dir='ltr'><strong>sentit</strong></span> <span class='ocrx_word' id='word_1_250' title='bbox 925 2691 1052 2770; x_wconf 81' lang='lat' dir='ltr'><strong>Aposto·</strong></span> <span class='ocrx_word' id='word_1_251' title='bbox 1107 2689 1161 2751; x_wconf 82' lang='lat' dir='ltr'><strong>srd</strong></span> <span class='ocrx_word' id='word_1_252' title='bbox 1177 2689 1276 2750; x_wconf 83' lang='lat' dir='ltr'><strong>Lavit</strong></span> <span class='ocrx_word' id='word_1_253' title='bbox 1292 2691 1331 2763; x_wconf 88' lang='lat'><strong>8.,</strong></span> <span class='ocrx_word' id='word_1_254' title='bbox 1354 2687 1506 2770; x_wconf 90' lang='lat' dir='ltr'><strong>quomodo</strong></span> <span class='ocrx_word' id='word_1_255' title='bbox 1521 2687 1602 2749; x_wconf 83' lang='lat' dir='ltr'><strong>facta</strong></span> <span class='ocrx_word' id='word_1_256' title='bbox 1617 2690 1665 2765; x_wconf 89' lang='lat' dir='ltr'><strong>sit,</strong></span> <span class='ocrx_word' id='word_1_257' title='bbox 1681 2690 1802 2769; x_wconf 87' lang='lat' dir='ltr'><strong>plenius</strong></span> 
     </span>
     <span class='ocr_line' id='line_1_25' title="bbox 374 2770 1804 2857; baseline 0.003 -24"><span class='ocrx_word' id='word_1_258' title='bbox 374 2770 419 2847; x_wconf 86' lang='lat' dir='ltr'><strong>lua,</strong></span> <span class='ocrx_word' id='word_1_259' title='bbox 437 2772 468 2835; x_wconf 94' lang='lat' dir='ltr'><strong>id</strong></span> <span class='ocrx_word' id='word_1_260' title='bbox 489 2773 604 2836; x_wconf 80' lang='lat' dir='ltr'><strong>lactum</strong></span> <span class='ocrx_word' id='word_1_261' title='bbox 628 2795 646 2834; x_wconf 91' lang='lat' dir='ltr'><strong>a</strong></span> <span class='ocrx_word' id='word_1_262' title='bbox 667 2774 762 2849; x_wconf 81' lang='lat' dir='ltr'><strong>Mosa,</strong></span> <span class='ocrx_word' id='word_1_263' title='bbox 782 2783 981 2856; x_wconf 84' lang='lat' dir='ltr'><strong>posteaquam</strong></span> <span class='ocrx_word' id='word_1_264' title='bbox 1002 2775 1055 2836; x_wconf 91' lang='lat' dir='ltr'><strong>illa</strong></span> <span class='ocrx_word' id='word_1_265' title='bbox 1107 2778 1276 2857; x_wconf 86' lang='lat' dir='ltr'><strong>exponitur.</strong></span> <span class='ocrx_word' id='word_1_266' title='bbox 1300 2776 1414 2838; x_wconf 89' lang='lat' dir='ltr'><strong>Probat</strong></span> <span class='ocrx_word' id='word_1_267' title='bbox 1435 2776 1513 2837; x_wconf 87' lang='lat' dir='ltr'><strong>hanc</strong></span> <span class='ocrx_word' id='word_1_268' title='bbox 1528 2795 1613 2836; x_wconf 90' lang='lat' dir='ltr'><strong>suam</strong></span> <span class='ocrx_word' id='word_1_269' title='bbox 1627 2777 1804 2838; x_wconf 87' lang='lat' dir='ltr'><strong>sententiam</strong></span> 
     </span>
     <span class='ocr_line' id='line_1_26' title="bbox 374 2858 1804 2945; baseline 0 -21"><span class='ocrx_word' id='word_1_270' title='bbox 374 2858 504 2924; x_wconf 52' lang='lat' dir='ltr'><strong>&amp;duta</strong></span> <span class='ocrx_word' id='word_1_271' title='bbox 534 2862 662 2924; x_wconf 66' lang='lat' dir='ltr'><strong>marunt-</strong></span> <span class='ocrx_word' id='word_1_272' title='bbox 699 2861 761 2924; x_wconf 84' lang='lat' dir='ltr'><strong>Sad</strong></span> <span class='ocrx_word' id='word_1_273' title='bbox 787 2864 903 2945; x_wconf 61' lang='lat' dir='ltr'><strong>teman),</strong></span> <span class='ocrx_word' id='word_1_274' title='bbox 932 2861 1054 2943; x_wconf 84' lang='lat' dir='ltr'><strong>quando</strong></span> <span class='ocrx_word' id='word_1_275' title='bbox 1107 2863 1142 2923; x_wconf 85' lang='lat' dir='ltr'><strong>B.</strong></span> <span class='ocrx_word' id='word_1_276' title='bbox 1164 2862 1307 2926; x_wconf 80' lang='lat' dir='ltr'><strong>¹l&#39;homas.</strong></span> <span class='ocrx_word' id='word_1_277' title='bbox 1341 2864 1417 2925; x_wconf 82' lang='lat' dir='ltr'><strong>Nam</strong></span> <span class='ocrx_word' id='word_1_278' title='bbox 1439 2863 1495 2940; x_wconf 88' lang='lat' dir='ltr'><strong>ibi,</strong></span> <span class='ocrx_word' id='word_1_279' title='bbox 1523 2864 1633 2945; x_wconf 90' lang='lat' dir='ltr'><strong>inquit,</strong></span> <span class='ocrx_word' id='word_1_280' title='bbox 1656 2863 1695 2925; x_wconf 90' lang='lat' dir='ltr'><strong>da</strong></span> <span class='ocrx_word' id='word_1_281' title='bbox 1716 2863 1804 2925; x_wconf 83' lang='lat' dir='ltr'><strong>Mose</strong></span> 
     </span>
     <span class='ocr_line' id='line_1_27' title="bbox 374 2947 1803 3033; baseline 0.003 -24"><span class='ocrx_word' id='word_1_282' title='bbox 374 2947 471 3009; x_wconf 55' lang='lat' dir='ltr'><strong>mmm</strong></span> <span class='ocrx_word' id='word_1_283' title='bbox 488 2948 587 3024; x_wconf 83' lang='lat' dir='ltr'><strong>luerit,</strong></span> <span class='ocrx_word' id='word_1_284' title='bbox 603 2951 767 3031; x_wconf 86' lang='lat' dir='ltr'><strong>quaeritur.</strong></span> <span class='ocrx_word' id='word_1_285' title='bbox 790 2950 867 3012; x_wconf 85' lang='lat' dir='ltr'><strong>Nam</strong></span> <span class='ocrx_word' id='word_1_286' title='bbox 889 2949 990 3012; x_wconf 79' lang='lat' dir='ltr'><strong>Exodi</strong></span> <span class='ocrx_word' id='word_1_287' title='bbox 1008 2949 1053 3010; x_wconf 90' lang='lat' dir='ltr'><strong>ul·</strong></span> <span class='ocrx_word' id='word_1_288' title='bbox 1107 2949 1229 3025; x_wconf 87' lang='lat' dir='ltr'><strong>dicitur,</strong></span> <span class='ocrx_word' id='word_1_289' title='bbox 1256 2950 1337 3033; x_wconf 89' lang='lat' dir='ltr'><strong>qnod</strong></span> <span class='ocrx_word' id='word_1_290' title='bbox 1361 2953 1448 3013; x_wconf 88' lang='lat' dir='ltr'><strong>unxit</strong></span> <span class='ocrx_word' id='word_1_291' title='bbox 1470 2950 1695 3012; x_wconf 87' lang='lat' dir='ltr'><strong>tabernaculum</strong></span> <span class='ocrx_word' id='word_1_292' title='bbox 1716 2950 1803 3027; x_wconf 86' lang='lat' dir='ltr'><strong>oleo;</strong></span> 
     </span>
     <span class='ocr_line' id='line_1_28' title="bbox 375 3035 1804 3120; baseline 0 -22"><span class='ocrx_word' id='word_1_293' title='bbox 375 3036 440 3109; x_wconf 75' lang='lat' dir='ltr'><strong>fimo,</strong></span> <span class='ocrx_word' id='word_1_294' title='bbox 453 3038 506 3099; x_wconf 88' lang='lat' dir='ltr'><strong>ubi</strong></span> <span class='ocrx_word' id='word_1_295' title='bbox 516 3036 743 3098; x_wconf 88' lang='lat' dir='ltr'><strong>tabernaculum</strong></span> <span class='ocrx_word' id='word_1_296' title='bbox 755 3035 933 3119; x_wconf 80' lang='lat' dir='ltr'><strong>erigendum</strong></span> <span class='ocrx_word' id='word_1_297' title='bbox 944 3045 973 3098; x_wconf 89' lang='lat' dir='ltr'><strong>et</strong></span> <span class='ocrx_word' id='word_1_298' title='bbox 984 3058 1052 3098; x_wconf 92' lang='lat' dir='ltr'><strong>con·</strong></span> <span class='ocrx_word' id='word_1_299' title='bbox 1108 3044 1138 3097; x_wconf 87' lang='lat' dir='ltr'><strong>at</strong></span> <span class='ocrx_word' id='word_1_300' title='bbox 1160 3047 1273 3117; x_wconf 89' lang='lat' dir='ltr'><strong>postea,</strong></span> <span class='ocrx_word' id='word_1_301' title='bbox 1297 3038 1379 3120; x_wconf 88' lang='lat' dir='ltr'><strong>qnod</strong></span> <span class='ocrx_word' id='word_1_302' title='bbox 1402 3039 1539 3118; x_wconf 77' lang='lat' dir='ltr'><strong>aspersit</strong></span> <span class='ocrx_word' id='word_1_303' title='bbox 1571 3036 1678 3099; x_wconf 89' lang='lat' dir='ltr'><strong>Olaum</strong></span> <span class='ocrx_word' id='word_1_304' title='bbox 1701 3047 1804 3099; x_wconf 82' lang='lat' dir='ltr'><strong>autem</strong></span> 
     </span>
     <span class='ocr_line' id='line_1_29' title="bbox 376 3123 1803 3207; baseline 0.001 -22"><span class='ocrx_word' id='word_1_305' title='bbox 376 3125 538 3185; x_wconf 77' lang='lat' dir='ltr'><strong>natandum</strong></span> <span class='ocrx_word' id='word_1_306' title='bbox 548 3125 742 3206; x_wconf 85' lang='lat' dir='ltr'><strong>praecipitur,</strong></span> <span class='ocrx_word' id='word_1_307' title='bbox 755 3144 811 3186; x_wconf 90' lang='lat' dir='ltr'><strong>nec</strong></span> <span class='ocrx_word' id='word_1_308' title='bbox 823 3126 987 3205; x_wconf 69' lang='lat' dir='ltr'><strong>sanguinis,</strong></span> <span class='ocrx_word' id='word_1_309' title='bbox 998 3144 1055 3186; x_wconf 91' lang='lat' dir='ltr'><strong>nec</strong></span> <span class='ocrx_word' id='word_1_310' title='bbox 1108 3144 1168 3185; x_wconf 92' lang='lat' dir='ltr'><strong>non</strong></span> <span class='ocrx_word' id='word_1_311' title='bbox 1180 3135 1228 3185; x_wconf 88' lang='lat' dir='ltr'><strong>ast</strong></span> <span class='ocrx_word' id='word_1_312' title='bbox 1239 3127 1433 3207; x_wconf 86' lang='lat' dir='ltr'><strong>asparsivnm.</strong></span> <span class='ocrx_word' id='word_1_313' title='bbox 1449 3123 1540 3187; x_wconf 90' lang='lat' dir='ltr'><strong>Unde</strong></span> <span class='ocrx_word' id='word_1_314' title='bbox 1552 3125 1705 3206; x_wconf 78' lang='lat' dir='ltr'><strong>intelligit,</strong></span> <span class='ocrx_word' id='word_1_315' title='bbox 1720 3125 1803 3206; x_wconf 89' lang='lat' dir='ltr'><strong>qnod</strong></span> 
     </span>
     <span class='ocr_line' id='line_1_30' title="bbox 377 3209 1801 3293; baseline 0.002 -22"><span class='ocrx_word' id='word_1_316' title='bbox 377 3212 543 3290; x_wconf 55' lang='lat' dir='ltr'><strong>mersionis</strong></span> <span class='ocrx_word' id='word_1_317' title='bbox 558 3210 622 3271; x_wconf 92' lang='lat' dir='ltr'><strong>nlla</strong></span> <span class='ocrx_word' id='word_1_318' title='bbox 641 3211 673 3272; x_wconf 81' lang='lat' dir='ltr'><strong>fis</strong></span> <span class='ocrx_word' id='word_1_319' title='bbox 686 3213 808 3286; x_wconf 90' lang='lat' dir='ltr'><strong>mentio,</strong></span> <span class='ocrx_word' id='word_1_320' title='bbox 831 3209 884 3272; x_wconf 93' lang='lat' dir='ltr'><strong>sad</strong></span> <span class='ocrx_word' id='word_1_321' title='bbox 906 3214 1054 3273; x_wconf 87' lang='lat' dir='ltr'><strong>unctionis</strong></span> <span class='ocrx_word' id='word_1_322' title='bbox 1108 3213 1204 3291; x_wconf 92' lang='lat' dir='ltr'><strong>primo</strong></span> <span class='ocrx_word' id='word_1_323' title='bbox 1219 3216 1307 3273; x_wconf 85' lang='lat' dir='ltr'><strong>unxit</strong></span> <span class='ocrx_word' id='word_1_324' title='bbox 1321 3211 1403 3285; x_wconf 91' lang='lat' dir='ltr'><strong>illud,</strong></span> <span class='ocrx_word' id='word_1_325' title='bbox 1426 3220 1457 3272; x_wconf 91' lang='lat' dir='ltr'><strong>et</strong></span> <span class='ocrx_word' id='word_1_326' title='bbox 1472 3221 1579 3292; x_wconf 85' lang='lat' dir='ltr'><strong>postea</strong></span> <span class='ocrx_word' id='word_1_327' title='bbox 1594 3214 1719 3293; x_wconf 85' lang='lat' dir='ltr'><strong>aspersit</strong></span> <span class='ocrx_word' id='word_1_328' title='bbox 1734 3231 1801 3274; x_wconf 90' lang='lat' dir='ltr'><strong>san·</strong></span> 
     </span>
     <span class='ocr_line' id='line_1_31' title="bbox 377 3296 1759 3380; baseline 0 -22"><span class='ocrx_word' id='word_1_329' title='bbox 377 3301 489 3370; x_wconf 71' lang='lat' dir='ltr'><strong>hatum,</strong></span> <span class='ocrx_word' id='word_1_330' title='bbox 516 3316 598 3378; x_wconf 89' lang='lat' dir='ltr'><strong>qnae</strong></span> <span class='ocrx_word' id='word_1_331' title='bbox 618 3298 709 3360; x_wconf 83' lang='lat' dir='ltr'><strong>fiebat</strong></span> <span class='ocrx_word' id='word_1_332' title='bbox 734 3296 809 3359; x_wconf 88' lang='lat' dir='ltr'><strong>oleo.</strong></span> <span class='ocrx_word' id='word_1_333' title='bbox 843 3297 956 3361; x_wconf 89' lang='lat' dir='ltr'><strong>Putant</strong></span> <span class='ocrx_word' id='word_1_334' title='bbox 980 3319 1051 3359; x_wconf 91' lang='lat' dir='ltr'><strong>non·</strong></span> <span class='ocrx_word' id='word_1_335' title='bbox 1107 3299 1209 3379; x_wconf 75' lang='lat' dir='ltr'><strong>guina.</strong></span> <span class='ocrx_word' id='word_1_336' title='bbox 1236 3300 1286 3360; x_wconf 90' lang='lat' dir='ltr'><strong>Sic</strong></span> <span class='ocrx_word' id='word_1_337' title='bbox 1303 3299 1364 3372; x_wconf 89' lang='lat' dir='ltr'><strong>ille,</strong></span> <span class='ocrx_word' id='word_1_338' title='bbox 1380 3318 1471 3378; x_wconf 88' lang='lat' dir='ltr'><strong>quem</strong></span> <span class='ocrx_word' id='word_1_339' title='bbox 1487 3298 1598 3359; x_wconf 72' lang='lat' dir='ltr'><strong>Rsssera</strong></span> <span class='ocrx_word' id='word_1_340' title='bbox 1613 3301 1759 3380; x_wconf 87' lang='lat' dir='ltr'><strong>seqnitur.</strong></span> 
     </span>
     <span class='ocr_line' id='line_1_32' title="bbox 378 3381 1804 3466; baseline 0 -22"><span class='ocrx_word' id='word_1_341' title='bbox 378 3381 603 3466; x_wconf 65' lang='lat' dir='ltr'><strong>albraapicera</strong></span> <span class='ocrx_word' id='word_1_342' title='bbox 614 3385 792 3465; x_wconf 81' lang='lat' dir='ltr'><strong>Apostolum</strong></span> <span class='ocrx_word' id='word_1_343' title='bbox 804 3383 950 3447; x_wconf 88' lang='lat' dir='ltr'><strong>adlooum</strong></span> <span class='ocrx_word' id='word_1_344' title='bbox 962 3386 1052 3447; x_wconf 85' lang='lat' dir='ltr'><strong>Num.</strong></span> <span class='ocrx_word' id='word_1_345' title='bbox 1151 3383 1194 3445; x_wconf 78' lang='lat' dir='ltr'><strong>At</strong></span> <span class='ocrx_word' id='word_1_346' title='bbox 1215 3386 1302 3447; x_wconf 91' lang='lat' dir='ltr'><strong>nobis</strong></span> <span class='ocrx_word' id='word_1_347' title='bbox 1324 3385 1401 3445; x_wconf 89' lang='lat' dir='ltr'><strong>baec</strong></span> <span class='ocrx_word' id='word_1_348' title='bbox 1420 3387 1569 3445; x_wconf 87' lang='lat' dir='ltr'><strong>sententia</strong></span> <span class='ocrx_word' id='word_1_349' title='bbox 1585 3405 1656 3445; x_wconf 87' lang='lat' dir='ltr'><strong>vera</strong></span> <span class='ocrx_word' id='word_1_350' title='bbox 1677 3384 1804 3466; x_wconf 86' lang='lat' dir='ltr'><strong>qnidam</strong></span> 
     </span>
     <span class='ocr_line' id='line_1_33' title="bbox 383 3469 1803 3552; baseline 0.001 -22"><span class='ocrx_word' id='word_1_351' title='bbox 383 3471 423 3544; x_wconf 76' lang='lat' dir='ltr'><strong>lb,</strong></span> <span class='ocrx_word' id='word_1_352' title='bbox 444 3471 494 3532; x_wconf 91' lang='lat' dir='ltr'><strong>nbi</strong></span> <span class='ocrx_word' id='word_1_353' title='bbox 519 3473 700 3552; x_wconf 87' lang='lat' dir='ltr'><strong>praecipitur</strong></span> <span class='ocrx_word' id='word_1_354' title='bbox 721 3473 871 3534; x_wconf 74' lang='lat' dir='ltr'><strong>Eleaaaro</strong></span> <span class='ocrx_word' id='word_1_355' title='bbox 893 3472 1052 3546; x_wconf 86' lang='lat' dir='ltr'><strong>sacerdoti,</strong></span> <span class='ocrx_word' id='word_1_356' title='bbox 1107 3470 1243 3546; x_wconf 82' lang='lat' dir='ltr'><strong>videtur,</strong></span> <span class='ocrx_word' id='word_1_357' title='bbox 1271 3470 1324 3534; x_wconf 88' lang='lat' dir='ltr'><strong>sad</strong></span> <span class='ocrx_word' id='word_1_358' title='bbox 1348 3492 1408 3533; x_wconf 89' lang='lat' dir='ltr'><strong>non</strong></span> <span class='ocrx_word' id='word_1_359' title='bbox 1430 3471 1527 3532; x_wconf 85' lang='lat' dir='ltr'><strong>solide</strong></span> <span class='ocrx_word' id='word_1_360' title='bbox 1553 3472 1688 3552; x_wconf 89' lang='lat' dir='ltr'><strong>probata.</strong></span> <span class='ocrx_word' id='word_1_361' title='bbox 1711 3469 1803 3552; x_wconf 79' lang='lat' dir='ltr'><strong>Quod</strong></span> 
     </span>
     <span class='ocr_line' id='line_1_34' title="bbox 380 3557 1803 3641; baseline 0.003 -26"><span class='ocrx_word' id='word_1_362' title='bbox 380 3558 494 3619; x_wconf 73' lang='lat' dir='ltr'><strong>uincto</strong></span> <span class='ocrx_word' id='word_1_363' title='bbox 506 3557 601 3639; x_wconf 78' lang='lat' dir='ltr'><strong>digito</strong></span> <span class='ocrx_word' id='word_1_364' title='bbox 615 3561 803 3640; x_wconf 76' lang='lat' dir='ltr'><strong>insanguine</strong></span> <span class='ocrx_word' id='word_1_365' title='bbox 815 3562 1053 3641; x_wconf 81' lang='lat' dir='ltr'><strong>raceaasepties</strong></span> <span class='ocrx_word' id='word_1_366' title='bbox 1107 3561 1188 3620; x_wconf 89' lang='lat' dir='ltr'><strong>enim</strong></span> <span class='ocrx_word' id='word_1_367' title='bbox 1203 3558 1328 3620; x_wconf 88' lang='lat' dir='ltr'><strong>dicitur:</strong></span> <span class='ocrx_word' id='word_1_368' title='bbox 1344 3561 1491 3636; x_wconf 81' lang='lat' dir='ltr'><strong>aspersit,</strong></span> <span class='ocrx_word' id='word_1_369' title='bbox 1507 3560 1533 3619; x_wconf 91' lang='lat' dir='ltr'><strong>si</strong></span> <span class='ocrx_word' id='word_1_370' title='bbox 1548 3557 1661 3620; x_wconf 59' lang='lat' dir='ltr'><strong>ionum</strong></span> <span class='ocrx_word' id='word_1_371' title='bbox 1675 3559 1803 3620; x_wconf 84' lang='lat' dir='ltr'><strong>Hebrai-</strong></span> 
     </span>
     <span class='ocr_line' id='line_1_35' title="bbox 382 3644 1802 3724; baseline 0.001 -19"><span class='ocrx_word' id='word_1_372' title='bbox 382 3653 497 3724; x_wconf 70' lang='lat' dir='ltr'><strong>repages</strong></span> <span class='ocrx_word' id='word_1_373' title='bbox 513 3653 618 3706; x_wconf 73' lang='lat' dir='ltr'><strong>centn</strong></span> <span class='ocrx_word' id='word_1_374' title='bbox 632 3646 711 3707; x_wconf 84' lang='lat' dir='ltr'><strong>laras</strong></span> <span class='ocrx_word' id='word_1_375' title='bbox 728 3645 923 3708; x_wconf 84' lang='lat' dir='ltr'><strong>tabernaculi.</strong></span> <span class='ocrx_word' id='word_1_376' title='bbox 1107 3664 1174 3708; x_wconf 86' lang='lat' dir='ltr'><strong>cnm</strong></span> <span class='ocrx_word' id='word_1_377' title='bbox 1190 3645 1388 3721; x_wconf 84' lang='lat' dir='ltr'><strong>consulamus,</strong></span> <span class='ocrx_word' id='word_1_378' title='bbox 1405 3647 1590 3707; x_wconf 76' lang='lat' dir='ltr'><strong>inveniemus</strong></span> <span class='ocrx_word' id='word_1_379' title='bbox 1604 3646 1644 3707; x_wconf 91' lang='lat' dir='ltr'><strong>da</strong></span> <span class='ocrx_word' id='word_1_380' title='bbox 1656 3645 1722 3707; x_wconf 91' lang='lat' dir='ltr'><strong>oleo</strong></span> <span class='ocrx_word' id='word_1_381' title='bbox 1734 3644 1802 3718; x_wconf 87' lang='lat' dir='ltr'><strong>dici,</strong></span> 
     </span>
     <span class='ocr_line' id='line_1_36' title="bbox 410 3729 1805 3813; baseline 0.004 -22"><span class='ocrx_word' id='word_1_382' title='bbox 410 3729 510 3793; x_wconf 79' lang='lat' dir='ltr'><strong>Varum</strong></span> <span class='ocrx_word' id='word_1_383' title='bbox 540 3732 640 3811; x_wconf 86' lang='lat' dir='ltr'><strong>rejicit</strong></span> <span class='ocrx_word' id='word_1_384' title='bbox 668 3732 725 3794; x_wconf 91' lang='lat' dir='ltr'><strong>hoc</strong></span> <span class='ocrx_word' id='word_1_385' title='bbox 753 3733 787 3793; x_wconf 90' lang='lat' dir='ltr'><strong>B.</strong></span> <span class='ocrx_word' id='word_1_386' title='bbox 815 3733 968 3811; x_wconf 72' lang='lat' dir='ltr'><strong>Thomas,</strong></span> <span class='ocrx_word' id='word_1_387' title='bbox 997 3753 1053 3795; x_wconf 89' lang='lat' dir='ltr'><strong>nec</strong></span> <span class='ocrx_word' id='word_1_388' title='bbox 1107 3753 1168 3793; x_wconf 91' lang='lat' dir='ltr'><strong>non</strong></span> <span class='ocrx_word' id='word_1_389' title='bbox 1183 3732 1222 3793; x_wconf 91' lang='lat' dir='ltr'><strong>de</strong></span> <span class='ocrx_word' id='word_1_390' title='bbox 1236 3735 1394 3813; x_wconf 77' lang='lat' dir='ltr'><strong>sanguine.</strong></span> <span class='ocrx_word' id='word_1_391' title='bbox 1421 3734 1471 3796; x_wconf 84' lang='lat' dir='ltr'><strong>Sic</strong></span> <span class='ocrx_word' id='word_1_392' title='bbox 1493 3735 1572 3793; x_wconf 91' lang='lat' dir='ltr'><strong>enim</strong></span> <span class='ocrx_word' id='word_1_393' title='bbox 1594 3732 1737 3794; x_wconf 84' lang='lat' dir='ltr'><strong>habetur:</strong></span> <span class='ocrx_word' id='word_1_394' title='bbox 1760 3734 1805 3796; x_wconf 76' lang='lat' dir='ltr'><strong>st</strong></span> 
     </span>
     <span class='ocr_line' id='line_1_37' title="bbox 382 3813 1805 3901; baseline 0.004 -24"><span class='ocrx_word' id='word_1_395' title='bbox 382 3813 427 3877; x_wconf 74' lang='lat' dir='ltr'><strong>lna</strong></span> <span class='ocrx_word' id='word_1_396' title='bbox 438 3819 563 3892; x_wconf 84' lang='lat' dir='ltr'><strong>ratione,</strong></span> <span class='ocrx_word' id='word_1_397' title='bbox 585 3821 725 3899; x_wconf 84' lang='lat' dir='ltr'><strong>quamvis</strong></span> <span class='ocrx_word' id='word_1_398' title='bbox 745 3822 891 3880; x_wconf 86' lang='lat' dir='ltr'><strong>rationem</strong></span> <span class='ocrx_word' id='word_1_399' title='bbox 913 3824 979 3901; x_wconf 88' lang='lat' dir='ltr'><strong>ipse</strong></span> <span class='ocrx_word' id='word_1_400' title='bbox 992 3841 1053 3882; x_wconf 92' lang='lat' dir='ltr'><strong>non</strong></span> <span class='ocrx_word' id='word_1_401' title='bbox 1107 3824 1227 3896; x_wconf 83' lang='lat' dir='ltr'><strong>accepit</strong></span> <span class='ocrx_word' id='word_1_402' title='bbox 1241 3822 1342 3882; x_wconf 81' lang='lat' dir='ltr'><strong>Mores</strong></span> <span class='ocrx_word' id='word_1_403' title='bbox 1357 3821 1461 3882; x_wconf 82' lang='lat' dir='ltr'><strong>oleum</strong></span> <span class='ocrx_word' id='word_1_404' title='bbox 1476 3822 1649 3896; x_wconf 79' lang='lat' dir='ltr'><strong>unctionis,</strong></span> <span class='ocrx_word' id='word_1_405' title='bbox 1665 3828 1694 3881; x_wconf 79' lang='lat' dir='ltr'><strong>et</strong></span> <span class='ocrx_word' id='word_1_406' title='bbox 1709 3823 1805 3883; x_wconf 73' lang='lat' dir='ltr'><strong>uncti</strong></span> 
     </span>
     <span class='ocr_line' id='line_1_38' title="bbox 383 3899 1803 3988; baseline 0.003 -23"><span class='ocrx_word' id='word_1_407' title='bbox 383 3899 536 3981; x_wconf 56' lang='lat' dir='ltr'><strong>duruerit.</strong></span> <span class='ocrx_word' id='word_1_408' title='bbox 559 3905 630 3967; x_wconf 80' lang='lat' dir='ltr'><strong>Una</strong></span> <span class='ocrx_word' id='word_1_409' title='bbox 644 3908 720 3967; x_wconf 88' lang='lat' dir='ltr'><strong>ratio</strong></span> <span class='ocrx_word' id='word_1_410' title='bbox 737 3914 790 3979; x_wconf 81' lang='lat' dir='ltr'><strong>eet,</strong></span> <span class='ocrx_word' id='word_1_411' title='bbox 807 3908 879 3988; x_wconf 87' lang='lat' dir='ltr'><strong>qnia</strong></span> <span class='ocrx_word' id='word_1_412' title='bbox 893 3907 995 3969; x_wconf 83' lang='lat' dir='ltr'><strong>Moses</strong></span> <span class='ocrx_word' id='word_1_413' title='bbox 1010 3908 1052 3969; x_wconf 91' lang='lat' dir='ltr'><strong>ibi</strong></span> <span class='ocrx_word' id='word_1_414' title='bbox 1107 3906 1352 3970; x_wconf 80' lang='lat' dir='ltr'><strong>tabernaculum</strong></span> <span class='ocrx_word' id='word_1_415' title='bbox 1367 3916 1397 3968; x_wconf 84' lang='lat' dir='ltr'><strong>ct</strong></span> <span class='ocrx_word' id='word_1_416' title='bbox 1411 3910 1531 3984; x_wconf 85' lang='lat' dir='ltr'><strong>omnia,</strong></span> <span class='ocrx_word' id='word_1_417' title='bbox 1555 3926 1636 3984; x_wconf 82' lang='lat' dir='ltr'><strong>quac</strong></span> <span class='ocrx_word' id='word_1_418' title='bbox 1651 3910 1687 3968; x_wconf 79' lang='lat' dir='ltr'><strong>in</strong></span> <span class='ocrx_word' id='word_1_419' title='bbox 1702 3926 1749 3983; x_wconf 86' lang='lat' dir='ltr'><strong>co,</strong></span> <span class='ocrx_word' id='word_1_420' title='bbox 1773 3915 1803 3968; x_wconf 85' lang='lat' dir='ltr'><strong>ct</strong></span> 
     </span>
     <span class='ocr_line' id='line_1_39' title="bbox 382 3992 1805 4074; baseline 0.003 -22"><span class='ocrx_word' id='word_1_421' title='bbox 382 4003 424 4052; x_wconf 76' lang='lat' dir='ltr'><strong>too</strong></span> <span class='ocrx_word' id='word_1_422' title='bbox 441 3994 584 4073; x_wconf 75' lang='lat' dir='ltr'><strong>aspergit,</strong></span> <span class='ocrx_word' id='word_1_423' title='bbox 608 3992 662 4054; x_wconf 89' lang='lat' dir='ltr'><strong>sed</strong></span> <span class='ocrx_word' id='word_1_424' title='bbox 687 3992 840 4074; x_wconf 85' lang='lat' dir='ltr'><strong>pontiiex;</strong></span> <span class='ocrx_word' id='word_1_425' title='bbox 866 3994 917 4054; x_wconf 87' lang='lat' dir='ltr'><strong>hic</strong></span> <span class='ocrx_word' id='word_1_426' title='bbox 942 4004 1052 4070; x_wconf 88' lang='lat' dir='ltr'><strong>autem,</strong></span> <span class='ocrx_word' id='word_1_427' title='bbox 1106 3994 1320 4071; x_wconf 71' lang='lat' dir='ltr'><strong>sanctificavit</strong></span> <span class='ocrx_word' id='word_1_428' title='bbox 1335 4012 1381 4057; x_wconf 88' lang='lat' dir='ltr'><strong>ea.</strong></span> <span class='ocrx_word' id='word_1_429' title='bbox 1405 3996 1448 4056; x_wconf 79' lang='lat' dir='ltr'><strong>Et</strong></span> <span class='ocrx_word' id='word_1_430' title='bbox 1463 3997 1596 4073; x_wconf 64' lang='lat' dir='ltr'><strong>mersit</strong></span> <span class='ocrx_word' id='word_1_431' title='bbox 1608 4012 1646 4056; x_wconf 79' lang='lat' dir='ltr'><strong>ec</strong></span> <span class='ocrx_word' id='word_1_432' title='bbox 1658 4013 1694 4057; x_wconf 86' lang='lat' dir='ltr'><strong>co</strong></span> <span class='ocrx_word' id='word_1_433' title='bbox 1708 4013 1805 4072; x_wconf 80' lang='lat' dir='ltr'><strong>napea·</strong></span> 
     </span>
     <span class='ocr_line' id='line_1_40' title="bbox 382 4077 1803 4164; baseline 0.005 -29"><span class='ocrx_word' id='word_1_434' title='bbox 382 4077 434 4152; x_wconf 79' lang='lat' dir='ltr'><strong>qaid</strong></span> <span class='ocrx_word' id='word_1_435' title='bbox 446 4079 545 4141; x_wconf 79' lang='lat' dir='ltr'><strong>liores</strong></span> <span class='ocrx_word' id='word_1_436' title='bbox 561 4080 674 4154; x_wconf 74' lang='lat' dir='ltr'><strong>leuant,</strong></span> <span class='ocrx_word' id='word_1_437' title='bbox 688 4089 835 4142; x_wconf 84' lang='lat' dir='ltr'><strong>narratur.</strong></span> <span class='ocrx_word' id='word_1_438' title='bbox 851 4080 963 4155; x_wconf 80' lang='lat' dir='ltr'><strong>Altera,</strong></span> <span class='ocrx_word' id='word_1_439' title='bbox 978 4102 1051 4164; x_wconf 90' lang='lat' dir='ltr'><strong>quo·</strong></span> <span class='ocrx_word' id='word_1_440' title='bbox 1106 4082 1210 4142; x_wconf 79' lang='lat' dir='ltr'><strong>altare</strong></span> <span class='ocrx_word' id='word_1_441' title='bbox 1236 4090 1351 4159; x_wconf 84' lang='lat' dir='ltr'><strong>septem</strong></span> <span class='ocrx_word' id='word_1_442' title='bbox 1376 4082 1504 4157; x_wconf 77' lang='lat' dir='ltr'><strong>vicibus,</strong></span> <span class='ocrx_word' id='word_1_443' title='bbox 1529 4088 1559 4143; x_wconf 83' lang='lat' dir='ltr'><strong>ct</strong></span> <span class='ocrx_word' id='word_1_444' title='bbox 1579 4085 1675 4143; x_wconf 76' lang='lat' dir='ltr'><strong>enuit</strong></span> <span class='ocrx_word' id='word_1_445' title='bbox 1697 4081 1803 4143; x_wconf 83' lang='lat' dir='ltr'><strong>altare</strong></span> 
     </span>
     <span class='ocr_line' id='line_1_41' title="bbox 382 4161 1802 4249; baseline 0.003 -23"><span class='ocrx_word' id='word_1_446' title='bbox 382 4161 440 4225; x_wconf 71' lang='lat' dir='ltr'><strong>dam</strong></span> <span class='ocrx_word' id='word_1_447' title='bbox 454 4165 507 4227; x_wconf 88' lang='lat' dir='ltr'><strong>illo</strong></span> <span class='ocrx_word' id='word_1_448' title='bbox 521 4167 598 4239; x_wconf 87' lang='lat' dir='ltr'><strong>loco,</strong></span> <span class='ocrx_word' id='word_1_449' title='bbox 623 4174 834 4248; x_wconf 82' lang='lat' dir='ltr'><strong>praeterquam</strong></span> <span class='ocrx_word' id='word_1_450' title='bbox 850 4168 933 4249; x_wconf 90' lang='lat' dir='ltr'><strong>quod</strong></span> <span class='ocrx_word' id='word_1_451' title='bbox 948 4169 987 4229; x_wconf 91' lang='lat' dir='ltr'><strong>da</strong></span> <span class='ocrx_word' id='word_1_452' title='bbox 1000 4189 1051 4232; x_wconf 78' lang='lat' dir='ltr'><strong>ra·</strong></span> <span class='ocrx_word' id='word_1_453' title='bbox 1106 4175 1137 4228; x_wconf 83' lang='lat' dir='ltr'><strong>et</strong></span> <span class='ocrx_word' id='word_1_454' title='bbox 1151 4172 1262 4229; x_wconf 84' lang='lat' dir='ltr'><strong>omnia</strong></span> <span class='ocrx_word' id='word_1_455' title='bbox 1277 4188 1354 4230; x_wconf 82' lang='lat' dir='ltr'><strong>vasa</strong></span> <span class='ocrx_word' id='word_1_456' title='bbox 1370 4171 1437 4244; x_wconf 71' lang='lat' dir='ltr'><strong>ejus</strong></span> <span class='ocrx_word' id='word_1_457' title='bbox 1452 4177 1506 4230; x_wconf 83' lang='lat' dir='ltr'><strong>etc</strong></span> <span class='ocrx_word' id='word_1_458' title='bbox 1539 4169 1600 4230; x_wconf 91' lang='lat' dir='ltr'><strong>Ubi</strong></span> <span class='ocrx_word' id='word_1_459' title='bbox 1614 4169 1802 4231; x_wconf 74' lang='lat' dir='ltr'><strong>manifestum</strong></span> 
     </span>
     <span class='ocr_line' id='line_1_42' title="bbox 379 4246 1803 4339; baseline 0.006 -31"><span class='ocrx_word' id='word_1_460' title='bbox 379 4246 572 4315; x_wconf 72' lang='lat' dir='ltr'><strong>obministerii</strong></span> <span class='ocrx_word' id='word_1_461' title='bbox 588 4253 661 4315; x_wconf 90' lang='lat' dir='ltr'><strong>nihil</strong></span> <span class='ocrx_word' id='word_1_462' title='bbox 678 4254 796 4329; x_wconf 85' lang='lat' dir='ltr'><strong>dicitur,</strong></span> <span class='ocrx_word' id='word_1_463' title='bbox 811 4254 866 4315; x_wconf 89' lang='lat' dir='ltr'><strong>sed</strong></span> <span class='ocrx_word' id='word_1_464' title='bbox 881 4263 996 4317; x_wconf 76' lang='lat' dir='ltr'><strong>tantum</strong></span> <span class='ocrx_word' id='word_1_465' title='bbox 1013 4257 1052 4316; x_wconf 87' lang='lat' dir='ltr'><strong>do</strong></span> <span class='ocrx_word' id='word_1_466' title='bbox 1106 4261 1160 4327; x_wconf 87' lang='lat' dir='ltr'><strong>est,</strong></span> <span class='ocrx_word' id='word_1_467' title='bbox 1175 4256 1267 4316; x_wconf 88' lang='lat' dir='ltr'><strong>illud:</strong></span> <span class='ocrx_word' id='word_1_468' title='bbox 1283 4275 1322 4318; x_wconf 80' lang='lat' dir='ltr'><strong>ec·</strong></span> <span class='ocrx_word' id='word_1_469' title='bbox 1336 4275 1382 4332; x_wconf 86' lang='lat' dir='ltr'><strong>co,</strong></span> <span class='ocrx_word' id='word_1_470' title='bbox 1400 4256 1482 4335; x_wconf 88' lang='lat' dir='ltr'><strong>qnod</strong></span> <span class='ocrx_word' id='word_1_471' title='bbox 1497 4255 1641 4338; x_wconf 80' lang='lat' dir='ltr'><strong>vulgatus</strong></span> <span class='ocrx_word' id='word_1_472' title='bbox 1656 4260 1803 4339; x_wconf 74' lang='lat' dir='ltr'><strong>interpres</strong></span> 
     </span>
     <span class='ocr_line' id='line_1_43' title="bbox 378 4333 1801 4421; baseline 0.001 -19"><span class='ocrx_word' id='word_1_473' title='bbox 378 4333 543 4402; x_wconf 56' lang='lat' dir='ltr'><strong>Manli</strong></span> <span class='ocrx_word' id='word_1_474' title='bbox 565 4340 689 4414; x_wconf 83' lang='lat' dir='ltr'><strong>loribus,</strong></span> <span class='ocrx_word' id='word_1_475' title='bbox 711 4341 880 4421; x_wconf 80' lang='lat' dir='ltr'><strong>etquidem</strong></span> <span class='ocrx_word' id='word_1_476' title='bbox 896 4342 990 4404; x_wconf 82' lang='lat' dir='ltr'><strong>verba</strong></span> <span class='ocrx_word' id='word_1_477' title='bbox 1005 4362 1050 4403; x_wconf 90' lang='lat' dir='ltr'><strong>so·</strong></span> <span class='ocrx_word' id='word_1_478' title='bbox 1106 4342 1222 4416; x_wconf 88' lang='lat' dir='ltr'><strong>omisit,</strong></span> <span class='ocrx_word' id='word_1_479' title='bbox 1251 4344 1307 4405; x_wconf 92' lang='lat' dir='ltr'><strong>sed</strong></span> <span class='ocrx_word' id='word_1_480' title='bbox 1334 4344 1444 4404; x_wconf 90' lang='lat' dir='ltr'><strong>caeteri</strong></span> <span class='ocrx_word' id='word_1_481' title='bbox 1470 4343 1682 4419; x_wconf 79' lang='lat' dir='ltr'><strong>reddiderunt,</strong></span> <span class='ocrx_word' id='word_1_482' title='bbox 1713 4347 1801 4404; x_wconf 85' lang='lat' dir='ltr'><strong>etiam</strong></span> 
     </span>
     <span class='ocr_line' id='line_1_44' title="bbox 375 4426 1802 4513; baseline 0.003 -26"><span class='ocrx_word' id='word_1_483' title='bbox 375 4435 443 4501; x_wconf 78' lang='lat' dir='ltr'><strong>tant,</strong></span> <span class='ocrx_word' id='word_1_484' title='bbox 470 4449 533 4489; x_wconf 90' lang='lat' dir='ltr'><strong>non</strong></span> <span class='ocrx_word' id='word_1_485' title='bbox 558 4437 661 4490; x_wconf 65' lang='lat' dir='ltr'><strong>nmen</strong></span> <span class='ocrx_word' id='word_1_486' title='bbox 686 4426 717 4488; x_wconf 91' lang='lat' dir='ltr'><strong>id</strong></span> <span class='ocrx_word' id='word_1_487' title='bbox 743 4429 943 4509; x_wconf 75' lang='lat' dir='ltr'><strong>significatur,</strong></span> <span class='ocrx_word' id='word_1_488' title='bbox 970 4428 1052 4509; x_wconf 90' lang='lat' dir='ltr'><strong>quod</strong></span> <span class='ocrx_word' id='word_1_489' title='bbox 1105 4427 1216 4506; x_wconf 69' lang='lat' dir='ltr'><strong>Lxx,</strong></span> <span class='ocrx_word' id='word_1_490' title='bbox 1238 4450 1298 4491; x_wconf 91' lang='lat' dir='ltr'><strong>non</strong></span> <span class='ocrx_word' id='word_1_491' title='bbox 1321 4431 1382 4490; x_wconf 90' lang='lat' dir='ltr'><strong>alio</strong></span> <span class='ocrx_word' id='word_1_492' title='bbox 1404 4449 1493 4509; x_wconf 86' lang='lat' dir='ltr'><strong>posse</strong></span> <span class='ocrx_word' id='word_1_493' title='bbox 1508 4430 1622 4504; x_wconf 87' lang='lat' dir='ltr'><strong>referri,</strong></span> <span class='ocrx_word' id='word_1_494' title='bbox 1642 4450 1732 4513; x_wconf 88' lang='lat' dir='ltr'><strong>quam</strong></span> <span class='ocrx_word' id='word_1_495' title='bbox 1763 4428 1802 4491; x_wconf 84' lang='lat' dir='ltr'><strong>ad</strong></span> 
     </span>
     <span class='ocr_line' id='line_1_45' title="bbox 373 4512 1802 4597; baseline 0.001 -22"><span class='ocrx_word' id='word_1_496' title='bbox 373 4512 450 4588; x_wconf 70' lang='lat' dir='ltr'><strong>trima</strong></span> <span class='ocrx_word' id='word_1_497' title='bbox 474 4515 556 4576; x_wconf 81' lang='lat' dir='ltr'><strong>lania</strong></span> <span class='ocrx_word' id='word_1_498' title='bbox 587 4522 728 4596; x_wconf 89' lang='lat' dir='ltr'><strong>apparat,</strong></span> <span class='ocrx_word' id='word_1_499' title='bbox 757 4515 840 4577; x_wconf 78' lang='lat' dir='ltr'><strong>toras</strong></span> <span class='ocrx_word' id='word_1_500' title='bbox 865 4516 1051 4577; x_wconf 87' lang='lat' dir='ltr'><strong>tabernaculi</strong></span> <span class='ocrx_word' id='word_1_501' title='bbox 1105 4515 1221 4594; x_wconf 80' lang='lat' dir='ltr'><strong>oleum3</strong></span> <span class='ocrx_word' id='word_1_502' title='bbox 1249 4516 1495 4597; x_wconf 88' lang='lat' dir='ltr'><strong>quandoquidem</strong></span> <span class='ocrx_word' id='word_1_503' title='bbox 1523 4538 1580 4579; x_wconf 91' lang='lat' dir='ltr'><strong>nac</strong></span> <span class='ocrx_word' id='word_1_504' title='bbox 1606 4518 1644 4578; x_wconf 91' lang='lat' dir='ltr'><strong>de</strong></span> <span class='ocrx_word' id='word_1_505' title='bbox 1670 4516 1802 4577; x_wconf 89' lang='lat' dir='ltr'><strong>immola·</strong></span> 
     </span>
     <span class='ocr_line' id='line_1_46' title="bbox 372 4601 1802 4685; baseline -0.001 -22"><span class='ocrx_word' id='word_1_506' title='bbox 372 4604 502 4682; x_wconf 73' lang='lat' dir='ltr'><strong>anguine</strong></span> <span class='ocrx_word' id='word_1_507' title='bbox 516 4601 738 4685; x_wconf 78' lang='lat' dir='ltr'><strong>respergendus</strong></span> <span class='ocrx_word' id='word_1_508' title='bbox 753 4621 826 4664; x_wconf 86' lang='lat' dir='ltr'><strong>essa.</strong></span> <span class='ocrx_word' id='word_1_509' title='bbox 850 4603 958 4664; x_wconf 81' lang='lat' dir='ltr'><strong>Fiabat</strong></span> <span class='ocrx_word' id='word_1_510' title='bbox 972 4604 1051 4664; x_wconf 87' lang='lat' dir='ltr'><strong>enim</strong></span> <span class='ocrx_word' id='word_1_511' title='bbox 1105 4605 1188 4665; x_wconf 91' lang='lat' dir='ltr'><strong>tione</strong></span> <span class='ocrx_word' id='word_1_512' title='bbox 1203 4604 1368 4685; x_wconf 88' lang='lat' dir='ltr'><strong>quidquam</strong></span> <span class='ocrx_word' id='word_1_513' title='bbox 1384 4612 1604 4685; x_wconf 80' lang='lat' dir='ltr'><strong>praecesserat,</strong></span> <span class='ocrx_word' id='word_1_514' title='bbox 1627 4612 1661 4663; x_wconf 92' lang='lat' dir='ltr'><strong>nt</strong></span> <span class='ocrx_word' id='word_1_515' title='bbox 1682 4602 1721 4663; x_wconf 92' lang='lat' dir='ltr'><strong>da</strong></span> <span class='ocrx_word' id='word_1_516' title='bbox 1735 4621 1802 4662; x_wconf 88' lang='lat' dir='ltr'><strong>san·</strong></span> 
     </span>
     <span class='ocr_line' id='line_1_47' title="bbox 373 4685 1799 4773; baseline -0.001 -24"><span class='ocrx_word' id='word_1_517' title='bbox 373 4685 519 4751; x_wconf 64' lang='lat' dir='ltr'><strong>molatio</strong></span> <span class='ocrx_word' id='word_1_518' title='bbox 535 4709 649 4752; x_wconf 83' lang='lat' dir='ltr'><strong>vaccae</strong></span> <span class='ocrx_word' id='word_1_519' title='bbox 659 4688 747 4751; x_wconf 77' lang='lat' dir='ltr'><strong>rufae</strong></span> <span class='ocrx_word' id='word_1_520' title='bbox 759 4699 845 4750; x_wconf 83' lang='lat' dir='ltr'><strong>extra</strong></span> <span class='ocrx_word' id='word_1_521' title='bbox 861 4698 968 4765; x_wconf 84' lang='lat' dir='ltr'><strong>castra,</strong></span> <span class='ocrx_word' id='word_1_522' title='bbox 984 4711 1049 4770; x_wconf 89' lang='lat' dir='ltr'><strong>pro·</strong></span> <span class='ocrx_word' id='word_1_523' title='bbox 1104 4692 1197 4771; x_wconf 77' lang='lat' dir='ltr'><strong>guina</strong></span> <span class='ocrx_word' id='word_1_524' title='bbox 1212 4691 1344 4772; x_wconf 74' lang='lat' dir='ltr'><strong>intelligi</strong></span> <span class='ocrx_word' id='word_1_525' title='bbox 1354 4701 1467 4773; x_wconf 89' lang='lat' dir='ltr'><strong>poseat.</strong></span> <span class='ocrx_word' id='word_1_526' title='bbox 1493 4690 1582 4771; x_wconf 80' lang='lat' dir='ltr'><strong>Quod</strong></span> <span class='ocrx_word' id='word_1_527' title='bbox 1596 4689 1799 4766; x_wconf 82' lang='lat' dir='ltr'><strong>antemajunt,</strong></span> 
     </span>
     <span class='ocr_line' id='line_1_48' title="bbox 373 4774 1796 4859; baseline 0.003 -25"><span class='ocrx_word' id='word_1_528' title='bbox 373 4774 403 4836; x_wconf 86' lang='lat' dir='ltr'><strong>ul</strong></span> <span class='ocrx_word' id='word_1_529' title='bbox 416 4797 435 4838; x_wconf 90' lang='lat' dir='ltr'><strong>a</strong></span> <span class='ocrx_word' id='word_1_530' title='bbox 449 4776 659 4840; x_wconf 75' lang='lat' dir='ltr'><strong>tabenaculo.</strong></span> <span class='ocrx_word' id='word_1_531' title='bbox 683 4775 743 4838; x_wconf 83' lang='lat' dir='ltr'><strong>Sed</strong></span> <span class='ocrx_word' id='word_1_532' title='bbox 760 4796 866 4839; x_wconf 86' lang='lat' dir='ltr'><strong>sensus</strong></span> <span class='ocrx_word' id='word_1_533' title='bbox 881 4786 934 4851; x_wconf 86' lang='lat' dir='ltr'><strong>est,</strong></span> <span class='ocrx_word' id='word_1_534' title='bbox 959 4797 1050 4858; x_wconf 89' lang='lat' dir='ltr'><strong>quem</strong></span> <span class='ocrx_word' id='word_1_535' title='bbox 1105 4777 1204 4838; x_wconf 89' lang='lat' dir='ltr'><strong>oleum</strong></span> <span class='ocrx_word' id='word_1_536' title='bbox 1229 4799 1288 4839; x_wconf 89' lang='lat' dir='ltr'><strong>non</strong></span> <span class='ocrx_word' id='word_1_537' title='bbox 1304 4797 1371 4840; x_wconf 90' lang='lat' dir='ltr'><strong>esse</strong></span> <span class='ocrx_word' id='word_1_538' title='bbox 1393 4780 1587 4859; x_wconf 86' lang='lat' dir='ltr'><strong>asparsivum,</strong></span> <span class='ocrx_word' id='word_1_539' title='bbox 1611 4797 1671 4837; x_wconf 91' lang='lat' dir='ltr'><strong>non</strong></span> <span class='ocrx_word' id='word_1_540' title='bbox 1685 4794 1796 4858; x_wconf 86' lang='lat' dir='ltr'><strong>nsque·</strong></span> 
     </span>
     <span class='ocr_line' id='line_1_49' title="bbox 373 4861 1797 4947; baseline 0.001 -23"><span class='ocrx_word' id='word_1_541' title='bbox 373 4861 951 4946; x_wconf 85' lang='lat' dir='ltr'><strong>lilinterpratesclariussxprcsaerunt,</strong></span> <span class='ocrx_word' id='word_1_542' title='bbox 966 4885 1049 4946; x_wconf 86' lang='lat' dir='ltr'><strong>prae·</strong></span> <span class='ocrx_word' id='word_1_543' title='bbox 1104 4884 1227 4947; x_wconf 87' lang='lat' dir='ltr'><strong>quaque</strong></span> <span class='ocrx_word' id='word_1_544' title='bbox 1251 4885 1355 4926; x_wconf 86' lang='lat' dir='ltr'><strong>verum</strong></span> <span class='ocrx_word' id='word_1_545' title='bbox 1381 4873 1440 4939; x_wconf 87' lang='lat' dir='ltr'><strong>ast,</strong></span> <span class='ocrx_word' id='word_1_546' title='bbox 1471 4864 1542 4925; x_wconf 90' lang='lat' dir='ltr'><strong>licet</strong></span> <span class='ocrx_word' id='word_1_547' title='bbox 1570 4864 1797 4943; x_wconf 81' lang='lat' dir='ltr'><strong>aspersionibus</strong></span> 
     </span>
     <span class='ocr_line' id='line_1_50' title="bbox 373 4948 1796 5034; baseline 0 -22"><span class='ocrx_word' id='word_1_548' title='bbox 373 4948 588 5032; x_wconf 73' lang='lat' dir='ltr'><strong>lplnaerdoti,</strong></span> <span class='ocrx_word' id='word_1_549' title='bbox 610 4960 647 5011; x_wconf 92' lang='lat' dir='ltr'><strong>nt</strong></span> <span class='ocrx_word' id='word_1_550' title='bbox 660 4953 836 5032; x_wconf 74' lang='lat' dir='ltr'><strong>sanguinem</strong></span> <span class='ocrx_word' id='word_1_551' title='bbox 857 4950 952 5032; x_wconf 77' lang='lat' dir='ltr'><strong>digito</strong></span> <span class='ocrx_word' id='word_1_552' title='bbox 967 4971 1047 5032; x_wconf 87' lang='lat' dir='ltr'><strong>epar·</strong></span> <span class='ocrx_word' id='word_1_553' title='bbox 1103 4954 1201 5013; x_wconf 84' lang='lat' dir='ltr'><strong>minna</strong></span> <span class='ocrx_word' id='word_1_554' title='bbox 1224 4951 1304 5014; x_wconf 77' lang='lat' dir='ltr'><strong>forte</strong></span> <span class='ocrx_word' id='word_1_555' title='bbox 1326 4953 1447 5024; x_wconf 84' lang='lat' dir='ltr'><strong>serviat,</strong></span> <span class='ocrx_word' id='word_1_556' title='bbox 1473 4969 1566 5032; x_wconf 85' lang='lat' dir='ltr'><strong>quam</strong></span> <span class='ocrx_word' id='word_1_557' title='bbox 1586 4951 1638 5012; x_wconf 90' lang='lat' dir='ltr'><strong>alii</strong></span> <span class='ocrx_word' id='word_1_558' title='bbox 1653 4951 1796 5034; x_wconf 85' lang='lat' dir='ltr'><strong>liquores.</strong></span> 
     </span>
    </p>
   </div>
   <div class='ocr_carea' id='block_1_3' title="bbox 373 5036 1799 5119">
    <p class='ocr_par' dir='ltr' id='par_1_3' title="bbox 373 5036 1799 5119">
     <span class='ocr_line' id='line_1_51' title="bbox 373 5036 1799 5119; baseline 0.001 -19"><span class='ocrx_word' id='word_1_559' title='bbox 373 5039 581 5116; x_wconf 74' lang='lat' dir='ltr'><strong>ata-mione</strong></span> <span class='ocrx_word' id='word_1_560' title='bbox 594 5037 808 5115; x_wconf 80' lang='lat' dir='ltr'><strong>tabernaculi,</strong></span> <span class='ocrx_word' id='word_1_561' title='bbox 831 5038 890 5101; x_wconf 88' lang='lat' dir='ltr'><strong>boo</strong></span> <span class='ocrx_word' id='word_1_562' title='bbox 905 5047 960 5113; x_wconf 86' lang='lat' dir='ltr'><strong>ast,</strong></span> <span class='ocrx_word' id='word_1_563' title='bbox 982 5057 1048 5101; x_wconf 84' lang='lat' dir='ltr'><strong>ver·</strong></span> <span class='ocrx_word' id='word_1_564' title='bbox 1105 5039 1184 5102; x_wconf 80' lang='lat' dir='ltr'><strong>Nam</strong></span> <span class='ocrx_word' id='word_1_565' title='bbox 1200 5048 1232 5101; x_wconf 90' lang='lat' dir='ltr'><strong>at</strong></span> <span class='ocrx_word' id='word_1_566' title='bbox 1247 5039 1332 5113; x_wconf 83' lang='lat' dir='ltr'><strong>inira,</strong></span> <span class='ocrx_word' id='word_1_567' title='bbox 1356 5036 1462 5101; x_wconf 88' lang='lat' dir='ltr'><strong>eodem</strong></span> <span class='ocrx_word' id='word_1_568' title='bbox 1486 5038 1585 5119; x_wconf 90' lang='lat' dir='ltr'><strong>capita</strong></span> <span class='ocrx_word' id='word_1_569' title='bbox 1600 5037 1743 5115; x_wconf 85' lang='lat' dir='ltr'><strong>Levitici,</strong></span> <span class='ocrx_word' id='word_1_570' title='bbox 1760 5038 1799 5101; x_wconf 92' lang='lat' dir='ltr'><strong>ad</strong></span> 
     </span>
    </p>
   </div>
   <div class='ocr_carea' id='block_1_4' title="bbox 0 0 2240 5825">
    <p class='ocr_par' dir='ltr' id='par_1_4' title="bbox 0 0 2240 5825">
     <span class='ocr_line' id='line_1_52' title="bbox 0 0 2240 5825; baseline 0 0"><span class='ocrx_word' id='word_1_571' title='bbox 0 0 2240 5825; x_wconf 95' lang='lat' dir='ltr'><strong> </strong></span> 
     </span>
    </p>
   </div>
  </div>
 </body>
</html>
