4442 5825
443 587 518 659 660
1033 581 1266 686 commum

441 776 535 837 saepe
565 756 764 838 periculosum
793 763 854 833 est,
883 756 1080 819 humilitatem
1106 767 1137 819 et
1190 760 1287 821 dicere
1310 758 1448 837 diab0103
1482 766 1515 819 at
1536 759 1588 820 isti
1611 779 1747 841 nequam
1769 757 1873 819 hornun-

442 843 588 905 honorum
604 842 706 924 fugam
722 864 776 904 suo
792 844 932 926 exemplo
949 845 1077 905 doceret.
1189 847 1291 907 aiones
1319 849 1428 926 passim
1455 866 1505 920 ea,
1536 866 1618 927 quae
1643 867 1705 907 uon
1733 856 1875 917 neverunt,

506 931 567 993 Sed
593 931 691 992 dicit:
720 933 859 1009 Imperet
884 931 942 991 tibi
968 933 1134 994 Dominus.
1188 933 1356 994 maledictis
1371 936 1564 1006 insectantur,
1590 934 1685 994 etiam
1702 935 1875 1013 majestates,

443 1017 792 1095 Graece:1ncrepette
808 1021 976 1080 Dominus.
1001 1016 1091 1098 Quod
1107 1026 1137 1078 et
1188 1019 1277 1099 longe
1304 1040 1397 1098 supra
1420 1021 1501 1100 ipsos
1528 1020 1655 1100 positas.
1691 1018 1790 1093 Vide,
1812 1039 1875 1098 quae

441 1106 471 1165 in
486 1105 639 1166 nonnullis
655 1115 700 1166 est
714 1107 922 1186 manuscriptis
937 1107 1061 1166 Latinis.
1077 1105 1135 1166 Ve·
1189 1105 1317 1166 diximus
1333 1110 1365 1167 in
1381 1107 1569 1187 expositione
1584 1105 1680 1168 Petri.

441 1190 568 1251 risimile
596 1199 657 1265 est,
685 1194 895 1271 interpretem,
920 1193 1036 1254 Graeco
1063 1211 1136 1252 casu
1231 1193 1288 1254 Est
1303 1213 1341 1256 ea
1355 1213 1429 1255 saue
1450 1192 1671 1255 baereticorum
1689 1191 1815 1264 indoles,
1839 1211 1876 1263 aa,

440 1286 566 1350 retento,
579 1281 720 1339 vertisse:
733 1281 882 1357 Increpet
891 1280 949 1341 tibi
959 1281 1119 1340 Dominus
1123 1302 1136 1355 ,-
1188 1299 1269 1360 quae
1284 1303 1343 1342 non
1357 1288 1514 1354 noverunt,
1533 1299 1587 1341 uer
1605 1279 1793 1360 intelligunt,
1813 1299 1874 1339 mor

440 1366 486 1425 sic
508 1366 586 1425 enim
610 1375 640 1424 et
655 1366 860 1448 Hieronymus
882 1368 954 1427 citet
976 1368 1008 1426 in
1022 1365 1134 1446 Apolo-
1189 1365 1261 1427 dere
1284 1377 1314 1428 et
1334 1367 1555 1447 blasphemare.
1580 1365 1672 1446 Quod
1699 1367 1771 1427 olim
1793 1365 1875 1425 blani-

440 1453 491 1530 gia
505 1451 653 1512 adversas
669 1453 837 1530 Rudinum,
861 1453 941 1533 quod
958 1473 1023 1513 cum
1038 1452 1133 1513 soloe·
1188 1452 1273 1513 chesi
1294 1454 1431 1514 iecerunt
1452 1453 1488 1514 de
1511 1462 1615 1514 vetere
1638 1462 1835 1525 testamento,
1853 1462 1877 1512 ct

441 1558 506 1599 cum
522 1537 681 1612 rideretur,
703 1549 850 1601 mutatum
865 1540 1020 1620 abaliquo
1042 1539 1136 1599 faisse
1187 1538 1293 1601 Ariani
1317 1539 1355 1600 de
1376 1543 1520 1621 mysterio
1544 1540 1724 1616 Trinitatis,
1748 1548 1778 1600 et
1799 1536 1875 1599 bodie

440 1625 565 1686 verbum
592 1628 733 1703 increpet
756 1629 788 1689 in
810 1631 951 1703 imperet.
981 1626 1136 1687 Utramvis
1188 1629 1306 1687 sectami
1328 1626 1366 1687 de
1388 1629 1581 1689 sacrementis
1597 1625 1723 1701 Christi,
1747 1635 1777 1686 et
1798 1626 1875 1686 caeri-

440 1722 539 1772 autem
554 1711 649 1793 legas,
664 1733 771 1776 sensus
787 1716 937 1787 convenit,
958 1721 1065 1794 estque
1080 1713 1133 1773 hu·
1186 1715 1293 1774 moniis
1315 1713 1488 1788 Ecclesiam
1517 1733 1609 1795 quum
1634 1734 1652 1774 e
1673 1714 1798 1775 diverso
1824 1711 1877 1772 reri

435 1797 585 1879 jusmodi:
609 1801 695 1861 Deus
718 1811 748 1860 te
770 1808 922 1874 coilreeat,
946 1809 975 1860 et
994 1808 1134 1860 conatum
1188 1797 1360 1874 Christiani,
1376 1802 1402 1860 si
1417 1801 1493 1881 qnid
1508 1802 1538 1860 in
1551 1802 1646 1861 sacris
1662 1800 1752 1861 libris
1767 1820 1802 1859 ac
1817 1798 1875 1858 idei

440 1894 522 1945 tuum
553 1887 720 1965 prohibeat
757 1887 825 1946 Hoc
853 1896 952 1947 autem
983 1907 1042 1947 non
1071 1895 1135 1946 erat
1188 1886 1352 1947 catholicae
1367 1888 1518 1967 mysteriis
1541 1907 1600 1948 non
1626 1887 1813 1966 intelligunt,
1833 1885 1876 1944 hu·

440 1972 626 2046 maledicere,
649 1972 701 2033 aed
721 1982 837 2034 tantum
860 1974 1019 2053 imprecari
1035 1994 1053 2033 a
1068 1973 1134 2033 Deo
1187 1973 1296 2035 militer
1311 1983 1346 2033 ut
1361 1983 1478 2035 caetem
1492 1982 1681 2048 venerentur,
1706 1974 1876 2049 intellipm·

440 2057 512 2118 mali
529 2067 651 2119 conatus
664 2060 917 2140 impedimentum.
940 2059 1045 2121 Simile
1061 2060 1133 2139 quid
1187 2064 1265 2121 tiam
1282 2069 1493 2136 erspectantes
1509 2060 1547 2121 ab
1563 2079 1608 2131 eo,
1633 2062 1690 2140 qui
1706 2059 1760 2120 dat
1775 2060 1875 2122 homini

439 2144 565 2205 babetur
592 2146 718 2207 Zachar.
741 2148 787 2206 3.:
818 2149 1006 2221 Dominum,
1033 2146 1063 2206 id
1091 2154 1134 2206 est
1188 2149 1358 2224 scientiam:
1393 2147 1527 2208 dicentes
1555 2148 1584 2207 ei
1612 2166 1682 2208 cum
1712 2146 1876 2207 Psalmista:

439 2231 592 2311 Angelum
609 2234 739 2307 Domini,
755 2235 868 2295 diuisae
883 2235 926 2294 ad
941 2236 1060 2295 Satan:
1076 2235 1134 2294 ln·
1187 2235 1304 2295 Seruus
1318 2242 1391 2295 tuus
1405 2254 1473 2296 rum
1490 2252 1557 2310 epo,
1580 2234 1625 2293 da
1639 2234 1723 2295 milri
1746 2234 1875 2293 intellec·

439 2327 544 2396 crepet
566 2321 724 2382 Dominus
743 2324 779 2381 in
801 2329 846 2397 te,
880 2323 1002 2401 Satan3
1030 2330 1058 2381 et
1080 2322 1134 2380 in·
1188 2328 1273 2396 tum,
1300 2329 1336 2382 ut
1362 2324 1456 2382 sciam
1480 2323 1663 2382 testimonia
1688 2328 1756 2382 tua
1794 2319 1877 2399 cuju·

439 2414 544 2483 crepet
568 2409 727 2469 Dominus
748 2411 784 2469 in
799 2416 837 2469 tc.
871 2409 932 2469 Ubi
955 2430 1009 2490 pro
1032 2409 1134 2469 Satan
1186 2407 1354 2468 modoetiae
1370 2408 1521 2487 specimen
1538 2418 1583 2467 est
1599 2408 1630 2467 in
1647 2409 1801 2487 Dionysio
1816 2407 1875 2466 Ale·

422 2495 658 2556 ¹transtulerunt
669 2495 831 2555 diabolum
845 2497 1026 2575 interpretes
1034 2495 1133 2554 LXX.
1186 2494 1343 2566 xandrino,
1364 2495 1424 2575 qui,
1446 2493 1596 2555 referente
1619 2494 1759 2555 Eueebio
1783 2493 1831 2554 lib.
1853 2495 1875 2552 i.

439 2580 534 2640 Porro
561 2589 771 2659 argumentum
797 2582 886 2662 hujus
912 2583 969 2643 loci
996 2581 1058 2643 tale
1080 2590 1133 2641 est.
1186 2581 1252 2641 hiet.
1277 2581 1383 2642 eccles.
1408 2601 1473 2659 cap.
1492 2582 1551 2653 20,
1575 2579 1745 2660 professus,
1769 2582 1874 2661 Apoea-

439 2666 471 2727 si
487 2667 630 2740 Michaill,
654 2668 839 2747 Angelorum
860 2669 1013 2748 Princeps,
1037 2669 1134 2729 noluit
1186 2668 1295 2749 lypsim
1311 2667 1441 2728 «Ioannis
1465 2686 1499 2726 se
1518 2688 1577 2728 non
1599 2667 1783 2747 intelligere,
1807 2664 1875 2748 quod

438 2753 621 2814 maledicere
644 2754 772 2828 diabolo,
796 2759 934 2833 quamvis
956 2757 1088 2834 pessimo
1105 2762 1135 2813 et
1187 2757 1216 2814 in
1243 2774 1280 2814 ea
1300 2773 1349 2814 res
1371 2754 1492 2814 altiores
1515 2753 1747 2834 divinioresque
1775 2753 1872 2814 scribe

441 2841 572 2899 aeternis
597 2842 753 2922 suppliciis
780 2840 914 2915 addicto,
943 2862 977 2901 ae
1004 2843 1134 2901 omnium
1185 2849 1295 2915 rentur,
1312 2859 1400 2921 quam
1413 2859 1489 2922 quas
1503 2841 1682 2921 ipsemente
1694 2839 1873 2921 comprehen-

439 2926 655 2987 meledietioue
681 2928 870 3007 dignissimo,
896 2929 950 2988 sed
976 2929 1131 2989 modestis·
1186 2929 1258 2988 dere
1280 2937 1397 3008 posset:
1424 2931 1585 3002 Attamen,
1610 2930 1719 3008 inquit,
1743 2948 1812 2989 non
1833 2944 1874 2986 rar

438 3015 513 3072 sime
529 3015 557 3073 ei
572 3016 691 3086 restitit,
714 3022 827 3074 tantum
852 3024 939 3075 utens
955 3015 1001 3075 his
1016 3013 1132 3075 verbis:
1186 3015 1341 3091 improbo,
1364 3033 1443 3092 quaa
1464 3033 1532 3076 non
1547 3017 1716 3093 intelligo,-
1738 3015 1795 3075 red
1815 3014 1873 3073 ideo

437 3100 586 3175 Increpet
615 3110 644 3159 te
678 3103 782 3178 Deua,·
814 3120 892 3180 quae
921 3103 1013 3181 igitur
1041 3100 1133 3160 auda·
1182 3104 1290 3178 potius
1312 3102 1473 3175 admiror,
1496 3101 1581 3177 quod
1605 3106 1723 3163 mentia
1745 3104 1812 3162 acic
1833 3101 1873 3160 lu·

380 3249 382 3251 ,
440 3187 533 3246 ciaet
549 3188 688 3267 snperbia
701 3197 754 3261 eet,
770 3188 904 3249 homines
921 3197 1057 3249 terrenae
1072 3187 1130 3247 fre·
1185 3195 1287 3248 strare
1302 3206 1369 3249 non
1385 3206 1473 3265 queo.

437 3271 567 3351 gilieque
583 3282 708 3333 naturae
724 3276 866 3335 convitiis
882 3275 1031 3336 incessere
1046 3275 1131 3352 spiri·
1229 3277 1449 3353 Quaecumque
1460 3281 1568 3334 autem
1579 3276 1791 3350 naturaliter,
1804 3284 1873 3335 tom·

437 3365 487 3419 tua
503 3358 569 3419 illos
584 3359 757 3439 Angelicos,
781 3363 833 3440 qni
860 3371 930 3421 eant
949 3364 979 3422 in
995 3362 1130 3421 coelesti·
1186 3379 1282 3438 quam
1304 3368 1394 3420 muta
1416 3360 1593 3435 animalia,
1617 3369 1758 3436 norunt,
1782 3366 1817 3422 in
1836 3362 1874 3419 hir

437 3444 503 3515 bue,
519 3454 550 3505 et
566 3449 643 3507 tanti
658 3455 728 3506 aunt
743 3446 823 3528 apud
838 3447 945 3521 Deum,
961 3456 994 3508 ut
1008 3448 1132 3524 oloriae
1185 3455 1445 3523 corrumpuntur.
1476 3448 1585 3521 Muta,
1610 3446 1746 3509 Graece:
1774 3440 1872 3524 diora,

438 3550 492 3591 sen
508 3536 686 3606 majestates
702 3531 919 3613 appellentur?
1184 3534 1404 3608 irrationalia,
1428 3543 1462 3593 ut
1483 3534 1515 3594 in
1536 3532 1679 3613 Epistola
1703 3534 1796 3595 Petri.
1825 3533 1872 3594 Re·

483 3620 530 3678 10.
554 3620 600 3679 Hi
620 3628 727 3679 autem
735 3665 745 3694 ,
769 3638 984 3698 quaecumque
1004 3621 1129 3696 quidem
1184 3622 1260 3699 petit
1272 3630 1301 3680 et
1312 3620 1452 3699 explicat,
1468 3617 1550 3699 quod
1563 3628 1634 3680 ante
1647 3620 1789 3681 dixerat:
1805 3621 1872 3683 Car·

436 3706 606 3780 ipnorant,
638 3707 865 3783 blasphemant.
899 3708 1130 3786 Quaecumque,
1184 3727 1255 3768 nem
1270 3706 1396 3783 quidem
1419 3706 1595 3767 maculant.
1619 3707 1712 3788 Quae
1735 3727 1818 3780 raro,
1838 3710 1871 3766 in

436 3788 570 3852 Graece:
596 3784 672 3868 ὅσα,
701 3792 782 3872 quod
805 3794 837 3853 in
859 3793 914 3854 hac
938 3802 967 3853 et
990 3795 1129 3872 sequenti
1184 3795 1266 3873 quit,
1296 3794 1473 3854 naturaliter
1503 3792 1575 3853 solia
1608 3792 1766 3869 sensibus,
1797 3792 1872 3853 acri

435 3886 524 3955 parto
549 3879 676 3960 simplici
703 3880 845 3940 relativo:
875 3898 974 3957 quae,
1001 3878 1131 3939 reddunt
1182 3886 1282 3939 esseut
1297 3879 1438 3939 animalia
1460 3879 1584 3939 rationis
1599 3881 1753 3958 expertia,
1776 3899 1864 3960 cogno

435 3964 487 4024 alii
504 3967 700 4046 interpretes,
726 3976 760 4027 ut
779 3985 877 4027 sermo
892 3968 933 4025 sit
948 3966 1128 4038 indefinitus,
1183 3974 1277 4038 scunt,
1293 3974 1328 4023 ut
1339 3985 1376 4025 ea
1387 3966 1527 4038 maxime,
1544 3985 1622 4045 quae
1633 3976 1729 4045 gustu
1742 3976 1872 4047 tactuque

435 4070 494 4110 non
511 4052 699 4114 universalis.
723 4053 839 4113 Neutra
862 4055 940 4113 enim
963 4061 1048 4132 parte
1063 4071 1128 4111 aen·
1182 4053 1364 4131 percipiunt:
1388 4053 1418 4111 iu
1442 4054 1477 4112 iis
1492 4071 1546 4131 per
1568 4055 1872 4115 commessationesst

435 4155 501 4196 sum
527 4140 726 4201 universalem
752 4140 781 4200 S.
806 4139 906 4201 Judas
928 4139 1068 4210 intendit,
1095 4147 1128 4197 ut
1182 4138 1350 4211 ebrietates,
1366 4144 1397 4196 et
1411 4140 1513 4198 varies
1525 4137 1671 4200 libidines
1689 4159 1871 4221 corrumpun-

434 4243 490 4283 nec
505 4225 539 4285 B.
555 4225 672 4299 Petrae,
694 4225 775 4307 apud
790 4246 878 4305 quem
902 4235 981 4286 totus
996 4226 1046 4285 hic
1061 4245 1126 4283 ver·
1180 4233 1237 4297 tur,
1253 4244 1288 4284 ea
1304 4225 1441 4284 nimirum
1457 4226 1655 4303 corruptione,
1672 4246 1735 4307 qua
1751 4228 1872 4307 dignitas

434 4330 487 4371 sus
511 4312 553 4371 ita
572 4312 697 4392 legitur:
720 4315 765 4372 Hi
790 4331 862 4373 uero
887 4313 973 4373 velut
994 4314 1127 4371 irratio·
1180 4311 1330 4371 humanae
1353 4309 1530 4371 conditionis
1553 4313 1584 4371 iu
1601 4332 1731 4393 corpore
1755 4313 1870 4374 dabone

432 4399 557 4461 nobilia
576 4418 703 4475 pecora,
728 4401 923 4459 naturaliter
945 4402 980 4458 in
1003 4401 1127 4475 captio·
1180 4406 1277 4458 statur
1293 4418 1328 4456 sc
1343 4395 1479 4469 laeditur,
1495 4397 1577 4479 qued
1590 4400 1704 4480 utique
1719 4399 1869 4461 incerere

433 4504 505 4548 nem
523 4494 552 4545 ct
567 4488 603 4546 in
616 4489 789 4563 pernicem,
813 4488 848 4544 in
863 4488 920 4560 bis,
938 4504 1018 4562 quac
1034 4489 1126 4560 iono-
1181 4485 1243 4545 leut
1258 4493 1382 4564 peccata
1399 4484 1539 4544 earnalia.
1555 4486 1777 4563 Naturaliter,
1793 4505 1870 4568 oppe-

432 4579 528 4647 rant,
560 4573 813 4649 blasphemantes
821 4617 830 4646 ,
861 4575 897 4633 in
922 4575 1127 4648 corruptione
1180 4570 1870 4652 niturratiouietjudicio,quobestiaeearent:

431 4677 491 4719 sua
511 4659 672 4734 peribunt.
695 4660 815 4738 Repetit
837 4668 936 4718 autem
960 4658 1126 4736 Apostolus
1181 4658 1289 4739 quibus
1319 4656 1445 4737 proinde
1481 4657 1594 4719 similes
1624 4660 1705 4721 fiunt
1740 4662 1871 4726 homines

431 4743 490 4804 hac
516 4747 609 4825 priori
635 4756 722 4827 perte
748 4744 847 4806 verbis
873 4744 1066 4825 generalibus
1087 4744 1126 4817 id,
1181 4744 1301 4825 quando
1328 4743 1460 4804 brutales
1489 4763 1633 4806 sensuum
1666 4758 1770 4811 motus
1799 4748 1870 4809 here

431 4829 514 4910 quod
539 4831 670 4894 dixerat:
695 4838 890 4908 majestatem
913 4839 1018 4891 autem
1041 4832 1125 4891 blaa-
1180 4832 1304 4892 rationis
1334 4851 1395 4891 non
1426 4830 1566 4891 cohibent
1594 4844 1649 4894 aut
1681 4836 1869 4897 moderantur.

428 4919 592 4994 phemant.
629 4921 748 4999 Estque
774 4917 850 4980 haec
875 4921 1042 4980 connexio:
1068 4919 1124 4978 Mi·
1179 4919 1313 4999 Exponit
1334 4918 1413 4978 huuc
1436 4916 1533 4977 locum
1550 4918 1868 4999 Epiphaniuainbae

432 5003 520 5066 chail
535 5006 744 5088 archangelus
766 5027 825 5067 non
847 5006 904 5068 iuit
926 5025 1017 5066 ausae
1032 5004 1123 5066 male·
1179 5006 1239 5065 resi
1255 5004 1474 5065 Gnosticorum.
