4442 5825
399 590 472 660 pgg
652 590 655 596 ·
931 578 1165 636 communitis
1181 579 1213 635 itt
1230 580 1297 636 cte.
1316 582 1353 636 tv.

393 760 458 838 jsm
474 766 545 832 tum,
568 764 702 838 tempore
716 757 856 831 Josnnis,
875 755 987 830 Simon,
1002 754 1091 820 Nico·
1147 764 1274 836 untur,
1301 778 1333 820 se
1351 779 1440 821 nosse
1464 762 1595 837 Deum3
1622 763 1720 838 factis
1744 771 1833 823 cosm

397 846 475 918 laus,
497 844 666 919 Corinthus,
690 845 788 906 Ebiou
803 853 834 905 et
849 845 901 904 ulii
917 865 976 904 nou
991 847 1092 925 pauci.
1147 855 1276 922 nepam.
1309 847 1358 907 lta
1386 847 1486 907 locum
1510 848 1592 908 hunc
1620 851 1836 928 iuterpretantur

399 931 478 992 Nam
494 932 605 992 multos
620 931 723 1004 fuisse,
746 940 876 992 testatur
898 933 987 990 etism
1002 951 1094 1011 supra
1148 933 1309 1014 Didymus,
1324 933 1513 1013 Augustinus
1530 943 1563 994 et
1577 936 1677 996 Beda

397 1038 461 1098 esp.
479 1021 507 1078 2.
525 1019 646 1080 dicens:
673 1021 767 1080 Nunc
790 1018 978 1079 Antichristi
999 1019 1094 1079 multi
1190 1019 1252 1081 Sed
1278 1022 1392 1081 rectius
1416 1021 1476 1092 ulii,
1504 1023 1560 1100 qui
1583 1021 1698 1095 dicunt,
1722 1021 1835 1083 Jounnir

395 1106 476 1184 secti
499 1114 584 1181 sunt,
608 1113 640 1165 et
653 1107 685 1166 in
700 1106 838 1187 Epistola
854 1106 899 1164 2:
927 1105 1024 1166 Multi
1045 1124 1094 1166 se·
1148 1108 1343 1168 intentionem
1369 1106 1516 1168 hocloco
1539 1110 1668 1189 proprie
1689 1108 1776 1188 dirigi
1795 1107 1836 1167 sd·

397 1193 542 1254 ductores
564 1196 711 1254 exurunt
734 1198 769 1253 in
790 1191 957 1253 mundum.
986 1191 1095 1252 Mirum
1149 1211 1256 1254 versus
1270 1193 1411 1255 haereses
1430 1197 1479 1256 sni
1495 1197 1658 1275 temporis,
1681 1215 1780 1256 eorum
1792 1197 1836 1256 ssi-

396 1299 476 1354 rero,
500 1279 573 1360 quid
593 1287 713 1341 secutus
733 1279 880 1341 Irenoeus
901 1276 952 1338 lib.
977 1282 1005 1340 3.
1029 1298 1093 1359 cup.
1148 1281 1228 1354 licet,
1251 1282 1305 1360 qui
1328 1278 1493 1342 doctrinam
1518 1279 1558 1343 de
1573 1281 1661 1343 Filio
1678 1282 1735 1343 Dei
1758 1286 1835 1344 incar·

399 1367 448 1427 18.
463 1366 583 1427 diverse
595 1368 819 1447 praepositione
833 1365 932 1444 legat:
949 1369 1096 1427 exierunt
1149 1376 1219 1428 usto
1242 1388 1302 1427 non
1325 1368 1519 1447 recipiebant,
1544 1388 1678 1449 quorum
1703 1371 1837 1450 principos

397 1454 436 1513 ds
449 1455 594 1530 soccum
618 1455 675 1514 nisi
696 1454 839 1514 mendum
854 1452 913 1512 fuit
932 1453 962 1512 iu
977 1451 1092 1513 codice.
1149 1462 1234 1515 erant
1257 1453 1453 1525 Valentinus,
1477 1454 1647 1517 Corinthus
1668 1465 1699 1515 et
1722 1456 1779 1517 alii.
1806 1455 1837 1514 h't

397 1541 472 1602 Num
489 1542 587 1601 losum
604 1538 931 1621 secundsehlpistolae
948 1538 1047 1611 refert,
1063 1549 1095 1598 ut
1147 1559 1253 1601 sensus
1280 1541 1418 1620 Apostoli
1443 1543 1500 1613 sit,
1530 1562 1653 1602 omnem
1679 1542 1835 1611 doctrinam,

398 1646 453 1688 nos
469 1628 632 1688 habemus:
648 1632 795 1689 exierunt
809 1631 846 1687 iu
860 1626 1028 1687 muudum.
1148 1626 1283 1707 adeoque
1299 1648 1415 1687 omnem
1431 1627 1600 1700 doctorem,
1626 1631 1680 1708 qui
1696 1629 1836 1690 confitetur

442 1718 471 1774 2.
495 1714 615 1776 1πὴοο
638 1718 837 1792 coquosoitur
858 1714 999 1788 Spiritus
1022 1715 1094 1774 Dei.
1149 1735 1185 1774 sc
1201 1713 1298 1786 (locet,
1320 1715 1379 1774 Dei
1402 1715 1514 1775 Filium
1539 1735 1618 1777 vore
1643 1715 1833 1776 hominatu-

398 1801 532 1863 Graece:
549 1807 723 1878 copuoscite
734 1804 891 1879 Spiritum
905 1802 975 1861 Dei.
998 1801 1092 1860 Inter
1148 1809 1237 1875 ctum,
1261 1809 1292 1861 et
1305 1801 1384 1861 hunc
1400 1821 1467 1862 esse
1482 1802 1603 1874 Jesum,
1627 1803 1770 1864 Messium
1782 1824 1833 1883 pro

396 1907 465 1970 pres
491 1888 604 1969 legisse
628 1888 761 1950 uidetur:
794 1879 993 1964 γινώσκεται,
1022 1907 1093 1965 pro:
1148 1889 1278 1962 missum,
1302 1906 1369 1948 esse
1383 1909 1423 1950 ex
1437 1889 1522 1965 Deo,
1545 1890 1695 1950 nimirum
1710 1901 1834 1969 espsrte,

397 1972 573 2051 γινώσκετε.
605 1974 797 2056 Quamquam
821 1984 851 2035 et
866 1974 961 2054 Syrus
984 1974 1093 2034 vertitz
1148 1994 1209 2054 qus
1224 1975 1280 2035 hoo
1293 1974 1388 2035 docet.
1410 1975 1555 2036 Sioenim
1568 1986 1603 2036 et
1616 1979 1832 2058 temporehrir·

396 2072 607 2139 cognoscetur.
637 2062 698 2123 Sed
715 2062 745 2123 id
761 2081 882 2122 sensnm
908 2082 967 2121 nou
987 2063 1093 2120 verint.
1147 2082 1251 2122 norum
1276 2061 1376 2123 dicere
1398 2062 1529 2137 licebat,
1552 2083 1677 2124 omnem
1703 2084 1774 2135 sum,
1793 2064 1834 2143 qui

395 2149 474 2224 Hoc,
496 2152 603 2231 inquit,
627 2158 802 2229 argumento
826 2150 892 2209 sive
908 2149 995 2228 siguo
1010 2155 1092 2228 pote·
1148 2148 1313 2222 confitetur,
1327 2150 1387 2210 Dei
1401 2150 1512 2210 Filium
1528 2168 1600 2210 esse
1615 2150 1705 2211 Pstri
1719 2160 1830 2212 coruu-

396 2239 450 2299 stis
460 2257 649 2316 cognoscere,
663 2239 722 2296 imo
736 2237 909 2315 cognoscite
922 2243 950 2295 et
961 2235 1092 2315 probate,
1148 2254 1218 2295 num
1241 2245 1271 2295 et
1293 2235 1599 2310 consubstantialem,
1624 2256 1697 2298 οοοο
1719 2257 1756 2298 ex
1775 2238 1831 2298 Des.

396 2326 533 2405 spiritum
546 2326 720 2405 quempiam
743 2341 809 2384 csse
824 2322 894 2395 Dei,
917 2321 947 2382 id
963 2331 1017 2394 est,
1040 2323 1091 2382 do·
1147 2320 1308 2382 Itsm·hoc
1330 2331 1432 2382 nostro
1455 2322 1601 2396 saeculo,
1631 2344 1751 2385 omnem
1771 2344 1832 2394 suu,

397 2413 524 2472 ctrinsm
540 2433 559 2473 s
575 2413 633 2474 Dei
650 2411 763 2491 Spiritu
780 2409 959 2490 prolectum3
984 2429 1093 2489 nempe
1147 2411 1200 2489 qui
1224 2410 1387 2482 confitetur,
1410 2407 1527 2470 Christi
1550 2430 1666 2490 corpus
1682 2420 1715 2471 et
1728 2412 1828 2492 sangu-

396 2516 447 2571 eo,
470 2499 551 2578 quod
574 2500 726 2578 sequitur:
1147 2516 1214 2558 nem
1236 2515 1302 2556 esse
1317 2495 1440 2557 realiter
1463 2497 1493 2555 in
1509 2496 1731 2558 Eucharistiae
1745 2499 1830 2558 Sacra·

440 2586 551 2647 Omnis
566 2588 707 2662 spiritus,
722 2583 1092 2661 qotconpoetor,Jesum
1146 2592 1338 2654 montuosus
1358 2604 1395 2645 ex
1410 2584 1489 2644 Deo.
1513 2582 1610 2662 Quod
1631 2605 1694 2645 uon
1710 2582 1829 2646 suctu
1871 2612 1872 2665 ς

397 2673 554 2734 Christum
577 2678 612 2733 trs
636 2690 731 2732 corne
746 2671 877 2744 omisso,
902 2687 939 2729 en
955 2673 1023 2732 Deo
1040 2676 1091 2730 cat.
1147 2669 1257 2742 dicere,
1280 2690 1371 2749 quem
1391 2668 1568 2749 hujusmodi
1594 2670 1828 2732 docuinano-ut

395 2758 521 2819 Sensus:
537 2757 639 2819 Omnis
654 2757 797 2829 doctrina,
819 2776 897 2836 quse
912 2758 1014 2828 trudit,
1037 2756 1090 2817 Je·
1146 2775 1184 2817 ex
1198 2757 1275 2829 Deo,
1297 2777 1353 2817 nec
1374 2777 1435 2818 non
1456 2776 1536 2829 eum,
1560 2760 1618 2837 qui
1635 2760 1681 2819 ita
1696 2757 1828 2819 contiuo

396 2862 461 2904 sum
478 2845 640 2919 Christum,
658 2847 687 2905 iu
704 2845 852 2926 principio
868 2843 968 2906 Deum
984 2864 1020 2903 sc
1032 2843 1092 2902 Dei
1146 2853 1176 2903 et
1191 2842 1288 2917 docet,
1309 2863 1345 2903 os
1359 2851 1444 2923 parte
1460 2843 1624 2905 doctrinae
1639 2865 1679 2906 ex
1695 2844 1760 2906 Deo
1774 2862 1828 2905 esst

397 2931 518 3005 Filium,
542 2940 648 3014 postes
670 2934 790 2993 venisse
809 2933 839 2990 in
860 2951 959 3003 carne,
984 2932 1092 3002 idest,
1145 2930 1223 2991 Nam
1241 2939 1320 2991 certe
1335 2950 1392 2998 uec
1405 2931 1550 2991 haeretici
1575 2934 1663 2992 circa
1679 2953 1765 2994 veros
1776 2930 1827 2992 tidei

398 3021 477 3079 inter
492 3018 629 3080 homines
654 3030 862 3080 conversatum
886 3018 917 3078 in
941 3037 1015 3079 vera
1036 3017 1090 3077 hu·
1145 3016 1298 3090 articulos,
1315 3037 1392 3097 quos
1408 3016 1508 3077 adhuc
1522 3019 1674 3091 retinent,
1693 3040 1731 3079 ac
1744 3019 1828 3079 docent

395 3125 485 3170 mens
500 3116 616 3178 ustura,
633 3115 661 3165 ot
674 3109 770 3166 omnis
785 3105 897 3174 doctor,
913 3106 967 3184 qui
979 3103 1010 3164 id
1022 3124 1089 3163 con·
1144 3113 1239 3183 utque
1254 3103 1426 3175 defendunt,
1441 3106 1674 3183 supernaturali
1686 3105 1762 3166 dono
1774 3103 1825 3164 hdsi

394 3193 495 3254 fitetur
507 3200 537 3251 ot
550 3191 650 3264 docet,
667 3212 706 3252 ex
716 3193 781 3252 Deo
798 3189 1013 3265 est;.doctrins
1028 3191 1089 3269 qui·
1143 3210 1264 3272 prorsus
1290 3200 1409 3266 orrent3
1447 3191 1592 3271 quumvis
1622 3194 1826 3271 integramus

397 3280 464 3341 deus
477 3297 513 3339 οι
526 3280 602 3353 Βοο,
618 3280 797 3357 quissDeo
811 3280 970 3356 inspirsts3
987 3277 1091 3337 doctor
1144 3277 1271 3357 proinde
1287 3275 1483 3346 catholicam,
1508 3276 1600 3338 fidem
1623 3299 1687 3340 nou
1713 3279 1825 3339 hshesut

394 3374 493 3426 sutem
504 3385 546 3428 ex
556 3366 632 3437 Deo,
645 3368 763 3426 ratione
775 3365 938 3426 doctrinae.
951 3365 1089 3426 Comum
1143 3363 1178 3425 Id
1193 3362 1276 3443 quod
1290 3365 1479 3444 Augustinus
1503 3363 1588 3423 haud
1613 3365 1744 3427 obscuro
1756 3364 1827 3426 dotti

394 3454 496 3532 posuit
518 3473 572 3532 pro
587 3459 693 3513 ustura
713 3452 845 3512 humens
867 3471 920 3532 per
943 3450 1088 3530 synecdo·
1144 3449 1346 3529 compluribus
1358 3449 1440 3523 locis,
1455 3455 1489 3510 ut
1504 3451 1702 3514 ostendimus
1714 3450 1824 3512 indicte·

394 3539 479 3613 ohen,
495 3541 573 3600 sicut
587 3538 661 3600 slihi
678 3558 731 3618 pro
747 3538 875 3610 homine,
891 3546 925 3596 ut
939 3537 1028 3598 Josn.
1046 3542 1089 3598 1.:
1144 3538 1183 3598 tis
1198 3557 1290 3616 super
1303 3537 1491 3616 Magistrum,
1507 3535 1561 3596 lib.
1578 3537 1610 3597 3.
1628 3537 1701 3601 dist.
1718 3542 1766 3601 23

401 3626 537 3687 Verbum
564 3643 639 3686 caro
668 3625 790 3703 fuctum
818 3631 880 3700 cst,·
912 3625 1090 3702 acceptione
1188 3628 1216 3686 3.
1239 3625 1284 3684 Et
1299 3625 1403 3684 omnis
1424 3625 1568 3699 spiritus,
1595 3629 1655 3702 pus·
1677 3628 1770 3688 soluit
1780 3628 1825 3688 Je-

395 3711 536 3772 vidslieet
550 3714 581 3772 in
597 3711 761 3791 scripturis
777 3712 983 3772 usitatissimo.
1142 3729 1223 3784 sum,
1246 3728 1284 3771 ex
1299 3711 1368 3771 Deo
1382 3729 1450 3772 nost
1466 3717 1520 3771 est.
1550 3711 1637 3772 Loco
1662 3713 1754 3794 hujus
1774 3730 1821 3770 rra

436 3797 527 3859 Dicet
548 3799 674 3879 aliquis,
696 3798 805 3858 multos
828 3816 901 3870 csse,
925 3798 978 3877 qui
999 3796 1087 3858 confi·
1142 3799 1255 3859 tentiae
1268 3797 1300 3856 in
1312 3795 1429 3859 Grseco
1441 3806 1471 3857 et
1481 3797 1612 3877 Syriaco
1628 3798 1744 3879 legitur
1754 3814 1821 3859 un

394 3892 519 3960 tuentur,
531 3885 638 3947 Jesum
649 3884 802 3945 Christum
813 3885 845 3943 iu
857 3904 946 3944 corne
958 3885 1088 3957 venisse,
1142 3885 1228 3945 hrum
1244 3884 1338 3963 priori
1353 3884 1539 3964 oppositum:
1564 3886 1612 3947 Et
1626 3890 1735 3949 omnis
1747 3884 1822 3962 apid·

392 3983 427 4031 ut
442 3971 511 4032 olim
526 3971 718 4051 Pelagianos,
742 3980 772 4031 st
790 3970 881 4031 hodie
897 3971 1088 4030 Lutheranos
1141 3979 1201 4045 tres,
1215 3974 1270 4048 qui
1280 3990 1348 4032 non
1359 3969 1539 4046 comitatur,
1552 3975 1675 4034 Jesum
1688 3975 1823 4037 cum

394 4066 426 4118 et
439 4056 645 4133 calvinianos,
668 4059 804 4138 aliosque
818 4056 990 4138 permultos,
1013 4077 1089 4136 quos
1143 4061 1179 4119 iss
1194 4076 1292 4118 come
1307 4061 1438 4131 secuse,
1463 4075 1502 4118 us
1517 4058 1591 4119 Deo
1614 4078 1689 4122 stom
1704 4068 1755 4124 ers
1774 4055 1821 4120 liiii

392 4151 492 4204 tamen
516 4164 553 4206 ex
569 4146 636 4206 Deo
659 4165 720 4205 non
738 4164 814 4217 esse,
836 4152 958 4216 constet,
981 4143 1088 4204 sodex
1143 4144 1223 4225 quod
1239 4144 1336 4222 Syrus
1350 4165 1412 4206 non
1426 4141 1528 4203 addit:
1546 4145 1728 4210 Christum.
1753 4145 1821 4208 (lm

392 4229 520 4291 diaholo.
544 4231 634 4311 Quod
650 4240 681 4291 et
697 4230 735 4291 ‹le
750 4230 837 4292 malis
852 4230 1019 4291 Catholicis
1035 4231 1084 4291 ob·
1143 4250 1196 4292 css
1221 4230 1342 4291 lectioni
1365 4230 1548 4308 suffragatur
1572 4230 1767 4313 Cyprianus,
1785 4227 1822 4310 εὖ

387 4318 441 4398 jici
457 4326 573 4398 potest:
598 4320 708 4380 Omnis
723 4319 811 4391 enirn,
826 4320 882 4394 qui
897 4337 964 4378 nors
978 4324 1020 4377 est
1030 4322 1086 4392 ju·
1128 4310 1191 4378 lib.
1208 4319 1236 4377 2.
1261 4318 1407 4379 adversus
1422 4315 1570 4391 Judaeos,
1596 4340 1666 4400 cap.
1683 4325 1723 4396 8.,
1744 4317 1820 4382 n'cir

390 4411 465 4479 uus,
489 4423 557 4467 nost
573 4412 616 4466 est
633 4424 671 4466 sm
686 4407 754 4465 Deo
763 4427 774 4481 ;
797 4412 827 4464 et
849 4409 905 4482 qui
918 4405 999 4482 fucit
1010 4424 1086 4480 psc-
1140 4406 1200 4484 git:
1225 4406 1288 4481 Qui
1302 4412 1410 4466 autem
1425 4411 1533 4478 nepas,
1549 4406 1589 4466 in
1605 4426 1710 4469 corne
1722 4407 1821 4469 essin

391 4499 507 4567 cutum,
536 4510 574 4554 cs
601 4491 729 4552 diaholo
757 4499 818 4565 est,
849 4510 939 4569 supro
967 4512 1031 4570 cup.
1058 4496 1086 4553 3.
1141 4487 1263 4569 (supple
1279 4510 1319 4552 ex
1335 4490 1425 4570 priori
1444 4490 1595 4552 memhro:
1616 4498 1735 4557 Jesum
1751 4493 1820 4556 (hlei-

391 4577 522 4659 Quidsm
545 4578 745 4659 respondent,
768 4578 919 4639 Joonnem
946 4577 1027 4657 loqui
1050 4577 1087 4638 dc
1138 4572 1244 4652 aum),
1261 4578 1299 4636 de,
1312 4580 1381 4639 Deo
1394 4594 1461 4638 nors
1473 4585 1527 4638 est.
1550 4579 1597 4639 At
1612 4602 1687 4642 roro
1704 4582 1819 4643 nutu

389 4667 435 4739 iis,
456 4666 510 4744 qui
525 4666 639 4726 Filium
656 4667 713 4725 Dei
737 4667 923 4725 incarnatum
947 4664 1085 4724 confiten·
1139 4662 1820 4750 lectionemuiserterefertlrsnsomcppr‘u

389 4761 445 4825 tur,
468 4771 528 4813 non
553 4773 604 4813 ore
629 4762 741 4812 tanturn
766 4761 796 4811 et
818 4749 891 4822 fide,
918 4750 1085 4811 sedetiam
1138 4751 1299 4829 antiquior,
1315 4749 1419 4811 addito
1435 4757 1538 4812 tamen
1555 4754 1729 4816 vocabuloc
1749 4752 1819 4816 (Μ’

388 4857 486 4918 opere,
498 4846 653 4900 servantes
665 4838 901 4909 scilicstomnie,
914 4829 1085 4917 quseDous
1138 4845 1231 4910 stum,
1252 4836 1303 4897 lih.
1319 4838 1347 4897 3.
1364 4857 1429 4918 cup.
1448 4840 1497 4898 18.
1522 4837 1575 4900 Sic
1599 4850 1633 4901 st
1656 4837 1819 4904 castuli*

389 4923 477 4985 homo
500 4923 598 4986 iaetus
620 4925 772 4986 servanda
787 4927 957 5005 praecepit,
980 4932 1085 4985 contra
1137 4925 1193 4984 tini
1219 4923 1372 5004 legerunt,
1398 4924 1578 4986 uominstim
1607 4927 1675 4990 Leo
1701 4924 1817 4992 Parit

392 5029 483 5092 quem
498 5010 554 5086 illi,
576 5009 615 5074 ds
638 5013 748 5093 quihus
769 5010 808 5072 ad
824 5011 886 5073 Tit
905 5016 950 5072 1.:
975 5010 1084 5088 Conli-
1138 5010 1235 5091 Epist
1250 5011 1299 5071 10.
1315 5011 1355 5073 acl
1369 5008 1562 5088 ruvirum,
1578 5034 1647 5096 esp.
1660 5016 1701 5092 5.,
1712 5016 1816 5092 Prap-
