4442 5825
708 612 872 669 ιιιιτιιιι
890 614 907 668 ι.
926 613 1013 669 esen
1028 613 1161 669 ιοιιιιιιι.
1188 610 1273 668 ress.
1295 615 1316 667 ι.
1335 615 1360 667 2.
1645 592 1738 688 'ego

370 794 452 849 stem
468 807 505 849 ec
519 807 624 870 preces
644 790 697 865 rei,
719 800 874 872 peccatum
898 813 986 874 cgno-
1043 811 1132 873 quem
1148 790 1308 852 Christum.
1331 788 1422 851 Unde
1444 796 1474 850 et
1489 791 1649 865 orationes,
1674 791 1738 871 qui-

371 878 405 936 tis
429 895 465 935 ec
487 879 608 938 veniam
634 878 830 959 postulantis,
859 882 989 952 tertium,
1042 881 1099 941 bus
1116 887 1237 959 propter
1253 877 1371 938 illorum
1387 879 1618 939 intercessiones
1634 885 1666 937 et
1680 898 1738 937 me·

374 965 468 1024 etiem
484 964 622 1041 precibus
644 965 726 1044 epud
746 964 878 1044 judicem
902 970 988 1026 intor-
1043 968 1099 1026 rite
1115 961 1245 1042 (scilicet
1266 964 1348 1025 heud
1363 963 1494 1037 eliunde,
1517 984 1608 1045 quern
1623 983 1662 1024 ex
1676 983 1740 1024 me·

371 1069 414 1120 re,
444 1057 478 1108 ut
503 1048 666 1111 clementer
693 1061 723 1112 et
748 1051 989 1123 misericorditer,
1042 1054 1099 1112 rito
1116 1052 1226 1112 Christi
1243 1047 1390 1131 profecte)
1413 1050 1529 1129 aliquid
1545 1072 1564 1111 e
1580 1051 1646 1111 Deo
1662 1051 1738 1130 peti·

375 1144 476 1197 eutem
501 1155 538 1197 ex
559 1138 656 1215 rigore
675 1139 821 1217 justitiae,
849 1159 916 1199 cum
939 1159 989 1199 reo
1042 1159 1117 1210 mus,
1133 1138 1269 1198 Ecclesia
1283 1138 1347 1199 lere
1361 1141 1503 1200 terminet
1517 1137 1575 1197 hac
1590 1137 1739 1198 clausule:

372 1223 470 1283 :been
484 1225 544 1284 trie
558 1225 686 1285 maxime
702 1227 733 1286 in
745 1222 896 1286 Christum
913 1246 989 1285 com·
1043 1226 1105 1286 Per
1122 1227 1281 1287 Christum
1299 1227 1474 1286 Dominum
1490 1231 1645 1286 nostrum.

371 1320 407 1370 nt
432 1311 566 1371 Primum
581 1331 712 1392 nemque
727 1312 815 1373 offert
827 1313 909 1373 Petri
923 1332 988 1372 sun·
1087 1314 1115 1371 2.
1139 1313 1183 1374 Er
1197 1316 1264 1388 ipsc
1280 1319 1325 1373 cst
1343 1314 1536 1390 propitiatio
1548 1329 1612 1387 pro
1625 1329 1740 1388 pecco·

371 1415 414 1456 sm
431 1415 518 1457 sunm
530 1416 584 1476 pro
595 1396 676 1477 lytro
692 1418 746 1459 seu
760 1401 858 1478 pretio
873 1399 987 1459 redem-
1042 1403 1082 1461 tis
1097 1401 1222 1461 nostris.
1244 1398 1368 1459 Plenius
1389 1399 1521 1479 explicat
1535 1397 1559 1459 J
1560 1417 1674 1459 osunes
1689 1416 1739 1457 ex·

371 1486 404 1542 ris
434 1493 626 1564 peecatorum
654 1494 830 1545 nostrorum.
868 1484 988 1546 Deinde
1042 1485 1209 1547 cellentism
1220 1483 1360 1547 advocati
1369 1486 1470 1557 nostri,
1482 1504 1592 1564 nempe
1603 1485 1656 1564 qui
1668 1483 1739 1544 talis

371 1578 408 1647 ‚et
422 1570 566 1631 humilem
581 1573 623 1630 rei
636 1571 859 1646 confessionem,
876 1573 915 1632 de
930 1591 989 1651 que
1041 1577 1088 1645 sit,
1110 1580 1145 1632 ut
1165 1593 1225 1632 uon
1248 1571 1377 1633 elienem
1399 1573 1505 1633 offeret
1520 1571 1603 1631 Petri
1621 1570 1738 1632 setisia·

371 1675 394 1716 ιι
407 1659 569 1737 superiori:
585 1658 620 1719 Si
635 1659 845 1736 confiteamur
857 1666 989 1736 peccata
1043 1663 1182 1733 ctionem,
1202 1659 1256 1720 sed
1272 1659 1412 1720 exhibeat
1427 1679 1512 1719 suem
1527 1677 1563 1717 ec
1578 1659 1740 1740 proprium,

371 1761 411 1802 ro.
441 1744 547 1804 Tertio
571 1763 655 1805 suem
672 1745 756 1807 addit
771 1746 987 1826 interpellatio·
1042 1766 1203 1827 perquem
1225 1764 1286 1805 nou
1308 1745 1404 1806 solum
1420 1753 1545 1806 conetur
1568 1764 1605 1805 ec
1627 1745 1741 1824 sategit

380 1850 468 1890 oreus
478 1829 682 1893 indesinenter
693 1853 747 1913 pro
760 1832 846 1893 nobis
858 1833 988 1906 Patrem,
1042 1832 1089 1909 (ut
1104 1831 1185 1913 apud
1201 1832 1351 1892 hominem
1368 1833 1502 1913 judicem
1517 1829 1632 1894 iaciunt
1647 1829 1737 1891 advo·

371 1924 479 1977 ertator
492 1917 606 1978 Paulus
620 1919 706 1980 Rom
724 1923 753 1981 8.
768 1929 801 1981 et
816 1919 896 1979 Heb.
914 1921 942 1978 t.
1042 1916 1122 1997 cati),
1145 1919 1245 1979 Deum
1259 1918 1385 1980 reddere
1399 1919 1488 1980 uobis
1503 1916 1664 1998 placetum,
1687 1937 1739 1978 ve

371 2013 410 2064 ‚ut
429 2012 530 2065 entem
554 2024 632 2066 nunc
647 2009 678 2068 in
694 2006 776 2068 coelo
799 2008 988 2078 constitutus,
1041 2027 1105 2068 rum
1137 2007 1302 2067 certissime
1334 2007 1432 2067 Deum
1461 2004 1547 2066 nobis
1575 2005 1677 2085 plecat
1703 2027 1738 2067 ec

371 2092 532 2172 rupplicnm
544 2112 626 2153 more
638 2112 704 2154 sese
715 2103 906 2174 prosternens
918 2101 988 2152 ente
1041 2094 1203 2175 propitium
1219 2091 1324 2154 reddit.
1354 2095 1436 2171 iper,
1460 2094 1567 2173 inquit,
1592 2100 1635 2153 ert
1658 2110 1738 2168 pro·

371 2198 421 2251 sm,
438 2185 490 2238 eut
505 2179 691 2241 miserabiles
706 2180 797 2241 edens
813 2200 920 2258 voces;
936 2179 987 2239 sed
1039 2183 1244 2258 pitictiopro
1260 2183 1535 2256 peccatisnostris.
1567 2180 1610 2240 Ut
1622 2181 1737 2257 propi·

371 2264 471 2325 terium
488 2265 594 2326 salutis
611 2267 774 2328 electorum
790 2287 910 2328 suorum
927 2266 988 2328 elo·
1042 2270 1208 2328 tiatiorrcm
1232 2266 1386 2347 intelliges
1401 2267 1451 2327 vel
1466 2265 1653 2341 sacrificium,
1676 2285 1737 2347 quo

371 2361 495 2431 satque
511 2372 691 2433 expromens
708 2353 784 2429 Deo,
800 2364 863 2415 tum
879 2363 988 2427 mente,
1041 2353 1174 2415 redditur
1190 2355 1276 2414 Deus
1297 2356 1452 2435 propitius,
1477 2352 1628 2435 quomodo
1652 2352 1738 2414 intel·

371 2439 471 2499 verbis
487 2439 645 2517 ejusmodi,
669 2460 749 2522 quae
763 2442 874 2501 Filium
890 2443 922 2501 in
936 2441 988 2500 hu·
1041 2442 1118 2502 lexit
1127 2442 1324 2521 Augustinus,
1336 2441 1386 2501 vel
1395 2442 1491 2521 ipsum
1503 2440 1738 2519 propitiatorem,

371 2524 437 2586 ,tete
458 2525 627 2606 gloriosum,
653 2527 735 2589 etad
759 2527 912 2589 dexterum
928 2528 987 2589 Dei
1041 2527 1136 2588 idest
1158 2548 1234 2600 eum,
1259 2529 1309 2606 qui
1330 2527 1431 2588 reddit
1445 2529 1544 2588 Deum
1566 2527 1737 2606 propitium.

371 2620 454 2687 ntem,
478 2625 569 2694 etque
584 2633 650 2674 cum
667 2635 704 2675 eo
719 2624 905 2693 regnantem,
928 2633 988 2674 uon
1040 2615 1115 2675 Nem
1132 2612 1269 2675 Christus
1292 2622 1451 2697 utmmque
1473 2621 1526 2688 est,
1548 2620 1578 2673 et
1595 2612 1737 2674 sacerdos

372 2708 478 2776 ceent3
516 2701 769 2780 quemadmodum
806 2699 988 2762 ostendimus
1040 2702 1138 2762 Deum
1154 2701 1240 2761 nobis
1256 2702 1389 2780 placens,
1405 2710 1434 2762 et
1449 2701 1555 2773 hostie,
1570 2719 1625 2779 per
1639 2718 1737 2782 quem,

371 2786 424 2846 lud
439 2787 525 2849 Rom.
542 2789 586 2847 8.:
614 2791 676 2866 (teri
692 2791 785 2848 etiam
801 2787 987 2865 interpellet
1040 2788 1133 2848 semel
1149 2791 1180 2849 in
1197 2809 1248 2848 ara
1265 2790 1360 2849 crucis
1377 2788 1517 2859 oblatum,
1533 2786 1632 2847 Deum
1647 2787 1734 2847 nobis

371 2873 468 2950 ιιοὸίι,
492 2883 522 2935 et
537 2875 665 2955 amplius
680 2873 719 2936 ad
733 2875 831 2936 locum
846 2875 926 2937 Heb.
944 2877 987 2935 7.:
1041 2875 1156 2957 plecet3
1183 2879 1228 2935 uti
1251 2874 1309 2936 late
1331 2874 1419 2937 docet
1433 2873 1599 2957 Apostolus
1622 2873 1738 2935 Paulus

371 2979 424 3037 per
446 2964 556 3024 vivens
577 2963 621 3021 od
636 2964 911 3040 interpellandum
924 2982 987 3040 pro
1043 2964 1074 3023 in
1096 2962 1238 3042 Epistola
1260 2961 1297 3022 ed
1322 2962 1486 3024 Hebraeos.
1518 2961 1616 3024 Sentit
1638 2968 1737 3023 eutem

371 3065 390 3107 ι.
416 3047 511 3109 Ροιιο
528 3049 566 3110 de
587 3049 635 3109 his
657 3049 798 3111 advocati
817 3051 911 3111 nostri
927 3050 987 3110 oth·
1041 3049 1065 3111 J
1066 3069 1187 3123 ornnes,
1204 3049 1356 3110 Christum
1371 3047 1497 3111 reddere
1512 3051 1633 3110 Patrem
1648 3049 1736 3109 uobis

371 3132 434 3193 ride
456 3135 592 3214 pluribus
615 3146 754 3215 egentem
771 3137 942 3198 Hesselium
959 3138 988 3195 in
1042 3138 1202 3216 propitium
1225 3156 1278 3217 per
1293 3136 1421 3197 hostism
1437 3138 1542 3209 crucis,
1566 3154 1627 3195 non
1641 3133 1737 3196 solum

371 3224 516 3282 neuterio.
569 3221 663 3283 Addit
696 3222 806 3284 deinde
836 3223 987 3285 Josnnes:
1042 3223 1228 3297 sufficienter,
1252 3231 1283 3282 ut
1302 3222 1475 3304 loquuntur,
1499 3222 1552 3283 sed
1569 3222 1736 3283 efficienter.

371 3325 423 3381 rm,
447 3307 478 3369 id
501 3319 554 3381 est,
578 3317 724 3387 sanctum,
747 3312 933 3371 innocentem
957 3316 989 3368 et
1040 3310 1108 3370 Non
1126 3312 1205 3371 enim
1221 3312 1276 3369 ait:
1304 3311 1346 3371 st
1360 3314 1427 3387 ipsc
1448 3311 1514 3388 seit
1535 3312 1735 3386 propitiatio,

371 3398 482 3474 lpetum.
520 3397 569 3456 De
603 3415 662 3476 quo
696 3396 809 3457 Paulus
837 3397 915 3457 Heb.
944 3398 987 3455 7.;
1041 3397 1247 3469 tunoscilicet,
1264 3396 1384 3475 quando
1397 3395 1736 3474 otl'erebeturiucruce;

371 3484 396 3556 t,
421 3484 536 3562 iuquit,
562 3483 707 3559 decebat,
734 3491 771 3544 ιιι
796 3484 887 3545 uobis
913 3491 989 3543 esset
1042 3485 1110 3545 sed:
1140 3485 1212 3561 Ipse
1239 3491 1282 3543 est
1305 3486 1496 3560 propitiatio
1517 3486 1737 3560 propeccatis

371 3569 987 3647 ufer,saomm,tnoooenr,tmpolturus,
1041 3572 1175 3646 uostris,
1206 3572 1235 3631 in
1263 3577 1407 3650 quantum
1437 3569 1582 3631 videlicet
1606 3569 1736 3631 hostium

371 3664 471 3730 epotus
494 3677 514 3717 a
526 3658 752 3733 peccatoribus.
776 3658 885 3737 Neque
909 3657 987 3717 enim
1042 3656 1140 3730 illem,
1167 3677 1220 3737 pro
1248 3658 1379 3718 omnium
1406 3656 1503 3717 seluta
1530 3656 1736 3731 sufficientem,

371 3760 419 3802 cns
434 3753 481 3804 est
504 3743 678 3819 edvocstuu,
701 3747 751 3825 qui
774 3745 840 3823 ipse
855 3747 894 3804 sit
909 3762 987 3804 reus.
1028 3737 1181 3805 ‘contiuuo
1197 3752 1228 3804 et
1242 3763 1338 3825 usque
1358 3745 1397 3805 ed
1421 3743 1508 3805 finem
1523 3742 1644 3817 saeculi,
1667 3746 1735 3826 qui·

371 3832 448 3889 renit
472 3839 573 3890 entem
604 3829 660 3891 hoc
687 3831 839 3910 epitheton
866 3828 987 3891 Christo
1041 3831 1098 3891 bus
1114 3830 1187 3903 vult,
1210 3831 1353 3911 applicet,
1376 3832 1415 3891 ed
1438 3831 1643 3891 remissionem
1665 3849 1734 3912 peo-

371 3924 440 3976 roato
470 3926 573 3978 nostro
603 3917 831 3997 perfectissime,
863 3919 915 3998 qni
945 3917 989 3976 ite
1042 3927 1184 3977 cetorum.
1218 3917 1402 3978 Pronomen:
1429 3919 1562 3993 neuris,
1594 3916 1632 3976 ad
1660 3936 1735 3997 quos

371 4020 394 4061 ιι
408 4012 463 4080 eet,
489 4013 523 4064 nt
536 4023 590 4085 per
605 4007 703 4066 omniu
719 4005 787 4065 Deo
803 4004 989 4083 placeatur
1042 4002 1229 4064 referendum
1241 4007 1289 4078 sit,
1305 4004 1419 4084 pendet
1427 4023 1467 4065 ex
1477 4004 1631 4066 intellectu
1643 4004 1736 4086 pertis

371 4089 519 4153 ncilietore
545 4109 598 4172 pro
626 4112 660 4153 se
685 4093 751 4172 ipso
782 4110 902 4172 prorsus
927 4109 988 4152 non
1042 4092 1205 4172 sequentis.
1237 4090 1297 4150 Ubi
1321 4093 1409 4152 etiem
1431 4090 1521 4171 plure
1544 4098 1649 4152 contre
1670 4110 1734 4154 seu·

371 4184 392 4234 ‚t
1041 4197 1105 4238 sum
1123 4195 1233 4250 eorum,
1254 4178 1306 4257 qui
1328 4178 1476 4239 ioannem
1499 4177 1538 4239 de
1560 4177 1737 4240 sufficientia

371 4261 679 4368 sdquoniumrevera,
695 4262 987 4367 lieetimperiectiori
1042 4272 1204 4344 exponunt.
1250 4263 1307 4325 Est
1337 4267 1426 4325 etism
1457 4283 1568 4346 operes
1597 4268 1736 4344 pretinm,

371 4369 393 4421 o,
413 4352 557 4432 competit
579 4352 734 4431 epitheton
753 4350 828 4411 illud
852 4352 965 4410 etiem
958 4371 989 4410 ru
1041 4350 1160 4423 videre,
1189 4368 1268 4429 quae
1294 4350 1343 4410 hic
1371 4350 1515 4413 adversus
1541 4350 1736 4414 Cetherinum

371 4447 519 4498 sanotos
546 4447 577 4498 et
598 4439 714 4517 justos,
743 4438 808 4498 sive
830 4437 894 4515 jem
922 4457 987 4496 cum
1041 4435 1142 4497 adfert
1156 4435 1322 4496 Hesselius.

371 4531 415 4584 sto
437 4532 607 4606 regnantes,
634 4526 700 4585 sive
727 4525 757 4584 in
782 4523 838 4583 hoo
866 4523 987 4585 saeculo
1085 4526 1158 4585 Norr
1177 4541 1239 4600 pro
1255 4527 1371 4585 nostris
1392 4533 1499 4586 eutem
1521 4532 1659 4601 tuntum,
1682 4525 1737 4585 red

371 4631 393 4671 ιι
406 4612 651 4693 peregrinantes:
668 4611 778 4671 idcirco
794 4620 824 4670 et
840 4630 898 4683 eos,
915 4630 987 4691 que·
1042 4613 1137 4671 etiam
1161 4629 1223 4686 pro
1239 4614 1334 4672 totius
1349 4612 1471 4673 muudi.
1495 4611 1595 4690 Hujus
1609 4611 1669 4672 loci
1685 4631 1735 4671 vs·

371 4697 509 4759 stristi
532 4701 637 4758 merite
653 4699 718 4758 Deo
742 4717 795 4776 pro
818 4696 903 4758 nobis
919 4698 987 4756 otie-
1040 4698 1103 4758 riae
1129 4705 1200 4757 sunt
1226 4699 1435 4777 expositiones.
1469 4698 1553 4759 Inter
1579 4716 1656 4778 ques
1677 4717 1738 4758 une

386 4804 504 4865 nosque
519 4786 581 4846 suis
597 4783 739 4866 precibus
756 4784 823 4844 Deo
839 4802 987 4843 commen·
1042 4792 1096 4858 est,
1120 4784 1250 4845 hostium
1273 4785 1369 4846 crucis
1393 4784 1585 4846 sufficientem
1609 4804 1675 4847 esse
1699 4782 1738 4844 ed

393 4891 429 4933 ne
451 4871 574 4953 placere
600 4871 737 4943 student,
763 4880 844 4930 reete
870 4878 988 4930 nostros
1041 4871 1262 4953 propitiandum
1287 4879 1316 4931 st
1338 4871 1518 4952 placendum
1542 4872 1657 4944 Deum,
1678 4891 1738 4932 nou

371 4968 459 5022 eston
475 4960 667 5038 agnoscimus
683 4966 711 5018 et
726 4957 897 5029 salutemus,
915 4965 987 5016 tem·
1041 4958 1129 5018 modo
1145 4978 1200 5037 pro
1216 4958 1348 5038 peccetis
1370 4959 1487 5033 uostris,
1511 4957 1605 5019 idest
1626 4976 1738 5032 eorum,

387 5043 485 5128 grsdn
526 5044 799 5127 incomparabiliter
840 5043 989 5119 inferiore,
1041 5043 1273 5124 quieredimus3
1294 5063 1400 5106 verum
1421 5046 1514 5107 etiem
1537 5046 1739 5127 propeccatis

371 5165 408 5204 ιΙΙ.
426 5157 498 5203 rsus
515 5164 589 5201 rm
604 5162 659 5201 m.
674 5160 708 5201 tn.
1487 5151 1532 5214 u
