4442 5825
678 593 884 653 tneuumwtt
900 595 1065 652 Ellelolss
1082 596 1196 651 l’llllldli
1213 594 1301 653 BEle
1316 592 1449 649 solnm.
1706 596 1780 667 673

369 773 424 850 egoi
446 774 580 850 vocatis,
602 772 634 834 id
655 773 739 855 qnod
756 774 867 835 Petrus
888 795 949 836 non
971 794 1030 834 uno
1086 772 1186 848 refert,
1206 782 1240 835 ut
1254 775 1381 850 sciatur3
1403 773 1459 832 etsi
1483 792 1544 833 non
1564 771 1672 847 desint,
1695 771 1783 850 quie

369 876 407 918 sco
419 877 491 919 suae
507 860 661 940 Epistolae
676 861 832 941 significat
1085 862 1193 922 Patmo
1209 860 1316 933 insula,
1332 861 1364 921 in
1383 879 1444 940 qua
1463 859 1621 935 exsulavit,
1640 858 1782 938 scriptam

390 949 431 1004 An
447 966 518 1006 vero
534 967 625 1008 causa
640 946 789 1009 scribendi
800 945 838 1007 ad
849 948 979 1008 Partbos
996 967 1032 1007 ea
1085 947 1194 1024 velint3
1220 948 1273 1009 ubi
1297 958 1327 1007 ot
1351 947 1431 1007 vidit
1455 947 1682 1026 Apocalypsim.
1716 943 1781 1005 Alii

369 1032 453 1092 ¹oanni
479 1033 575 1107 fuerit,
600 1033 679 1114 quod
699 1033 781 1115 apud
803 1033 870 1095 illos
890 1035 1030 1113 Evange-
1084 1053 1157 1095 vero
1184 1043 1301 1115 putant,
1329 1034 1471 1112 scriptam
1496 1041 1565 1113 post
1589 1033 1719 1093 reditum
1744 1030 1784 1093 ab

369 1120 415 1178 ium
439 1118 657 1199 praedicasset,
687 1130 721 1180 ut
750 1120 889 1181 nonnulli
915 1129 1031 1201 putant,
1086 1122 1203 1182 exsilio.
1235 1121 1346 1182 Verum
1369 1121 1490 1200 utrique
1512 1120 1583 1181 solis
1607 1129 1638 1181 et
1661 1118 1785 1179 incertis

369 1221 402 1264 on
415 1203 527 1285 liquot,
542 1226 632 1287 quum
648 1217 678 1268 ct
692 1207 808 1269 Paulus
825 1208 865 1268 ad
881 1208 1032 1268 Romanos
1085 1209 1220 1269 nituntur
1235 1208 1428 1286 conjecturis.

369 1289 1032 1458 il⁰lttttlt⁹'tbt¹¹¹lbl⁸333?
1263 1344 1498 1406 necao,
1512 1345 1551 1404 Β·
1567 1344 1604 1403 Ρ·

369 1484 408 1526 sm
421 1473 556 1538 aetatem,
571 1485 689 1546 pueros,
705 1466 919 1541 adolescentes,
934 1486 1032 1540 senes,
1130 1463 1287 1528 Credibile
1302 1475 1357 1542 est,
1381 1468 1433 1528 diu
1447 1474 1520 1527 aute
1536 1463 1675 1526 exsilium
1682 1455 1786 1523 ’tuisse

369 1552 453 1631 tipse
469 1559 596 1613 testatur
610 1574 675 1634 cap.
688 1556 727 1626 2,
742 1555 816 1634 quia
831 1553 868 1615 de
884 1556 1033 1614 communi
1085 1555 1236 1634 scriptam.
1258 1553 1438 1627 Videantur,
1463 1571 1544 1632 quae
1567 1559 1637 1613 sunt
1652 1549 1732 1611 inira
1746 1546 1785 1608 ad

369 1640 468 1700 mnium
484 1639 582 1700 salute
597 1640 753 1701 scribebat
1086 1660 1154 1719 cap.
1171 1643 1199 1701 5.
1215 1660 1294 1702 vers.
1311 1641 1341 1701 8.
1356 1640 1445 1721 paulo
1469 1647 1538 1719 post
1559 1639 1676 1699 initium
1693 1655 1785 1698 anno·

384 1724 432 1787 Ex
447 1745 509 1806 quo
525 1726 590 1788 loco
612 1728 785 1808 scriptasit,
806 1725 888 1788 haud
910 1727 1034 1788 multum
1085 1728 1219 1788 tationis.

841 1894 1073 1964 llldlllllllil’llll
1095 1894 1284 1964 Rl'lSltlldll.

384 2021 530 2082 Versatur
551 2021 626 2082 baec
641 2021 780 2103 Epistola
798 2023 987 2102 potissimum
1003 2023 1034 2083 in
1087 2023 1258 2102 tegi-itatem
1287 2021 1421 2102 mysterii
1457 2019 1689 2101 dispensationis
1718 2020 1784 2100 ejus

369 2106 503 2169 struenda
526 2107 640 2169 Christi
664 2111 786 2170 Domini
811 2128 884 2170 vera
910 2128 1033 2170 oecono-
1089 2108 1250 2170 destruere
1272 2109 1329 2169 llst
1353 2115 1452 2169 autem
1472 2107 1530 2168 boe
1555 2108 1621 2169 loco
1644 2109 1786 2168 memoria

371 2196 410 2267 ia,
435 2194 588 2277 adquam
614 2198 765 2276 pertinent
787 2197 935 2275 imprimis
960 2194 1036 2257 baec
1087 2194 1292 2274 repetendum,
1316 2193 1397 2274 quod
1420 2194 1527 2255 scribit
1548 2196 1733 2275 Augustinus
1756 2194 1787 2254 in

369 2280 408 2345 isi
424 2290 544 2342 noemae
558 2284 713 2364 mysteria:
737 2283 844 2344 desum
869 2302 934 2345 osse
950 2281 1034 2343 Chri·
1088 2282 1165 2343 libro
1181 2283 1220 2343 do
1239 2282 1301 2343 fide
1318 2291 1351 2342 et
1371 2280 1517 2361 operibus,
1541 2301 1607 2361 cap.
1626 2285 1684 2355 14..
1705 2284 1786 2360 Apo·

369 2386 429 2439 um,
452 2387 556 2429 verum
570 2371 668 2430 Deum
691 2389 728 2429 ac
744 2371 803 2430 Dei
817 2369 940 2442 Filium,
967 2389 1035 2432 eun·
1089 2369 1196 2443 stolos,
1223 2370 1276 2448 qni
1296 2366 1471 2430 catholicas
1495 2371 1684 2448 scripserunt
1710 2368 1783 2448 Epi·

369 2472 473 2535 smque
488 2475 555 2515 esse
577 2476 681 2517 verum
696 2457 846 2517 bominem
860 2477 934 2518 vera
949 2475 1038 2518 carne
1090 2455 1192 2530 stolas,
1214 2456 1406 2516 intentionem
1429 2455 1574 2516 direxisse
1596 2463 1699 2516 contra
1720 2473 1785 2536 per

369 2541 522 2616 aedilem,
538 2543 692 2623 inquibus
716 2545 851 2604 consistit
868 2545 978 2604 veritas
993 2545 1036 2603 iu·
1090 2561 1207 2604 versam
1222 2562 1258 2603 sc
1271 2543 1470 2623 perniciosam
1486 2542 1657 2622 opinionem
1673 2560 1786 2614 eorum,

369 2631 526 2689 unatiouis
539 2630 724 2691 Dominicae.
747 2631 870 2702 Rursus,
887 2649 955 2691 oum
971 2649 1037 2692 esse
1091 2632 1144 2710 qui
1162 2628 1311 2702 dicebant,
1331 2628 1422 2690 fidem
1438 2630 1504 2689 siue
1526 2628 1670 2708 operibus
1685 2627 1725 2689 ad
1740 2647 1789 2688 ea·

369 2724 482 2777 uuum
504 2714 685 2777 advocatum
708 2716 747 2776 sd
760 2716 892 2792 Patrem,
917 2726 948 2778 et
969 2737 1036 2797 pro·
1091 2718 1183 2778 lutsm
1213 2715 1358 2777 sufficere.
1394 2715 1531 2795 Quorum
1560 2716 1700 2796 princeps
1730 2713 1787 2776 tuit

369 2800 514 2863 tiatorem
540 2822 594 2882 pro
620 2806 753 2883 peccatis
778 2805 904 2882 nostris3
932 2824 951 2863 a
980 2823 1038 2885 quo
1091 2805 1194 2867 Simon
1217 2822 1332 2882 magus.
1356 2802 1432 2865 Nam
1456 2811 1488 2865 et
1502 2802 1533 2864 id
1547 2801 1629 2863 band
1653 2803 1789 2882 segniter

369 2886 467 2952 mindo
482 2897 672 2969 peccatorum
698 2889 911 2963 remissionem,
933 2898 1038 2951 totam-
1091 2891 1156 2972 agit
1168 2889 1304 2952 loannes
1327 2891 1358 2952 in
1379 2890 1438 2952 bac
1451 2888 1599 2971 Epistola,
1622 2888 1715 2971 idque
1737 2908 1791 2969 per

369 2993 404 3036 ss
429 2976 578 3056 justitiam
608 2986 738 3038 nostram
769 2986 947 3058 exspectare
984 2997 1039 3039 nos
1092 2976 1213 3058 singula
1229 2980 1338 3057 capita.
1365 2977 1416 3039 Sic
1438 2978 1517 3038 enim
1539 2978 1583 3039 ait
1605 2981 1733 3057 cap.1.:
1755 2977 1791 3039 Si

369 3069 489 3124 sortem.
511 3062 616 3144 Atque
634 3062 709 3126 haec
732 3066 857 3145 sparsim
881 3063 1040 3125 traduntur
1093 3066 1267 3127 dixerimus
1274 3109 1284 3140 ,
1312 3067 1466 3143 quoniam
1492 3067 1669 3126 sodomum
1692 3063 1790 3124 boba·

369 3167 398 3210 er
417 3157 512 3209 totam
533 3148 599 3210 iero
614 3150 790 3230 Epistolam.
819 3150 890 3231 Qua
907 3150 1041 3212 doctriua
1093 3170 1162 3214 mos
1182 3170 1252 3212 cum
1270 3152 1348 3226 Deo,
1372 3160 1402 3212 ct
1424 3154 1461 3211 ia
1483 3152 1620 3213 tenebris
1641 3150 1791 3212 ambala-

369 3233 476 3298 undis
497 3234 665 3315 Apostolus
691 3256 752 3297 non
777 3238 873 3299 solnm
899 3238 1040 3299 haereses
1093 3257 1174 3314 mus,
1199 3242 1373 3300 mentimur
1387 3245 1417 3298 et
1431 3241 1600 3299 veritatem
1621 3256 1691 3300 nort
1703 3238 1790 3317 foci·

369 3321 440 3384 cius
454 3330 590 3402 tempore
604 3332 736 3396 exortas,
752 3332 786 3384 ut
800 3325 928 3387 Ebionis
944 3324 1040 3386 etOe·
1094 3344 1164 3386 mssa
1171 3347 1183 3403 ,·
1211 3333 1241 3385 et
1265 3345 1331 3404 cap.
1358 3326 1404 3384 2:
1435 3326 1497 3403 Qut
1523 3326 1618 3401 dicit,
1646 3343 1792 3387 canossa

369 3407 446 3486 mtbi,
460 3410 514 3490 qui
529 3408 647 3471 Christo
659 3409 847 3472 divinitatem
862 3410 1041 3488 adimebant,
1094 3415 1211 3487 Deum,
1235 3419 1264 3471 at
1286 3412 1443 3472 nsaadoto
1465 3415 1532 3488 ejus
1553 3430 1623 3473 noa
1645 3413 1790 3487 custodit,

369 3493 505 3558 ililium
513 3496 572 3557 Dei
582 3496 741 3577 negabant,
758 3518 814 3558 nec
826 3519 886 3560 non
897 3498 1042 3560 Basilidis
1094 3499 1235 3560 mendac
1257 3506 1311 3573 cst,
1335 3506 1364 3558 ct
1378 3502 1415 3559 in
1429 3500 1488 3559 boc
1510 3501 1628 3559 veritas
1642 3517 1710 3563 trost
1725 3506 1790 3578 αις

369 3585 1041 3666 quessqnacium,qoienmuegabautinvera
1095 3594 1127 3647 et
1149 3606 1215 3665 cap.
1239 3585 1284 3644 3.:
1311 3585 1434 3661 lilioli,
1461 3604 1555 3647 nemo
1575 3603 1631 3647 cos
1653 3588 1790 3649 seducat

369 3670 580 3743 marcuisse,
603 3667 735 3751 ideoque
748 3690 805 3732 uec
826 3691 1040 3752 compassum,
1095 3675 1157 3754 Qui
1170 3673 1251 3750 fecit
1261 3675 1431 3748 justitiam,
1451 3676 1556 3749 justus
1576 3680 1638 3751 αις
1657 3676 1713 3751 qui
1732 3673 1791 3752 fo·

369 3753 530 3828 urifixnm,
544 3762 691 3817 mortuum
706 3777 760 3838 pro
775 3758 871 3832 nobis,
886 3758 1040 3837 impicdo·
1094 3763 1137 3820 cit
1158 3766 1334 3835 peccatam,
1362 3778 1401 3820 cc
1425 3759 1553 3822 diabolo
1578 3768 1630 3821 cst.
1664 3760 1704 3821 Et
1729 3760 1790 3822 slis

369 3835 459 3914 bant,
473 3843 519 3903 uti
528 3852 676 3905 memorat
687 3843 725 3905 de
733 3843 794 3905 illie
805 3844 997 3925 Epiphanius
1010 3847 1042 3906 in
1094 3845 1250 3924 complura
1272 3846 1405 3923 ejusdem
1429 3847 1544 3927 capitis.
1566 3846 1645 3908 Item
1660 3867 1726 3928 cap.
1742 3851 1788 3910 d:

369 3945 459 3989 mres.
467 3931 530 4007 24,
537 3949 640 3990 verum
647 3930 851 3993 etiumluturis
858 3931 1041 4010 temporibus
1094 3933 1130 3995 Si
1145 3936 1215 4010 qais
1230 3932 1362 3994 dicarit:
1385 3935 1544 4011 Quoniam
1560 3934 1658 4010 dilioo
1672 3936 1789 4009 Deum,

369 4016 522 4087 :orituram
537 4015 654 4091 nterii,
672 4016 814 4090 Nestorii,
827 4016 1043 4098 Eutycbetiset
1095 4026 1126 4080 et
1147 4020 1284 4097 fratrem
1307 4038 1399 4080 saum
1424 4020 1543 4095 oderit,
1567 4022 1711 4083 mendox
1736 4029 1789 4082 cst.

369 4099 483 4182 alogii3
506 4121 583 4181 quos
604 4122 707 4165 omues
730 4125 789 4165 uno
812 4105 931 4164 nomine
953 4112 1042 4165 vocet
1095 4106 1135 4166 Et
1158 4125 1223 4185 cap.
1246 4106 1291 4165 5.=
1327 4108 1414 4167 Hoec
1440 4115 1485 4168 cst
1506 4109 1623 4169 coritas
1649 4109 1728 4184 Dei,
1754 4114 1791 4170 stt

369 4188 547 4262 stiebrietos,
573 4187 605 4249 id
628 4198 681 4262 eat,
704 4188 815 4253 Christi
838 4189 1042 4269 adversarios,
1095 4193 1251 4254 mandato
1267 4195 1334 4268 cJ'sss
1348 4194 1571 4255 custodiamus.

369 4288 463 4355 *uque
476 4276 598 4339 solvere
612 4281 725 4342 Jecum
749 4276 828 4350 dicit,
850 4276 908 4338 boc
921 4287 976 4351 est,
997 4279 1040 4338 in·

393 5131 463 5172 estl.
483 5128 552 5170 ΜΗ
564 5129 639 5170 σοι.
652 5129 708 5169 τοι.
721 5128 758 5169 111.
