4442 5825
725 568 1148 646 murotmu'sssrrrsma
1165 590 1249 646 ems.
1269 591 1309 645 ιο.
1329 591 1371 645 ιι.
1675 594 1747 671 ala

365 788 392 829 s:
420 759 454 828 oi
477 759 535 829 stat
546 813 556 844 ,
587 771 642 847 qai
671 776 764 844 suat,
796 775 829 827 ut
858 766 998 829 admonet
1049 788 1085 829 ac
1111 766 1267 845 majestate
1291 765 1459 847 praeditos,
1490 775 1524 828 ut
1550 774 1622 828 sunt
1648 785 1746 847 reges,

365 856 521 930 amanium
545 864 614 916 aut:
641 847 743 929 ὄντες,
771 874 843 915 cam
863 857 938 930 siret,
965 862 999 915 nt
1049 855 1201 933 principos
1217 873 1254 913 ac
1268 856 1471 934 magistratus.
1503 855 1566 934 Qui
1580 853 1746 915 etaliornm

365 950 424 1003 reat
438 941 516 1003 baso
529 963 599 1022 pars
616 962 682 1003 cum
695 941 896 1022 sequentibus
922 942 997 1003 Sunt
1047 940 1205 1002 multorum
1233 942 1462 1002 commentarius
1489 949 1544 1002 est.
1582 939 1746 1001 Caeterum

365 1048 376 1089 ι
399 1029 460 1089 bae
482 1028 562 1095 duae
583 1049 673 1091 rocas
693 1050 753 1089 non
768 1028 930 1089 accusandi
947 1047 993 1089 oe-
1048 1026 1249 1090 Osonmonius
1276 1025 1426 1108 duplicem
1453 1025 1552 1089 adfert
1578 1025 1743 1107 expositio·

378 1114 436 1177 sod
459 1115 632 1177 nominandi
655 1116 685 1176 iu
708 1115 832 1185 Graeco,
857 1115 994 1196 quamvis
1046 1135 1122 1188 nem,
1146 1114 1215 1175 dum
1239 1104 1334 1182 δόξας
1357 1134 1426 1175 osse
1450 1114 1522 1175 dicit
1536 1116 1602 1175 sive
1617 1114 1745 1174 divinas

365 1202 517 1265 ammint
552 1203 727 1263 accusativi.
771 1201 916 1263 Audaces
954 1199 993 1261 ad
1046 1204 1187 1275 virtutes,
1211 1202 1277 1261 sive
1299 1203 1394 1261 etiam
1409 1202 1628 1263 ecclesiasticos
1641 1201 1741 1275 pria·

365 1286 535 1351 adiendum
558 1309 604 1362 ea,
638 1289 746 1369 quibus
767 1307 852 1349 suum
876 1290 991 1350 institu·
1044 1291 1187 1367 cipatas,·
1214 1287 1344 1349 divinas
1370 1291 1518 1365 virtutes,
1546 1297 1580 1349 ut
1604 1287 1743 1360 arbitror,

370 1385 581 1456 promoveant.
604 1375 681 1437 Itcm
697 1376 833 1436 cadara
848 1374 887 1435 ad
902 1375 990 1435 male-
1044 1375 1213 1455 intelligens
1251 1374 1396 1435 coelestes
1433 1395 1469 1434 ac
1499 1376 1558 1435 Dei
1587 1374 1742 1434 ministros

365 1460 468 1534 ndum
490 1471 633 1541 ponentes
655 1463 687 1523 in
709 1461 824 1524 coelum
845 1481 991 1534 ossuum,
1043 1462 1179 1543 spiritus;
1193 1461 1410 1522 ecclesiasticos
1422 1469 1528 1522 aretem
1537 1462 1742 1538 principatus

365 1549 461 1609 rtatim
490 1547 656 1611 audiemus.
716 1548 782 1612 sset
817 1548 989 1624 placentes,
1043 1568 1109 1623 cos,
1134 1550 1186 1629 qui
1213 1548 1243 1608 in
1270 1547 1474 1609 Ecclesiaram
1501 1548 1646 1629 regimine
1672 1553 1741 1608 sunt

365 1653 413 1696 sce
443 1626 614 1711 αὐθάδεις,
642 1637 845 1714 praefracti,
875 1644 909 1695 ut
938 1635 990 1697 alii
1043 1635 1207 1708 constituti,
1231 1632 1262 1694 id
1277 1643 1339 1709 cst,
1361 1635 1529 1714 Episcopos
1544 1642 1738 1714 caeterosque

365 1730 423 1795 snt,
444 1721 474 1782 id
498 1731 552 1797 cst,
573 1723 708 1785 homiues
730 1723 777 1787 eui
791 1741 910 1796 sensus,
931 1723 988 1783 aui·
1041 1723 1203 1803 praelatos.
1230 1721 1310 1780 Nam
1325 1722 1380 1783 has
1396 1719 1564 1783 maledictis
1580 1729 1610 1780 et
1624 1721 1736 1783 calum·

378 1809 500 1888 capitia,
523 1819 557 1869 nt
579 1808 638 1885 dici
660 1807 747 1871 solet
782 1808 989 1889 Hieronymus
1041 1811 1097 1872 uiis
1120 1807 1339 1870 baereticorum
1362 1809 1507 1870 obnoxios
1534 1826 1611 1880 esse,
1639 1809 1734 1889 quoti·

373 1913 567 1973 :procaces
612 1896 723 1957 Noster
746 1898 893 1975 interpres
915 1895 989 1957 alibi
1041 1894 1135 1957 diana
1150 1894 1236 1955 docet
1252 1896 1445 1974 experientia
1483 1894 1531 1956 De
1552 1893 1662 1955 divinis
1677 1896 1735 1955 vir·

365 1973 416 2059 ἱδη
427 1983 600 2059 repertam
611 1983 833 2063 interpretatur,
845 1991 877 2043 ut
888 1982 949 2043 Tit.
959 1987 987 2043 1.
1041 1983 1161 2055 tutibus,
1182 1980 1210 2041 id
1224 1981 1409 2063 astragalis,
1433 1984 1524 2043 ctiam
1538 1982 1589 2043 alii
1600 1980 1737 2042 nonnulli

365 2069 455 2131 mant
469 2069 544 2132 baec
559 2069 693 2150 epitheta
707 2070 739 2131 in
750 2069 915 2131 haereticos
927 2091 986 2131 om·
1041 2068 1228 2145 interpretati
1244 2077 1328 2140 sunt,
1352 2078 1386 2129 ut
1401 2068 1571 2129 Turrianus
1586 2066 1637 2128 lib.
1654 2070 1683 2129 2.
1700 2066 1737 2128 de

365 2165 530 2217 ramatum.
1039 2155 1186 2217 hierarch.
1203 2153 1329 2215 ordinat.
1347 2177 1413 2237 cop.
1432 2160 1469 2230 9.,
1492 2166 1523 2216 et
1539 2155 1736 2230 Hasselanns,

365 2249 439 2304 reios
451 2263 520 2305 aare
529 2251 676 2307 metuunt
686 2244 889 2306 introducere
902 2242 987 2303 blaa·
1040 2244 1166 2322 ejusque
1189 2242 1353 2321 discipulus
1377 2242 1511 2305 Adamas
1531 2243 1560 2303 in
1578 2251 1734 2304 comment.

365 2338 482 2391 water
533 2330 704 2392 Secundum
732 2331 810 2392 hauc
833 2337 985 2411 receptam
1040 2331 1170 2391 Goastat
1182 2330 1276 2403 enim,
1290 2329 1387 2411 inquit
1397 2329 1541 2405 Adamas,
1554 2347 1592 2391 ea
1601 2330 1735 2389 bistoria

365 2436 450 2477 unam
466 2436 575 2478 sensns
602 2426 755 2500 promptus
771 2426 824 2479 est.
851 2417 984 2497 Exponi·
1038 2417 1251 2494 antiquitatis,
1278 2417 1416 2478 scholam
1440 2418 1534 2491 borsa,
1561 2415 1661 2486 idest,
1688 2416 1733 2477 st-

365 2505 441 2565 rnim
464 2504 608 2567 effrenata
625 2504 752 2567 audacia
767 2502 983 2565 haeresiarcha·
1037 2505 1134 2565 monis
1147 2512 1178 2562 et
1190 2502 1409 2576 Gnosticorum,
1428 2504 1592 2564 mirabilia
1607 2502 1734 2579 tinxisse

365 2591 456 2671 ,qui
483 2613 544 2653 nou
569 2600 712 2655 verentur
737 2612 816 2654 nova
843 2591 985 2670 dogmata
1037 2592 1075 2650 de
1091 2590 1223 2666 anselo,
1248 2597 1277 2650 et
1291 2592 1428 2667 iadipaa
1453 2609 1585 2667 prorsas
1609 2592 1733 2665 excopi-

365 2686 425 2739 tare
451 2686 481 2738 ot
507 2697 666 2759 spargere,
693 2687 724 2739 st
750 2687 847 2739 sectas
873 2677 983 2737 fecere.
1037 2685 1124 2739 tasse.
1167 2677 1214 2736 De
1247 2678 1357 2757 quibus
1383 2676 1503 2757 legendi
1530 2678 1676 2737 Irenaeus
1703 2684 1734 2738 et

365 2763 530 2838 sciendum,
547 2766 579 2827 in
592 2764 745 2826 codicibus
753 2764 879 2827 Graecis
894 2773 985 2844 atque
1036 2763 1234 2844 Epiphanius,
1251 2764 1414 2826 scribentes
1428 2764 1572 2826 adversus
1584 2764 1732 2838 haereses,

365 2870 380 2911 n
410 2852 529 2914 Latinis
554 2848 736 2934 quibusdem
762 2853 983 2932 manuscriptis,
1037 2861 1064 2911 ot
1087 2858 1156 2932 post
1178 2850 1233 2911 bos
1250 2850 1460 2914 Theodorotus
1485 2851 1537 2913 lib.
1563 2856 1591 2916 3.
1618 2851 1730 2916 haeret.

365 2957 418 3000 om
433 2947 465 2999 et
479 2941 623 3001 Erasmus
640 2940 781 3011 meminit,
805 2961 865 3001 non
879 2939 984 3000 haberi
1036 2938 1215 3000 fabularum.

365 3045 412 3086 um
434 3028 646 3089 introducere.
676 3025 727 3088 Sic
749 3034 850 3087 autem
873 3026 983 3086 babent
1078 3026 1143 3087 Neo
1157 3025 1294 3086 absimile
1310 3046 1379 3087 voro
1396 3035 1449 3101 est,
1473 3027 1595 3088 Petrum
1613 3048 1665 3091 eos
1682 3030 1732 3090 hic

365 3131 421 3172 aa:
443 3105 539 3184 δόξας
554 3107 588 3174 οὐ
604 3105 748 3191 τρέμουσι
764 3109 982 3190 discerpeba-
1035 3132 1146 3174 vocare
1174 3111 1314 3188 alerias,
1345 3116 1410 3174 siro
1441 3115 1632 3192 dipaitctes,
1663 3117 1728 3178 sive

387 3199 480 3280 Quod
504 3203 547 3262 ita
569 3200 678 3264 reddas
701 3201 825 3262 Latine:
859 3201 983 3264 Gloriae
1035 3205 1212 3275 majestates
1248 3198 1308 3276 (bis
1346 3203 1424 3261 enim
1459 3203 1585 3263 vocibus
1614 3205 1731 3264 Latinis

369 3295 525 3349 ementur
544 3290 772 3365 blasphemare,
796 3307 848 3348 seu
872 3290 982 3349 corsoi-
1036 3278 1131 3356 δόξας
1147 3285 1278 3347 reddunt
1293 3285 1500 3367 interpretes),
1524 3309 1597 3370 quos
1613 3289 1730 3350 Paulus

365 3377 517 3438 homere.
548 3377 606 3436 Pro
630 3395 689 3455 spuo
705 3375 867 3457 Apostolus
882 3375 982 3436 «Iudas
1035 3383 1126 3436 vocat
1154 3374 1356 3453 principatus,
1387 3383 1563 3455 potestates,
1594 3378 1729 3452 virtutes,

371 3484 379 3519 :
412 3462 659 3524 Gloriasatstem
676 3461 901 3539 blasphemaret.
933 3463 983 3523 Ex
1036 3462 1263 3534 dominationes,
1287 3461 1417 3533 thronos,
1433 3461 1508 3541 pr.
1528 3467 1554 3522 1.
1571 3471 1601 3522 ot
1616 3460 1682 3523 Col.
1701 3469 1727 3524 1.

365 3551 455 3610 etiam
470 3548 655 3622 refelluntur,
683 3552 735 3629 qui
752 3549 890 3610 dividunt
905 3549 982 3609 hanc
1035 3550 1123 3611 Certe
1135 3547 1297 3627 Gregorius
1310 3548 1387 3608 hom.
1401 3548 1429 3607 8.
1442 3568 1532 3626 super
1544 3550 1731 3611 Ezechielem

365 3655 403 3698 rm
420 3638 453 3698 in
468 3636 559 3696 duas:
593 3637 717 3700 Gloriae
739 3655 806 3698 aaa
826 3643 981 3710 metuant,
1036 3641 1235 3711 majestatum
1265 3636 1453 3711 coelestiam,
1484 3639 1631 3710 meminit,
1662 3657 1730 3698 cum

365 3725 594 3800 aapbemarates,
618 3743 676 3783 noc
697 3724 867 3793 advertunt,
891 3724 980 3804 parti·
1036 3723 1113 3795 dicit,
1135 3723 1291 3784 Christum
1316 3725 1410 3783 etiam
1435 3724 1648 3796 acclamatibus
1668 3744 1731 3787 aa·

366 3830 396 3870 m
421 3808 488 3870 loco
512 3810 594 3872 verbi
610 3810 747 3872 infinitivi
763 3811 888 3889 positum
906 3830 981 3884 esse,
1035 3810 1176 3886 pelorum
1201 3829 1261 3869 esse
1284 3813 1527 3886 superpositum.
1558 3813 1599 3872 At
1622 3809 1660 3872 do
1683 3812 1731 3872 his

365 3923 370 3958 ι
384 3898 602 3978 proprietatem
619 3896 728 3958 Gracci
743 3900 896 3958 sermonis.
921 3895 982 3958 Cur
1036 3917 1134 3957 sermo
1157 3895 1266 3956 redibit
1289 3898 1319 3957 in
1336 3896 1513 3976 exponenda
1528 3897 1663 3978 Epistola
1678 3898 1730 3960 Ju-

365 3983 981 4065 ninterpreaeandemvooemhicsectas,
1037 3984 1101 4043 dae.
1141 3983 1218 4043 Nam
1235 3993 1264 4043 et
1280 3982 1362 4053 illud,
1387 3983 1469 4062 quod
1492 3984 1523 4042 in
1540 4004 1576 4045 ca
1591 3985 1731 4065 Epistola

381 4071 497 4134 dudam
511 4076 717 4146 maiestatem,
737 4092 791 4134 seu
807 4067 982 4147 majestates
1036 4071 1160 4132 refertur
1191 4070 1228 4129 dc
1259 4070 1409 4131 Miclmblc
1438 4071 1640 4148 archangelo,
1670 4093 1731 4136 non

365 4158 474 4219 *tulerit
489 4160 520 4220 in
535 4161 682 4220 sententia
699 4159 798 4232 simili,
814 4178 867 4219 seu
880 4160 981 4239 potius
1036 4179 1108 4218 caso
1136 4158 1245 4216 inferre
1271 4155 1390 4217 diabolo
1417 4156 1566 4236 judicium
1592 4158 1729 4240 blaspbe-

365 4267 399 4318 ιιι,
423 4245 497 4306 mihi
513 4268 572 4307 non
589 4246 692 4325 liquet.
722 4246 769 4308 Ac
783 4265 864 4318 sane,
880 4266 981 4326 quam·
1035 4247 1122 4316 miae,
1138 4244 1220 4303 iavet
1236 4244 1336 4304 dictae
1352 4246 1535 4323 expositioni
1551 4244 1589 4306 dc
1606 4248 1732 4327 angelis,

365 4323 431 4396 tata
453 4352 513 4393 non
533 4333 628 4393 solum
644 4334 792 4408 aleriam,
816 4332 868 4393 sed
892 4332 981 4394 etiam
1036 4331 1286 4412 quemadmodum
1300 4332 1406 4406 ethoc,
1420 4332 1571 4412 quodjam
1583 4335 1731 4414 sequitur:

364 4423 474 4480 ionem
499 4419 666 4499 significet,
694 4440 748 4498 pro
774 4427 856 4480 secta
883 4430 982 4480 tanton
1081 4423 1128 4479 11.
1162 4417 1222 4478 Ubi
1237 4419 1343 4494 ampeli
1356 4419 1551 4496 fortitudine
1567 4428 1596 4480 et
1611 4422 1729 4485 virtute

365 4516 464 4584 ratam
480 4504 600 4585 legisse,
623 4527 682 4568 non
699 4508 838 4581 memini,
861 4508 930 4568 licet
946 4527 982 4568 ex
1036 4526 1105 4567 cam
1135 4509 1200 4565 ciart
1229 4510 1379 4581 raajores,
1410 4526 1477 4568 ιιοιι
1504 4514 1641 4584 portaret
1671 4509 1732 4570 ad·

365 4593 480 4655 onibus
516 4593 585 4655 fixis
621 4602 654 4654 et
690 4593 850 4655 obstinatis
881 4606 982 4654 sectae
1035 4612 1162 4655 versam
1188 4611 1218 4653 se
1244 4594 1431 4654 exsecrabile
1453 4594 1621 4668 judicium.
1659 4596 1728 4673 Ubi,

365 4681 412 4744 riri
437 4679 566 4742 soleant
595 4681 671 4742 Nam
696 4680 778 4757 quod
801 4700 893 4760 supra
909 4682 980 4760 lagi·
1036 4700 1089 4760 pro
1116 4697 1186 4739 cam
1210 4679 1355 4741 adverbio
1373 4684 1481 4760 posuit.
1512 4681 1562 4741 Sic
1577 4683 1732 4746 enimtsm

365 4792 371 4830 ι
401 4774 502 4828 sectas
527 4768 743 4844 perditionis,
775 4767 892 4829 Graece
920 4776 981 4829 est:
1035 4767 1178 4838 Graecis,
1209 4786 1298 4846 quam
1327 4766 1445 4829 Latinis
1471 4767 1620 4830 interdum
1646 4787 1730 4834 usur·

365 4871 429 4922 ιιις
1035 4864 1132 4936 pater.
1163 4853 1388 4916 Noluitsutem
1409 4854 1602 4931 memdicare,
1625 4878 1663 4918 ue
1683 4859 1731 4920 bis

365 4961 421 5002 »πο
441 4941 564 5018 alarias
585 4941 728 5003 Erasmus
750 4944 980 5022 interpretatur:
1035 4942 1186 5003 diceretur
1216 4942 1247 5002 in
1277 4950 1338 5002 tam
1369 4944 1474 5024 paucis
1504 4943 1625 5022 verbis,
1660 4945 1731 5027 qais

365 5047 386 5091 o
395 5028 638 5112 praecellentes,
661 5025 763 5105 idest,
787 5030 868 5092 viros
882 5027 980 5110 gloria
1034 5033 1187 5114 sequitur:
1217 5046 1287 5090 cum
1310 5032 1374 5092 siret
1397 5033 1541 5109 majores
1579 5032 1727 5113 Porloai,

572 5261 589 5299 0
