4442 5825
438 592 511 660 ott
976 580 1209 637 cosummatus
1227 581 1258 635 at
1276 582 1343 637 css.
1362 583 1392 636 ιι.

435 764 493 822 ltoc
512 761 658 837 perfeeto
680 767 724 820 eat
747 762 865 820 caritas
894 760 1070 835 nobiseum,
1097 766 1134 819 vt
1187 780 1246 840 quo
1263 762 1418 840 praecipit,
1434 768 1468 820 ut
1483 760 1645 842 proximos
1662 758 1831 841 diligamus,
1849 782 1874 820 eo

436 848 590 927 fiduciam
612 846 784 907 babeamus
798 849 834 909 in
850 847 901 905 die
919 847 1042 921 judicii.
1070 846 1133 907 Ubi
1186 849 1354 908 certissimo
1367 851 1454 927 signo
1467 848 1692 928 cognoscimus,
1708 868 1766 908 nos
1782 847 1875 928 inlpso

436 934 552 997 Graece
575 953 681 994 rursus
707 933 845 1006 verbum,
872 931 952 1015 quod
973 935 1030 994 hoc
1058 933 1132 993 loco.
1186 953 1261 1006 esse,
1287 932 1387 1009 idest,
1409 955 1466 1015 per
1490 936 1653 994 caritatem
1678 954 1749 995 esse
1764 934 1803 995 Εἰ
1823 956 1874 995 con

435 1021 524 1082 Item:
555 1023 665 1082 Timor
687 1038 754 1081 non
779 1028 821 1080 est
843 1023 879 1081 in
901 1024 1034 1081 caritate
1040 1044 1053 1098 ,·
1080 1020 1133 1080 secl
1182 1021 1319 1098 junctos,
1347 1029 1379 1080 et
1404 1023 1578 1082 societatem
1604 1019 1723 1083 habers
1752 1042 1817 1081 eum
1837 1021 1876 1082 llo.

434 1107 580 1186 perfecta
603 1111 720 1169 caritas
742 1109 833 1185 saras
857 1110 952 1168 mittit
978 1111 1132 1169 timorem.
1186 1106 1342 1167 Sententia
1357 1107 1448 1190 plane
1464 1107 1570 1170 similis
1586 1126 1660 1167 cnm
1677 1111 1828 1171 mutantis
1840 1129 1876 1169 su·

437 1195 499 1256 Ubi
514 1195 545 1255 in
562 1193 678 1255 Graeco
701 1215 824 1255 nomen:
847 1189 961 1254 τελεία.
989 1195 1030 1255 Et
1045 1214 1132 1254 mox:
1185 1195 1314 1274 periore,
1330 1215 1419 1256 versv
1436 1196 1532 1257 tertio.
1550 1194 1634 1255 Nam
1646 1204 1682 1256 ut
1695 1195 1804 1257 eadem
1815 1207 1877 1267 sunt,

435 1284 498 1360 Qui
514 1288 620 1342 autem
637 1284 736 1356 timet,
760 1300 827 1342 non
851 1289 894 1343 est
913 1281 1074 1360 perfectas
1097 1283 1133 1343 in
1186 1301 1308 1341 servare
1336 1280 1477 1342 mandata
1505 1282 1581 1355 Dei,
1609 1289 1644 1344 et
1670 1285 1800 1345 verbum
1825 1283 1876 1343 Dei.

434 1371 576 1430 caritate.
611 1369 672 1429 Ubi
694 1388 796 1430 rursus
823 1367 947 1429 verbum
975 1369 1133 1448 praeteriti
1186 1368 1265 1448 quod
1281 1369 1441 1449 utrobique
1457 1390 1510 1449 pro
1526 1370 1615 1449 signo
1630 1371 1701 1430 sive
1718 1385 1877 1451 argmvcuto

434 1458 585 1536 temporis.
619 1454 677 1515 His
703 1454 840 1516 omnibus
866 1455 939 1515 locis
966 1461 1131 1515 caritatem
1187 1457 1321 1534 ponitur:
1344 1457 1386 1515 ite
1402 1456 1597 1529 conveniunt,
1622 1458 1654 1515 in
1672 1457 1744 1517 Deo
1766 1477 1837 1527 case,
1855 1472 1877 1517 et

431 1542 610 1620 perfectam
633 1540 934 1623 videturApostolus
957 1563 1024 1603 eam
1047 1542 1132 1602 intel-

435 1629 538 1709 ligere,
554 1648 633 1708 qnae
648 1638 694 1689 est
709 1650 788 1702 vera,
811 1634 936 1702 sincera,
951 1628 1132 1702 Christiana,

436 1716 496 1794 lagi
513 1715 571 1775 Dei
586 1715 776 1777 conformata
803 1716 917 1777 Probat
931 1717 1010 1776 enim
1026 1717 1131 1776 carita·

435 1810 496 1863 tem
511 1801 571 1862 Dei
586 1801 754 1882 perfectam
771 1824 807 1864 ex
822 1804 1033 1864 observatione
1049 1823 1131 1862 man·

435 1891 575 1950 datorum
591 1890 664 1968 ojus,
684 1891 786 1963 idest,
803 1910 840 1951 ex
857 1889 1019 1951 dilectione
1034 1890 1133 1969 proxi-

436 1996 560 2037 morum.
584 1976 631 2035 De
655 1997 716 2056 qua
734 1976 849 2038 Paulas
873 1978 959 2037 Rom.
977 1982 1043 2039 13.:
1071 1977 1133 2055 Qvi

437 2064 542 2140 dilipr't
554 2066 752 2139 proximam,
767 2063 865 2140 lepem
876 2065 1029 2141 implevit.
1052 2063 1132 2123 Nam

436 2159 467 2211 et
478 2149 588 2210 fiducia
601 2152 630 2209 in
642 2149 832 2228 diemjadicii
842 2153 972 2211 nascitur
984 2171 1020 2211 ox
1033 2151 1131 2211 abser-

435 2239 558 2298 vatione
573 2247 803 2317 praeceptorum
821 2239 886 2299 Dei.
910 2239 1034 2299 Sincera
1059 2257 1131 2317 qno·

436 2343 496 2405 qna
511 2333 541 2383 ot
552 2320 726 2384 Christiana
741 2327 850 2385 caritas
866 2344 934 2384 cnm
949 2327 1055 2385 timore
1071 2345 1131 2385 ser·

435 2409 489 2470 vili
505 2430 564 2472 non
580 2413 725 2486 consistit,
741 2411 794 2471 scd
810 2431 878 2472 eum
895 2411 1029 2492 expellit.

479 2499 661 2579 Agnoscitur
684 2505 783 2559 autem
813 2497 985 2578 hujusmodi
1014 2498 1132 2571 caritas,

436 2585 462 2645 si
477 2604 510 2646 se
527 2585 675 2646 extendat
698 2585 735 2644 ad
759 2586 920 2666 proximos,
942 2606 997 2645 nec
1018 2585 1132 2644 amicos

436 2680 567 2744 tantum,
595 2674 649 2732 sed
673 2673 762 2733 otiam
786 2673 942 2744 inimicos,
965 2672 1132 2731 secundum

436 2766 599 2838 praecepta
622 2758 798 2831 Salvatoris,
822 2758 929 2818 Mattb.
945 2758 974 2818 5.
998 2757 1075 2817 Nam
1102 2767 1134 2818 et

435 2845 479 2906 ibi
494 2845 656 2927 perfectam
680 2846 832 2906 caritatem
848 2846 950 2925 exigit,
974 2844 1052 2918 dum,
1076 2864 1133 2905 sua

435 2941 599 3015 praccepta
624 2932 816 3006 concludens,
840 2934 898 2994 ait:
929 2934 1037 2993 Estote
1060 2951 1133 3008 erpo

432 3020 580 3097 perfecti,
603 3022 683 3080 sicat
706 3028 734 3078 et
754 3020 852 3079 Pater
873 3026 974 3081 vester
996 3018 1133 3079 coelectis

432 3107 596 3184 perfectas
621 3117 673 3166 eat.
712 3106 867 3185 Perfeeti,
899 3107 1013 3187 inquit,
1040 3107 1132 3184 juxta

434 3190 557 3253 modom
572 3192 775 3273 perfectionis,
798 3213 887 3275 quam
903 3195 1035 3253 viatores
1051 3211 1131 3253 asse·

436 3282 487 3361 qui
511 3298 678 3360 possumus.
711 3279 838 3360 Alioqui
865 3280 976 3341 nullius
1003 3278 1132 3339 bominis

435 3369 467 3427 in
489 3367 624 3427 haesita
645 3368 800 3427 ceritatem
825 3368 945 3428 omnino
967 3365 1131 3446 perfectam

436 3471 511 3526 esse,
534 3462 650 3513 remota
671 3452 787 3513 scilicet
802 3454 882 3513 omni
899 3452 1132 3533 imperfectione,

432 3541 496 3620 jam
519 3550 590 3599 anto
613 3537 716 3599 docvit
730 3539 876 3612 Joannes,
901 3538 1023 3619 quando
1040 3548 1130 3599 testa·

435 3636 484 3686 tus
501 3634 557 3699 est,
572 3627 721 3686 neminem
733 3627 781 3687 hic
797 3628 901 3687 vivere
913 3628 977 3686 sine
989 3627 1131 3707 peccatis.

435 3712 533 3792 quue
546 3712 583 3772 de
595 3733 629 3773 se
640 3716 731 3773 etiam
743 3713 898 3793 profitetur
913 3712 1037 3785 Psulne,
1053 3710 1130 3771 Phil.

436 3800 465 3859 3.
482 3799 601 3860 dicens:
618 3800 690 3862 Non
706 3800 792 3877 qvod
801 3804 871 3874 jam
887 3801 1059 3877 acceperim
1074 3805 1132 3858 aut

433 3887 595 3964 perfectas
609 3889 676 3947 eim.
703 3887 745 3947 Et
759 3887 883 3947 iterum:
910 3888 1051 3960 Fratres,
1076 3905 1131 3960 epo

435 3991 485 4034 me
499 3992 568 4035 noa
584 3973 726 4034 arbitror
748 3974 1025 4050 comprehendisse.
1048 3972 1133 4032 Dicit

436 4081 506 4140 ergo
518 4060 552 4120 B.
565 4061 588 4123 J
590 4080 710 4134 oannes,
723 4080 790 4122 eum
801 4080 874 4122 vera
886 4058 1009 4141 diligere
1020 4059 1131 4132 Deum,

435 4146 570 4228 perfecta
593 4149 731 4209 nimirum
754 4168 791 4208 ac
805 4145 978 4209 Christiana
997 4147 1131 4218 caritate,

435 4235 489 4314 qui
512 4243 612 4295 servat
633 4237 757 4297 verbum
782 4236 862 4313 ejus,
889 4254 949 4314 qno
972 4234 1131 4315 praecipit,

1186 1542 1285 1601 Deum
1309 1562 1497 1622 cognoscere,
1520 1562 1615 1603 sensu
1641 1542 1707 1604 illic
1731 1544 1877 1624 explicato.

1186 1627 1256 1709 Quo
1284 1630 1375 1689 etiam
1398 1630 1465 1689 loco
1493 1628 1686 1690 declaratum
1714 1641 1778 1705 est,
1804 1651 1878 1712 quau

1186 1715 1261 1776 nihil
1284 1715 1429 1794 adjuvent
1452 1715 1626 1795 hujusmodi
1652 1720 1823 1779 sententiae
1842 1740 1876 1778 se·

1186 1805 1303 1875 olarios,
1333 1823 1368 1865 ex
1392 1805 1435 1864 eie
1462 1802 1601 1864 stabilire
1626 1816 1779 1866 conantes
1804 1804 1877 1866 fidon

1185 1910 1271 1950 snam
1291 1891 1451 1969 specialem
1475 1889 1513 1950 da
1535 1889 1727 1952 certitudine
1745 1892 1877 1971 justifer·

1187 1979 1286 2037 tionis.

1230 2064 1258 2122 G.
1275 2064 1337 2142 (lai
1348 2063 1433 2137 dicit,
1446 2083 1477 2123 se
1489 2065 1524 2123 in
1538 2063 1614 2140 Ipso
1627 2083 1778 2139 manere,
1794 2066 1877 2140 delet

1186 2153 1264 2210 aaut
1279 2150 1340 2210 llle
1361 2150 1549 2226 ambulavit,
1573 2158 1603 2209 et
1630 2153 1699 2228 ipse
1716 2153 1877 2213 ambulare

1185 2237 1337 2314 Repetitio
1368 2245 1412 2296 cst
1442 2236 1579 2315 ejusdem
1607 2238 1781 2301 doctrinae.
1816 2238 1879 2301 Sunt

1186 2325 1265 2383 enim
1283 2323 1388 2384 eadem
1404 2322 1528 2398 Joaoni,
1552 2343 1623 2383 esse
1642 2326 1674 2385 in
1691 2326 1772 2397 Deo,
1787 2337 1817 2386 et
1829 2346 1877 2387 ms·

1185 2431 1255 2470 nere
1271 2413 1302 2471 in
1317 2411 1391 2483 Deo,
1418 2409 1518 2483 idest,
1543 2412 1672 2470 caritate
1696 2415 1877 2492 conjunctam

1185 2517 1251 2557 esse
1266 2496 1349 2572 Deo,
1372 2507 1404 2557 ut
1420 2516 1457 2556 ex
1473 2497 1609 2576 pluribus
1623 2498 1721 2576 hujus
1735 2500 1879 2581 Epistolee

1186 2583 1258 2645 locis
1274 2583 1392 2644 ostendi
1409 2593 1520 2664 potest.
1544 2584 1644 2645 Simul
1657 2584 1879 2655 declaratillud,

1185 2670 1266 2753 quod
1288 2670 1380 2731 dixit:
1407 2672 1470 2750 Qvi
1491 2678 1599 2731 servat
1627 2673 1770 2736 vervum
1792 2675 1877 2750 Ερνιῑ

1185 2779 1219 2819 ac
1236 2756 1332 2831 docet,
1349 2777 1415 2817 eum
1431 2757 1461 2818 id
1477 2755 1585 2831 facere,
1602 2760 1658 2838 qvi
1673 2762 1705 2820 in
1718 2763 1784 2822 suis
1798 2763 1876 2822 ectio·

1186 2843 1273 2906 uibus
1286 2844 1395 2905 Christi
1413 2847 1542 2904 imitator
1556 2853 1613 2905 est.
1638 2844 1702 2907 Ubi
1716 2846 1877 2920 nonatum,

1187 2932 1363 3011 pronomina
1389 2937 1456 3008 ipso
1481 2942 1512 2992 st
1533 2933 1604 3009 ille,
1634 2952 1721 3014 quae
1749 2938 1878 2998 etiamia

1186 3018 1301 3081 Graeco
1324 3018 1444 3079 diversa
1468 3026 1544 3093 sunt,
1568 3018 1607 3080 ed
1634 3019 1732 3082 alium
1752 3022 1878 3084 etaliun

1185 3126 1251 3166 esso
1268 3103 1433 3166 refovenda.
1456 3105 1535 3165 Nam
1551 3125 1658 3168 sensus
1672 3117 1742 3170 eat:
1771 3109 1832 3192 Qui
1843 3108 1879 3170 di·

1184 3194 1231 3263 cit,
1249 3212 1282 3251 ss
1294 3211 1368 3265 asse,
1383 3211 1437 3253 seu
1447 3212 1570 3253 manere
1581 3194 1613 3253 in
1627 3193 1709 3268 Deo,
1726 3205 1763 3256 ut
1774 3195 1879 3278 prabet,

1184 3299 1217 3340 ae
1233 3298 1338 3339 verum
1354 3277 1464 3351 dicere,
1479 3276 1571 3340 debet
1585 3299 1644 3341 sna
1659 3286 1880 3345 conversatione

1185 3364 1335 3426 Christum
1358 3366 1467 3426 imitari
1486 3366 1638 3427 servando
1662 3367 1812 3432 videlicet
1824 3389 1879 3431 res*

1184 3451 1254 3511 hum
1271 3452 1337 3528 Dei,
1361 3451 1442 3532 quod
1458 3449 1536 3513 idem
1552 3462 1599 3513 est
1621 3455 1757 3518 verbnm
1772 3455 1879 3520 chria

1185 3538 1265 3598 Hinc
1287 3539 1353 3617 ipse
1377 3538 1512 3599 Christus
1535 3537 1574 3599 ad
1597 3538 1778 3621 discipulos
1799 3543 1879 3607 Joeu

1186 3625 1252 3685 15.:
1267 3627 1303 3687 Si
1315 3633 1487 3702 praecepta
1499 3646 1569 3687 mea
1582 3633 1805 3708 vacaveritis,
1819 3648 1879 3691 raa·

1183 3712 1297 3773 nebitis
1317 3714 1353 3773 in
1377 3712 1543 3775 dilectione
1565 3733 1661 3792 mea,·
1689 3718 1776 3781 sicca
1792 3727 1821 3781 et
1833 3735 1880 3794 aa·

1184 3800 1291 3859 Patris
1306 3801 1368 3860 mei
1379 3808 1552 3877 praeeepta
1566 3807 1711 3880 servavi,
1730 3813 1761 3867 et
1775 3821 1878 3867 mana

1184 3887 1219 3946 in
1234 3888 1316 3961 Ejus
1330 3885 1507 3948 dilectione.

1226 3972 1263 4032 In
1286 3992 1347 4053 quo
1368 3981 1468 4034 autem
1485 3970 1628 4035 Christus
1652 3977 1748 4041 nobis
1769 3981 1809 4041 sit
1827 3977 1877 4042 ini

1184 4058 1309 4134 nudas,
1332 4068 1374 4133 nt,
1397 4061 1475 4120 sicut
1498 4058 1550 4120 ille
1573 4062 1770 4142 ambulavit,
1789 4076 1819 4129 et
1835 4083 1878 4125 urs

1184 4144 1376 4220 ambulemus,
1401 4148 1488 4208 docet
1508 4147 1650 4211 loannes
1670 4151 1770 4233 hujus
1792 4154 1875 4236 Epist

1184 4251 1249 4312 cap.
1276 4238 1321 4295 a:
1352 4236 1511 4312 Quoniam
1538 4234 1592 4295 ille
1620 4241 1777 4302 animam
1802 4257 1875 4302 mars

435 4320 519 4401 diligi
533 4324 686 4401 proximos
702 4324 767 4381 sine
783 4324 971 4402 exceptione.
988 4320 1131 4399 Denique
1182 4336 1243 4395 pro
1264 4320 1355 4381 nobis
1373 4323 1498 4398 posuit,
1522 4328 1552 4381 et
1573 4341 1636 4384 aas
1661 4326 1813 4390 debemus
1826 4342 1875 4406 pta

435 4407 579 4489 probatur
605 4407 654 4469 hie
676 4427 781 4468 sensus
804 4428 841 4467 ex
864 4408 923 4468 alio
946 4408 1012 4468 loco
1039 4405 1130 4467 simili
1181 4407 1478 4484 fratribasanimas
1487 4426 1619 4485 ponere.
1645 4413 1874 4494 Quodeimhrt

1184 4512 1276 4572 opero
1288 4494 1562 4556 excellentissimae
1575 4498 1719 4562 caritatis
1730 4499 1874 4564 imitantur
1920 4561 1922 4574 ,

433 4495 511 4556 infra
531 4516 595 4576 cap.
620 4495 664 4555 5.:
696 4497 785 4554 Haec
808 4502 860 4567 est,
882 4496 990 4575 inquit,
1013 4496 1131 4553 caritas

433 4585 505 4657 Dei,
519 4591 555 4643 at
568 4584 725 4643 mandata
735 4580 1031 4656 ejvscvstodiamvs.
1043 4579 1131 4640 Unde

433 4669 621 4730 manifestum
637 4678 693 4741 est,
718 4667 843 4728 eandem
860 4687 927 4727 csse
941 4667 1054 4728 Joanni
1076 4686 1131 4727 ca·

433 4758 561 4816 ritatem
570 4757 641 4830 Dei,
656 4763 685 4815 et
696 4759 861 4815 caritatem
874 4755 936 4814 Dei
945 4755 1131 4831 perfectam.

476 4844 518 4903 In
533 4843 590 4903 hoe
612 4845 735 4917 samus,
760 4844 913 4920 qvoniam
938 4844 973 4900 in
989 4840 1062 4917 Ipso
1078 4859 1132 4900 sv-

432 4948 509 4991 mvr.
534 4930 576 4991 In
591 4930 658 5006 boc,
675 4929 706 4990 id
718 4937 763 4989 est
773 4947 828 5007 per
838 4926 904 5002 hoc,
920 4926 1130 5000 Hebraismns,

434 5026 467 5076 ot
482 5035 590 5077 sensas
604 5018 656 5078 sit:
683 5015 717 5077 Si
733 5034 891 5077 emramus
906 5012 1031 5075 verbum
1047 5014 1131 5092 Ejus,

1184 4578 1271 4640 nobis
1295 4591 1338 4640 est
1355 4582 1506 4658 Christus,
1530 4593 1648 4664 quanto
1673 4591 1779 4671 aragia
1794 4586 1872 4650 iuni·

1183 4667 1306 4727 naribus
1322 4677 1350 4727 et
1366 4667 1569 4729 facilioribusl
1594 4671 1695 4736 Porro
1712 4676 1872 4744 ambulatu

1184 4776 1237 4835 pro
1254 4757 1431 4827 conversari,
1448 4755 1628 4836 Scripturas
1645 4760 1771 4839 phrasis
1785 4773 1872 4825 estne

1185 4842 1310 4900 tissima.
1333 4841 1398 4901 Nec
1421 4840 1551 4903 includit
1575 4846 1751 4925 profectum
1767 4850 1871 4911 inbono

1184 4926 1234 4987 vel
1249 4928 1337 5000 malo,
1361 4938 1395 4987 nt
1410 4927 1533 5008 quidam
1548 4941 1681 5012 putant3
1704 4937 1760 4998 sed
1775 4945 1870 4998 nnn·

1184 5035 1375 5095 progressum
1405 5034 1459 5075 seu
1490 5025 1605 5079 motum
1639 5019 1680 5083 de
1708 5021 1868 5087 sodomis
