4442 5825
444 603 517 673 ιω
873 595 1390 655 marmaritanorum
1514 653 1517 660 .

440 771 594 853 Propheta
606 792 668 834 non
679 777 725 832 eet
736 789 921 850 expressum.
944 770 1136 852 Respondeo,
1232 776 1283 837 23.
1308 775 1353 836 Ee
1366 773 1426 834 alii
1446 726 1579 850 quedem
1591 773 1704 850 ploro
1716 772 1800 853 faeti
1812 782 1886 838 anst

440 856 652 938 jusjurandum
666 855 723 921 hoo
736 877 797 919 non
811 856 895 918 alind
910 856 1024 933 videri,
1045 879 1135 940 qnam
1187 860 1369 922 sacerdotes.
1419 858 1551 921 Graece:
1589 861 1633 921 Et
1668 862 1719 923 tili
1750 863 1885 939 quiderm

440 954 619 1028 perpetuum
633 953 664 1007 et
674 944 813 1006 omnibus
823 943 920 1005 modis
936 946 1137 1010 irrevocabile
1189 946 1279 1031 Quod
1292 946 1333 1008 de
1347 953 1526 1008 testamento
1553 944 1657 1009 docuit
1678 968 1719 1009 ex
1733 948 1788 1010 ilis
1801 959 1884 1030 parte

440 1031 501 1095 Dei
516 1032 678 1107 decretum,
701 1052 761 1113 qno
777 1029 928 1093 Obristnm
950 1033 1047 1095 voluit
1070 1051 1137 1094 esee
1187 1054 1292 1096 emano
1305 1032 1464 1095 Davidici:
1490 1036 1627 1097 Jomoie
1649 1037 1829 1111 Dominae,
1855 1035 1884 1099 id

440 1120 632 1182 sacerdotem.
654 1118 1138 1200 Adqnodeigniticandnmetiam
1188 1142 1267 1183 nnnc
1292 1119 1382 1182 docet
1408 1119 1447 1180 de
1467 1120 1633 1183 sacerdotio
1655 1141 1695 1184 ex
1720 1142 1758 1184 es
1783 1130 1884 1204 parter

440 1206 569 1269 addidit:
600 1209 643 1269 Et
658 1225 726 1269 nost
736 1207 912 1283 poenitebit
926 1225 1014 1281 enm,
1044 1205 1137 1267 idest
1187 1212 1224 1269 in
1239 1215 1419 1282 aeternum,
1432 1205 1576 1269 videlicet
1585 1207 1788 1271 recordationi
1800 1208 1884 1273 cbri-

439 1313 602 1375 nnmqnam
615 1293 979 1375 illndrnorepoenitentie
995 1301 1135 1354 retracte-
1186 1297 1227 1357 sti
1249 1294 1454 1375 praestantius
1476 1312 1545 1355 esse
1563 1296 1711 1357 Levitico.
1749 1296 1885 1358 Tametsi

440 1379 494 1442 bit.
532 1381 613 1461 Quis
635 1402 789 1441 veronen
813 1380 874 1441 tale
898 1381 955 1440 tirit
975 1380 1136 1451 decretum,
1190 1382 1436 1443 honorationem
1457 1381 1523 1460 jam
1547 1389 1620 1443 ante
1643 1384 1806 1462 attigerat,
1834 1382 1884 1443 nbi

439 1472 648 1618 little:
660 1468 1136 1634 lttt‘iltttltt't‘lt
1187 1468 1884 1631 lilt'ttlatmtl‘ti‘mtt

436 1641 636 1724 jurejurando
665 1642 763 1703 tactus
793 1641 942 1702 sacerdos.
988 1641 1134 1721 Quamvis
1189 1645 1335 1704 virtatem
1351 1645 1436 1703 vitae
1458 1641 1645 1712 insolubilis.
1679 1645 1883 1707 connector

440 1740 541 1792 entem
556 1729 693 1792 Chrietns
707 1749 768 1790 non
789 1727 880 1788 fuerit
895 1728 1053 1802 secerdoe,
1076 1731 1135 1788 imo
1187 1732 1271 1790 emim
1287 1741 1343 1790 etc
1380 1729 1494 1789 Verum
1507 1727 1626 1809 plenius
1642 1728 1722 1791 idern
1737 1748 1820 1792 nnnc
1833 1749 1881 1790 ex·

440 1837 497 1878 uec
510 1812 732 1878 Obrietneante
753 1817 1006 1890 incarnationem,
1028 1814 1132 1877 decre·
1186 1817 1292 1895 plicet,
1319 1825 1353 1876 ut
1374 1815 1435 1876 alis
1453 1816 1602 1896 quaedem
1625 1826 1797 1897 opportune
1816 1817 1882 1878 nb·

439 1911 502 1964 tnm
517 1911 620 1963 tamen
635 1903 718 1978 illud,
729 1904 895 1981 juramenti
906 1904 1026 1964 nomine
1042 1903 1133 1981 signi·
1183 1904 1308 1982 jungat:
1323 1903 1447 1965 Idcirco
1463 1903 1548 1979 qnod
1560 1911 1660 1965 morte
1672 1904 1883 1980 prohiberem-

439 1989 574 2066 ficetum,
588 1989 701 2051 init-sb
715 1999 849 2050 aeterno.
885 1991 954 2050 Huc
969 2008 1065 2070 neque
1081 2009 1132 2069 pa·
1186 1998 1240 2051 tur
1253 2007 1453 2067 permanere.
1491 1989 1620 2051 Levitiei
1634 1989 1827 2065 sacerdotes,
1841 1991 1881 2052 in·

439 2075 596 2139 rentbeeis.·
630 2078 720 2138 Nunc
738 2077 874 2157 seqnitur
888 2075 995 2137 reditio
1011 2076 1051 2136 ad
1065 2095 1133 2156 pro·
1187 2079 1269 2156 quit,
1295 2080 1387 2138 etiarn
1413 2077 1535 2150 summi,
1571 2075 1674 2156 plnrec
1701 2076 1779 2139 iacti
1807 2085 1883 2150 sunt

439 2164 618 2244 positionem
633 2165 744 2226 tectam
758 2185 787 2223 v.
804 2164 854 2225 20.
1186 2164 1263 2224 alins
1278 2172 1348 2244 post
1363 2164 1471 2237 elium,
1486 2164 1558 2244 quia
1575 2163 1718 2225 mortales
1732 2172 1837 2239 eram,
1855 2172 1884 2226 et

482 2251 533 2313 92.
556 2254 598 2314 Im
625 2259 755 2314 tamtum
785 2252 924 2312 melioris
956 2252 1134 2311 tentamenti
1185 2259 1282 2312 morte
1310 2250 1469 2315 liniebatur
1495 2251 1638 2331 cajnmus
1667 2252 1879 2313 sacerdotium

425 2354 573 2418 'sponsor
584 2341 690 2418 saetae
704 2347 749 2400 eet
762 2343 867 2403 Jeme.
904 2339 1024 2399 Dicitur
1038 2343 1135 2402 Jeme
1186 2338 1264 2399 Nom
1280 2339 1394 2398 Arroni
1408 2339 1439 2399 in
1452 2338 1620 2399 sacerdotio
1634 2339 1782 2400 successit
1791 2339 1880 2400 Elea·

437 2429 708 2490 cooetereamemt
729 2444 878 2503 moneor,
900 2445 953 2486 sen
967 2423 1134 2501 fidejnssor,
1185 2445 1254 2498 nar,
1269 2432 1299 2483 et
1314 2422 1461 2485 Eleazaro
1475 2423 1616 2497 Plriness,
1632 2435 1664 2485 et
1675 2425 1719 2485 its
1729 2424 1881 2507 deinceps.

439 2513 470 2575 id
485 2524 532 2576 est
549 2524 719 2595 exponente
734 2511 984 2594 Theophylacto,
1009 2513 1135 2574 media·
1229 2513 1279 2573 tt.
1302 2513 1365 2572 Hie
1379 2518 1504 2585 artiora,
1529 2529 1564 2573 eo
1586 2512 1672 2588 quod
1697 2520 1831 2574 monent
1847 2516 1882 2575 itt

437 2608 504 2676 tor,
526 2598 674 2681 siquidem
690 2601 755 2680 ipse
769 2597 935 2681 Apostolus
950 2596 1043 2672 intra,
1067 2618 1133 2678 cap.
1186 2606 1370 2674 nmmum,
1385 2600 1613 2675 sempiternum
1627 2597 1721 2659 babet
1733 2599 1883 2661 marsa-

438 2687 468 2747 &
492 2691 521 2750 9.
545 2695 577 2749 et
599 2690 665 2759 12,
692 2685 843 2747 Christum
865 2686 936 2745 novi
960 2686 1135 2746 tentamenti
1186 2689 1275 2746 tium
1313 2685 1414 2766 Quum
1430 2685 1519 2745 dicit:
1542 2704 1578 2747 eo
1602 2685 1884 2763 qoodmoosotis

440 2774 649 2837 mediatorem
664 2772 815 2853 appellet,
831 2791 867 2832 eo
883 2772 1019 2832 nimbum
1035 2791 1133 2844 renen,
1186 2780 1363 2846 ommam,
1378 2773 1500 2851 respicit
1513 2770 1553 2831 ml
1566 2769 1642 2833 illud
1657 2773 1799 2851 superine
1811 2775 1880 2836 eite-

437 2862 509 2943 qnia
534 2859 685 2934 Obtietne,
711 2867 865 2941 tamquam
890 2855 1029 2919 sacerdon
1056 2860 1135 2921 inter
1186 2867 1261 2920 tum:
1280 2860 1332 2921 Tre
1347 2879 1377 2920 es
1390 2858 1772 2921 meerdeeieraetareetsm.
1796 2859 1886 2922 Unde

436 2946 573 3009 homines
609 2954 640 3007 et
666 2948 765 3009 Deum
801 2945 919 3007 medius
947 2964 1003 3006 auo
1035 2947 1133 3025 ipsine
1186 2954 1327 3025 apparet,
1357 2943 1556 3026 supplendam
1585 2965 1654 3007 essa
1682 2948 1880 3010 sententiam:

437 3035 597 3113 sangnine,
625 3053 718 3115 quem
732 3031 813 3093 indit
828 3035 860 3093 in
874 3052 927 3093 ers
941 3032 1054 3107 erucis,
1068 3032 1132 3093 foe·
1185 3034 1253 3094 Hie
1266 3040 1373 3094 atatem
1381 3077 1393 3106 ,
1420 3050 1457 3093 eo
1476 3032 1562 3109 quod
1584 3040 1717 3094 maereat
1736 3034 1880 3095 merdae

439 3118 498 3181 dns
511 3121 569 3182 boc
583 3138 694 3182 novam
708 3121 810 3181 sanxit
820 3129 850 3180 et
860 3119 1057 3180 confirmavit
1079 3119 1134 3180 list
1186 3121 1222 3181 io
1236 3126 1403 3181 artemam
1419 3129 1475 3179 ete
1508 3118 1555 3179 Ac
1569 3137 1609 3180 ne
1624 3121 1695 3200 qais
1709 3119 1804 3194 dicet,
1817 3119 1882 3182 iore

439 3216 540 3269 satem
553 3207 631 3269 baec
646 3205 786 3287 Apostoli
797 3207 1030 3287 argumentatio:
1046 3204 1133 3267 chri·
1185 3205 1243 3267 boe
1272 3205 1360 3266 modo
1390 3207 1565 3286 petitionem
1594 3206 1737 3286 principii
1767 3207 1799 3268 in
1826 3206 1882 3270 iss

437 3301 501 3356 atus
527 3312 596 3355 cum
616 3292 814 3373 jurejurando
840 3294 1018 3354 constitutus
1043 3304 1092 3355 est
1113 3312 1133 3352 a
1185 3292 1323 3372 Apostoli
1337 3292 1613 3372 argumentatione.
1635 3294 1712 3354 sciat
1732 3311 1790 3372 pro
1812 3295 1882 3356 istos

436 3377 505 3442 Deo
519 3380 678 3457 sacerdon
695 3381 827 3442 Levinci
838 3382 905 3441 sine
913 3379 1132 3460 jurejurand03
1184 3382 1410 3456 sempiternum
1418 3423 1428 3454 ,
1456 3378 1574 3440 Graece
1587 3398 1655 3441 esse
1669 3368 1881 3456 ἀπαράβατον,

435 3485 509 3548 ergo
524 3487 634 3529 novum
650 3474 877 3540 tentamentum,
899 3467 987 3545 cnjus
1005 3486 1132 3546 sponsor
1185 3467 1275 3546 qnasi
1291 3464 1390 3528 dices:
1407 3464 1608 3527 intransibile
1614 3509 1625 3540 ,
1641 3464 1731 3527 idest
1745 3466 1829 3547 qnod
1841 3463 1880 3530 sd

436 3573 472 3615 ao
486 3553 633 3616 mediator
654 3561 700 3613 est
714 3553 868 3628 Christus,
893 3551 1002 3614 melino
1023 3561 1073 3612 eet
1085 3560 1130 3611 at·
1184 3552 1277 3614 alium
1291 3553 1418 3613 mannire
1433 3572 1493 3614 non
1508 3559 1625 3633 poteet3
1647 3571 1701 3613 sen
1722 3553 1879 3616 ιἰιιιιοωι·

435 3647 1133 3804 tttttttltl'li‘ttet'tttllt
1170 3637 1880 3806 ,tt'tttlitttti„ttt“tftlt

434 3830 577 3895 Quone,
602 3813 660 3874 boo
685 3814 933 3892 superveniente,
960 3810 1037 3872 illud
1063 3831 1130 3872 cnm
1181 3813 1328 3874 Levitico.
1358 3812 1456 3893 Syrus
1470 3814 1618 3893 interpres
1640 3813 1746 3874 vertit:
1772 3830 1878 3874 mer·

434 3917 489 3959 sua
503 3900 573 3981 lege
587 3909 635 3961 est
645 3898 860 3980 abrogandum.
883 3899 973 3960 Valet
985 3897 1130 3971 collectio,
1182 3900 1304 3961 dotium
1334 3902 1401 3974 ejas
1436 3917 1505 3961 moer
1533 3902 1701 3975 promote,
1732 3907 1787 3960 ant
1819 3919 1880 3961 nen

433 3986 508 4066 quis
515 3987 718 4067 juramentum
741 3985 877 4048 adbiberi
891 4006 952 4047 non
967 3985 1054 4060 solet,
1071 3985 1130 4046 nisi
1182 3986 1298 4046 transit
1321 3986 1418 4064 Igitur
1431 3984 1595 4066 Apostolus
1609 3987 1653 4047 sic
1666 3986 1879 4050 ratiocinatum

434 4070 474 4133 sd
488 4092 540 4147 ee,
555 4093 635 4154 qnae
649 4074 771 4152 majoris
787 4082 856 4135 suut
870 4074 1022 4147 momenti,
1037 4091 1128 4154 qnae
1181 4074 1346 4133 Aeternum
1360 4074 1562 4151 praestantius
1576 4082 1623 4134 est
1637 4091 1688 4145 ec,
1709 4070 1794 4153 quod
1808 4072 1877 4136 snb·

433 4177 495 4239 qne
516 4161 655 4222 volumno
677 4160 795 4220 omuino
818 4171 885 4221 rats
908 4170 938 4221 et
955 4160 1040 4220 firma
1061 4177 1130 4219 esse
1182 4159 1253 4221 inde
1275 4157 1468 4234 nsnstertnm
1494 4162 1581 4238 etqui
1603 4157 1714 4221 (ibristi
1736 4158 1875 4222 secuda·

433 4254 525 4326 atque
539 4254 696 4328 perpetua·
716 4246 764 4307 De
776 4247 924 4308 vocabulo
939 4247 1128 4318 tutamenti,
1180 4246 1270 4319 tium,
1292 4244 1414 4306 Decide
1426 4254 1517 4317 teste,
1531 4254 1685 4306 aeternnm
1699 4253 1763 4320 set,
1785 4246 1875 4310 Leve

433 4331 507 4413 qnid
532 4332 694 4412 significet,
720 4341 751 4393 et
777 4353 831 4393 cnr
851 4333 1052 4394 introductum
1073 4351 1128 4411 pro
1181 4332 1271 4392 ticum
1300 4340 1402 4392 nutem
1439 4331 1666 4405 banelatitium,
1702 4341 1738 4392 nt
1770 4333 1885 4414 probet·

434 4418 558 4481 foedere
572 4439 625 4480 sen
646 4427 736 4499 paeto
758 4418 970 4500 significando,
996 4418 1129 4479 dicemus
1179 4416 1356 4479 Pontificum
1372 4436 1451 4477 mors
1465 4429 1497 4478 et
1512 4421 1677 4493 sncoeesi03
1693 4437 1875 4499 organeu-

432 4506 512 4569 intrs
526 4509 557 4567 in
572 4508 700 4586 exposit.
717 4525 781 4585 cap.
797 4507 826 4566 8.
838 4514 870 4567 et
882 4509 909 4568 9.
933 4504 1023 4567 Unde
1037 4506 1128 4568 etiam
1180 4506 1296 4566 dotium
1312 4502 1423 4565 Christi
1444 4508 1646 4584 praestantius
1668 4514 1715 4566 est
1728 4505 1885 4568 Levitico..

431 4594 633 4675 intelligetur,
658 4613 717 4653 ncn
731 4601 813 4652 recte
835 4592 982 4673 quosdam
1001 4592 1127 4652 Latinos
1179 4592 1256 4653 Rem
1271 4588 1397 4669 pulchre
1415 4589 1551 4652 declarat
1564 4590 1601 4653 B.
1617 4592 1753 4654 Thomas
1767 4611 1808 4656 ex
1822 4612 1874 4654 ns·

431 4678 927 4761 interpretesinbecllpistolspro
940 4686 1127 4740 testamento
1180 4677 1342 4749 tnralibne,
1374 4677 1406 4738 in
1432 4677 1542 4756 quibua
1575 4678 1817 4757 corruptibilium
1843 4678 1876 4740 tit

431 4765 625 4834 substituere:
653 4766 786 4845 sodes,
825 4786 892 4827 cnm
921 4786 980 4826 vox
1010 4765 1128 4827 Graece
1178 4763 1387 4845 multiplicatio
1401 4763 1458 4823 snb
1481 4765 1586 4825 eadem
1607 4766 1725 4844 specie,
1747 4785 1874 4830 nonau-

431 4847 565 4931 tanim
587 4855 709 4950 proprie
731 4860 951 4914 tentamentum
969 4852 1127 4932 aignificet,
1179 4862 1237 4912 tem
1251 4850 1531 4930 incorruptibilium
1565 4849 1653 4911 Unde
1666 4872 1729 4914 non
1742 4861 1799 4928 eet,
1813 4853 1872 4914 nisi

430 4947 524 5019 etque
537 4941 596 5002 hoc
613 4941 812 5022 significatum
835 4949 944 5021 urgent
966 4940 1124 5020 ipseApo·
1177 4958 1254 4999 nnus
1269 4938 1332 5011 ool,
1352 4958 1413 4998 nna
1427 4936 1500 4997 luna
1515 4945 1572 4997 etc.
1725 4969 1729 4974 ·

431 5024 528 5089 molus
542 5047 609 5108 cap.
624 5028 654 5089 9.
1220 5025 1334 5088 Verum
1355 5022 1435 5086 dicet
1456 5023 1586 5104 aliquis,
1611 5025 1703 5087 edam
1718 5021 1884 5090 cireen.
