4442 5825
391 620 477 689 Μ.
909 612 1327 670 comminuerentur.

390 788 597 853 Involacrum
615 796 714 850 eutem
726 798 756 850 ct
771 790 923 852 volumen
938 791 1015 852 idern
1030 799 1085 850 eut
1137 809 1203 851 eece
1225 788 1262 851 (le
1278 791 1395 852 cbristo
1419 788 1470 850 vol
1492 788 1531 849 (le
1551 785 1683 861 Devitle,
1705 788 1757 868 qui
1774 786 1817 848 luit

389 894 488 960 paene
517 876 596 937 idem
627 883 706 937 aunt
758 876 855 938 Juxta
884 878 963 940 hanc
993 878 1086 958 igitur
1137 887 1231 958 typua
1246 878 1366 949 Christi,
1389 874 1470 958 qnod
1486 875 1623 936 lecturire
1639 874 1817 936 ceaetvclun

390 963 502 1027 Graeci
510 963 651 1024 vocabuli
664 963 919 1043 significationem,
932 985 992 1025 non
1001 965 1085 1025 alind
1137 973 1228 1026 tatem
1254 962 1322 1024 Dci.
1357 963 1435 1024 Nam
1463 957 1628 1023 ineundam
1655 959 1818 1022 literatuel

390 1052 573 1130 acripecrnnt
598 1050 714 1124 LXX„
741 1070 831 1131 qnam
858 1051 937 1133 quod
964 1061 1029 1112 crat
1055 1055 1085 1113 in
1138 1050 1288 1113 Davidem
1312 1052 1461 1131 pertinere
1483 1049 1564 1110 hunc
1583 1047 1748 1121 Paelmum,
1768 1066 1821 1109 tun

390 1138 540 1199 Hebraeo.
568 1138 633 1198 Nec
658 1138 755 1197 nolum
779 1137 837 1212 ibi,
863 1159 968 1199 verum
997 1140 1084 1198 etiam
1137 1139 1284 1202 Jauaenio
1311 1137 1449 1198 nonnulli
1472 1137 1643 1216 opinantur.
1678 1135 1771 1216 Atqui
1792 1133 1822 1195 le

390 1224 472 1307 apud
488 1224 597 1285 Erech.
621 1244 686 1304 cap.
703 1227 731 1285 2.
749 1234 780 1284 et
796 1230 824 1288 3.
848 1246 903 1306 pro
918 1225 1086 1287 Hebraico:
1138 1224 1260 1287 Davide
1275 1225 1392 1285 Paulna
1408 1223 1476 1283 Act.
1494 1227 1543 1286 13.
1559 1224 1604 1283 eie
1618 1222 1770 1300 loquitur:
1790 1222 1824 1284 tt

391 1312 570 1388 mapillcth,
598 1311 680 1390 quod
708 1331 810 1371 omnen
830 1314 929 1374 Latini
950 1319 1086 1373 venunt:
1139 1319 1247 1373 amoto
1263 1311 1331 1386 illo,
1348 1329 1458 1390 nempe
1473 1310 1574 1383 Saule,
1594 1310 1761 1371 mediavit
1773 1309 1824 1369 illle

392 1401 559 1472 volumen,
596 1397 687 1460 iidem
718 1398 817 1459 Lxx
855 1399 1086 1460 transtulerantt
1139 1403 1227 1462 Deua
1252 1399 1363 1460 David
1390 1415 1514 1473 nepem,
1544 1399 1596 1458 cui
1622 1397 1823 1457 animoniae

391 1479 560 1565 κεφαλίδας
584 1504 645 1545 non
661 1486 766 1562 utique
781 1495 878 1566 capot
893 1495 946 1548 aut
960 1487 1086 1562 capitat-
1136 1485 1315 1564 perbibent,
1340 1486 1438 1546 dicit:
1462 1485 1580 1546 Iaocai
1595 1482 1721 1557 David,
1737 1482 1824 1560 tillem

392 1574 458 1635 lom
482 1571 651 1651 significare
674 1571 819 1645 volentes,
842 1574 924 1652 quud
944 1573 1087 1634 Hebraea
1139 1579 1237 1648 δαν,
1262 1575 1368 1634 vinam
1384 1571 1557 1632 occandum
1572 1587 1629 1631 eor
1643 1588 1760 1643 meum,
1780 1569 1825 1647 pai

392 1680 451 1721 vox
462 1659 546 1719 nullo
558 1657 646 1718 modo
662 1660 820 1739 signifieat,
835 1680 935 1739 neque
947 1662 1088 1720 convenit
1137 1662 1235 1740 saciet
1262 1678 1369 1720 omnen
1390 1659 1571 1720 voluntem
1595 1674 1693 1717 meae.
1724 1655 1824 1717 Parin

393 1745 727 1826 cumlocoPropbetne;
741 1745 795 1806 aad
806 1746 921 1829 aliquid
933 1745 1088 1808 involucro
1139 1757 1240 1808 autern
1255 1766 1339 1807 more
1353 1764 1408 1806 auo
1424 1746 1627 1806 teatimonium
1643 1742 1824 1803 conflaritex

393 1832 498 1905 simile,
513 1842 548 1893 nt
563 1840 609 1892 eet
624 1831 765 1893 volumen
780 1833 858 1893 libri.
1140 1833 1275 1914 plnribna
1301 1833 1473 1914 scripturae
1495 1832 1577 1892 locie.
1610 1829 1694 1890 Nam
1720 1833 1736 1891 1
1762 1830 1824 1909 lleg.

434 1919 607 1980 Notandum
629 1927 676 1979 eet
690 1920 777 1993 enim,
800 1920 984 1981 Hebraicum
997 1938 1087 1981 voca·
1142 1925 1191 1983 13.
1214 1920 1338 1982 Samuel
1353 1923 1411 1979 ait:
1427 1920 1589 1998 Qetaeeivit
1604 1914 1825 1979 nominarat

393 2007 496 2067 bulum
517 2004 598 2065 istud
621 2006 653 2065 in
674 2005 829 2086 Scriptura
852 2027 938 2068 eacra
959 2017 1089 2086 quatuor
1140 2010 1246 2068 vinam
1258 2011 1356 2082 jacto
1372 2024 1426 2066 cor
1440 2024 1552 2083 noum5
1571 2012 1602 2064 et
1617 2022 1686 2084 cap.
1704 2004 1752 2064 16.
1766 2001 1824 2063 (licit

394 2095 513 2153 omnino
535 2093 609 2152 loeia
632 2092 760 2153 diversio
784 2095 920 2155 inveniri.
953 2094 1088 2154 Primum
1140 2095 1304 2155 Dominae:
1319 2093 1456 2153 Providi
1470 2097 1505 2154 in
1520 2093 1596 2169 filiii
1611 2092 1679 2153 leci
1694 2091 1823 2152 mittre-

392 2182 424 2242 in
439 2179 569 2249 Pealmo,
592 2177 629 2238 de
651 2197 709 2260 quo
733 2199 811 2241 nunc
825 2182 950 2259 agimur,
971 2181 1023 2241 ubi
1039 2196 1087 2239 aa·
1139 2201 1207 2258 pem
1217 2205 1228 2258 ,-
1252 2192 1283 2242 et
1297 2180 1408 2241 Paalm.
1427 2184 1477 2242 88.
1493 2198 1613 2241 ruraum
1628 2178 1691 2238 eit:
1723 2176 1824 2239 Iacent

394 2261 510 2345 φαλίδα
527 2266 667 2327 dixerunt
681 2265 781 2328 Lxx.
803 2268 924 2330 Deinde
938 2268 1089 2330 Jercmiee
1141 2268 1251 2329 David
1271 2284 1399 2328 eertum
1420 2285 1535 2342 meum,
1559 2273 1590 2327 et
1611 2263 1663 2326 hie
1685 2263 1823 2343 intelliget

394 2356 455 2429 39,
478 2353 530 2416 ubi
554 2346 689 2431 χαρτίον.
725 2353 802 2415 Item
825 2354 935 2415 llaecb
959 2357 988 2415 2.
1005 2363 1035 2415 et
1051 2358 1088 2427 3,
1140 2354 1314 2416 remotam
1336 2370 1391 2415 cor
1412 2372 1526 2414 meam.
1554 2350 1646 2433 Quod
1661 2349 1822 2411 autemillio

396 2442 447 2502 ubi
468 2459 573 2502 ruraua
596 2433 756 2515 κεφαλίδα.
779 2440 921 2519 Denique
942 2441 1033 2502 Zech.
1049 2441 1088 2513 5,
1140 2441 1226 2502 addit
1241 2439 1424 2521 Apostolus:
1451 2442 1514 2519 Oui
1533 2441 1634 2519 faetet
1656 2454 1820 2500 ommon-

394 2527 445 2589 ubi
461 2526 550 2588 iidem
566 2526 665 2587 LXX.
682 2518 839 2603 δρὲπανον,
856 2527 888 2588 id
903 2536 957 2600 eet,
970 2528 1089 2607 [aloem
1140 2529 1279 2590 tantalea
1302 2546 1397 2603 mm,
1421 2527 1581 2607 explicatio
1596 2533 1644 2586 eat
1658 2525 1735 2603 elne,
1757 2519 1821 2606 qut

394 2614 621 2686 menetulernnt,
633 2611 753 2674 adducti
766 2632 819 2673 een
828 2613 946 2695 decepti
959 2612 996 2691 (oi
1008 2634 1089 2675 more
1141 2617 1277 2677 dixerat:
1300 2617 1406 2676 virum
1421 2614 1594 2675 occandum
1610 2629 1667 2673 cot·
1681 2630 1788 2673 ιιιιιιιιι.

395 2702 498 2764 Sancti
514 2699 693 2780 Hieronymi
706 2699 790 2781 loqui
801 2698 883 2779 licet)
895 2700 1090 2763 similitudine
1183 2702 1251 2763 Nee
1266 2700 1342 2762 illud
1358 2700 1459 2774 lateat,
1482 2699 1663 2780 Prophetae,
1683 2700 1738 2780 qni
1751 2700 1822 2759 end
1852 2776 1853 2781 η

395 2788 478 2848 vecie
494 2786 674 2858 Hebraicae,
696 2806 777 2867 quae
791 2808 851 2849 una
866 2788 954 2849 litera
969 2788 1089 2868 dempta
1141 2791 1173 2850 iu
1184 2790 1245 2849 illia
1257 2788 1372 2862 diebue,
1388 2796 1422 2848 ut
1432 2787 1562 2857 Samuel,
1577 2785 1702 2848 Nathan
1713 2794 1744 2847 et
1754 2783 1821 2858 alite
1852 2794 1853 2799 ’

396 2871 487 2956 (quae
503 2873 608 2935 eimilie
624 2880 676 2943 eat,
698 2881 729 2933 et
748 2893 828 2936 nunc
843 2874 922 2949 addi,
944 2895 1023 2937 nunc
1038 2873 1087 2935 de·
1142 2895 1218 2956 quoe
1234 2874 1383 2956 aignillcet
1397 2874 1500 2936 David
1516 2873 1623 2936 eodem
1638 2871 1761 2936 Paelmo
1774 2870 1821 2942 882
1850 2852 1853 2889 ³

396 2962 473 3023 trahi
497 2957 585 3036 solet)
606 2960 721 3040 falcem
744 2962 900 3041 significat.
934 2963 994 3023 Alii
1018 2981 1089 3023 vero
1142 2963 1260 3024 dinone:
1287 2964 1377 3025 lieno
1393 2963 1559 3024 inaratam
1573 2964 1610 3022 in
1624 2962 1821 3024 visionem·

396 3047 505 3110 Gracci
527 3049 713 3129 interpreter,
735 3047 850 3128 Aquila
866 3058 896 3109 et
911 3048 1089 3121 Theodotio,
1141 3053 1197 3113 otia
1216 3052 1302 3124 tuta,
1327 3058 1356 3111 ct
1376 3050 1502 3112 dinieti:
1524 3050 1623 3110 Poetel
1637 3046 1822 3123 adjecerim

396 3137 473 3196 elcut
487 3134 694 3216 Hieronymus
717 3142 843 3197 tentatur
864 3137 897 3197 in
911 3143 1088 3196 commente-
1142 3141 1178 3197 in
1189 3144 1320 3213 potente
1340 3146 1407 3211 etc,
1430 3156 1510 3217 quaa
1531 3134 1571 3197 ad
1586 3132 1720 3196 Devidle
1738 3151 1823 3215 pern·

395 3223 455 3294 ulie,
481 3212 628 3300 διφθέραν
654 3231 832 3303 posuerunt,
860 3222 942 3303 quoti
965 3224 1003 3283 ab
1026 3222 1089 3282 He·
1141 3245 1212 3286 nam
1234 3231 1382 3305 aperient,
1405 3222 1579 3301 hujusmodi
1600 3221 1699 3283 verba
1713 3220 1824 3284 ettae

395 3307 485 3371 brace
501 3327 593 3370 aenan
614 3327 674 3369 non
690 3305 828 3369 dissonat.
853 3310 930 3371 Erat
945 3311 1022 3370 enim
1038 3329 1088 3369 an·
1141 3311 1346 3372 memorabilia
1381 3312 1482 3370 atatim
1516 3310 1629 3389 acripto
1663 3309 1825 3389 eomtgnm

396 3397 490 3478 tiquie
513 3386 645 3473 διφθέρα
667 3394 756 3475 pellis
771 3397 949 3458 Amaltheae
971 3415 1090 3476 caprea,
1141 3399 1260 3471 solitos,
1282 3395 1363 3476 quod
1385 3396 1597 3477 intelligerent,
1619 3415 1657 3457 ea
1680 3387 1825 3456 omnlioei

396 3483 428 3544 in
443 3501 561 3564 querca
575 3483 723 3544 humanae
734 3483 845 3544 Jovem
860 3484 990 3544 scribere
1005 3482 1088 3543 lubu-
1143 3486 1270 3546 futurum
1295 3482 1406 3544 Obrieti
1432 3503 1558 3564 regnum
1583 3501 1651 3546 aeae
1676 3477 1827 3544 uelum&

395 3570 502 3630 lentur.
525 3569 616 3631 Unde
631 3569 730 3648 coepit
750 3571 889 3650 usurpari
913 3590 968 3650 pro
991 3571 1088 3649 cujua·
1143 3571 1256 3653 Quare,
1279 3569 1359 3650 quod
1376 3570 1450 3632 dicit
1464 3569 1566 3632 David
1588 3570 1621 3631 iu
1635 3568 1774 3631 Pramo:
1794 3565 1827 3629 ln

395 3677 453 3738 qne
467 3656 535 3717 libri
560 3663 730 3736 tegumento
752 3658 816 3718 aiva
838 3657 988 3737 operculo.
1012 3657 1090 3717 Item
1143 3663 1245 3738 capite
1267 3676 1321 3719 eeu
1343 3658 1506 3719 volumine
1528 3657 1604 3718 libri
1623 3658 1777 3733 eoripm
1793 3659 1828 3716 d

394 3765 448 3824 pro
464 3743 646 3816 membrana,
669 3742 701 3802 in
723 3763 781 3825 qua
804 3743 921 3824 aliquid
944 3752 998 3804 aut
1019 3744 1089 3804 ecri-
1143 3748 1182 3807 de
1196 3765 1246 3807 me
1260 3755 1325 3818 etc,
1340 3745 1403 3805 tale
1418 3754 1471 3818 eet,
1492 3764 1529 3806 ec
1543 3745 1568 3804 ai
1584 3742 1718 3805 dicaret:
1743 3742 1829 3806 Juxta

393 3829 534 3902 bendum,
551 3838 604 3890 aut
617 3830 761 3908 scriptum
778 3840 831 3891 eet.
1143 3853 1189 3906 ce,
1213 3852 1291 3912 quae
1306 3833 1367 3905 Tu,
1388 3831 1529 3906 Domine,
1553 3829 1592 3893 (le
1606 3849 1658 3891 me
1672 3830 1790 3892 lumitue
1801 3843 1829 3890 υ

436 3915 737 3995 PorroSymmacbnn
750 3916 854 3979 codem
864 3917 929 3979 loco
938 3910 1090 3996 κεφαλίδα
1142 3919 1319 4000 Prophetis,
1341 3920 1405 3999 jam
1428 3919 1467 3979 ab
1493 3918 1553 3979 illie
1576 3918 1606 3978 in
1631 3917 1712 3978 libro
1734 3918 1772 3980 δα
1790 3931 1830 3976 ιο

394 4005 500 4076 vertit,
526 4023 582 4064 nec
607 4004 675 4081 ipae
701 4002 853 4066 divorsum
880 4005 952 4086 quid
978 4005 1017 4066 ab
1045 4023 1090 4077 eo,
1142 4008 1285 4086 scriptum
1302 4014 1356 4078 eat,
1371 4024 1498 4066 meeaee
1512 4005 1664 4067 bominem
1678 4001 1829 4068 manda

394 4088 475 4172 quod
487 4092 516 4151 in
529 4089 670 4151 Hebraeo
683 4088 799 4170 legitur,
811 4093 992 4173 significuus,
999 4091 1090 4171 juxte
1142 4112 1194 4153 eor
1209 4094 1319 4165 ¹fuum,
1344 4094 1397 4173 qui
1419 4091 1556 4153 iacturae
1578 4094 1637 4153 eim
1651 4092 1829 4153 voluntate·

393 4197 460 4240 eam
483 4176 621 4239 Graecae
640 4179 724 4238 rocio
750 4180 970 4259 acceptionem,
997 4199 1094 4259 qaam*
1142 4180 1250 4240 Tuam.
1267 4180 1352 4240 Dixit
1363 4187 1464 4241 autem
1476 4179 1534 4240 hoc
1545 4176 1658 4252 David,
1670 4175 1830 4241 uonndlt

392 4282 483 4346 enpre
506 4264 734 4344 assignavimus.
769 4266 870 4346 Atque
896 4266 971 4327 baec
996 4266 1089 4347 plana
1141 4266 1286 4327 laudandi
1310 4285 1343 4326 ac
1364 4268 1470 4346 ipaum,
1494 4267 1546 4347 qui
1565 4264 1718 4327 interilum
1733 4265 1831 4348 legitur

392 4359 447 4426 eet,
471 4359 502 4413 et
516 4351 674 4432 perspicua
689 4349 871 4413 Graecorum
895 4355 1088 4433 interpretum
1141 4355 1242 4416 Deum
1256 4353 1388 4434 graviter
1403 4352 1579 4430 offcndieae3
1595 4351 1652 4413 aad
1667 4353 1773 4435 procul
1786 4349 1830 4413 δι·

392 4439 566 4500 conciliatio
589 4457 657 4497 cnm
678 4435 778 4511 fonte,
805 4449 838 4499 ut
864 4439 941 4500 nihil
963 4457 1089 4500 necenne
1140 4440 1190 4501 bio
1205 4449 1302 4500 metue
1317 4440 1424 4517 epiritu
1436 4439 1540 4501 divino
1555 4437 1594 4499 ed
1610 4438 1691 4502 haee
1705 4435 1831 4512 utente.

390 4526 444 4602 eit,
469 4528 501 4588 in
526 4523 652 4605 gretiam
675 4523 774 4585 Lxx„
801 4527 998 4606 interpretum
1025 4525 1086 4587 He·
1140 4529 1216 4588 eicut
1230 4526 1269 4588 ad
1284 4525 1379 4588 multa
1394 4527 1463 4600 alia,
1478 4527 1830 4608 quaerereillum

390 4612 503 4674 braeae
518 4613 602 4672 vocia
614 4610 715 4684 aliam,
731 4630 812 4691 qnae
823 4632 971 4694 nunquam
983 4619 1087 4687 uocet
1141 4623 1261 4676 terreno
1280 4623 1386 4694 typum
1409 4614 1534 4693 gerebat
1549 4612 1670 4687 Ohrieti,
1697 4616 1776 4696 regin
1788 4631 1830 4674 ee·

391 4698 452 4760 buc
467 4699 576 4761 inferre
592 4696 850 4777 significationem.
1139 4704 1231 4777 terni3
1248 4702 1363 4779 alioqui
1380 4708 1462 4761 certe
1476 4719 1536 4760 uon
1550 4707 1611 4761 tam
1627 4701 1787 4779 praeclue
1798 4697 1831 4760 tle

433 4785 506 4847 Jam
521 4783 602 4868 quod
618 4783 657 4844 ad
671 4803 795 4846 nonaum
811 4787 925 4860 attinet,
946 4805 1012 4846 cum
1028 4787 1087 4848 aiut
1139 4808 1171 4847 ae
1194 4789 1258 4868 ipao
1279 4789 1443 4849 locuturus.
1478 4785 1548 4867 Qua
1574 4789 1694 4849 ratione
1723 4807 1787 4870 cap.
1807 4789 1831 4848 l.

391 4869 509 4933 eedcmr
535 4875 571 4933 in
592 4872 756 4933 columine
779 4871 855 4932 libri
879 4881 909 4935 ct
936 4876 972 4934 in
993 4874 1084 4949 libro,
1139 4873 1284 4950 diximus,
1308 4875 1458 4937 Davidem
1481 4872 1624 4948 aeribere,
1648 4873 1709 4936 eibi
1733 4894 1752 4936 a
1773 4873 1832 4956 Dee

390 4960 469 5018 elcut
483 4966 553 5020 ante
564 4967 760 5020 monstratum
772 4966 834 5020 eet:
851 4968 967 5021 tentum
983 4969 1085 5036 restat,
1139 4960 1268 5023 dictum:
1291 4963 1395 5024 atltae
1409 4979 1498 5023 mene
1512 4979 1543 5022 ee
1556 4968 1613 5032 tter
1637 4963 1718 5023 sieut
1732 4963 1771 5026 de
1784 4959 1831 5022 h·

390 5052 425 5107 ut
437 5045 621 5120 comedetur,
643 5045 675 5106 in
689 5045 765 5107 libro
785 5049 927 5129 quopiam
942 5049 1085 5130 ecriptuur
1138 5046 1273 5114 loruone:
1295 5050 1368 5128 Ipee
1382 5052 1444 5111 erit
1456 5049 1535 5112 mitt
1548 5050 1586 5113 in
1598 5047 1707 5129 filium
1722 5058 1777 5112 ete
