4442 5825
1481 410 1493 452 Ι

429 581 477 663 ³8
944 573 1177 631 comminutus
1194 575 1226 629 ur
1244 575 1311 630 cer.
1329 573 1348 629 1.
1448 607 1451 613 ·

424 761 586 833 poetquam
601 749 641 811 ad
664 750 819 812 dexteram
840 771 938 812 meam
960 747 1124 812 collocatae
1175 754 1290 834 regiam
1302 751 1361 814 eibi
1372 752 1559 827 collocasset,
1573 750 1763 814 introducere
1774 751 1879 815 Deum

425 858 476 913 ee,
500 838 612 908 Eilium
634 856 734 899 mcum
757 847 788 898 te
811 857 880 899 eeec
900 838 1010 900 mundo
1029 839 1123 899 meni·
1175 841 1219 900 eic
1241 838 1278 900 ad
1303 859 1336 900 ee
1358 840 1547 920 loquentem:
1577 838 1645 920 Ego
1671 847 1703 902 te
1725 841 1757 901 in
1778 840 1878 905 filium

426 924 556 997 laetari,
581 926 697 987 ecilicct
718 944 772 1005 per
793 924 955 1004 Evangelii
978 945 1123 1007 propaga·
1176 946 1274 987 meum
1291 926 1474 1006 peculiarem
1491 927 1599 1006 recepi,
1614 926 1759 987 acveluti
1773 927 1878 1007 genui,

425 1013 548 1073 tionem.
584 1012 694 1092 Neque
710 1011 747 1072 eb
763 1011 820 1071 hoe
839 1031 930 1073 ecueu
945 1013 1062 1073 alicnue
1078 1017 1125 1070 eet
1177 1013 1298 1094 quaudo
1324 1021 1354 1073 tc
1380 1034 1418 1074 ex
1444 1015 1571 1074 cbecuro
1600 1011 1667 1073 loco
1694 1010 1734 1075 ad
1760 1022 1877 1075 tantvm

424 1098 598 1161 Janeeniue.
635 1098 713 1159 Nam
729 1106 795 1177 poet
818 1098 880 1158 ulia
895 1097 969 1159 dicit
983 1101 1015 1160 in
1031 1119 1123 1158 anuo·
1176 1102 1356 1182 dignitatem
1372 1109 1403 1161 ct
1416 1099 1543 1179 gloriam
1562 1099 1697 1181 provexi.

425 1188 540 1246 tatione
554 1183 594 1245 ad
608 1184 686 1246 benc
700 1193 818 1265 partem
833 1183 965 1260 Peelmi,
979 1187 1124 1247 deitatum
1220 1189 1283 1267 Qui
1297 1196 1407 1266 typue,
1423 1196 1459 1247 ut
1473 1185 1593 1249 Christo
1608 1195 1770 1266 congruet,
1785 1187 1877 1266 aptle·

425 1280 558 1347 eeee,ut
573 1271 768 1352 tuuceliquie
785 1273 850 1332 lieri
868 1273 1024 1352 quippiam
1041 1271 1122 1331 dice·
1176 1276 1266 1336 eimue
1293 1273 1352 1334 erit
1375 1292 1495 1346 eeneue,
1525 1275 1630 1335 Filiae
1654 1292 1745 1335 meur
1770 1291 1804 1334 ce
1831 1282 1876 1350 tre,

425 1367 482 1435 tur,
498 1358 619 1438 quaudo
634 1358 704 1419 telle
719 1359 826 1438 incipit
836 1360 959 1438 aguueci
971 1366 1002 1419 et
1011 1355 1123 1418 mundo
1177 1380 1267 1441 quem
1288 1378 1368 1420 novo
1390 1359 1521 1441 quodam
1546 1358 1636 1432 modo
1661 1379 1766 1422 rureue
1786 1359 1877 1424 hodie

425 1445 571 1527 patelieri
609 1444 646 1506 Id
675 1463 746 1506 vero
779 1447 919 1526 quoniam
945 1446 976 1505 in
1002 1444 1123 1507 Cirrieto
1175 1449 1280 1529 genui,
1303 1446 1425 1527 quando
1440 1457 1472 1507 tc
1486 1456 1635 1507 mortuum
1650 1454 1682 1507 et
1696 1445 1735 1508 ab
1751 1446 1877 1511 homiui·

426 1534 527 1614 ooepit
549 1531 666 1612 impleri
687 1539 758 1612 poet
780 1533 845 1610 ejue
867 1533 1124 1605 resurrectionem,
1176 1534 1239 1607 boe,
1256 1533 1465 1614 reprobatum,
1496 1532 1536 1594 ad
1559 1535 1651 1593 vitam
1677 1533 1877 1596 immortalem

426 1641 463 1684 ec
477 1619 571 1680 multo
593 1619 689 1698 magis
711 1621 802 1680 etiam
823 1628 892 1699 poet
916 1619 1123 1679 aeceneionem
1176 1621 1336 1696 suscitavi,
1363 1629 1396 1682 et
1421 1619 1597 1680 adtentum
1620 1619 1750 1700 gloriam
1772 1621 1878 1694 extuli,

425 1708 458 1775 in
480 1705 612 1782 coelum3
642 1703 712 1765 inde
739 1714 786 1766 cet
807 1706 907 1786 quod,
933 1706 1025 1784 juxta
1044 1705 1124 1765 hunc
1176 1714 1256 1768 utte
1270 1707 1363 1768 filium
1385 1725 1483 1767 meum
1506 1725 1589 1781 eeee,
1615 1707 1693 1766 coeli
1715 1715 1878 1790 terraeque

426 1812 562 1869 eoueum,
586 1800 649 1852 toto
672 1811 709 1852 eo
726 1801 857 1874 tempore
873 1792 966 1853 Peter
989 1811 1057 1853 eum
1072 1810 1123 1871 ge·
1177 1794 1345 1868 dominum,
1369 1802 1400 1854 et
1420 1813 1522 1874 rogem
1544 1812 1635 1872 euper
1653 1793 1727 1854 Sion
1742 1805 1878 1857 montem

426 1883 529 1944 uuieee
549 1878 609 1940 dici
634 1881 744 1960 poenit,
774 1880 860 1941 initio
887 1879 966 1940 lecto
991 1879 1030 1939 ab
1057 1879 1125 1957 ipea
1177 1890 1314 1942 canotum
1336 1899 1452 1954 meum,
1475 1879 1506 1939 id
1528 1887 1576 1939 eet
1598 1899 1689 1960 cuper
1706 1880 1878 1943 Eccleeiam

426 1963 660 2041 rerurrectione,
682 1986 737 2047 per
759 1986 850 2048 quam
877 1985 1000 2046 corpore
1014 1963 1123 2046 glorifi-
1177 1969 1385 2041 conetitutum,
1415 1985 1517 2027 omuee
1545 1975 1722 2046 agnoecaut
1763 1967 1879 2029 Verum

426 2063 529 2128 catur,
552 2053 650 2133 coepit
671 2053 760 2113 etiam
784 2052 928 2134 paulatim
951 2053 1062 2113 mundo
1081 2051 1124 2111 in·
1176 2055 1226 2115 hic
1249 2055 1375 2116 occurrit
1396 2052 1563 2134 ecrupulue.
1598 2053 1725 2114 Nomai
1749 2052 1878 2116 haeoad

401 2139 607 2213 -olareeccre,
628 2160 663 2201 ac
687 2139 771 2200 velut
792 2142 824 2201 in
837 2141 1055 2220 poeeeeeionem
1072 2159 1123 2198 nc·
1177 2140 1327 2201 Davidem
1354 2139 1435 2202 dicte
1460 2149 1541 2200 recte
1567 2138 1730 2200 secuudum
1756 2139 1878 2203 literam

425 2229 531 2297 miuie,
548 2246 608 2308 quo
624 2227 723 2289 Filiue
737 2228 796 2288 Dei
812 2236 944 2301 vocatur,
959 2224 1076 2286 induci:
1093 2234 1126 2284 ut
1177 2227 1380 2308 accipiantur:
1402 2228 1466 2307 jam
1488 2225 1572 2307 quud
1594 2224 1634 2287 de
1656 2227 1766 2306 angelo
1785 2235 1878 2309 neget

348 2304 351 2311 ¹
425 2315 602 2377 rerurrectio
610 2314 732 2395 quidem
745 2311 1027 2394 respondeatmorti,
1035 2332 1124 2393 quam
1177 2314 1357 2395 Apostolue,
1378 2313 1417 2375 de
1438 2333 1514 2395 puro
1538 2312 1660 2373 homine
1674 2314 1877 2378 coucedemue

424 2400 938 2484 preeuesuerat301altetioautem
955 2399 1122 2461 etcelcbri·
1177 2401 1290 2462 dictum
1312 2402 1342 2462 ei
1365 2420 1431 2462 ceee
1453 2421 1473 2460 a
1493 2401 1576 2461 Deo:
1604 2400 1709 2462 Filiae
1734 2420 1824 2465 metet
1847 2420 1877 2462 cr

425 2498 472 2549 tae
483 2491 614 2551 neminie
624 2497 797 2568 compenset
807 2489 1002 2568 ignominiam
1016 2487 1122 2546 crucia.
1177 2495 1213 2549 tu
1228 2497 1285 2548 etc.

424 2574 529 2656 Atque
557 2575 617 2635 huc
644 2577 795 2656 pertinere
827 2572 934 2636 volunt
958 2573 1057 2633 locum
1084 2571 1124 2633 ad
1219 2574 1358 2635 Breviter
1379 2571 1555 2654 responderi
1581 2582 1701 2653 pceeet,
1731 2595 1789 2637 uec
1818 2575 1877 2656 ipai

425 2664 511 2725 Rom.
531 2665 572 2735 1.,
596 2660 650 2721 ubi
663 2659 817 2735 Christus,
835 2663 928 2741 juxta
942 2658 1124 2721 Graecorum
1177 2660 1288 2721 Davidi
1305 2659 1417 2721 dictum
1434 2679 1515 2732 ceee,
1540 2659 1598 2719 niei
1621 2667 1771 2739 quotenne
1789 2681 1875 2742 gare·

427 2750 659 2830 expoeitiuuem,
676 2745 968 2809 diciturdeclaratue
984 2765 1050 2807 eeee
1065 2747 1123 2808 Fr·-
1176 2748 1229 2809 bat
1243 2755 1349 2828 typum
1365 2755 1396 2807 ct
1409 2746 1570 2827 imaginem
1585 2743 1707 2807 Chrieti.
1747 2749 1819 2830 Quo
1833 2769 1876 2810 re-

426 2837 488 2899 littt
502 2837 566 2896 Dei
583 2837 619 2895 iu
641 2837 760 2902 virtuto
780 2853 841 2911 per
863 2835 1124 2894 rerurrectioncm
1176 2843 1277 2907 moto,
1299 2853 1494 2915 nequaquem
1517 2840 1578 2891 tam
1599 2833 1767 2914 magnificis
1782 2835 1877 2897 titulit

427 2942 466 2987 cu
489 2926 633 2984 mortuis.
671 2920 759 3001 Quae
781 2921 903 3003 quidem
930 2921 1030 2981 omnie
1052 2920 1125 2981 actia
1176 2921 1286 2981 luieect
1312 2943 1331 2982 a
1351 2922 1418 2982 Deo
1440 2922 1613 2982 honoratur.
1647 2919 1750 3000 Quale
1773 2933 1824 2985 eet
1845 2932 1877 2985 ct

425 3010 603 3082 oetendunt,
619 3018 802 3089 poetremum
817 3009 899 3070 huuc
913 3025 1047 3081 aeneum,
1071 3008 1124 3086 qui
1178 3006 1252 3069 illud
1268 3006 1381 3070 Pealm.
1397 3009 1463 3081 88„
1485 3016 1519 3067 nt
1539 3006 1675 3070 nonnulli
1695 3010 1876 3084 existimant,
1898 3076 1903 3087 ,

426 3105 528 3167 umen
550 3096 671 3157 etertio
686 3116 746 3157 non
770 3104 816 3157 eet
836 3095 955 3156 omniuo
978 3093 1125 3165 divereue,
1177 3094 1216 3155 de
1245 3091 1369 3155 Devidu
1398 3095 1542 3174 ecriptum
1572 3094 1612 3155 ad
1638 3093 1773 3156 literam:
1805 3095 1876 3175 lpse

427 3181 510 3244 baud
523 3183 614 3261 longe
628 3181 825 3263 rejiciendum
841 3200 916 3242 eeee.
941 3177 1017 3241 (lum
1033 3181 1125 3259 igitur
1176 3179 1338 3243 invocabit
1352 3200 1402 3241 mc
1409 3226 1420 3256 ‚
1436 3182 1534 3240 Pater
1546 3198 1635 3242 merce
1650 3200 1680 3242 ae
1693 3189 1748 3243 tur
1774 3188 1805 3244 et
1820 3202 1875 3261 epo

426 3270 593 3332 hioeaueue
614 3269 709 3348 ipram
733 3287 855 3350 quoque
877 3270 1125 3328 rerurrectionem
1174 3270 1424 3345 primbpenitum
1442 3285 1566 3345 portum
1588 3268 1690 3331 illum.
1727 3268 1776 3329 Ac
1801 3270 1876 3333 talia

426 3354 541 3421 Chrieti
555 3354 786 3437 complectatur,
809 3354 895 3416 velut
914 3354 1031 3414 initium
1053 3363 1123 3415 tem·
1178 3352 1300 3436 quidem
1315 3354 1402 3435 plura
1416 3362 1488 3415 eunt
1502 3354 1534 3414 iu
1552 3355 1671 3434 ecriptie
1685 3356 1876 3436 propbetioir.

422 3444 518 3525 potia,
533 3441 571 3504 de
586 3460 646 3521 quo
660 3442 822 3512 Paeimieta
838 3440 911 3502 dicit
925 3442 1035 3501 bodie:
1049 3440 1125 3502 nihil
1176 3441 1318 3520 Denique
1340 3441 1415 3502 haec
1436 3442 1591 3521 respoueio
1621 3441 1817 3505 confirmatur
1838 3464 1877 3507 ox

424 3537 525 3602 vetat,
555 3546 616 3608 quo
638 3528 737 3590 minue
764 3530 854 3589 ctiam
876 3529 1020 3589 Actorum
1041 3527 1126 3587 locue
1177 3528 1272 3587 altero
1302 3526 1478 3607 Scripturae
1505 3528 1693 3603 testimonio,
1723 3528 1819 3609 quod.
1838 3528 1876 3593 ad

426 3615 467 3677 ad
493 3617 582 3678 ictum
607 3614 727 3675 modum
753 3613 949 3694 intelligatur.
988 3613 1022 3675 Si
1044 3614 1125 3674 enim
1177 3611 1388 3678 condemnem
1410 3622 1629 3695 concoquenter
1650 3613 1776 3677 adducit
1795 3617 1875 3700 Apo

426 3702 520 3764 Pater
533 3700 645 3762 Filium
669 3702 774 3780 genuit
788 3698 983 3780 glorificando
1005 3718 1071 3759 cum
1083 3697 1125 3759 'in
1177 3699 1281 3761 etolue.

427 3806 462 3850 ee
476 3797 505 3850 et
519 3787 601 3869 apud
616 3787 768 3848 homiuee:
791 3788 884 3867 igitur
907 3795 976 3847 autc
992 3787 1091 3846 omnia
1106 3807 1125 3846 a
1220 3788 1264 3848 Et
1281 3805 1409 3848 retroue:
1430 3788 1500 3862 Epo
1523 3805 1577 3847 cro
1602 3788 1653 3848 titt
1674 3790 1711 3851 irc
1730 3796 1878 3865 petron:

426 3883 522 3938 morte
535 3892 605 3935 eum
624 3875 834 3935 rceuecitavit:
858 3873 988 3935 maxime
1009 3892 1075 3934 cum
1091 3890 1126 3933 ee
1178 3880 1207 3933 ct
1221 3876 1286 3949 ipre
1309 3876 1370 3933 crit
1385 3875 1462 3933 milti
1479 3876 1516 3933 in
1531 3874 1645 3951 pilium.
1682 3874 1798 3939 Senem
1817 3886 1878 3939 eet:

426 3959 667 4024 reauecitaudum
684 3962 750 4040 ipae
768 3959 978 4041 praedixieeet
1176 3958 1263 4032 Item,
1276 3958 1315 4020 de
1326 3979 1387 4038 quo
1400 3959 1575 4039 angelorum
1587 3960 1698 4043 legitur
1709 3960 1877 4042 aliquando

456 4048 609 4109 -Movetur
623 4047 673 4108 bic
687 4068 706 4106 a
719 4048 872 4109 nonnullis
892 4049 1039 4127 quecetio,
1053 4066 1125 4107 uum
1177 4047 1261 4107 Deue
1275 4054 1362 4126 pater
1377 4046 1509 4106 dixieee:
1529 4046 1598 4127 Ego
1614 4068 1664 4108 cro
1679 4049 1707 4107 ei
1721 4047 1832 4124 Pater,
1848 4058 1879 4111 ct

427 4133 599 4195 verniculue
621 4133 673 4195 ille
695 4154 732 4195 ao
751 4143 830 4195 totus
844 4134 983 4196 Peelmue
998 4134 1125 4213 ecriptue
1178 4131 1230 4193 illc
1244 4133 1301 4193 erit
1314 4133 1387 4193 mihi
1403 4131 1507 4193 illiue?
1522 4132 1573 4194 Sic
1584 4136 1662 4194 euim
1676 4135 1878 4214 exponendue

428 4221 469 4282 eit
483 4220 523 4282 ad
537 4219 653 4282 literam
669 4219 708 4280 de
723 4219 860 4295 Cirrieto,
888 4241 927 4281 eu
942 4220 981 4281 de
994 4218 1125 4292 Davide,
1178 4228 1226 4281 eet
1248 4219 1461 4292 Hebraiemue,
1484 4221 1684 4297 inpetrem,
1705 4224 1741 4283 irc
1762 4222 1877 4299 titum.

427 4317 577 4390 quatenue
599 4315 706 4388 typum
728 4306 842 4370 Chrieti
865 4309 966 4387 gessit
1002 4307 1066 4367 Noe
1089 4324 1125 4365 ea
1177 4308 1247 4368 Non
1270 4306 1351 4386 quud
1376 4306 1491 4367 Peulue
1520 4305 1740 4370 Hebraiemum'
1758 4309 1879 4374 affectet

427 4394 625 4458 altercatione
642 4414 720 4457 nunc
736 4397 878 4476 reperite,
896 4401 1013 4455 tantum
1028 4391 1058 4453 id
1073 4390 1124 4452 cd·
1178 4392 1234 4454 hoc
1249 4391 1326 4467 loco,
1341 4402 1483 4475 tanquam
1495 4393 1536 4453 ad
1551 4393 1710 4455 Hebraeos
1726 4396 1876 4459 scribone:

423 4483 560 4563 jicimue,
575 4484 600 4542 ei
616 4480 656 4541 ad
671 4482 788 4543 literam
805 4482 845 4543 de
859 4478 981 4543 Davide
996 4481 1125 4559 ecriptue
1178 4478 1232 4541 eod
1254 4482 1327 4559 quia
1351 4481 1552 4541 teetimouium
1578 4481 1680 4559 iprum
1705 4482 1749 4543 eic
1776 4482 1877 4557 habet

427 4578 489 4644 eet,
516 4568 597 4650 quod
613 4587 680 4630 cum
695 4568 843 4631 Jeueeuic
860 4568 912 4628 alii
928 4565 1050 4647 quidem
1065 4585 1124 4627 uon
1177 4587 1239 4627 non
1260 4567 1356 4628 colum
1379 4568 1409 4627 in
1424 4567 1580 4640 Hebraeo,
1606 4563 1826 4630 verumetiam
1847 4570 1878 4631 in

426 4666 533 4738 putant
547 4653 761 4737 improbabile,
786 4673 929 4735 magnum
952 4652 1024 4713 indo
1047 4653 1125 4711 eumi
1179 4651 1312 4734 eoquod
1327 4652 1425 4714 LXX.
1441 4661 1614 4726 verterunt,
1636 4673 1713 4734 quoe
1734 4655 1767 4717 iu
1781 4657 1876 4718 citau-

428 4751 637 4823 argumentum
656 4763 711 4823 pro
727 4761 816 4803 eeueu
831 4742 1007 4811 novieeimo,
1035 4758 1123 4819 quem
1176 4738 1223 4799 die
1238 4740 1411 4821 Scripturae
1433 4741 1617 4801 teetimoniie
1630 4740 1681 4802 hio
1694 4740 1819 4804 aeeidue
1833 4762 1876 4812 eof

428 4827 573 4889 dedimue.
595 4830 673 4890 Nem
685 4828 710 4889 ci
722 4827 760 4888 de
771 4826 895 4888 Davidc
906 4826 1124 4905 interpreteris,
1177 4826 1290 4906 quitur.
1334 4826 1491 4905 Leguntur
1512 4826 1586 4888 baec
1611 4826 1706 4890 verba
1731 4826 1813 4895 dicta
1837 4825 1878 4891 ad

427 4935 533 4979 eeneue
563 4916 636 4989 erit,
672 4935 739 4977 eum
768 4921 933 4995 ¹poetquam
965 4914 996 4975 io
1024 4932 1125 4992 regem
1177 4911 1332 4974 Davidem
1348 4913 1456 4994 dch.
1473 4914 1502 4972 t.

426 5002 522 5066 uriel
536 5000 643 5066 fuieeet
667 5010 804 5077 evector,
828 5008 858 5063 et
880 5001 912 5062 in
934 5007 1035 5062 monte
1050 4999 1125 5061 Sicu
1219 4998 1282 5062 Sed
1296 5000 1465 5081 quaeritur,
1485 4998 1523 5061 de
1537 5018 1597 5081 quo
1613 4998 1695 5061 diota
1707 4997 1877 5064 eorundum
