4442 5825
444 645 446 649 ,
456 580 504 652 52
932 536 935 541 ⁵
970 571 1203 629 commutantur
1220 571 1253 626 ru
1270 571 1336 626 car.
1354 573 1384 628 n.

452 753 485 813 in
498 751 619 815 fornace
634 753 751 832 pueris,
766 751 876 812 aliisve
890 749 1065 830 Prophetis,
1082 770 1150 811 eam
1201 771 1220 809 a
1231 750 1371 812 Domino.
1388 748 1503 812 Paulus
1514 759 1613 811 sutem
1625 750 1706 812 clars
1718 749 1802 827 dicit,
1818 752 1896 831 Apo

454 838 622 901 ostenderit
644 839 747 898 vultus
774 839 936 919 imaginem
957 858 993 897 ac
1016 838 1149 909 formam,
1205 838 1297 897 stolas
1313 837 1388 897 nihil
1410 837 1464 897 sibi
1481 837 1651 910 contulisse,
1675 857 1769 917 seque
1784 859 1847 899 non
1860 837 1896 899 ab

453 927 486 986 in
509 946 569 1006 qna
592 925 742 999 Christus,
769 924 808 985 ad
834 945 922 1006 quom
948 943 1051 986 omnes
1078 924 1149 984 illue
1203 924 1337 997 homins,
1367 943 1468 1003 neque
1500 945 1554 1006 per
1582 923 1732 987 hominem
1758 923 1898 986 didicisse

453 1011 568 1092 figurae
582 1011 798 1085 referebantur,
814 1021 879 1073 erat
893 1011 1057 1092 aliquando
1073 1030 1147 1070 mor·
1202 1010 1402 1090 Evangelium
1419 1031 1515 1084 snum,
1538 1011 1591 1072 ssd
1615 1031 1670 1091 per
1684 1008 1898 1072 revelationem

455 1100 567 1160 talibus
584 1101 783 1180 appariturus,
799 1107 831 1157 ut
851 1109 1084 1159 consentancum
1101 1098 1148 1166 sit,
1203 1098 1279 1158 Jesu
1302 1095 1424 1171 Christi
1447 1097 1564 1158 Similia
1586 1096 1692 1159 scribit
1714 1100 1801 1159 initia
1823 1117 1896 1157 com·

454 1187 545 1246 stiam
567 1187 597 1247 in
613 1194 714 1246 monto
736 1186 790 1246 tali
807 1188 909 1266 specie
925 1187 1022 1246 visum
1045 1182 1148 1257 fuisse,
1202 1185 1349 1246 mentarii.

452 1293 514 1333 non
537 1271 655 1351 quidem
679 1273 800 1352 populo,
821 1271 873 1333 ssd
896 1273 981 1333 Masi.
1005 1272 1148 1332 Diximus
1245 1269 1365 1333 Adhuc
1387 1278 1605 1350 argumentum,
1629 1272 1716 1350 cujus
1740 1272 1832 1337 etiam
1847 1289 1896 1330 se·

453 1359 569 1439 aliquid
591 1359 648 1419 hac
671 1359 709 1420 de
731 1380 764 1418 rs
787 1357 826 1419 ad
850 1359 926 1419 illud
948 1364 963 1420 l
989 1358 1055 1419 Cor.
1081 1359 1147 1418 10.:
1201 1365 1281 1418 teres
1304 1359 1510 1429 meminerunt,
1534 1361 1639 1419 variae
1654 1357 1837 1418 adhibentur
1852 1375 1896 1419 rs·

452 1447 559 1522 Neque
573 1453 728 1507 tentemus
744 1447 912 1507 Christum.
1201 1447 1385 1524 sponsiones.
1406 1445 1475 1505 Una
1491 1453 1554 1505 est:
1578 1444 1707 1506 Paulum
1723 1445 1825 1518 abiis,
1848 1445 1895 1525 qni

496 1535 677 1612 Quaeram
704 1535 833 1592 initiam
858 1534 1023 1608 accepisset
1049 1548 1147 1592 enar·

452 1623 523 1680 rari
541 1639 603 1696 per
626 1621 809 1681 Dominum.
840 1620 966 1682 Sensus:
991 1618 1077 1698 Quae
1101 1637 1146 1676 sa·

451 1706 509 1781 lus,
533 1724 611 1786 quas
633 1706 788 1767 salutifera
804 1705 948 1779 (lontrina,
972 1725 1064 1785 quum
1088 1705 1146 1784 pri·

452 1813 532 1855 mum
549 1794 696 1873 inceperit
712 1797 872 1867 enarrari,
896 1791 925 1853 id
942 1801 995 1868 est,
1011 1811 1147 1852 sermone

450 1878 578 1961 proferri
593 1901 629 1941 ac
643 1879 789 1959 publicari
805 1900 859 1960 per
874 1882 971 1960 ipsum
983 1880 1146 1941 Dominum

451 1976 583 2029 nostrum
600 1967 757 2039 Christum,
781 1969 808 2027 in
828 1968 916 2028 terris
932 1975 1076 2045 agentem.
1101 1965 1145 2026 Si·

450 2054 589 2133 gnificat,
618 2054 766 2114 Christum
791 2055 886 2135 primo
913 2074 965 2134 per
991 2073 1024 2113 ss
1047 2054 1145 2132 ipsum

451 2139 547 2221 legem
563 2160 647 2201 snam
663 2140 833 2203 homiuibus
856 2139 1079 2222 promulgasse,
1103 2137 1144 2199 id·

451 2248 509 2309 que
531 2229 654 2309 opponit
670 2230 706 2302 oi,
729 2227 808 2308 quod
833 2226 919 2287 modo
936 2225 1061 2298 dixerat,
1085 2245 1145 2285 aar·

449 2334 569 2379 munem
584 2317 694 2376 veteris
711 2315 787 2394 legis
803 2313 923 2386 dictum,
947 2312 976 2372 id
992 2321 1038 2373 est
1053 2331 1144 2372 enun-

449 2404 564 2477 tiatum,
584 2422 620 2461 ac
635 2401 856 2482 promulgatum
879 2401 972 2461 luisse
987 2420 1041 2479 per
1056 2419 1143 2477 angs-

448 2489 503 2550 los.
527 2489 582 2549 Est
603 2490 680 2560 enirn
702 2487 858 2569 utrobique
880 2490 912 2548 in
934 2485 1050 2546 Graeco
1065 2485 1145 2546 idem

450 2575 582 2647 verbum,
605 2573 675 2636 licet
690 2576 728 2636 ab
745 2577 905 2655 interprete
919 2593 979 2633 non
993 2592 1055 2632 una
1068 2591 1144 2631 vocs

449 2658 614 2737 redditum,
638 2670 672 2721 ut
687 2671 719 2722 et
734 2661 776 2721 ibi
789 2664 967 2722 monuimus.

492 2747 541 2810 Ab
557 2750 609 2821 cis,
625 2751 680 2824 qai
696 2748 881 2824 audierant,
904 2748 941 2807 ia
956 2763 1014 2806 aas
1028 2745 1144 2823 coufir-

449 2842 539 2897 mata
555 2841 607 2894 cst.
631 2835 712 2918 Quia
734 2837 827 2914 pauci·
840 2854 875 2894 aa
890 2835 943 2893 vix
964 2831 1018 2892 ulli
1035 2851 1144 2904 sorum,

448 2921 490 2984 sd
502 2941 580 3003 quos
595 2922 697 2982 scribit
708 2921 829 2996 Paulus,
845 2919 995 2981 Christum
1008 2917 1145 2979 viderant

450 3011 481 3070 in
504 3028 612 3083 came,
638 3028 767 3087 eumque
789 3007 943 3069 docentem
968 3004 1143 3066 audierant:

450 3094 561 3158 idcirco
574 3093 690 3155 duobus
702 3094 771 3155 aliis
783 3094 964 3175 argumentis
980 3091 1143 3153 doctrinam

451 3200 550 3243 nurse
575 3180 651 3262 legis
673 3189 769 3243 ratam
792 3202 828 3242 ac
848 3181 964 3241 firmam
986 3178 1068 3259 apud
1092 3198 1144 3240 ens

450 3287 518 3330 esse
532 3266 642 3329 debers
656 3267 825 3348 persuadet,
850 3286 976 3345 quorum
991 3267 1049 3328 hoc
1063 3276 1110 3327 sat
1125 3287 1143 3326 a

447 3354 583 3426 testibus,
595 3374 724 3436 sequena
734 3375 753 3414 a
764 3354 923 3416 miraculis.
941 3355 987 3413 Sa
999 3353 1142 3428 doctrina,

447 3441 553 3522 inquit,
575 3462 635 3501 non
657 3443 771 3503 incerto
793 3460 911 3502 rumore
925 3440 964 3501 ad
980 3460 1034 3501 uos
1050 3439 1143 3501 allata

448 3538 503 3601 est,
519 3526 572 3589 ssd
588 3548 606 3588 a
621 3530 750 3589 testibus
766 3528 901 3600 oculatis,
924 3528 1016 3607 ipsius
1033 3526 1142 3586 Christi

447 3612 611 3695 discipulis,
628 3616 680 3693 qui
695 3634 763 3674 eum
778 3614 855 3674 haec
870 3612 1023 3674 ducentem
1040 3612 1141 3673 audie·

446 3708 523 3775 runt,
546 3709 685 3777 accepts,
707 3698 796 3761 fidem
818 3710 847 3759 st
869 3700 1037 3760 firmitatem
1061 3700 1141 3779 apud

446 3806 500 3847 uos
516 3786 649 3850 obtinuit.
674 3785 809 3866 Quidam
830 3789 867 3847 ia
889 3804 957 3859 aas,
982 3778 1027 3854 sic
1045 3777 1140 3863 ἡμᾶς,

447 3880 619 3953 exponunt:
641 3873 798 3950 usquead
813 3891 880 3946 aas,
898 3874 985 3952 quasi
999 3892 1140 3954 magnum

446 3959 634 4039 significetur
664 3958 857 4021 intervallum
888 3960 1039 4040 temporis.
1081 3959 1141 4020 Sed

444 4048 716 4126 priorsxpositio,
744 4066 822 4126 quas
848 4054 896 4108 est
922 4046 1140 4126 chrysostomi,

443 4134 541 4194 textui
555 4135 651 4214 magis
667 4136 816 4196 convenit.

487 4217 582 4279 Porro
605 4221 659 4299 qui
681 4219 759 4279 hanc
779 4217 945 4299 Epistulam
960 4217 1048 4279 Pauli
1071 4238 1139 4279 essa

442 4314 565 4385 negant,
582 4307 648 4385 ejus
663 4306 814 4386 opinionis
830 4326 869 4367 ex
880 4305 937 4366 hoc
951 4307 1139 4386 potissimum

442 4391 508 4454 luco
524 4401 645 4456 sumunt
667 4401 886 4474 argumentum,
910 4392 1075 4472 etquidem
1094 4394 1137 4452 in·

441 4482 564 4553 victum,
575 4489 608 4538 ut
620 4480 782 4541 arbitratur
793 4477 965 4559 Oajatanus.
978 4479 1032 4537 Ait
1043 4480 1137 4539 enim:

441 4565 519 4628 Ecce
534 4575 635 4627 textus
650 4567 853 4627 testimoninm
869 4565 1039 4647 perhibens,
1056 4563 1136 4645 quod

1201 1532 1363 1593 Dominum
1372 1530 1539 1605 audierunt,
1549 1553 1609 1593 non
1620 1532 1777 1612 accepisse
1788 1530 1894 1590 docui·

1201 1639 1269 1678 nam
1283 1619 1389 1697 ipsam,
1401 1617 1456 1678 sed
1468 1617 1633 1695 doctrinae,
1646 1638 1738 1699 quam
1751 1617 1895 1690 tradebat,

1201 1706 1463 1777 confirmationem,
1478 1705 1559 1786 quia,
1575 1706 1654 1765 sicut
1669 1704 1706 1765 de
1721 1725 1754 1765 se
1769 1713 1895 1764 testatur

1201 1791 1268 1853 Gal.
1292 1794 1330 1862 2.,
1352 1790 1575 1871 Jerosolymam
1598 1791 1744 1874 ascendit,
1772 1789 1807 1852 ut
1829 1810 1894 1851 cum

1200 1877 1354 1959 Apostolis
1366 1878 1570 1959 Evangelium
1581 1899 1669 1940 annm
1684 1878 1845 1951 conferret,
1859 1897 1895 1939 ne

1201 1968 1230 2026 iu
1248 1987 1354 2027 vanum
1371 1974 1518 2040 curreret3
1543 1967 1584 2026 its
1606 1975 1707 2026 tamen
1723 1975 1757 2026 ut
1772 1985 1810 2037 ea
1826 1985 1891 2025 con·

1198 2053 1325 2113 firmatio
1340 2073 1399 2112 non
1417 2062 1478 2112 tam
1491 2062 1572 2113 esset
1584 2054 1676 2133 ipsius
1692 2051 1789 2125 Pauli,
1806 2072 1893 2133 quam

1199 2139 1368 2200 auditorum
1384 2141 1459 2219 ojus.
1485 2140 1556 2200 Alia
1567 2140 1720 2218 responsio
1736 2147 1800 2199 est:
1816 2140 1892 2199 Pan·

1198 2225 1259 2286 lum
1274 2248 1335 2288 non
1358 2226 1521 2298 doctrinae,
1543 2225 1597 2286 sed
1619 2224 1724 2286 salutis
1740 2225 1892 2288 confirma·

1198 2315 1306 2373 tionem
1322 2315 1475 2393 accepisse
1487 2333 1505 2372 a
1517 2311 1627 2373 Christi
1643 2310 1808 2392 discipulis,
1825 2313 1893 2393 quia

1198 2402 1336 2460 nimirum
1347 2408 1535 2460 sacramenta
1547 2399 1585 2459 ab
1598 2398 1659 2459 illis
1673 2400 1799 2480 accepit
1814 2398 1894 2459 Nam

1198 2487 1236 2549 ab
1252 2488 1370 2548 Ananis
1392 2484 1538 2567 discipulo
1559 2486 1728 2567 baptisatus
1749 2495 1804 2560 est,
1829 2484 1892 2546 aa

1198 2574 1227 2634 9.
1251 2575 1356 2634 Tertia
1371 2575 1542 2652 responsio:
1565 2594 1625 2635 non
1641 2573 1690 2633 hic
1704 2573 1753 2653 agi
1769 2571 1809 2634 de
1826 2593 1891 2635 cuu-

1197 2660 1364 2721 firmstione
1387 2680 1439 2741 per
1462 2660 1635 2734 doctrinam,
1659 2659 1712 2718 ssd
1735 2679 1790 2739 per
1805 2662 1890 2720 mira·

1198 2746 1281 2824 cula;
1312 2749 1386 2827 quia
1415 2748 1565 2829 sequitur:
1597 2748 1800 2808 Ooatcstaatc
1827 2747 1892 2809 Dec

1197 2835 1294 2910 εῖρηῖε
1320 2842 1350 2894 et
1374 2836 1538 2911 portentis.
1575 2832 1708 2913 Quarta:
1738 2843 1892 2894 auctorem

1197 2941 1257 2982 nun
1273 2922 1379 2993 dicere,
1403 2941 1436 2982 se
1459 2921 1662 2982 confirmatum
1685 2918 1779 2982 inisse
1794 2922 1826 2981 in
1842 2920 1890 2981 do·

1197 3009 1291 3068 ctrina
1314 3008 1472 3087 Evangelii
1496 3027 1549 3087 per
1572 3027 1632 3078 eoa,
1656 3007 1709 3087 qui
1727 3025 1745 3066 ε
1761 3008 1891 3067 Domino

1197 3094 1362 3166 andierunt,
1385 3095 1438 3156 sed
1453 3094 1587 3168 salutem,
1610 3094 1640 3153 id
1657 3104 1711 3166 est,
1727 3093 1891 3154 doctrinam

1197 3181 1293 3260 ipsam
1316 3181 1488 3242 salutarem.
1513 3180 1617 3259 Quas,
1640 3181 1753 3260 inquit,
1777 3181 1816 3240 ab
1841 3181 1891 3251 sis,

1197 3269 1250 3347 qui
1272 3266 1437 3337 audierant,
1460 3268 1499 3327 ad
1522 3286 1585 3340 uos,
1613 3266 1644 3327 id
1667 3276 1719 3340 est,
1743 3268 1890 3348 usquein

1196 3352 1371 3415 hodiernum
1387 3352 1465 3414 diem
1483 3353 1657 3414 confirmata
1672 3362 1725 3426 est,
1742 3363 1774 3413 et
1786 3353 1889 3414 confir

1196 3441 1270 3501 muri
1293 3460 1352 3500 non
1375 3439 1483 3500 desinit
1504 3460 1558 3521 per
1580 3440 1669 3519 signa
1691 3450 1722 3501 st
1744 3440 1891 3520 prodigia

1195 3525 1339 3607 Sequitur
1360 3528 1455 3588 enim:
1479 3529 1680 3589 Ooatcstaatc
1701 3528 1772 3588 Dso
1794 3529 1892 3603 Spain

1196 3621 1252 3674 stc.
1276 3611 1327 3674 Sic
1343 3614 1376 3674 F.
1392 3612 1512 3674 Ribera.

1238 3700 1351 3781 Quinta
1373 3700 1482 3761 solutio
1506 3708 1566 3760 est:
1589 3709 1743 3762 auctorem
1762 3702 1806 3759 uti
1823 3720 1889 3780 pro

1194 3789 1599 3867 nominoprimaepersonae:
1612 3791 1647 3847 ia
1653 3807 1721 3861 aas,
1735 3807 1796 3847 non
1807 3786 1889 3867 quod

1194 3892 1278 3933 suam
1290 3875 1384 3953 ipsius
1396 3894 1552 3954 personam
1565 3875 1636 3934 velit
1645 3873 1890 3953 comprehensam

1194 3961 1225 4019 in
1241 3980 1277 4019 sa
1292 3980 1331 4032 re,
1358 3959 1396 4021 de
1418 3980 1481 4041 qua
1503 3961 1646 4039 loquitur,
1667 3960 1722 4022 ssd
1746 3979 1782 4020 so
1797 3980 1890 4036 more,

1193 4065 1252 4128 quo
1278 4047 1377 4107 solent
1402 4048 1642 4119 concionatores,
1668 4047 1717 4108 vel
1744 4046 1889 4120 docendo,

1192 4131 1244 4192 vsl
1260 4131 1456 4205 exhortando,
1473 4133 1626 4194 ueletiam
1642 4133 1830 4213 objurgando
1846 4134 1887 4195 lo·

1193 4220 1246 4299 qni
1262 4217 1291 4279 in
1308 4220 1405 4298 prima
1416 4239 1543 4301 persona
1557 4223 1672 4281 numeri
1687 4220 1825 4301 pluralis.
1841 4221 1891 4281 Sic

1193 4305 1272 4365 enim
1298 4305 1460 4367 modestior
1487 4316 1517 4367 εῖ
1542 4305 1667 4385 proinde
1696 4308 1811 4386 gratior
1841 4315 1889 4369 est

1192 4412 1295 4466 sermo,
1320 4413 1411 4473 quam
1434 4395 1459 4453 ai
1482 4392 1582 4454 verbis
1600 4399 1720 4455 utantur
1736 4391 1888 4455 secundae

1191 4498 1347 4558 personae,
1362 4480 1451 4558 qussi
1462 4479 1597 4539 doctrina
1609 4489 1663 4540 aut
1674 4480 1888 4542 emendations

1190 4586 1308 4627 morum
1322 4567 1379 4647 ipsi
1393 4587 1453 4627 non
1469 4575 1584 4645 egeant.
1608 4565 1645 4627 Id
1661 4575 1761 4628 antem
1774 4589 1810 4627 eo
1823 4588 1886 4630 ma·

441 4660 545 4714 auctor
568 4653 658 4734 liujus
680 4651 836 4733 Epistulas
860 4673 920 4712 non
941 4650 998 4712 fuit
1012 4651 1136 4725 Paulus,
1190 4655 1237 4732 gis
1261 4652 1537 4732 facit'Apostolus,
1564 4653 1644 4734 quod
1667 4651 1706 4713 ad
1727 4654 1887 4718 Hebraeos

439 4738 493 4800 ssd
508 4738 627 4819 aliquis,
648 4741 701 4821 qui
716 4759 775 4800 uon
790 4735 908 4800 audivit
923 4737 961 4798 ab
978 4740 1041 4817 ipso
1057 4738 1134 4801 Jesu
1190 4739 1304 4799 scribat
1325 4741 1391 4820 ipse
1406 4737 1577 4812 Hebraeus,
1601 4740 1631 4801 id
1654 4748 1707 4813 est,
1732 4749 1886 4820 tamqnam

440 4825 566 4888 salutem
593 4824 806 4907 evangelicam.
837 4823 952 4885 Auctor
979 4826 1056 4884 enim
1083 4845 1135 4885 nu·
1188 4845 1265 4887 unus
1288 4844 1326 4886 ex
1349 4825 1415 4886 illis.
1443 4827 1488 4887 lta
1511 4827 1602 4905 paulo
1627 4836 1698 4887 aute
1720 4827 1814 4887 dixit:
1839 4830 1886 4889 Nc

438 4921 535 4973 msrat
559 4932 591 4973 ss
615 4915 774 4986 intereos,
802 4912 833 4973 in
860 4929 934 4991 quos
962 4912 1135 4973 confirmata
1187 4913 1273 4991 sorta
1289 4914 1536 4992 pereffluamus.
1575 4913 1616 4973 Et
1641 4915 1765 4973 itemm:
1798 4919 1885 4992 (lua-

441 5007 487 5060 est
502 5000 584 5061 salua
600 5000 775 5080 evangelica
786 4999 825 5061 ab
838 4998 890 5073 sis,
907 5000 960 5079 qui
975 4998 1136 5070 sudismnt
1188 4999 1283 5060 modo
1298 5016 1356 5060 aas
1371 5001 1564 5078 effugiemus,
1588 5001 1615 5060 si
1634 5007 1759 5061 tantam
1776 5003 1886 5079 acalc-
