4442 5825
666 586 1171 646 ummmmnnuuaoerna
1199 587 1268 642 aa
1604 585 1679 659 ,οὗ

373 786 430 847 pro
441 785 589 847 expreroa
598 766 877 847 repraesentatione
889 768 934 829 rei
985 767 1084 846 iprum
1098 784 1159 826 nou
1174 781 1242 826 aera
1256 781 1323 824 cnm
1334 779 1390 823 ruo
1405 778 1529 843 corpore
1539 777 1679 841 preeran-

361 875 380 927 t,
400 853 458 915 red
473 874 527 934 pro
549 856 618 934 iper
639 875 673 916 re
687 854 823 915 exhibita
837 873 874 914 tc
887 873 933 914 ra·
987 867 1056 913 tem.
1078 851 1218 914 Sicanim
1230 848 1357 911 illiruoc
1368 845 1680 920 (lhriatuaeritDena,

361 948 445 1016 ωας
470 941 621 1022 quomodo
644 940 754 1003 dicitur
772 941 867 1002 faciae
881 940 932 1001 ho·
987 939 1058 1020 quit
1073 947 1118 999 ert
1131 940 1231 1017 imago
1246 937 1317 998 Dei.

361 1045 523 1176 :uu
536 1029 757 1177 tutti?
772 1045 936 1195 utut
986 1021 1680 1191 otim

361 1210 432 1274 rtur,
447 1221 513 1262 cum
530 1204 568 1263 eit
581 1202 673 1276 Doce,
687 1210 813 1262 vocetur
828 1204 934 1277 imaue
986 1219 1083 1278 quom
1094 1207 1199 1277 potcrt
1210 1199 1390 1260 accedente·
1397 1196 1556 1274 perfector
1564 1196 1680 1274 socero.

361 1285 448 1349 tOcr.
463 1290 494 1348 t.
510 1297 542 1349 et
557 1288 619 1349 001.
636 1295 664 1349 1.
701 1289 753 1350 Sic
767 1297 799 1350 et
819 1291 934 1365 rprcirr
987 1287 1104 1349 Graece
1126 1306 1187 1347 una
1201 1286 1348 1347 dictione:
1379 1278 1557 1357 τελειῶσαι,
1581 1282 1681 1359 porti·

361 1394 383 1436 tr
405 1373 571 1451 interdum,
600 1385 635 1437 ut
662 1373 769 1438 icor.
797 1376 842 1436 u:
872 1377 935 1436 Por
987 1392 1063 1435 cerr.
1100 1373 1203 1435 Sermo
1219 1380 1300 1433 totua
1321 1373 1365 1432 aio
1387 1368 1570 1432 ordinandus
1585 1376 1615 1430 et
1630 1388 1682 1429 ex·

361 1461 550 1524 imminue
557 1507 568 1538 ,
591 1470 621 1523 et
633 1481 702 1525 uon
714 1480 775 1540 prr
789 1465 932 1539 rprctrm,
986 1461 1145 1541 ponendus
1159 1468 1220 1522 eat:
1247 1459 1315 1521 Lex
1329 1459 1366 1519 iia
1380 1456 1502 1530 hortiis,
1528 1474 1606 1538 qum
1621 1456 1680 1516 eiu·

361 1548 462 1622 leam,
488 1559 521 1609 ut
536 1551 569 1611 in
589 1569 623 1611 re
638 1550 703 1630 ipro
726 1560 788 1622 est,
814 1557 845 1609 et
859 1569 932 1629 quo·
986 1548 1065 1626 gulis
1089 1547 1175 1608 ennio
1199 1545 1320 1608 eaedem
1342 1542 1543 1606 indeeineuter
1562 1541 1626 1620 (rel
1649 1552 1684 1603 nt

362 1637 442 1696 ertia
459 1644 715 1716 repraeeentatur,
741 1635 868 1697 necdum
890 1637 933 1695 vi·
987 1634 1173 1696 Graecemt:
1189 1634 1314 1695 octiduo
1322 1627 1488 1709 Μαρίων)
1497 1630 1625 1692 offerunt
1634 1647 1682 1691 ta·

388 1720 481 1801 Quod
511 1742 583 1802 ergo
613 1723 700 1784 dicit:
733 1742 799 1784 non
830 1726 933 1798 ipram
987 1719 1133 1796 cerdotee,
1143 1739 1307 1801 numquam
1319 1727 1417 1800 potaet
1429 1718 1605 1781 recedenter
1617 1718 1682 1778 rire

361 1828 411 1870 am
426 1827 546 1885 rerum,
563 1808 643 1871 idem
658 1820 704 1870 eat
717 1830 755 1869 ac
768 1811 794 1870 ri
806 1810 934 1870 diceret:
987 1809 1153 1883 offerentes,
1175 1809 1233 1869 hoc
1251 1815 1307 1878 eet,
1328 1824 1381 1868 eoo
1399 1807 1482 1886 iproe
1500 1804 1682 1880 recordotea,

362 1914 432 1957 ram
453 1900 584 1973 rpccr‘em
607 1915 733 1972 renam,
759 1896 790 1956 id
814 1905 861 1957 eet
874 1915 934 1955 non
986 1894 1113 1957 reddere
1121 1895 1275 1976 periectos,
1286 1892 1318 1955 id
1333 1901 1381 1956 eat
1391 1892 1682 1972 sanctificarejurti·

361 1984 410 2043 ;in
425 2001 460 2043 ee
481 1984 556 2062 ipeir
577 1984 808 2064 conspiciuntur.
845 1980 934 2043 Unde
987 1983 1086 2044 ficere.
1109 1980 1240 2062 Quidam
1256 1980 1625 2061 orcadentugeneraliter
1639 1979 1682 2040 iu·

361 2087 381 2128 o
394 2068 437 2129 itu
451 2073 560 2130 vertit:
583 2073 624 2132 ln
638 2071 705 2147 leya
719 2072 804 2132 enim
818 2069 934 2129 umbro
986 2069 1143 2149 telligunt,
1166 2079 1227 2130 tnrn
1241 2066 1427 2141 sacerdotes,
1449 2074 1512 2127 tum
1527 2068 1611 2138 alioa,
1627 2086 1683 2146 pro

361 2174 478 2217 uorum
492 2158 699 2235 futurorum,
727 2165 756 2218 ct
777 2175 846 2218 non
859 2156 933 2216 rub·
987 2155 1094 2237 quibue
1109 2156 1228 2217 hostiae
1243 2153 1450 2216 offerebantur.
1480 2152 1541 2214 Sed
1557 2153 1611 2214 etei
1626 2153 1684 2214 ooli

370 2246 516 2319 iptorum
531 2262 649 2305 renam.
682 2244 770 2306 Haeo
783 2246 934 2320 tmopinir
986 2241 1199 2322 intelligantur
1227 2241 1412 2313 sacerdotes,
1440 2259 1516 2320 quoe
1546 2249 1577 2301 et
1606 2240 1683 2300 inire

361 2330 401 2391 tio
432 2340 478 2389 eet
514 2330 595 2412 apud
624 2330 874 2412 chrysostomum
904 2337 935 2391 et
986 2331 1123 2391 nominat
1136 2332 1288 2403 cultorcr,
1311 2328 1343 2389 id
1364 2335 1411 2388 ert
1431 2344 1581 2387 sacrorum
1597 2328 1683 2388 mini·

361 2415 523 2497 eflectum,
561 2436 638 2497 quoe
667 2425 833 2498 coquuntur
862 2415 933 2478 Gai·
988 2426 1066 2479 rtroe
1078 2413 1135 2493 (eie
1146 2416 1376 2494 enimetcapite
1387 2412 1579 2494 praecedenti
1591 2412 1682 2473 dixit:

360 2503 486 2576 ‚Atiae
499 2503 661 2565 Montanus
683 2512 713 2565 et
733 2505 854 2566 Bibere.
891 2503 934 2564 Hi
989 2507 1075 2584 Quor
1097 2522 1165 2564 non
1187 2509 1320 2580 porrum
1341 2506 1437 2577 iuxta
1459 2502 1683 2562 conscientiam

361 2594 506 2669 napinam
519 2609 627 2653 rarum
643 2593 878 2672 interpretantur
892 2590 935 2670 ip·
984 2591 1163 2669 perfectum
1177 2591 1284 2669 [orara
1295 2591 1482 2651 rcroierttrm
1490 2633 1500 2663 ,
1516 2587 1547 2648 id
1561 2596 1609 2648 eet
1623 2587 1684 2648 cul·

361 2681 492 2752 ritatem,
514 2680 600 2759 cujus
619 2678 744 2740 umbrae
766 2696 934 2758 praecorre-
987 2687 1081 2738 torem
1097 2696 1151 2738 eeu
1172 2679 1338 2740 ministrnm
1360 2671 1474 2752 ouum),
1501 2673 1540 2736 de
1556 2675 1624 2736 cliie
1639 2682 1683 2735 ta·

988 2763 1150 2825 menidam
1172 2764 1354 2844 relinquitur
1371 2761 1528 2843 iudicium.
1565 2763 1643 2822 Nam
1657 2763 1685 2824 ti

361 2853 402 2914 iic
432 2870 539 2914 aeneue
568 2853 761 2914 confirmatur
791 2868 831 2911 ex
861 2850 936 2929 iprir
987 2852 1039 2913 lex
1053 2872 1113 2914 nou
1128 2860 1244 2934 poterat
1259 2851 1402 2933 perficere
1420 2850 1501 2929 iproa
1517 2850 1684 2922 offerenter‚

361 2939 504 3001 lirerbie.
526 2940 595 3001 Neu
606 2941 685 3001 enim
697 2940 740 2999 eic
752 2936 838 2998 dicit:
860 2938 936 2998 Um·
988 2947 1067 3001 certe
1081 2960 1139 3001 nec
1153 2939 1244 3013 alioe,
1260 2960 1313 3019 pro
1325 2937 1436 3020 quibue
1451 2936 1566 3017 aliquid
1581 2936 1683 2998 offere

361 3026 464 3088 obruo
485 3027 537 3089 lec
557 3028 745 3106 futurorum
767 3025 935 3100 bonorum,
987 3028 1083 3088 batur.
1117 3028 1157 3087 Et
1171 3029 1197 3087 ei
1213 3027 1356 3107 perficere
1370 3046 1430 3086 non
1446 3032 1565 3103 potaret
1578 3022 1683 3084 Ponti-

361 3132 433 3176 rrrm
447 3116 619 3190 imoqiurm
626 3137 639 3191 ,·
664 3114 814 3194 quomodo
830 3130 935 3172 secun·
987 3112 1075 3186 ficee,
1091 3133 1162 3193 ergo
1177 3133 1232 3175 neo
1251 3114 1407 3175 inferiores
1422 3109 1600 3173 secerdotes.
1623 3111 1683 3173 Re·

362 3202 496 3281 perioree
519 3220 624 3262 sanent
643 3198 801 3261 dicendum
816 3199 935 3274 luireet3
988 3201 1075 3278 epicit
1100 3202 1177 3261 enim
1200 3199 1380 3280 Apostolum
1406 3205 1440 3260 ut
1463 3198 1542 3260 bane
1564 3208 1632 3279 port
1653 3198 1684 3260 S.

367 3309 375 3348 ι
402 3307 472 3350 nora
497 3291 601 3365 ipram
623 3290 794 3363 imooincm
816 3304 935 3347 rarum.
989 3287 1139 3348 Thomam
1155 3285 1322 3367 Oajetcnue
1344 3286 1496 3358 admonet,
1524 3285 1561 3345 ut
1585 3305 1622 3345 ea
1637 3303 1683 3346 en·

361 3376 479 3437 oenim:
492 3373 804 3452 tpremssteddento:
816 3392 935 3447 rerum,
989 3373 1118 3447 crificia,
1141 3392 1220 3453 quae
1244 3374 1367 3454 eingulie
1382 3374 1467 3434 annia
1483 3371 1684 3433 offerebantur

361 3466 421 3524 trit
435 3481 484 3522 ree
507 3465 588 3544 iprae
610 3469 782 3542 praesenter
798 3469 890 3541 utque
905 3462 936 3520 iu
990 3461 1175 3522 aPontifice
1198 3463 1228 3522 in
1250 3461 1300 3522 dia
1322 3461 1515 3541 expiationis,
1543 3461 1595 3538 qui
1619 3468 1685 3521 erat

361 3557 626 3630 ireprceacntetae.
660 3550 821 3610 Praeterea
835 3556 936 3629 portu·
989 3545 1127 3609 decimus
1142 3546 1206 3609 diue
1222 3549 1335 3608 mensio
1350 3548 1487 3628 reptimi3
1513 3544 1552 3607 de
1576 3566 1638 3626 qua
1651 3566 1685 3609 ra

361 3656 378 3698 e
401 3654 524 3697 aeneum
547 3656 654 3717 ecopue
670 3635 823 3717 Apostoli,
849 3635 937 3714 cujur
989 3637 1085 3697 Lavit.
1110 3638 1159 3697 16.
1181 3643 1211 3695 et
1229 3638 1280 3698 23.
1318 3633 1379 3696 Sed
1398 3634 1478 3695 idem
1499 3632 1537 3694 de
1559 3636 1685 3697 malado

361 3725 405 3785 tio
419 3730 484 3783 toto
497 3724 527 3784 iu
544 3743 581 3784 eo
596 3732 748 3797 vereatur,
775 3729 809 3781 ut
823 3720 936 3794 doceat,
990 3720 1109 3802 collige.
1143 3721 1220 3783 llam
1237 3724 1262 3783 ei
1275 3723 1468 3796 sacrificium,
1494 3720 1686 3800 peculiariter

361 3831 392 3873 tc
412 3820 502 3871 retur
519 3811 750 3872 Testamentum
772 3830 833 3870 non
850 3829 935 3889 prae·
990 3810 1031 3873 ed
1046 3810 1246 3890 expiationem
1268 3811 1455 3883 institutum,
1481 3810 1603 3887 expiare
1624 3827 1684 3869 non

378 3896 461 3958 bonu
486 3897 611 3969 ralutie,
642 3896 693 3958 eod
721 3897 937 3977 praefigurasse
990 3904 1242 3977 poteratquento
1253 3897 1423 3957 minutalia
1436 3895 1591 3967 sacrificiu,
1607 3915 1686 3976 qnae

361 3992 388 4045 at
410 3983 466 4044 rub
487 3984 601 4045 umbria
621 3983 816 4062 quibusdam,
839 3983 870 4043 id
893 3990 939 4043 eet
988 3992 1050 4044 toto
1063 4003 1142 4045 cuno
1155 3982 1379 4045 offerebantur?
1393 3981 1566 4045 Notandum
1579 3991 1686 4057 eutem,

361 4070 690 4219 21⁸⁵⁸Piig⁰⁸fi⁰ssfl⁰l³
724 4080 870 4218 caelterum
901 4089 938 4130 ea
990 4073 1021 4131 in
1023 4071 1128 4218 tpriori
1145 4078 1232 4149 parte
1249 4069 1346 4174 'hujur
1349 4072 1529 4219 Epertentiue
1543 4072 1686 4217 continprpi

403 4175 463 4218 errr
541 4177 579 4219 ax
603 4178 613 4217 ι
636 4178 677 4219 en
698 4178 753 4238 par
786 4176 870 4235 egem
886 4177 938 4217 no·
989 4178 1023 4218 re
1048 4159 1327 4235 onemporterrorie.
1377 4176 1645 4233 xeonamqu0‚u

361 4264 408 4305 roc
422 4252 484 4317 eet,
506 4265 562 4326 per
575 4243 726 4305 Christum
743 4245 813 4306 novi
828 4244 936 4304 Terta·
990 4244 1042 4305 illa
1062 4243 1210 4304 racmficia
1229 4244 1359 4324 ringulir
1377 4246 1465 4306 annia
1487 4246 1592 4306 eadem
1606 4178 1686 4304 (luffe-

363 4340 525 4393 auetorem.
572 4331 716 4409 Denique
747 4332 811 4409 jem
845 4338 936 4411 petet,
990 4328 1085 4393 rende
1099 4338 1200 4403 erant,
1228 4349 1284 4392 uec
1303 4351 1444 4411 umquam
1465 4332 1686 4393 recurrentium

361 4418 492 4500 tppoaito
512 4418 570 4478 hoo
592 4417 630 4477 ab
653 4418 800 4498 Apoetolo
825 4416 937 4477 dictum
990 4418 1076 4479 anule
1091 4418 1189 4478 offerri
1205 4415 1395 4491 detinebant,
1422 4418 1527 4479 inferri
1542 4418 1621 4492 vult,
1648 4437 1686 4478 ea

361 4502 394 4565 etl
415 4503 628 4565 declarandum
650 4505 727 4585 logie
751 4502 936 4564 imbecillita-
989 4525 1049 4566 non
1057 4505 1193 4583 potnieee
1201 4504 1329 4566 cultores
1340 4523 1412 4566 auce
1420 4506 1569 4585 perticere.
1587 4504 1685 4584 Quam

361 4609 387 4654 ιο
400 4588 539 4666 Obrieto,
563 4592 645 4672 quod
667 4592 781 4670 priores
801 4590 846 4650 illi
869 4609 936 4650 ren·
989 4593 1154 4654 illationem
1170 4590 1278 4670 probet
1292 4592 1489 4674 coquentibus
1504 4590 1622 4654 verbio:

361 4705 365 4739 ι
378 4676 583 4739 decimabant
624 4677 706 4738 Hine
719 4680 812 4739 otiam
827 4676 935 4737 intelli·
1034 4684 1061 4741 2.
1077 4680 1231 4755 Alioquin
1238 4687 1406 4741 certauerit
1417 4680 1535 4758 offerri.
1543 4677 1687 4757 Plerique

361 4774 426 4838 rat,
463 4781 553 4846 quum
590 4766 692 4843 inepte
721 4766 938 4825 ratiocinantur
989 4765 1111 4827 codicar
1133 4764 1243 4827 Graeci
1263 4769 1455 4841 negationem
1476 4763 1604 4837 addunt,
1633 4762 1687 4825 aad

361 4852 486 4925 uarii,
509 4849 579 4911 dum
595 4870 700 4924 exeo,
726 4851 808 4933 quod
822 4850 936 4911 Eccita·
988 4853 1047 4925 ita,
1074 4861 1108 4912 ut
1128 4853 1342 4931 interrogative
1364 4851 1523 4931 legendum
1543 4869 1610 4912 eree
1624 4870 1685 4912 mo·

361 4948 466 5000 untur
479 4938 628 4999 interdum
645 4941 743 5019 imago
758 4937 869 4999 Christi
883 4945 937 4997 rut
988 4946 1082 5000 neunt
1118 4939 1366 5019 theophylactus
1403 4947 1436 4999 et
1469 4936 1686 5000 Oecumeniuar

361 5026 462 5108 imur,
476 5024 665 5102 concludunt,
683 5027 715 5088 in
730 5045 769 5089 aa
783 5023 936 5088 (thriatum
988 5026 1146 5108 Alioquin
1156 5043 1267 5091 uorem
1278 5025 1584 5107 montorium?
1600 5024 1687 5109 quari
