4442 5825
759 610 924 667 1118111111
939 611 980 668 Al)
998 609 1163 668 Russus
1197 610 1283 667 11111.
1300 613 1342 668 ts.
1694 616 1769 685 219

351 785 438 868 epuli.
460 786 575 860 Aliter,
595 796 629 849 ut
642 790 833 851 mandatum
847 790 1020 852 secundum
1075 790 1172 851 hesit
1192 793 1234 861 1.,
1260 787 1350 849 Num.
1368 791 1396 849 7.
1417 795 1447 848 et
1467 786 1606 860 aliunde,
1635 787 1771 867 potuisse

351 892 420 950 pm
445 892 507 937 uon
537 875 621 936 alind
646 877 698 951 sit,
728 896 818 956 quam
847 876 1021 937 mandatum
1075 877 1173 937 hircos
1187 879 1219 937 in
1233 874 1438 937 holocaustum
1452 875 1560 937 offerri.
1583 875 1690 956 Quare
1701 894 1769 936 con·

351 980 392 1040 gs
420 962 678 1042 comprehensum.
718 962 807 1042 Quod
836 963 1021 1044 probabilius
1074 972 1248 1024 sentaneum
1263 963 1397 1036 videtur,
1421 965 1513 1024 ctiam
1528 964 1616 1022 istam
1630 959 1769 1022 holocau-

351 1058 383 1121 rt,
407 1056 440 1108 et
460 1049 605 1129 vulgatae
626 1051 760 1111 versioni
775 1050 1021 1126 consentaneum,
1075 1058 1188 1112 storum
1204 1048 1385 1112 oblationem
1400 1049 1438 1111 de
1455 1050 1546 1111 hircis
1560 1047 1667 1129 accipi.

351 1135 419 1195 tait
439 1155 565 1197 sensus:
594 1137 760 1217 Postquam
780 1139 859 1199 enim
882 1139 982 1199 Moses
1005 1157 1021 1198 o
1119 1136 1257 1218 Quodsi
1279 1139 1396 1199 vitulos
1419 1140 1449 1197 in
1471 1136 1573 1198 serbis
1596 1136 1770 1196 memoratis

351 1223 398 1283 bro
425 1224 586 1285 reniumst
612 1226 752 1286 universo
781 1225 892 1305 populo
923 1225 1022 1286 omnia
1075 1223 1115 1284 ad
1129 1233 1288 1304 utramque
1309 1233 1425 1307 partem
1448 1223 1676 1303 praecedentem
1693 1219 1770 1283 reie-

351 1308 479 1383 nndata,
511 1329 590 1390 quae
615 1311 684 1392 lege
711 1312 953 1387 continebantur;
985 1330 1022 1373 ea
1075 1331 1141 1384 ras,
1157 1311 1271 1372 scilicet
1284 1312 1324 1373 ad
1338 1312 1516 1374 holocausta
1531 1319 1563 1370 et
1577 1308 1615 1370 ad
1631 1310 1770 1369 victimas

351 1394 465 1457 idelicet
479 1398 594 1472 omnia,
617 1419 696 1479 qnae
711 1401 821 1477 scripta
838 1408 908 1461 sunt
922 1397 1021 1461 Exod.
1076 1399 1230 1479 pacificas,
1252 1399 1326 1460 nihil
1341 1409 1441 1460 tamen
1456 1396 1571 1459 vetabit
1584 1394 1640 1457 sub
1655 1395 1772 1469 vitulis,

351 1483 641 1564 habinitiolsgis,
657 1485 848 1548 ubidicitur:
868 1488 1020 1563 Eponam
1075 1485 1105 1545 id
1122 1497 1167 1547 est
1182 1485 1305 1546 bobus
1292 1487 1447 1566 juvencis,
1474 1495 1628 1564 tamqnam
1649 1483 1772 1543 victima

351 1572 486 1633 lomim
499 1572 588 1632 Dens
601 1580 742 1634 tuusetc
746 1573 912 1653 ,deinceps
927 1590 1022 1655 usqne
1074 1571 1302 1653 principaliora,
1326 1575 1416 1635 etiam
1431 1572 1531 1633 hircos
1551 1567 1771 1650 comprehendi,

351 1657 468 1719 dhnem
485 1654 551 1738 cap.
568 1659 619 1719 23.
1076 1659 1181 1721 saltem
1210 1669 1244 1720 ut
1270 1661 1388 1722 oblatos
1411 1680 1467 1740 pro
1495 1666 1621 1739 peccato
1649 1657 1771 1739 populi3

369 1748 536 1822 decipiens
563 1752 752 1823 sanquinem
783 1748 955 1809 uitulorum
993 1755 1023 1807 st
1076 1748 1154 1807 sicut
1168 1747 1256 1808 vituli
1271 1744 1769 1827 offerebantnrprosaluteetgra·

351 1833 505 1907 ιἰιιιιιιιι,
532 1851 603 1893 eum
626 1853 711 1911 aquo
733 1842 764 1895 st
785 1835 864 1895 lanc
878 1837 1023 1896 cocunea
1076 1834 1184 1895 tiarum
1211 1836 1339 1896 actione.
1374 1835 1442 1895 Nec
1468 1835 1546 1895 enim
1571 1850 1671 1893 rarum
1697 1840 1771 1904 erat,

351 1920 521 1996 tbysaopo.
558 1919 661 1980 hialim
684 1942 721 1982 ex
739 1922 870 1984 Graeco:
896 1929 1023 1998 accepto
1076 1922 1204 1981 victimis
1234 1923 1366 2000 pacificis
1397 1929 1427 1981 et
1455 1919 1674 1982 Eucharisticis
1702 1938 1771 1978 eon·

351 2009 482 2083 mine
508 2007 682 2067 uitulonsm
706 2015 761 2069 etc
798 2010 868 2070 Non
890 2007 1022 2081 dubium,
1073 2009 1162 2088 jungi
1186 2010 1335 2070 sacrificia
1360 2010 1585 2089 propeccatis,
1615 2014 1649 2066 ut
1670 2005 1772 2067 videre

351 2094 401 2171 uin
425 2094 467 2154 ad
493 2094 649 2154 historiam
679 2093 776 2156 Exod.
804 2098 854 2156 14.
883 2097 1024 2176 respiciat
1077 2104 1123 2155 est
1144 2095 1242 2156 Levit.
1268 2100 1296 2159 9.
1320 2106 1350 2156 et
1375 2099 1424 2156 16.
1448 2104 1480 2155 ot
1502 2095 1591 2155 Num.
1608 2095 1637 2153 ’1.
1674 2092 1773 2173 quue

351 2180 501 2262 tpostolus.
538 2179 609 2260 Quo
628 2190 730 2242 tamen
752 2183 818 2245 loco
840 2202 941 2263 neque
956 2202 1022 2244 san·
1076 2181 1617 2263 etiamcongruebatreisignilicatac.
1640 2180 1771 2260 &riguis

351 2268 428 2344 ninia
442 2267 594 2329 hircorum
608 2270 720 2330 mentio
735 2269 783 2346 lit,
809 2290 867 2333 nec
881 2268 921 2330 de
935 2288 1023 2349 aqua,
1077 2271 1157 2330 enim
1172 2272 1244 2332 novi
1258 2270 1443 2340 testamenti,
1464 2287 1553 2348 quem
1567 2274 1704 2328 veterum
1719 2266 1771 2327 bo·

351 2375 400 2417 sus
424 2356 580 2428 coccinea,
605 2354 740 2437 hyssopo
767 2356 892 2419 verbnm
918 2357 1022 2417 ullum.
1076 2357 1199 2417 stiarum
1222 2359 1345 2437 sanguis
1374 2354 1607 2436 praefigurabat,
1634 2362 1696 2413 tam
1718 2373 1771 2433 pro

351 2441 461 2503 1ιιιιιιι
477 2442 517 2502 de
536 2441 640 2503 situlis
659 2444 838 2519 immolatis,
861 2460 1024 2523 eorumque
1077 2456 1269 2524 peccatorum
1285 2445 1478 2515 remissione,
1500 2462 1591 2523 quam
1606 2461 1660 2522 pro
1676 2439 1772 2501 salute

351 2531 478 2610 anguine
498 2529 593 2591 effuso
619 2531 684 2591 et
673 2551 705 2591 ιιι
730 2490 875 2612 popnlbm
900 2549 1023 2612 asperso
1075 2532 1227 2592 hominum
1242 2531 1353 2592 effusus
1369 2538 1422 2592 est

351 2617 481 2698 luiptura
495 2618 638 2678 meminit
660 2615 824 2697 Quaeritur
838 2639 927 2698 ergo,
942 2617 1024 2679 uude
1120 2618 1214 2680 Porro
1229 2638 1347 2696 aquom
1362 2616 1507 2679 adesum
1513 2614 1696 2696 aspersionis
1711 2592 1772 2674 nou

351 2711 447 2765 m
462 2703 652 2766 haecomnia
666 2705 914 2775 Paulnsbnbeat.
937 2705 1023 2778 Sunt,
1077 2704 1225 2779 defuisse,
1255 2707 1330 2767 satis
1355 2725 1402 2766 res
1423 2707 1490 2785 ipsa
1515 2701 1659 2782 loquitur.
1696 2700 1773 2761 Erat

351 2791 519 2872 piputent,
542 2811 610 2852 enm
624 2791 699 2852 haec
717 2793 861 2853 sumsisse
875 2811 913 2854 ex
930 2793 1023 2852 variis
1077 2793 1159 2853 eninr
1174 2795 1297 2873 sanguis
1313 2793 1500 2854 victimarum
1510 2790 1571 2850 lale
1582 2787 1771 2869 spargendus

351 2878 403 2940 ιιι
416 2875 656 2958 scripturarum,
682 2885 716 2939 ut
735 2898 773 2942 ex
794 2878 893 2943 Levit.
917 2882 966 2943 14.
994 2886 1025 2941 et
1075 2881 1107 2941 in
1122 2881 1281 2962 populum,
1305 2879 1385 2962 quod
1407 2878 1489 2941 iactu
1507 2875 1684 2958 perdifficile
1699 2884 1770 2951 erat,

351 2963 418 3027 lum.
445 2969 511 3039 19,
535 2966 702 3046 inquibus
726 2966 802 3029 talia
826 2969 1023 3029 nominantur.
1075 2968 1134 3028 nisi
1148 2969 1286 3049 sanguini
1301 2969 1547 3028 commisceretur
1569 2985 1666 3046 aqua,
1693 2970 1726 3023 nt
1741 2971 1772 3025 et

351 3051 461 3115 lsdboe
472 3054 722 3133 dicinoupotest
746 3053 868 3116 Olarum
881 3056 1025 3127 estenim,
1076 3053 1218 3136 liquidior
1233 3064 1311 3117 esset
1326 3054 1365 3116 ad
1379 3055 1597 3134 aspersionem,
1624 3060 1655 3112 et
1669 3052 1770 3131 copio-

351 3139 444 3220 risagi
459 3138 501 3201 de
514 3140 717 3216 ammoniis,
732 3141 1024 3223 quibusdodicatnm
1076 3143 1146 3203 sior.
1179 3141 1270 3204 Unde
1285 3140 1492 3203 'l‘beodoretus
1502 3141 1678 3220 sanguinem
1693 3157 1772 3220 aqua

351 3224 390 3287 hit
411 3236 501 3288 retus
526 3234 751 3304 testamentum
785 3249 863 3311 quae
891 3248 940 3291 res
965 3249 1025 3290 non
1077 3230 1270 3290 commixtum
1286 3232 1505 3308 interpretatur.
1543 3226 1622 3287 Nam
1637 3233 1668 3286 et
1682 3225 1773 3288 simili

351 3312 403 3375 uei
420 3312 617 3388 describitur,
647 3333 737 3395 qnam
763 3337 799 3379 eo
821 3316 903 3390 loco,
934 3335 1024 3397 quem
1077 3316 1140 3377 fere
1155 3319 1272 3377 ratione
1293 3324 1488 3396 praeceptum
1502 3314 1574 3387 fnit,
1589 3322 1623 3373 ut
1638 3332 1677 3373 ex
1691 3314 1770 3374 cine·

351 3398 470 3464 liximus.
507 3401 618 3483 ltaque
638 3402 747 3464 melina
769 3403 822 3465 alii
836 3402 1025 3484 respondent,
1077 3403 1160 3464 ribus
1176 3423 1288 3465 vaccae
1299 3402 1387 3464 rufae
1401 3401 1487 3464 fieret
1499 3420 1580 3482 aqua
1591 3401 1771 3479 aspersionis

351 3487 522 3571 lpostolnm,
549 3490 580 3550 in
595 3487 664 3569 lege
678 3493 821 3552 nutritum
835 3512 871 3552 ac
887 3497 1024 3572 paterua-
1077 3492 1107 3551 in
1123 3510 1209 3551 nasim
1225 3490 1340 3572 populi,
1355 3490 1445 3551 Num.
1459 3490 1508 3550 19.
1530 3487 1724 3568 Quamquam
1739 3498 1771 3547 et

351 3591 395 3637 ιιι
409 3575 605 3639 traditionum
620 3580 764 3656 peritum,
781 3579 876 3658 probe
888 3579 1024 3651 scivisse,
1077 3577 1151 3639 alibi
1166 3579 1278 3660 passim
1293 3577 1421 3657 legimns
1436 3575 1476 3637 ad
1487 3575 1712 3655 purificationes
1728 3572 1770 3634 le

351 3662 411 3744 ned
431 3666 464 3725 ln
486 3662 636 3743 eiusmodi
660 3663 834 3727 solennibus
849 3666 1024 3745 expiationi·
1077 3664 1162 3746 galea
1176 3685 1287 3746 squam
1302 3664 1438 3726 adbiberi
1449 3663 1576 3735 solitam,
1591 3669 1696 3742 utpote
1711 3660 1770 3722 ele·

351 3752 904 3834 miaaaaecommenroratafflsrtim
917 3752 1024 3827 offerri,
1076 3761 1208 3814 mentum
1238 3751 1463 3834 aspersionibus
1499 3759 1529 3812 et
1566 3747 1772 3829 abstergendis

351 3839 563 3903 ιιιίιιιιιιιιί
577 3836 702 3900 soleant
1076 3839 1215 3902 sordibus
1230 3841 1424 3921 aptissimum.
1461 3838 1508 3903 ux
1525 3839 1657 3914 hyssopo
1672 3844 1772 3898 autem

370 3925 486 3988 Verum
500 3924 619 4008 plenior
639 3927 697 3987 erit
717 3928 888 4007 responsio,
914 3929 940 3988 si
956 3946 1023 3989 cnm
1076 3935 1107 3988 et
1128 3928 1207 3988 lonc
1229 3929 1373 3989 cocunea
1396 3925 1548 4004 colligatis
1564 3924 1656 3985 fiebat
1670 3942 1770 4004 asper·

351 4013 441 4077 libers
456 4022 487 4075 et
502 4012 571 4076 aliis
586 4012 767 4093 quibusdam
781 4013 925 4088 dicamus,
946 4014 1023 4075 haec
1075 4014 1198 4095 gilium,
1221 4034 1281 4094 quo
1295 4014 1418 4093 sanguis
1433 4031 1533 4093 aquae
1547 4014 1660 4073 mixtus
1673 4012 1704 4073 in
1720 4032 1771 4090 po·

351 4103 426 4164 mnia
441 4120 532 4183 posse
547 4098 675 4180 intelligi
690 4120 728 4161 ex
743 4101 796 4174 iis,
812 4121 892 4182 quse
908 4110 970 4162 tum
987 4121 1022 4163 eo
1074 4100 1178 4182 pulum
1194 4110 1391 4180 spargeretur.
1429 4097 1507 4160 Nam
1528 4100 1599 4161 lana
1618 4099 1771 4160 humorem

351 4207 398 4266 ree,
412 4198 477 4250 tum
493 4186 574 4259 alui,
590 4208 609 4248 a
623 4188 709 4249 Mose
720 4188 932 4250 sacrificiorum
947 4190 1023 4249 ritus
1074 4188 1192 4249 imbibit
1207 4197 1239 4248 at
1253 4187 1449 4270 aliquatenus
1469 4189 1593 4263 retinet,
1619 4187 1772 4267 hyssopus

351 4283 511 4357 mouente,
538 4276 649 4354 scripta
671 4283 754 4347 snut,
781 4277 870 4337 sicuti
892 4275 1022 4338 Paulum
1075 4275 1279 4337 eutemservit
1292 4275 1474 4354 aspersioni,
1490 4274 1569 4355 quod
1585 4274 1773 4353 significatur

351 4363 508 4426 rbitramur
523 4360 723 4435 intellexisse,
743 4362 893 4423 hominem
910 4364 939 4423 in
954 4363 1022 4443 lege
1075 4362 1126 4423 illo
1142 4362 1254 4423 Psalmi
1271 4362 1437 4423 versiculo:
1465 4367 1618 4439 deperisse
1637 4381 1686 4422 ms
1702 4363 1772 4422 Do·

351 4452 537 4514 retiuimum
566 4450 742 4530 thuidem
758 4470 818 4511 uon
833 4448 929 4510 solum
944 4452 1020 4511 vitu-
1074 4452 1159 4511 mins
1174 4452 1316 4527 hyssopo.
1353 4449 1440 4510 Haec
1461 4468 1533 4509 vero
1548 4450 1642 4510 tacite
1663 4448 1772 4509 intelli·

351 4537 504 4601 soblatos
526 4536 637 4612 inisse,
660 4537 811 4618 colligitur
831 4557 869 4598 ex
888 4537 1019 4618 Scriptu·
1073 4546 1184 4617 guntur
1208 4538 1240 4598 in
1261 4539 1298 4598 iis
1322 4536 1497 4616 Scripturas
1523 4536 1638 4609 verbis,
1664 4536 1772 4615 quibus

351 4645 373 4688 ra
399 4624 519 4688 verbis:
548 4625 592 4686 hb
618 4623 801 4686 obtulerunt
825 4624 1020 4698 holocausta,
1074 4624 1185 4686 dicitur
1213 4626 1313 4686 Moses
1344 4632 1494 4705 sumptum
1523 4622 1699 4701 sanguinem
1725 4640 1770 4683 re·

351 4713 635 4789 smoluvsnsntque
644 4712 1021 4789 victimnspncillcosDo·
1073 4714 1220 4793 sparsisse
1235 4713 1266 4773 in
1280 4710 1431 4792 populum.
1466 4709 1536 4770 Non
1556 4710 1636 4770 enim
1659 4727 1770 4787 resper-

351 4803 428 4877 isso,
453 4799 579 4861 asotos.
603 4797 667 4861 Ubi
686 4799 825 4861 dicuntur
840 4798 959 4879 quidem
976 4801 1020 4860 vi·
1072 4819 1145 4881 gere
1173 4801 1273 4881 potuit
1302 4799 1367 4860 sine
1397 4798 1592 4858 instrumento
1623 4794 1662 4856 ed
1691 4793 1771 4855 hunc

351 4887 491 4953 lioblati
506 4886 539 4948 in
552 4885 667 4949 hostias
683 4887 844 4967 pacificns;
870 4886 924 4948 sed
940 4885 1021 4966 quod
1073 4906 1160 4949 usum
1183 4884 1424 4957 accommodato,
1450 4884 1541 4965 quale
1566 4884 1658 4964 juxta
1685 4902 1769 4963 prae

351 4995 419 5040 suns
432 4972 573 5036 mimalia
586 4975 619 5035 in
636 4973 813 5036 holocausta
836 4974 925 5037 fuerit
941 4973 1020 5035 obla·
1073 4976 1214 5056 scriptum
1230 4971 1308 5054 legis
1323 4982 1389 5034 erat
1404 4971 1565 5033 lasdcnlus
1580 4989 1620 5032 ex
1634 4969 1770 5050 hyssopo

351 5085 401 5144 m,
418 5081 483 5128 ιιι
496 5061 684 5145 exprimitur.
718 5060 967 5126 cenetensem
982 5081 1022 5125 ex
1072 5069 1104 5125 et
1117 5061 1190 5126 laus
1212 5061 1352 5124 coccinea
1373 5060 1571 5142 compositus,
1594 5066 1629 5119 ut
1643 5057 1772 5139 intelligi
