4442 5825
395 602 468 671 595
921 590 1157 646 cumutamus
1174 589 1205 646 us
1222 591 1289 648 ctl’.
1306 593 1324 648 1.
1384 546 1389 555 ¹

394 773 447 853 qui
461 771 605 831 virtutum
619 790 655 830 ac
664 770 864 851 praemiorum
880 768 1090 850 disparitatem
1142 769 1241 831 scribo
1256 769 1362 842 vobis,
1390 789 1451 830 non
1466 778 1571 831 tamen
1587 768 1762 831 omittenda
1780 789 1806 830 eo

396 858 530 919 tollebat
1142 875 1196 916 vos
1211 855 1333 917 residue
1348 856 1621 932 commonefacere,
1648 857 1691 917 in
1703 865 1741 929 ut
1751 855 1808 937 quoi

439 949 486 1006 12.
511 946 649 1020 Propter
664 943 749 1021 quod
768 946 923 1020 incipiam
938 961 994 1004 vor
1008 961 1089 1002 aem·
1142 962 1285 1023 praesens
1301 942 1392 1003 verbo
1403 962 1465 1004 non
1475 964 1624 1024 possum,
1638 943 1743 1004 obrem
1753 963 1810 1004 nuuc

390 1050 451 1109 per
465 1048 663 1092 commouere
678 1031 716 1091 de
731 1032 786 1092 bis.
824 1029 945 1090 Iudicat
958 1029 1088 1108 Aposto·
1143 1050 1232 1105 agam
1248 1050 1300 1110 per
1315 1030 1495 1109 Epistulam.
1533 1029 1652 1092 Similis
1666 1032 1811 1110 estnit'ga·

392 1118 441 1178 lus
455 1117 514 1179 bac
528 1126 631 1196 parte,
660 1127 691 1177 et
706 1137 827 1178 cansam
842 1115 1020 1177 scribendae
1036 1115 1088 1176 bu·
1142 1118 1186 1176 tio
1208 1118 1239 1176 in
1255 1117 1395 1197 Epistola
1410 1116 1530 1180 dudae:
1559 1118 1760 1181 commotam
1775 1134 1814 1178 ort

389 1206 443 1284 jus
457 1204 629 1285 Epistulae,
650 1202 768 1266 dicens:
786 1210 922 1281 propter
941 1202 1045 1280 quod,
1060 1209 1091 1261 et
1144 1203 1234 1278 eolo,
1268 1205 1398 1267 seientes
1422 1207 1517 1266 semel
1547 1207 1681 1282 omnio,
1706 1201 1813 1285 stapsi

393 1300 615 1372 argumentum,
632 1290 835 1370 subjungens:
851 1290 890 1350 de
904 1290 959 1350 bit.
989 1288 1090 1350 Causa
1142 1290 1234 1351 Joen.
1260 1296 1287 1350 1.
1311 1292 1411 1371 Epist.
1433 1294 1478 1351 2:
1506 1294 1582 1354 Noa
1610 1295 1721 1370 resipui
1743 1291 1813 1365 wida,

393 1388 443 1439 est
467 1381 638 1458 procuratio
664 1379 769 1438 salutis
798 1397 916 1450 eornm,
947 1377 987 1437 ed
1014 1395 1090 1455 quoe
1141 1381 1233 1453 quoti
1247 1379 1665 1454 iquorantibrsrocritotem,
1687 1379 1814 1455 κάμ’

393 1465 515 1541 scribit3
531 1472 748 1544 argumentum,
765 1465 930 1525 exhortatio
946 1461 986 1522 ad
1000 1463 1090 1523 firmi·
1142 1465 1309 1525 orientibus
1324 1485 1403 1526 eam.

392 1560 485 1613 tatem
500 1551 572 1613 fidei
594 1561 626 1611 et
648 1550 688 1611 ad
701 1550 833 1612 studium
855 1552 999 1611 bonorum
1019 1567 1089 1628 ope·
1188 1552 1237 1611 13.
1259 1555 1392 1614 Justum
1412 1560 1519 1613 orsum
1541 1553 1704 1627 arbitror,
1728 1569 1812 1628 quou-

392 1659 468 1700 rnm.
501 1639 562 1698 Pro
578 1638 687 1698 verbo:
702 1641 857 1716 incipiunt
865 1683 876 1713 ‚
893 1636 1011 1698 Graece
1026 1645 1089 1696 est:
1143 1638 1200 1698 diu
1215 1657 1284 1698 rum
1298 1643 1335 1699 iu
1356 1641 1414 1700 boc
1436 1638 1669 1714 tabernaculo,
1695 1641 1812 1699 modim

393 1719 447 1785 οὐκ
464 1716 629 1804 ἀμελήσω,
656 1742 724 1786 reon
739 1726 916 1801 mplipom,
933 1725 1014 1784 siout
1028 1743 1088 1783 om·
1143 1744 1199 1784 vos
1214 1728 1250 1786 ia
1265 1729 1519 1788 commonitione.
1557 1725 1636 1786 Pars
1658 1726 1731 1786 haec
1748 1725 1810 1784 ratio

394 1834 447 1874 nes
462 1811 516 1874 elii
531 1820 691 1872 verterunt
722 1810 912 1892 Quamquam
936 1809 1016 1890 apud
1031 1810 1088 1870 Ro·
1143 1832 1210 1870 nem
1226 1815 1359 1872 continet
1373 1814 1549 1892 superioris,
1570 1816 1645 1892 quia
1655 1813 1762 1891 justum
1773 1820 1811 1881 ἢ

394 1900 512 1960 bertum
535 1898 719 1999 Stephanum
745 1900 836 1958 nnius
859 1897 970 1958 codicis
1002 1895 1090 1955 lectio
1142 1909 1177 1957 ut
1191 1898 1248 1958 boc
1263 1899 1372 1972 iaciat,
1388 1898 1418 1958 id
1434 1908 1481 1960 eet
1496 1900 1613 1960 excitet
1628 1919 1681 1959 eoa
1696 1917 1810 1979 percon

393 1988 437 2047 sic
446 1985 551 2046 babet:
567 2002 601 2042 συ
610 1977 767 2063 μελλήσω,
779 2003 847 2047 uon
855 1985 1014 2063 differam,
1022 2000 1090 2044 uon
1143 1988 1346 2047 monitionem.
1383 1990 1516 2049 Jestom
1526 2030 1537 2062 ,
1565 1989 1705 2068 inquam,
1727 1987 1810 2045 nuce

390 2072 645 2150 procreetiuabo.
675 2072 846 2134 Verisimile
861 2069 1020 2132 admodum
1035 2077 1090 2142 est,
1144 2071 1230 2131 officii
1246 2071 1354 2144 debiti,
1371 2077 1514 2153 quoniam
1530 2072 1698 2153 Apostolus
1713 2075 1809 2152 ipsu·

393 2164 587 2239 interpretem
617 2169 750 2219 nostrum
783 2159 900 2238 absque
928 2158 1088 2236 negatione
1144 2168 1174 2217 et
1189 2169 1290 2237 pastor
1306 2168 1379 2220 eret.
1417 2161 1619 2236 Quantnmvis
1635 2161 1712 2221 enim
1726 2156 1809 2219 sublii

392 2246 520 2326 legisse:
537 2237 700 2324 μελλήσω,
724 2267 779 2326 pro
795 2265 856 2327 qno
872 2245 1010 2305 verterit:
1036 2246 1089 2303 in·
1144 2247 1205 2305 sint
1229 2245 1307 2305 bene
1332 2246 1459 2307 instituti
1487 2255 1518 2307 et
1542 2248 1621 2308 firmi
1650 2249 1680 2308 in
1709 2246 1810 2306 doctr*-

392 2336 519 2411 cipiom.
556 2332 634 2392 Nem
653 2331 802 2394 Graecum
824 2332 950 2393 verbum
967 2320 1098 2414 μέλλειν4
1142 2351 1230 2402 saue,
1247 2354 1306 2392 non
1322 2342 1423 2394 temen
1439 2334 1698 2414 pastoribuelicet
1711 2341 1808 2413 preste

392 2413 1090 2499 usitatissimesignificat:futurumnequod
1143 2419 1264 2478 mittere
1290 2439 1376 2480 suum
1403 2420 1532 2481 officium
1561 2421 1630 2480 illos
1653 2414 1815 2486 admone&

392 2507 536 2586 vulgatos
551 2507 662 2585 passim
681 2505 781 2566 reddit
803 2503 966 2585 incipiendi
987 2502 1090 2576 verbo,
1143 2505 1394 2584 quemadmodum
1413 2507 1492 2568 bene
1513 2507 1563 2566 hic
1586 2517 1711 2569 annotat
1723 2506 1807 2583 &jao

392 2604 426 2653 ut
439 2593 527 2655 Joan.
545 2596 590 2653 4.:
612 2594 790 2669 decipiebat
804 2595 889 2654 mim
904 2593 1007 2667 mori,·
1022 2590 1090 2649 Act.
1142 2611 1212 2668 nue;
1228 2594 1301 2671 quie
1316 2614 1480 2673 numquam
1495 2591 1583 2654 deeet
1598 2597 1632 2655 in
1646 2614 1740 2675 grege
1752 2587 1807 2672 qud

393 2682 459 2741 ab:
477 2682 688 2755 decipientem
702 2680 842 2756 interfici
848 2702 860 2757 ,·
876 2678 898 2739 J
901 2698 946 2737 ac.
963 2682 1006 2739 λε
1030 2679 1090 2737 In·
1143 2689 1280 2751 sanetur,
1300 2679 1451 2751 foveatur,
1478 2680 1685 2742 consolidetur
1698 2693 1725 2742 et
1737 2687 1806 2740 cant

392 2771 542 2843 cipientes
560 2766 710 2840 judicari.
747 2766 797 2826 Ita
819 2784 924 2826 aeneus
948 2764 981 2824 Β.
1005 2765 1089 2824 Petri
1142 2764 1257 2839 diatur,
1278 2766 1388 2826 Erech.
1406 2771 1456 2829 34.
1479 2769 1630 2847 Apposite
1649 2779 1806 2843 reuocet?

392 2863 487 2915 esset:
513 2854 652 2931 Propter
678 2852 764 2931 quod
790 2853 936 2928 deinceps
964 2868 1088 2927 semper·
1143 2872 1230 2911 sunm
1247 2852 1389 2928 mortale,
1415 2852 1496 2935 quod
1519 2853 1662 2933 gerebat,
1688 2854 1806 2916 tom

391 2940 594 3003 commonebo
616 2959 671 3001 vor
692 2949 745 3002 etc.
781 2940 895 3001 Verum
916 2940 988 3019 quie
1011 2936 1089 2997 iutu-
1143 2941 1251 3001 culam
1267 2948 1369 3011 vocet,
1397 2944 1485 3021 qnia,
1512 2949 1669 3022 tamqnam
1691 2935 1805 3023 peregn'l'

392 3047 458 3087 rum
474 3020 621 3106 μελλήσω
637 3029 691 3087 vix
713 3036 760 3088 est
781 3030 812 3087 iu
827 3046 883 3087 usu
900 3022 979 3104 apud
995 3023 1088 3086 Grae·
1144 3026 1248 3087 etalio
1263 3028 1440 3102 tendentes,
1465 3035 1585 3088 tantum
1607 3029 1648 3090 sd
1671 3024 1805 3107 tempori

394 3133 461 3187 coe,
478 3114 550 3175 licet
564 3112 676 3174 alicubi
692 3114 774 3195 apud
790 3114 948 3174 Platonem
963 3110 1089 3191 legatur,
1143 3133 1267 3193 corpore
1281 3116 1401 3176 mortali
1414 3116 1470 3175 isto
1485 3135 1652 3191 moremur,
1667 3116 1744 3177 bravi
1755 3105 1808 3173 illel

392 3211 475 3263 certe
501 3219 650 3280 nusquem
672 3202 703 3261 in
726 3201 819 3262 sacris
841 3200 952 3260 literis:
978 3197 1089 3259 idcirco
1142 3200 1293 3272 relicturi,
1320 3212 1349 3260 et
1363 3203 1516 3282 accepturi
1536 3201 1750 3265 habitationem
1762 3214 1806 3259 att

390 3289 537 3349 veriorem
554 3287 683 3347 arbitror
705 3307 772 3348 eum
795 3286 968 3357 lectionem,
1000 3304 1091 3364 quam
1143 3286 1259 3359 leetem,
1275 3286 1306 3346 id
1321 3297 1368 3347 eet
1381 3289 1512 3350 domum
1523 3308 1594 3351 noa
1604 3291 1809 3369 rrratsrsfotittfls¹

390 3373 502 3435 habent
511 3393 612 3434 omnes
620 3381 674 3434 aut
680 3393 778 3453 paene
786 3392 887 3433 omnes
895 3371 1004 3432 Graeci
1012 3369 1089 3431 codi·
1144 3381 1308 3434 aeteruum
1316 3416 1327 3446 ,
1343 3378 1379 3435 irs
1394 3376 1488 3437 coelio
1495 3419 1506 3450 ,
1522 3376 1625 3439 icor.
1641 3378 1672 3438 b.
1693 3372 1804 3457 Quoia·

391 3481 448 3522 ces.
468 3459 1091 3540 Namomneshabentncgationom,paene
1144 3460 1279 3521 similiter
1294 3480 1402 3542 corpus
1415 3462 1473 3524 hoc
1484 3464 1812 3542 comptihitstolem·

391 3567 511 3608 omnes:
539 3539 697 3625 ἀμελήσω.
732 3545 824 3626 Quod
838 3545 961 3606 verbnm
977 3545 1092 3623 optime
1143 3547 1250 3608 culum
1266 3547 1382 3609 Psulns
1405 3558 1505 3610 vocet.
1539 3548 1645 3625 Nom,
1672 3545 1803 3629 iuquit!

393 3634 536 3695 convenit
562 3634 633 3695 huic
660 3633 734 3693 loco.
768 3634 827 3707 Ut,
851 3633 963 3711 inquit,
990 3630 1091 3711 ample
1143 3636 1199 3712 qui
1220 3652 1328 3695 ramur
1350 3638 1385 3695 iu
1407 3639 1465 3698 boc
1490 3637 1716 3713 taumate,
1741 3638 1803 3709 inu·

391 3721 527 3801 praemio
549 3722 703 3801 recipiatis
719 3741 738 3780 e
751 3720 829 3793 Deo,
852 3737 912 3781 nou
930 3715 1090 3797 negligam,
1142 3723 1301 3782 missimus
1314 3726 1451 3798 pracati.
1474 3721 1637 3785 Caeterum
1651 3723 1803 3786 altantis·

390 3828 448 3868 vos
463 3806 503 3868 od
522 3806 690 3868 exercenda
711 3805 790 3867 bona
813 3825 909 3886 opera
929 3804 1090 3878 edhoruri,
1143 3827 1242 3868 carcer
1256 3817 1398 3887 vocatur,
1412 3819 1446 3870 ut
1459 3808 1574 3872 Psalm.
1592 3813 1680 3873 141.:
1693 3808 1770 3875 Mtte

389 3895 422 3955 id
445 3902 501 3967 est,
524 3893 645 3955 assidue
669 3901 761 3974 atque
785 3892 912 3954 sollicite
933 3911 989 3952 vos
1015 3910 1092 3954 com·
1142 3894 1304 3969 custodio,
1332 3893 1363 3956 id
1388 3905 1435 3957 est
1459 3895 1498 3957 de
1521 3917 1658 3973 camere,
1683 3900 1801 3960 naim

390 3981 588 4042 monefacium
612 3989 643 4041 et
663 3978 854 4041 adbortsbor.
888 3978 944 4038 Est
965 3979 1090 4039 enimin
1142 3979 1258 4041 scilicet
1272 3990 1396 4061 propter
1411 3984 1560 4043 miseriam
1570 3983 1664 4063 hujus
1678 3979 1800 4047 ineffl-

390 4068 550 4148 negatioue
565 4066 687 4147 liptote,
715 4066 860 4147 frequens
875 4067 906 4127 in
921 4064 1089 4145 scripturis,
1143 4068 1183 4126 tis
1199 4074 1230 4126 et
1244 4069 1457 4149 corruptionis,
1472 4071 1639 4132 secundum
1654 4069 1737 4133 illud:
1748 4067 1799 4129 ih·

391 4173 451 4235 qua
466 4154 564 4213 minus
580 4154 685 4214 dicitur
707 4161 739 4214 et
753 4153 821 4233 plus
836 4149 1031 4232 intelligitur,
1054 4162 1089 4211 ut
1138 4171 1218 4229 prce,
1233 4155 1319 4232 quod
1333 4159 1570 4235 corrumpitur,
1589 4163 1740 4236 appronat
1750 4148 1798 4214 d·

391 4242 421 4301 in
438 4239 576 4300 Psalmo:
593 4240 839 4302 Oorooutritum
851 4258 919 4301 aon
931 4238 1087 4316 despiciet.
1140 4259 1244 4315 mom,
1260 4241 1334 4320 Sap.
1349 4244 1378 4302 9.
1795 4271 1798 4280 ·

434 4327 478 4388 Et
493 4325 619 4403 quidem
635 4326 1021 4403 rciemmtoouflrmotoe
1034 4344 1088 4387 voe
1185 4330 1234 4388 14.
1258 4330 1385 4404 Oertur,
1409 4330 1604 4407 praedoctos
1626 4340 1671 4393 eet
1684 4319 1799 4406 W

390 4414 602 4490 inpraesenti
617 4416 759 4473 veritate.
784 4415 825 4475 lit
840 4413 980 4491 quidem,
993 4411 1086 4474 Grue-
1139 4413 1340 4476 tabernaculi
1353 4419 1423 4477 mei.
1461 4417 1550 4478 Hrec
1572 4419 1670 4480 altera
1690 4416 1754 4478 reto
1830 4425 1835 4434 '

391 4495 442 4561 oe:
473 4493 603 4577 καίπερ,
627 4503 691 4561 etsi.
729 4498 824 4560 Addit
849 4501 927 4560 enim
953 4500 1026 4573 hoc,
1053 4506 1087 4558 ut
1138 4502 1267 4580 priorem
1283 4503 1476 4575 confirmans,
1502 4523 1558 4564 cnr
1573 4504 1758 4585 magirstin
1793 4495 1795 4502 ’
1831 4509 1835 4520 “

389 4587 504 4667 mitiget
528 4586 695 4647 molestiam
721 4585 933 4647 admonitionis
959 4585 998 4645 ad
1025 4604 1086 4660 eos,
1138 4606 1222 4648 cesse
1247 4588 1359 4651 habeat
1374 4608 1423 4651 eos
1445 4592 1578 4652 excitare
1600 4611 1659 4653 suo

390 4674 442 4754 qui
455 4671 555 4733 videri
571 4681 712 4753 poterent
730 4693 783 4752 per
806 4693 839 4733 se
861 4675 935 4733 estis
953 4673 1086 4733 instructi
1138 4675 1229 4735 tione.
1265 4678 1394 4753 Genua,
1426 4675 1560 4737 Graece:
1592 4668 1701 4754 stobe,

390 4767 421 4818 et
435 4760 616 4837 confirmeti3
632 4780 668 4821 ac
682 4762 707 4820 si
724 4758 821 4820 dieat:
850 4759 995 4840 Quamvis
1010 4759 1086 4819 satis
1137 4762 1279 4822 Erasmus
1302 4765 1344 4824 ito
1366 4766 1472 4823 vertit:
1500 4765 1582 4826 Οωηε
1607 4767 1721 4840 σείσειε,

302 4867 306 4874 ·
389 4845 528 4907 instructi
554 4847 620 4906 sitis
647 4856 678 4907 et
702 4848 845 4907 virtutum
868 4846 1085 4907 exercitatione
1135 4849 1297 4926 futurum,
1319 4857 1357 4911 ssi
1379 4850 1540 4927 deportem
1563 4853 1623 4915 boa

391 4931 555 4993 confirmati
570 4936 606 4994 iu
625 4937 790 5010 praesenti
812 4936 961 5007 cantate,
984 4931 1084 5007 idest,
1137 4934 1204 4995 lum
1219 4954 1333 4998 meum.
1357 4936 1447 5017 Quod
1469 4947 1502 5001 et
1522 4940 1650 5017 passive
1670 4941 1758 5023 pot&

390 5016 424 5076 in
444 5016 501 5078 hoe
521 5038 632 5099 genere
657 5022 827 5097 doctrinae,
853 5018 892 5079 de
917 5040 976 5100 quo
1003 5039 1084 5082 nunc
1135 5023 1225 5101 poni:
1244 5024 1285 5086 Ut
1299 5024 1552 5103 dapoueiuebot
1566 5045 1674 5090 m
