4442 5825
779 424 1284 495 murommmsmrossms.
1303 428 1328 481 s.
1347 427 1387 480 ro.
1754 433 1803 500 ⁶3

359 604 445 667 sibae
458 602 500 665 sd
515 601 755 685 praedeeu‘mtos
769 607 967 685 restringitur.
996 605 1051 666 At·
1103 607 1168 666 sine
1190 612 1286 665 morte
1301 602 1410 664 Christi
1431 601 1487 664 filii
1510 601 1560 663 sui
1581 620 1677 682 genus
1700 602 1802 663 huma-

359 711 412 772 quo
425 690 504 752 hese
520 694 730 772 interpretatio
752 695 843 753 etiam
866 691 934 753 aliis
949 692 1050 753 simili·
1105 711 1177 752 num
1193 690 1328 765 salvere,
1351 689 1441 750 doost
1454 709 1546 765 nuno,
1572 709 1662 770 quam
1677 688 1729 751 ills
1742 710 1803 749 mo-

358 780 408 839 bus
432 778 599 858 scripturis
627 780 780 859 congruit,
809 786 843 839 ut
870 779 978 840 iCor.
1005 780 1051 839 b.:
1106 778 1162 839 dus
1178 779 1242 837 Deo
1259 775 1426 838 condecens
1438 777 1535 836 inerit
1546 785 1637 856 utque
1650 778 1708 856 ipsi
1720 776 1802 837 Chri·

358 869 416 926 Pro
439 864 591 926 omuibus
612 874 757 926 suortuue
779 873 822 926 est
846 867 986 928 Christus
992 888 1003 942 ,·
1033 870 1049 925 1
1107 873 1152 924 sto
1168 864 1359 925 honorificus.
1384 863 1473 942 Quae
1485 861 1619 923 doctrine
1634 871 1804 944 suspeetat,

357 953 429 1013 Tim.
447 954 496 1011 2:
514 954 577 1031 Qui
592 952 680 1012 dedit
694 952 944 1029 redemptionem
958 959 1053 1013 semet
1105 959 1140 1010 ut
1155 970 1193 1010 ne
1216 952 1285 1032 quis
1301 950 1454 1012 Christum
1468 950 1629 1011 Dominum
1645 959 1806 1032 propterea

356 1044 454 1115 iprum
477 1056 542 1115 pro
565 1040 729 1116 omnibus3
762 1039 881 1100 iJosn.
903 1043 950 1099 ih:
980 1041 1052 1115 Ipse
1107 1038 1229 1097 minoris
1246 1037 1352 1111 isoiut,
1369 1036 1449 1118 quod
1465 1036 1723 1118 usqueudmortis
1737 1056 1804 1118 per·

355 1135 392 1186 est
403 1127 602 1203 propitiatio
615 1143 677 1203 pro
692 1128 827 1202 pereatis
843 1131 967 1200 nostris,
984 1144 1052 1186 stou
1106 1123 1276 1204 pessionsm
1291 1132 1323 1183 et
1337 1125 1435 1184 erneis
1454 1123 1650 1203 opprobrium
1665 1123 1804 1187 humilis·

353 1232 408 1289 pro
430 1215 554 1274 neuris
576 1221 683 1273 sotem
707 1221 852 1287 tontum,
875 1214 930 1273 sed
953 1214 1052 1274 stium
1106 1220 1153 1272 tus
1169 1212 1273 1282 tuerit,
1296 1210 1352 1270 ssd
1373 1213 1471 1291 magis
1496 1212 1564 1287 ejus
1580 1211 1735 1272 teutatem
1751 1210 1804 1274 ed·

353 1318 408 1376 pro
435 1303 537 1360 totius
568 1300 691 1360 muudi.
729 1301 792 1360 Nee
823 1290 939 1371 obstet,
970 1298 1052 1380 quod
1105 1300 1245 1371 miretur,
1273 1295 1353 1376 quod
1369 1297 1441 1359 illue
1457 1316 1552 1377 usquo
1567 1314 1634 1357 sese
1648 1294 1805 1359 demittere

353 1387 520 1467 Apostolus
549 1393 614 1445 tota
640 1387 697 1446 hue
726 1387 865 1466 Epistola
890 1406 950 1447 non
979 1386 1052 1446 iacit
1107 1405 1166 1445 uon
1183 1383 1273 1446 fuerit
1287 1382 1476 1462 dedignatus.
1498 1383 1587 1443 Hane
1602 1391 1718 1464 purtem
1731 1404 1805 1445 non·

352 1476 532 1534 mentionem
543 1474 712 1533 vocationis
722 1481 774 1533 aut
788 1472 893 1541 salutis
907 1474 1049 1552 gentium.
1106 1470 1182 1532 nulli
1199 1471 1377 1531 Latinorum
1391 1470 1431 1531 ad
1447 1474 1543 1551 ipsum
1558 1469 1708 1532 Christum
1724 1479 1803 1531 retu·

351 1561 423 1621 Nsrn
440 1560 581 1640 loquitur
595 1559 645 1621 hie
660 1561 820 1620 tuntum-in
834 1579 953 1639 genere,
978 1579 1049 1639 gen·
1105 1559 1212 1618 lerunt.
1246 1558 1331 1618 inter
1354 1577 1432 1638 quos
1455 1559 1606 1638 Rupertus
1629 1556 1681 1617 lib.
1700 1558 1749 1618 13.
1773 1559 1805 1619 in

352 1658 394 1707 tes
408 1669 474 1709 non
489 1648 659 1707 nominans.
681 1645 873 1726 Quemquam
893 1655 923 1708 et
936 1644 1051 1708 Juduei
1105 1644 1290 1705 Matthaeum
1306 1645 1414 1724 probet
1436 1666 1474 1705 ex
1497 1644 1654 1717 hocloco,
1681 1652 1806 1725 proptor

352 1747 433 1795 erent
447 1743 515 1794 toto
530 1733 604 1794 orbe
623 1731 758 1813 dispersi.
1105 1731 1258 1793 Christum
1266 1730 1415 1791 hominem
1424 1731 1548 1811 angelos
1559 1739 1690 1791 ettotam
1699 1729 1804 1792 mundi

390 1821 464 1883 dem
488 1840 543 1881 eur
566 1818 678 1881 dixerit
691 1819 872 1901 Apostolus,
899 1818 1051 1880 Christum
1105 1818 1251 1879 fabricam
1267 1816 1417 1879 conditam
1432 1837 1516 1894 esse;
1534 1817 1669 1900 ideoque,
1686 1819 1805 1880 etismsi

351 1918 490 1988 gustem
504 1915 648 1978 mortem,
674 1909 887 1988 potiusquam
902 1914 1051 1967 mortuum
1085 1915 1261 1985 ,peceatum
1298 1924 1358 1964 non
1403 1907 1629 1979 intervenisset,
1669 1903 1804 1968 futurum

352 2015 428 2069 me,
443 2015 516 2057 eam
530 1995 677 2054 rstiouem
691 1993 831 2055 edierunt
845 1992 963 2068 Graeci,
979 1994 1051 2073 quis
1104 1991 1215 2065 fuisse,
1234 1998 1268 2051 ut
1289 1992 1423 2053 Verbum
1440 2011 1516 2053 euro
1531 1994 1618 2071 fieret
1633 1999 1663 2053 et
1677 1993 1803 2053 hobitu-

350 2104 406 2144 non
420 2085 456 2143 in
469 2088 571 2143 morte
589 2082 769 2160 permensit,
792 2076 846 2141 sed
867 2079 959 2159 paulo
982 2087 1051 2160 poet
1104 2087 1152 2138 ret
1167 2082 1202 2139 iss
1217 2078 1316 2140 uobis.
1351 2078 1442 2159 Quod
1470 2080 1615 2159 posterior
1637 2087 1735 2141 utrum
1751 2072 1804 2141 ille

352 2171 534 2244 resurrexit3
550 2177 585 2227 ut
599 2176 724 2228 mortem
740 2189 799 2228 nou
814 2176 970 2247 epotasse,
997 2164 1051 2227 sed
1105 2173 1185 2225 reete
1211 2165 1334 2246 colliget
1358 2186 1395 2227 ex
1421 2167 1527 2246 priori,
1557 2185 1618 2228 non
1640 2174 1687 2227 est
1712 2166 1804 2246 hujus

353 2254 560 2317 tntummodo
581 2262 721 2332 gustssse
741 2253 888 2316 videatur.
918 2254 967 2313 Ab
983 2252 1050 2313 aliis
1105 2252 1166 2312 looi
1182 2249 1358 2332 disquirere.

355 2343 419 2405 hses
434 2344 521 2403 ratio
536 2338 686 2415 redditur,
706 2349 739 2401 ut
752 2340 947 2421 significaret,
964 2338 1047 2400 Chri·
1149 2337 1238 2399 Certe
1264 2340 1429 2400 membrum
1455 2339 1602 2400 alterum:
1625 2357 1686 2416 per·
1711 2356 1804 2417 quem

356 2439 422 2491 stum
446 2451 514 2490 nou
538 2430 582 2488 ita
603 2447 706 2487 somno
728 2429 831 2489 mortis
846 2424 1050 2500 obdormiisse,
1104 2429 1223 2501 omma,
1241 2448 1302 2487 non
1316 2425 1439 2507 perinde
1456 2425 1587 2507 quadret
1603 2427 1636 2486 iu
1650 2424 1804 2487 Christum

355 2528 379 2576 ut
392 2538 456 2579 non
469 2513 681 2576 veredolores
696 2516 763 2596 ejus
778 2512 1050 2575 etemsritudiusm
1103 2513 1261 2575 hominem.
1299 2512 1391 2593 Quod
1415 2516 1493 2575 enim
1510 2512 1602 2574 Josu.
1622 2516 1666 2586 1.,
1692 2510 1758 2575 Col.
1774 2516 1803 2573 1.

353 2604 493 2677 senserit,
521 2603 602 2662 sieut
627 2600 762 2662 nonnulli
787 2600 907 2661 fuerunt
925 2601 1048 2680 opineti
1103 2609 1134 2659 et
1149 2600 1223 2660 eiibi
1237 2599 1383 2679 legimus:
1411 2603 1521 2661 omuiu
1542 2619 1603 2677 pes·
1624 2617 1695 2660 eum
1711 2601 1805 2678 foeta

354 2689 406 2750 Sed
421 2685 603 2768 hujusmodi
622 2688 757 2749 rationes
776 2707 883 2767 perum
905 2686 945 2747 sd
961 2686 1048 2747 intei-
1092 2679 1185 2762 ἐεισ,
1212 2685 1324 2747 dietum
1339 2696 1387 2748 est
1401 2685 1440 2747 de
1455 2706 1490 2747 eo
1506 2696 1542 2747 ut
1556 2685 1658 2748 Verbo
1673 2706 1710 2747 eo
1724 2685 1803 2747 Filio

354 2775 510 2855 ligentiam
525 2774 614 2853 hujus
630 2772 688 2832 looi
703 2772 804 2835 fsoero
819 2773 966 2845 videntur,
982 2793 1049 2833 eum
1106 2774 1172 2834 Dei.
1196 2772 1318 2834 Feiellit
1330 2782 1430 2835 sutum
1443 2774 1511 2833 illos
1522 2774 1711 2854 expositores
1721 2792 1802 2835 men·

353 2861 492 2925 Esbrses
504 2860 608 2942 phrasi
623 2867 755 2922 mortem
767 2868 905 2937 prestare,
922 2870 952 2921 et
963 2878 1052 2921 mor·
1105 2859 1181 2921 dese
1208 2860 1297 2921 leutio
1320 2861 1475 2935 vocabuli,
1505 2860 1587 2941 quod
1616 2868 1664 2920 est
1688 2860 1721 2922 in
1744 2859 1804 2922 tine

356 2958 407 3010 tem
425 2950 550 3022 uidere,
563 2967 623 3007 nou
636 2946 720 3010 eliud
731 2950 782 3022 sit,
797 2949 975 3027 quemmori,
987 2948 1052 3007 sive
1103 2948 1282 3008 sententiae.
1315 2949 1384 3008 Non
1410 2949 1489 3009 enim
1516 2949 1736 3009 eoummmuri
1759 2946 1802 3008 le·

357 3038 413 3115 quis
429 3036 485 3097 diu
501 3040 623 3094 maneat
646 3034 676 3093 in
697 3043 808 3107 morte,
831 3037 937 3112 ejusve
959 3051 1052 3095 sensu
1103 3033 1235 3114 gendum
1262 3043 1318 3108 est,
1345 3036 1433 3115 qussi
1459 3034 1496 3095 de
1521 3032 1643 3095 Christo
1670 3032 1802 3110 diostur3

358 3124 510 3194 rrueietur,
526 3123 592 3182 eise
607 3140 677 3180 nou.
699 3121 747 3180 Ita
758 3121 868 3182 Mstth.
887 3124 952 3181 16.ι
968 3124 1052 3183 Saut
1103 3120 1157 3181 sed
1172 3139 1407 3195 consummare,
1427 3119 1508 3200 quod
1523 3120 1562 3180 ad
1580 3121 1683 3181 Deum
1697 3118 1804 3180 reterri

358 3210 481 3285 quidum
497 3208 539 3268 de
557 3208 608 3267 hie
621 3208 794 3282 stantibus,
822 3210 878 3286 qui
900 3227 968 3269 nore
990 3226 1050 3284 pu·
1103 3214 1257 3288 oporteat,
1287 3206 1539 3287 quemadmodum
1570 3206 1631 3267 iiiia
1661 3205 1801 3267 ostendo·

359 3296 478 3357 tabunt
493 3302 641 3367 mortem,
657 3294 757 3356 donee
769 3303 842 3372 eto.;
858 3302 889 3355 et
900 3295 989 3356 Joen.
1003 3298 1049 3356 8.:
1102 3313 1178 3356 mus.
1201 3293 1260 3354 Est
1275 3294 1365 3371 igitur
1380 3293 1564 3373 periphrasis
1579 3293 1655 3352 Dei:
1667 3300 1803 3370 propiet·

360 3384 383 3442 Si
412 3386 485 3460 quis
514 3399 691 3442 mouens
721 3400 825 3443 meum
863 3384 1049 3454 seruaverit,
1102 3400 1194 3458 quem
1210 3384 1329 3442 omniu.
1352 3381 1529 3441 Deusenim
1544 3388 1576 3441 ut
1591 3379 1660 3440 tinis
1678 3386 1725 3440 sst
1739 3399 1800 3441 om·

360 3477 481 3530 mortem
498 3487 568 3529 nost
590 3467 729 3543 pustobit
749 3473 786 3530 s'ss
807 3474 993 3547 ueternum5
1020 3476 1051 3527 et
1102 3468 1200 3541 nium,
1221 3467 1264 3527 ite
1284 3477 1317 3527 st
1338 3469 1471 3529 omnium
1494 3468 1615 3528 effector
1638 3475 1667 3527 et
1687 3465 1801 3547 opifex.

360 3555 383 3615 iu
395 3556 453 3616 heo
468 3554 570 3635 Epist
586 3574 653 3633 esp.
672 3559 738 3615 11.ι
761 3556 893 3616 Heaoob
908 3557 1049 3616 transtu·
1102 3554 1180 3616 Cum
1195 3562 1295 3615 autem
1310 3574 1406 3615 sermo
1429 3556 1469 3615 sit
1485 3555 1523 3616 de
1539 3555 1605 3615 Deo
1622 3554 1730 3625 Patre,
1756 3553 1800 3613 ia·

360 3648 399 3703 iss
420 3651 484 3716 est,
514 3661 554 3703 ue
577 3641 699 3703 videret
718 3650 870 3716 mortem,
896 3641 928 3702 id
951 3650 997 3702 est
1011 3661 1050 3701 ne
1102 3640 1161 3702 cile
1178 3640 1246 3702 hine
1268 3640 1450 3714 ostenditur,
1474 3662 1532 3702 nou
1548 3662 1603 3721 per
1617 3641 1674 3702 hoo
1686 3639 1798 3702 Filium

360 3739 527 3790 moreretur.
562 3726 694 3789 Proinde
709 3748 768 3789 non
784 3727 868 3789 eliud
886 3728 952 3788 vuit
967 3730 1047 3808 Apo·
1101 3727 1262 3808 significari
1297 3729 1390 3788 Putre
1427 3729 1587 3802 minorem,
1624 3737 1657 3788 ut
1690 3726 1798 3789 volunt

360 3815 460 3889 stolus,
485 3814 606 3886 dicens,
633 3815 793 3876 Christum
808 3822 945 3891 prestares
960 3832 1048 3875 mor·
1101 3814 1218 3884 Ariani,
1242 3813 1322 3895 quod
1343 3813 1416 3873 elibi
1437 3834 1492 3891 per
1507 3833 1574 3875 eum
1597 3814 1699 3876 omnia
1717 3814 1801 3876 iaetu

360 3907 430 3977 tem,
453 3920 547 3983 quem
560 3908 708 3962 mortuum
724 3901 808 3962 ilium
824 3901 935 3975 fuisse,
956 3901 1047 3961 unde
1101 3899 1256 3977 dicentur,
1272 3900 1514 3981 quandoquidem
1522 3901 1553 3962 id
1565 3902 1621 3963 hoo
1630 3902 1695 3962 loeo
1706 3904 1798 3964 etiem

360 4007 482 4068 eumque
503 4007 541 4048 es
562 3995 682 4066 sumpts
703 3990 743 4049 sit
764 3987 957 4067 metaphora,
983 3989 1049 4048 sive
1101 3987 1141 4049 de
1154 3987 1246 4048 Patre
1261 3987 1378 4048 dicitur.

360 4074 389 4135 rb
404 4077 458 4148 iis,
482 4075 537 4155 qui
550 4093 702 4135 venenum
716 4075 838 4145 bibunt,
861 4077 940 4147 sive,
967 4072 1048 4155 quod
1145 4075 1206 4151 Qui
1221 4076 1336 4135 multos
1351 4074 1434 4152 filios
1448 4078 1484 4135 irs
1498 4074 1637 4152 plor-ium
1653 4074 1799 4138 eddesse-

360 4164 451 4223 rerius
467 4170 530 4236 est,
555 4160 594 4221 ab
607 4180 707 4222 esrum
729 4181 828 4223 rerum
842 4169 948 4240 gustu,
975 4179 1047 4242 qus·
1101 4167 1164 4220 rut
1194 4160 1379 4241 Explicatins
1395 4161 1448 4221 aiii
1464 4170 1599 4223 vertunt:
1636 4163 1676 4223 Ut
1691 4165 1800 4223 muttit

359 4268 415 4311 rum
444 4266 567 4309 umerus
592 4257 685 4327 etque
718 4249 853 4328 ingratus
878 4255 924 4307 eet
949 4268 1046 4328 seper.
1099 4247 1175 4324 titiis
1196 4249 1233 4307 irs
1254 4249 1392 4323 plurium
1415 4248 1560 4311 adductis
1567 4294 1577 4324 ,
1605 4249 1635 4309 id
1658 4259 1704 4310 est
1718 4257 1799 4329 post·

358 4334 440 4397 Unde
469 4343 501 4396 et
529 4336 597 4414 ipss
631 4354 712 4395 mors
745 4339 847 4395 sme'rs
876 4342 999 4395 vooetur
1030 4337 1045 4394 l
1101 4353 1190 4415 quern
1202 4353 1253 4394 eos
1265 4336 1298 4395 in
1308 4335 1434 4414 glorium
1449 4334 1635 4397 adduxisset.
1656 4334 1693 4394 Id
1705 4334 1802 4413 liquet

358 4420 424 4503 teg.
442 4422 493 4483 lb.
1101 4442 1140 4481 ex
1161 4423 1327 4482 mutatione
1354 4413 1440 4482 cesus
1467 4423 1498 4483 in
1521 4421 1637 4484 Gresoo
1660 4413 1747 4504 αὐτῷ
1769 4428 1801 4482 st

394 4511 443 4570 10.
477 4507 619 4570 berctus
651 4510 737 4569 euim
771 4509 874 4581 Eum,
915 4515 1048 4585 propter
1101 4497 1269 4583 ἀγαγόντα.
1302 4507 1366 4570 Sed
1380 4508 1417 4568 de
1432 4528 1524 4570 sensu
1539 4530 1599 4570 non
1613 4526 1709 4589 perse
1724 4507 1799 4568 diffi-

357 4613 442 4671 ptsem
457 4598 589 4669 omniu,
606 4603 636 4656 et
649 4613 709 4671 per
724 4613 815 4671 quem
831 4597 950 4654 omnia.
985 4591 1049 4656 Cur
1101 4593 1199 4655 cultas
1215 4602 1275 4666 ost,
1290 4594 1372 4675 quod
1386 4615 1447 4655 non
1459 4603 1618 4676 epperest,
1634 4613 1709 4675 quoe
1728 4602 1799 4656 ante

357 4685 451 4745 nortis
465 4683 639 4765 passionem
654 4681 780 4741 subierit
795 4679 946 4755 Christus,
977 4700 1046 4742 oau·
1101 4680 1214 4742 Christi
1237 4683 1408 4761 psssionsm
1430 4680 1508 4743 filios
1526 4682 1613 4742 Deus
1637 4681 1799 4746 adduxerit

357 4786 413 4830 tum
437 4770 532 4842 dixit,
562 4776 597 4829 ut
621 4787 678 4848 per
707 4788 774 4830 eam
800 4768 938 4828 omnibus
964 4767 1047 4829 sulus
1098 4769 1130 4828 in
1145 4766 1286 4848 gloriam,
1309 4767 1392 4829 aditu
1415 4770 1499 4847 regni
1516 4767 1798 4832 eoelestienondum

357 4868 512 4935 pensetur.
550 4852 613 4917 Sed
629 4856 704 4935 quis
722 4862 841 4935 poteret
855 4855 940 4916 Deus
954 4856 1047 4916 etiem
1098 4853 1259 4937 pstst'aote.
1281 4856 1417 4918 Primum
1431 4853 1730 4935 irustrsquidsmad
1744 4875 1796 4918 sn·
