4442 5825
675 570 838 629 ermom
855 573 896 626 hl)
913 572 1079 628 estmoe
1096 574 1183 636 VERS-
1202 576 1227 628 8.
1244 578 1270 628 t.
1622 578 1693 651 108

371 748 440 813 alo
453 748 596 835 loquutur
608 748 780 832 Apostolus,
796 753 827 813 in
842 752 945 812 verbis
1001 750 1089 812 tto:
1120 751 1266 813 Laudato
1296 752 1473 813 Dominum
1503 753 1539 813 io
1568 752 1695 814 &notis

371 839 435 918 tius
458 837 550 901 dictio
571 839 745 900 secundum
768 860 829 900 non
845 848 890 899 est
904 839 945 899 ed
998 843 1072 914 ojus.
1104 837 1223 898 Dicitur
1248 847 1350 898 autem
1377 838 1525 898 Hebraeis
1551 839 1695 899 Sanctum

371 926 491 987 sculum
513 924 689 999 reserenda,
716 925 771 986 sed
793 926 832 986 ad
856 928 944 986 velc—
998 927 1608 1004 sunctortrm,tamquameximiesanctum,
1621 945 1695 1005 quo·

371 1032 395 1073 s.
422 1013 502 1073 Nam
518 1013 548 1073 iu
564 1011 685 1072 Graeco
701 1013 943 1073 tabernaculum
997 1012 1085 1073 modo
1102 1011 1208 1072 dicunt
1222 1015 1372 1072 canticum
1389 1014 1580 1086 canticorum,
1595 1012 1624 1071 id
1642 1020 1694 1083 est,

371 1099 463 1161 edum
478 1118 590 1179 genere
605 1099 751 1172 differunt,
768 1099 942 1178 estqueihi-
997 1100 1286 1179 praestantissimum
1318 1100 1481 1171 canticum,
1516 1109 1549 1159 et
1578 1099 1695 1159 coelum

371 1212 374 1243 ι
393 1186 467 1247 ordo
483 1185 658 1246 verborum:
681 1188 756 1246 Post
771 1187 943 1247 secundum
998 1187 1159 1260 coelorum,
1174 1186 1204 1245 id
1217 1197 1265 1246 est
1276 1205 1451 1265 supremum
1463 1188 1586 1247 coelum.
1603 1181 1695 1266 Quod

371 1275 589 1348 numerurm,
598 1273 850 1345 tubernaculum,
859 1273 944 1350 quod
998 1281 1027 1333 et
1048 1292 1103 1332 nos
1128 1274 1288 1346 imitamur,
1310 1272 1419 1353 quibus
1438 1273 1472 1333 B.
1488 1273 1585 1333 Maria
1599 1273 1695 1353 Virgo

383 1369 445 1422 etc.
477 1360 520 1420 Ut
540 1361 648 1421 mirum
671 1362 725 1434 sit,
753 1362 943 1440 interpretem
997 1361 1149 1439 virginum
1172 1360 1354 1439 appelletur,
1378 1359 1408 1419 id
1432 1367 1479 1420 est
1502 1358 1693 1422 excellentis·

371 1449 407 1509 oi
436 1445 576 1507 dictionis
612 1466 732 1507 sensnm
769 1448 943 1525 ambiguum
997 1449 1072 1507 sima
1097 1446 1200 1526 Virgo.
1230 1446 1339 1526 Itaque
1366 1447 1447 1527 prior
1475 1445 1596 1528 quidem
1622 1464 1694 1526 pars

371 1534 519 1595 voluisse.
557 1533 683 1613 Syrisce
713 1534 871 1595 translatio
900 1536 944 1593 sie
997 1533 1181 1594 tabernaculi
1211 1533 1355 1594 Sanctum
1385 1545 1465 1607 erat,
1495 1543 1618 1614 propter
1646 1552 1694 1592 res

384 1620 616 1682 Habitooulum
652 1628 759 1681 autem
796 1624 941 1694 interius,
997 1640 1096 1681 sacras
1109 1620 1359 1693 inibicontentas,
1376 1619 1598 1692 candelabrum,
1614 1639 1693 1680 men-

371 1716 416 1769 ·at
437 1712 528 1769 iutro
551 1708 654 1768 volum
676 1708 859 1784 seeundum,
884 1726 942 1768 oo·
996 1726 1060 1768 sam
1086 1714 1116 1767 et
1142 1726 1235 1786 panes
1261 1707 1489 1787 propositionis,
1517 1716 1547 1767 et
1572 1717 1695 1788 proptor

371 1816 378 1833 ·
419 1797 572 1857 Sanctum
603 1801 793 1855 mortorum
842 1795 943 1857 Sentit
997 1791 1176 1872 quotidiana
1197 1793 1388 1855 secerdotum
1411 1794 1587 1867 ministeriu,
1612 1813 1692 1874 quaa

371 1883 527 1963 postolos,
551 1892 620 1961 post
646 1880 814 1941 secundum
840 1882 942 1942 velum
996 1882 1026 1940 in
1042 1899 1079 1939 ea
1093 1889 1179 1959 parte
1202 1881 1323 1940 fiebunt.
1350 1881 1479 1941 interior
1500 1888 1601 1940 autem
1624 1900 1694 1961 pars

371 1969 482 2030 lterum
498 1966 732 2041 tabernaculum,
756 1968 857 2039 idest,
875 1986 941 2028 eum
996 1966 1138 2027 Sanctum
1162 1976 1340 2040 sanctorum,
1365 1970 1437 2048 quia
1460 1967 1633 2029 continebat
1648 1987 1693 2042 ee,

371 2055 549 2118 obsmaculi
571 2064 703 2136 purtem,
727 2074 806 2135 quae
829 2055 942 2115 Sancta
996 2073 1075 2133 quoe
1104 2056 1295 2114 sanctissima
1323 2064 1353 2114 et
1378 2056 1577 2116 secretissima
1603 2054 1694 2115 hehe·

371 2162 415 2203 tm
427 2142 598 2204 vocabatur.
622 2142 703 2202 Dicit
716 2151 817 2202 etitem
830 2161 942 2203 secun-
996 2142 1112 2211 bentur,
1136 2161 1237 2201 orcam
1251 2143 1421 2213 testimonii,
1445 2142 1694 2221 propitiatorium,

371 2230 476 2307 olum3
499 2248 567 2289 nam
593 2228 689 2290 Exod.
715 2231 765 2289 26.
789 2227 849 2288 duo
873 2229 942 2289 vele
998 2226 1176 2303 Cherubim
1200 2238 1264 2288 tum
1281 2229 1353 2308 quia
1369 2228 1450 2288 solus
1465 2227 1605 2309 pontifex
1620 2228 1694 2290 illuc

371 2318 496 2379 bantur:
535 2316 662 2376 alterum
689 2317 828 2388 interius,
859 2316 942 2395 quod
996 2314 1137 2375 introibat
1161 2315 1253 2376 semel
1268 2316 1299 2376 in
1315 2333 1401 2387 anno,
1424 2316 1502 2375 sieut
1526 2316 1604 2375 inira
1620 2315 1694 2375 dioi-

371 2424 384 2465 s
413 2403 565 2464 divideret
585 2423 604 2463 o
626 2404 736 2464 Sancto
764 2410 943 2476 sauctorum,
997 2410 1054 2461 tur.
1078 2400 1167 2461 Unde
1192 2411 1221 2462 et
1244 2400 1282 2460 ad
1306 2401 1520 2462 declarandam
1545 2402 1601 2462 loci
1626 2422 1692 2461 san·

371 2490 443 2552 olum
460 2491 509 2551 hie
524 2500 652 2551 vocatur
666 2489 847 2565 seeundum3
871 2490 943 2550 alte·
997 2489 1139 2562 etitutem,
1160 2488 1244 2548 Dens
1267 2487 1417 2548 interdum
1441 2508 1531 2550 exeo
1551 2506 1694 2568 responsa

371 2579 485 2651 terius,
512 2576 593 2657 quod
617 2577 760 2638 Sanctum
788 2585 944 2654 separaret
998 2574 1099 2635 dabat.

371 2665 593 2743 stamperto,
609 2663 941 2744 quodproindeingre·
1040 2664 1070 2722 4.
1099 2665 1242 2722 Aureum
1266 2662 1384 2724 hobam
1410 2662 1617 2724 thuribulum.
1644 2662 1693 2723 De

371 2772 400 2813 rs
415 2759 483 2812 eret
497 2753 633 2831 primum.
998 2747 1151 2808 thuribulo
1167 2768 1268 2821 aureo,
1281 2748 1443 2828 quoderat
1459 2750 1489 2809 in
1502 2751 1611 2811 Sancto
1628 2769 1695 2810 seu·

371 2848 452 2900 utem
469 2848 587 2917 praeter
601 2838 676 2897 haec
690 2836 749 2897 duo
765 2835 879 2897 fuerint
894 2834 945 2896 ad·
998 2844 1121 2907 ctorem,
1143 2835 1218 2895 nihil
1240 2835 1385 2895 habemus
1402 2835 1611 2919 inscripturus
1635 2834 1693 2897 Le·

371 2925 582 2987 tubernaculi
598 2926 677 2998 velo,
694 2922 944 3003 quemadmodum
997 2931 1109 3003 guntur
1123 2923 1245 3003 quidem
1262 2922 1361 2984 Exod.
1379 2923 1430 2983 25.
1447 2933 1478 2984 et
1493 2929 1552 2995 tt..
1565 2924 1693 3003 jubente

371 3016 430 3074 tici
455 3013 529 3073 locis
545 3014 624 3072 iuter
639 3031 673 3072 se
688 3011 808 3072 collatis
823 3010 944 3092 probari
997 3010 1080 3082 Deo,
1107 3008 1190 3070 facta
1212 3010 1489 3091 thuribulorum,
1515 3012 1604 3071 simul
1628 3031 1694 3071 eum

371 3108 451 3162 tutat
474 3099 626 3171 Galenus,
653 3097 796 3160 studiosis
823 3098 943 3158 investi·
997 3095 1162 3160 acetabulis
1185 3106 1215 3156 et
1237 3096 1345 3175 phialis
1368 3116 1404 3156 ao
1427 3098 1561 3177 cyathis,
1589 3096 1694 3158 itidem

371 3209 378 3247 ι
400 3186 551 3268 relinquo.
575 3184 666 3245 Certe
686 3186 716 3246 in
732 3184 844 3265 templo
860 3184 945 3245 Sulo·
997 3186 1112 3258 eureis3
1142 3181 1196 3243 sed
1212 3182 1314 3243 horum
1331 3184 1548 3244 thuribulorum
1571 3184 1694 3265 aliquod

371 3273 449 3334 »lura
466 3272 584 3333 duobus
600 3270 702 3344 tuisse,
727 3274 821 3332 variis
843 3272 945 3331 usibus
997 3273 1028 3330 in
1051 3270 1163 3330 Sancto
1190 3277 1358 3329 sanctorum
1383 3270 1476 3331 luisse
1504 3271 1694 3342 collocatum,

382 3363 460 3422 setis
482 3359 626 3420 credibile
642 3369 696 3419 est.
721 3356 827 3419 Obiter
843 3358 944 3417 admo·
997 3377 1148 3435 nusquam
1159 3357 1278 3435 legitur.
1300 3357 1381 3436 Ergo
1394 3358 1532 3436 quaestio
1546 3368 1600 3428 est,
1615 3356 1694 3418 undo

371 3467 390 3510 n
408 3467 478 3509 esse
493 3446 570 3506 velie
586 3445 825 3506 annumerandas
840 3445 945 3504 decem
999 3444 1112 3504 Paulus
1129 3443 1248 3515 habeat,
1267 3443 1348 3523 quod
1364 3444 1412 3504 hio
1426 3442 1508 3504 dicit.
1540 3443 1625 3514 Stant,
1641 3444 1695 3523 qui

371 3555 387 3608 t,
403 3543 433 3594 et
448 3533 588 3595 undecim
604 3553 677 3612 saga
691 3532 818 3606 cilicina,
836 3531 945 3611 quibus
998 3532 1195 3610 suspicentur,
1218 3529 1248 3589 id
1264 3551 1332 3590 enm
1348 3530 1460 3591 habere
1479 3550 1518 3591 ex
1531 3529 1696 3592 traditione

369 3629 439 3684 atur
454 3619 688 3691 tabernaculum,
712 3628 745 3678 ut
760 3640 815 3679 neo
830 3618 947 3698 relique
999 3638 1059 3678 non
1080 3619 1201 3698 scripta.
1223 3616 1285 3676 Alii
1309 3617 1427 3689 dicunt,
1454 3637 1619 3678 sermonem
1645 3617 1695 3677 hic

371 3706 456 3769 odem
469 3706 653 3767 tabernaculi
669 3708 851 3786 operimenta
865 3705 946 3764 iacta
998 3723 1066 3765 osse
1088 3704 1127 3764 de
1148 3703 1314 3776 thuribulo,
1341 3705 1371 3764 in
1395 3723 1455 3783 quo
1478 3704 1626 3784 pontifex,
1650 3704 1693 3764 in·

371 3796 451 3856 ibus.
475 3793 611 3873 Quorum
634 3795 764 3853 omnium
785 3791 945 3871 descriptio
999 3809 1122 3872 pessus
1137 3792 1166 3849 in
1182 3791 1327 3851 Sanctum
1350 3799 1529 3860 sanctorum,
1555 3790 1696 3851 adolebat

371 3879 404 3942 td
425 3882 529 3941 Mosen
553 3879 651 3939 Exod.
675 3882 725 3940 26.
742 3887 771 3940 et
788 3881 837 3942 36.
868 3879 945 3938 Nam
999 3878 1176 3958 thymiama,
1192 3877 1329 3957 cujusex
1345 3877 1548 3938 fumonebula
1564 3878 1696 3938 excitata

371 3974 443 4029 antu
459 3968 579 4048 proprie
594 3986 653 4027 uon
670 3966 809 4026 dicuntur
825 3965 902 4025 vela
1000 3964 1167 4044 cooperiret
1196 3965 1362 4039 oraculum,
1405 3966 1483 4024 siout
1511 3966 1697 4046 praecipitur

371 4074 400 4128 o,
427 4074 510 4134 quae
531 4054 695 4134 Apostolus
718 4061 805 4113 vocat
827 4055 947 4112 Sancto
999 4053 1074 4111 Les.
1105 4050 1171 4124 16.;
1213 4051 1301 4110 simul
1331 4061 1364 4111 ut
1393 4051 1493 4111 suffitu
1524 4051 1696 4112 suavissimi

371 4147 624 4215 detunctorum,
642 4142 672 4199 in
688 4139 828 4200 Hebraeo
844 4139 945 4198 dicun·
1000 4137 1099 4197 odoris
1129 4136 1212 4196 loeus
1241 4138 1461 4198 saeratusimus
1490 4137 1695 4199 honoraretur.

371 4247 438 4289 uero
457 4227 618 4307 siugrrlori:
641 4229 846 4289 &actitaret
862 4227 946 4287 Sutt-
999 4222 1179 4304 Apostolum
1198 4232 1296 4283 autem
1320 4223 1436 4296 dicere,
1460 4224 1543 4304 quod
1564 4226 1696 4286 thuribu-

371 4318 589 4390 tunctt'totum5
619 4313 672 4373 sed
704 4315 777 4393 quia
800 4314 947 4372 sanctitas
999 4311 1061 4370 lum
1077 4310 1134 4370 hoe
1156 4308 1252 4369 fuerit
1274 4312 1305 4371 in
1325 4311 1438 4371 Sancto
1454 4322 1637 4384 sanctorum,
1660 4332 1696 4372 eo

371 4411 466 4464 uncta
480 4422 561 4462 more
572 4399 781 4461 Hebraeorum
794 4398 945 4478 accipitur,
1001 4396 1083 4475 quod
1098 4397 1234 4475 pontitex
1251 4397 1323 4458 illuc
1346 4418 1414 4458 cum
1430 4399 1584 4460 thuribulo
1600 4402 1696 4478 ingre·

371 4498 532 4568 nterpretes
555 4490 706 4550 Sanctum
722 4486 772 4546 vel
787 4487 946 4547 Sanctus·
1001 4483 1148 4544 diehatur.
1174 4485 1217 4543 At
1242 4484 1317 4545 haee
1343 4488 1500 4563 responsio
1523 4485 1696 4565 scrupulum

371 4597 413 4638 tro
432 4579 617 4648 wnctituto,
646 4581 675 4633 et
697 4576 849 4634 Sanctum
870 4591 946 4632 sun·
1001 4593 1060 4632 non
1084 4570 1170 4629 tollit.
1194 4570 1263 4630 Non
1288 4573 1365 4630 enim
1386 4573 1555 4651 Apostolus
1578 4571 1614 4633 dc
1636 4572 1696 4632 siu·

378 4665 618 4744 prosoneotote
629 4664 835 4721 subditotum
851 4668 945 4718 trans·
1000 4658 1096 4737 gulari
1111 4656 1241 4736 quodam
1253 4657 1407 4718 thuribulo
1422 4658 1606 4738 loqueretur,
1622 4666 1695 4718 tam·

371 4761 392 4812 t.
421 4748 683 4828 Quemadmodum
696 4749 787 4807 etiem
798 4745 946 4805 iullxodo
1001 4764 1091 4822 quam
1119 4743 1157 4804 de
1182 4764 1215 4804 re
1238 4743 1438 4816 memorabili,
1465 4745 1525 4804 nisi
1543 4744 1643 4805 Moses
1666 4746 1698 4805 iu

380 4836 466 4918 apud
480 4836 591 4909 Lxx,
613 4836 683 4894 licet
705 4833 776 4893 alibi
799 4830 945 4893 interdum
1001 4831 1205 4910 descriptione
1216 4830 1404 4892 tabernaculi
1415 4830 1608 4910 singulariter
1617 4830 1697 4892 illins

371 4921 814 5006 posueruntutPsulm.133.:
830 4919 945 4981 Extol·
1001 4919 1199 4990 meminisset,
1233 4919 1310 4977 sicut
1340 4916 1477 4978 meminit
1502 4926 1697 4993 caeterorum,

371 5029 436 5076 nus
453 5018 576 5073 vamur
590 5013 626 5072 ln
641 5012 771 5083 samm
786 5016 818 5068 et
832 5006 944 5068 Pselm.
1001 5024 1080 5088 quae
1095 5003 1144 5065 hio
1157 5002 1335 5066 referuntur.

383 5128 455 5170 son
471 5130 547 5170 ou
560 5128 616 5167 ιιι
629 5126 666 5167 m
1243 5183 1245 5188 Ι
1451 5108 1489 5168 13

1158 5242 1181 5292 ἡ
