4442 5825
803 594 968 650 erutonis
985 596 1025 649 ΑΙ)
1043 593 1208 650 attuatos
1241 594 1326 649 VERS.
1343 597 1387 650 tt.
1403 596 1446 650 2⁴.
1716 603 1790 673 Μ

371 772 547 834 mariun
576 791 595 832 a
627 773 758 851 peccatis
786 771 916 832 filiorum
944 772 1042 833 Israbl
1095 773 1212 833 ratione
1235 772 1326 848 duas,
1350 791 1383 833 re
1405 772 1530 833 unicam.
1562 771 1713 834 Credibile
1736 781 1791 847 est,

371 857 534 939 xpiandum.
564 858 677 918 Verum
700 857 756 919 illa
778 858 967 920 tabernaculi
990 880 1040 920 ex·
1096 859 1176 919 idem
1192 861 1370 938 mysterium
1382 860 1454 939 ipsis
1467 860 1550 920 innui
1562 880 1617 938 per
1632 859 1684 920 illa
1699 861 1792 921 verba

371 947 440 1007 tatio
455 965 514 1005 non
528 952 589 1004 um
611 944 803 1021 significabat
817 944 1040 1006 mundationem
1095 964 1159 1024 cap.
1179 950 1245 1009 13.:
1261 944 1423 1007 Habemus
1438 946 1553 1024 altore,
1569 946 1685 1024 dequo
1702 948 1791 1008 edera

371 1032 423 1093 usli
452 1032 585 1110 peccatis
615 1030 766 1092 hominum
797 1032 920 1112 polluti,
952 1051 1041 1112 quam
1095 1041 1151 1093 etc.

371 1118 573 1179 enudationem
603 1117 760 1178 Ecclesiae
789 1120 919 1199 peccatis
948 1118 1041 1179 homi·
1139 1121 1446 1181 ethonestatis
1469 1120 1662 1197 manufacta
1678 1128 1791 1181 sanctu

371 1224 426 1277 uu,
447 1224 486 1264 ex
509 1204 621 1284 quibus
646 1213 771 1277 constat,
798 1205 1040 1266 commaculatae.
1094 1210 1190 1269 Jsaus
1211 1209 1377 1279 introivit,
1401 1207 1598 1281 exemplario
1621 1224 1791 1285 verorum3

371 1290 408 1351 lis
428 1290 516 1363 adde,
538 1289 621 1370 quod
635 1291 799 1371 Apostolus
823 1312 875 1370 per
898 1293 1042 1353 coelestio
1094 1292 1148 1353 aad
1162 1295 1198 1352 in
1220 1297 1322 1369 ipsum
1344 1294 1473 1353 coslum.
1498 1297 1603 1367 Jeme,
1627 1295 1658 1353 iu
1673 1291 1793 1355 Graeco

371 1396 409 1439 αι
427 1386 490 1438 tam
510 1376 641 1456 intelligi
663 1376 727 1438 vult
749 1378 845 1438 locum
864 1379 961 1456 ipsum
977 1397 1041 1438 coe·
1095 1388 1125 1439 et
1136 1378 1277 1458 Syriaco:
1295 1380 1445 1441 Christus.
1465 1379 1609 1440 Declarat
1619 1378 1793 1457 Apostolus,

371 1473 460 1536 nam,
481 1482 573 1544 quam
593 1463 762 1525 Ecclesiam
782 1464 968 1538 Sanctorum,
990 1466 1041 1545 qui
1095 1467 1179 1545 quod
1205 1464 1338 1526 dixerat:
1366 1468 1518 1527 coelestio.
1551 1467 1629 1527 Nam
1655 1465 1792 1544 pontifex

371 1560 421 1611 ut
440 1551 472 1612 in
494 1548 601 1611 coelia.
623 1550 695 1611 dam
721 1552 797 1611 enirn
821 1551 961 1624 diximus,
988 1571 1041 1630 pro
1096 1551 1218 1632 quidem
1242 1555 1426 1625 huronicus,
1453 1554 1565 1632 inquit,
1593 1552 1735 1612 introibat
1761 1555 1792 1613 in

371 1636 496 1699 subulo
514 1637 692 1699 mustum
709 1636 826 1699 Graece
842 1636 961 1698 haberi:
988 1656 1042 1698 so·
1095 1640 1298 1698 sanctuarium
1314 1639 1526 1714 manufactum,
1543 1639 1574 1700 id
1590 1650 1644 1711 est,
1660 1639 1792 1701 humana

371 1742 431 1799 ιι,
451 1742 534 1802 quus
555 1726 592 1784 irs
612 1725 702 1784 coelis
721 1732 804 1785 sunt.
831 1725 928 1784 Nemo
944 1732 1042 1784 autem
1095 1734 1160 1786 arte
1175 1724 1369 1802 fabricatum
1393 1725 1529 1786 Christus
1552 1736 1651 1786 autem
1673 1744 1742 1787 nos
1756 1729 1793 1788 irs

371 1808 472 1883 huit,
499 1810 684 1883 Ecclesiam,
711 1831 792 1890 quae
817 1812 848 1872 in
871 1810 963 1871 coelis
990 1819 1042 1884 est,
1095 1813 1287 1889 manufacto
1301 1820 1413 1873 sancta
1428 1815 1586 1888 introivit,
1611 1831 1691 1891 quae
1705 1833 1791 1873 vero·

371 1894 445 1977 tabi
471 1898 605 1978 peccatis
639 1896 791 1959 hominurn
828 1898 982 1977 agentium
1011 1897 1042 1957 iu
1095 1918 1159 1958 rum
1175 1910 1344 1958 sanctorum
1368 1908 1454 1960 erant
1474 1908 1590 1959 tantum
1607 1899 1792 1979 exemplaria

371 1984 444 2047 uk
1095 2005 1148 2045 scu
1164 1984 1294 2064 figurae;
1310 1986 1364 2046 scd
1379 1990 1414 2046 in
1429 1990 1531 2062 ipsum
1549 1987 1680 2062 coelum,
1696 2005 1715 2046 a
1730 2005 1791 2065 quo

394 2068 496 2153 Quare
509 2069 598 2131 nobis
612 2068 733 2131 videtur
748 2072 898 2151 expositio
913 2069 944 2130 S.
960 2069 1041 2130 'Pho-
1096 2073 1240 2134 coelcstio
1266 2074 1470 2147 nominantur,
1498 2073 1529 2133 id
1556 2083 1601 2134 est
1623 2077 1658 2133 iss
1680 2081 1792 2134 sancta

371 2154 613 2237 temptanda,
636 2175 702 2216 cum
726 2177 762 2217 eo
786 2165 886 2218 tamen
908 2155 1041 2217 modora-
1096 2175 1185 2233 vcra,
1202 2167 1231 2218 st
1247 2160 1490 2219 tabernaculum
1506 2178 1625 2220 utrum.
1648 2159 1700 2220 Sic
1714 2161 1792 2221 enim

371 2244 436 2317 ὴι,
455 2256 490 2305 ut
511 2241 677 2324 Apostolus
699 2242 886 2324 intelligatur
907 2243 990 2322 loqui
1006 2244 1044 2303 de
1097 2266 1135 2307 ea
1150 2245 1316 2325 appellavit
1337 2246 1391 2306 sub
1415 2247 1532 2307 initium
1553 2249 1660 2325 capitis
1683 2248 1791 2306 octavi.

371 2332 447 2411 ’μ’τι
459 2329 646 2391 tabernaculi
661 2339 691 2391 et
704 2349 846 2391 vasorum
860 2330 927 2407 ejus
943 2349 1042 2390 emon·
1097 2333 1166 2412 Quo
1182 2334 1270 2392 etiam
1287 2332 1353 2391 loco
1369 2334 1584 2405 admonuimus,
1608 2351 1718 2393 verum
1733 2351 1793 2393 non

371 2414 482 2490 briona,
493 2415 664 2494 eujusmodi
674 2419 811 2496 superius
826 2417 978 2478 declarata
989 2427 1043 2478 cst.
1098 2420 1210 2498 opponi
1232 2417 1318 2491 falso,
1342 2417 1396 2479 sed
1418 2421 1522 2497 typico
1544 2438 1598 2479 eeu
1619 2419 1791 2498 figurativo.

371 2502 414 2567 Η
423 2513 505 2567 serta
518 2504 624 2564 mehor
645 2505 756 2584 aliquis
775 2523 882 2565 seusus
897 2523 1042 2584 quassen·
1097 2504 1282 2578 Notandum,
1305 2506 1503 2581 exemplaria
1518 2503 1635 2567 Graece
1653 2505 1710 2566 hoc
1725 2505 1791 2567 loco

371 2586 415 2655 b
435 2588 567 2671 Quodsi
587 2609 642 2670 per
663 2592 809 2652 corintio
832 2600 924 2652 totam
941 2589 1043 2651 Baelo·
1096 2613 1157 2654 non
1172 2591 1230 2653 dici
1254 2584 1472 2669 ὑποδείγματα,
1496 2591 1746 2672 quemadmodum
1762 2594 1794 2653 iu

371 2676 424 2739 h
442 2676 562 2757 placeat
585 2677 720 2757 intelligi,
742 2697 822 2758 quae
843 2677 882 2738 ab
897 2677 1045 2757 Apostolo
1098 2698 1189 2744 versu
1211 2677 1411 2759 praecedenti,
1435 2678 1487 2738 sed
1512 2669 1679 2754 ἀντίτυπας
1702 2699 1793 2760 quam

371 2760 421 2827 Μ
435 2769 466 2827 4.
481 2770 623 2826 vocatur:
650 2767 845 2838 Jerusalem,
867 2783 950 2841 quac
972 2782 1045 2824 sur·
1098 2776 1199 2826 umen
1215 2784 1327 2838 vocem,
1344 2765 1469 2843 perinde
1480 2776 1512 2825 ut
1523 2767 1714 2844 superiorem,
1731 2786 1791 2826 om·

371 2862 421 2916 Ιι
434 2858 489 2928 cst,
504 2858 610 2911 muter
624 2860 735 2914 nostra
741 2872 754 2929 ,·
777 2859 810 2913 et
824 2855 918 2931 Apoc.
934 2852 984 2910 21.
1001 2848 1044 2910 di·
1098 2871 1155 2914 nes
1166 2854 1347 2933 interpretes
1361 2860 1494 2913 vertunt:
1509 2853 1715 2929 exemplario.
1730 2854 1793 2915 Res

371 2937 695 3002 heumanmus
710 2940 807 3014 coeto,
824 2942 896 3018 qnia
907 2940 1045 2998 nimirum
1100 2941 1212 3021 quippe
1228 2940 1333 3000 eadem
1357 2950 1488 3018 utraque
1502 2960 1577 3001 voce
1600 2940 1793 3020 significatur,

371 3023 547 3088 nuntiem
569 3035 601 3086 et
626 3028 729 3087 studio
758 3046 877 3107 semper
899 3026 931 3085 in
953 3025 1046 3085 coelis
1099 3028 1218 3087 tametsi
1232 3024 1397 3086 secundum
1419 3025 1510 3087 aliam
1534 3036 1625 3106 atque
1642 3027 1733 3087 aliam
1747 3047 1793 3088 ra·

371 3121 499 3186 mter,
525 3113 617 3172 etiam
644 3134 705 3194 qua
728 3121 814 3192 parte
839 3113 1047 3191 peregrinatur
1098 3114 1217 3174 tionem.
1241 3113 1335 3172 Erant
1357 3114 1435 3173 euim
1458 3112 1575 3193 figurae
1598 3116 1710 3174 veteris
1732 3115 1792 3175 Te·

371 3196 496 3276 ἰὴιτὶις
512 3200 721 3280 percommode
731 3198 817 3260 reddi
834 3200 943 3277 poterit
957 3197 1047 3277 hujus
1099 3200 1239 3260 stramenti
1254 3191 1473 3276 ὑποδείγματα,
1498 3210 1650 3280 quotenne
1666 3199 1792 3262 obscure

371 3281 414 3346 bat
433 3288 492 3348 iste
512 3304 633 3347 seusus:
661 3288 739 3362 Ipso
765 3286 919 3359 coelestia,
947 3283 1049 3345 idest
1099 3285 1307 3366 significabant
1327 3304 1375 3345 res
1396 3285 1550 3365 figuratus.
1581 3287 1673 3346 Erant
1695 3295 1795 3347 auum

371 3377 417 3432 hta
435 3372 583 3445 nataris,
606 3381 665 3433 tam
690 3373 930 3451 triumphantem,
956 3389 1047 3450 quam
1100 3366 1260 3447 ἀντίτυπα,
1284 3381 1430 3452 quatenus
1452 3372 1490 3431 ad
1506 3370 1726 3433 similitudinem
1742 3393 1793 3434 ve·

371 3457 532 3521 uilitatem
555 3459 774 3540 complectens,
795 3459 991 3532 mundatur,
1015 3458 1047 3518 id
1099 3479 1208 3530 rorum,
1224 3477 1304 3539 quae
1320 3458 1397 3518 hlosi
1412 3468 1532 3534 ostensa
1547 3458 1675 3531 lucrant,
1698 3458 1795 3519 idest

371 3553 413 3620 m
429 3547 608 3622 nunditiam
626 3567 662 3607 ac
676 3547 869 3607 sanctitatem
884 3565 969 3606 suam
986 3564 1046 3604 om·
1100 3546 1283 3618 coelestium,
1310 3544 1478 3618 efformata,
1501 3553 1534 3604 ut
1556 3564 1593 3605 ea
1616 3543 1727 3606 deinde
1747 3565 1794 3606 re·

371 3649 424 3692 ιι
441 3634 584 3696 continuo
604 3634 716 3711 accipit
735 3632 775 3692 ab
790 3634 892 3693 hostia
906 3632 1046 3704 meliore,
1100 3639 1295 3713 praesentare
1311 3640 1443 3711 possent.
1471 3632 1589 3692 Dicitur
1612 3633 1692 3692 enim
1709 3623 1795 3691 ἄντί·

371 3729 496 3798 qmst
513 3717 650 3782 Christus
669 3721 698 3781 in
719 3739 807 3780 eruce
826 3720 953 3780 oblatus.
977 3717 1047 3777 Nou
1099 3736 1193 3779 τυπον
1223 3718 1390 3779 similitudo
1416 3717 1534 3778 reddita
1559 3737 1598 3778 ex
1624 3727 1796 3800 prototypo,

371 3803 434 3866 nin
447 3807 490 3866 ita
503 3804 643 3868 Christus
654 3806 821 3868 Ecclesiam
833 3825 886 3865 suo
902 3805 1048 3883 sanguiue
1100 3808 1166 3868 sive
1189 3806 1285 3878 clare,
1312 3806 1377 3866 eive
1403 3805 1529 3865 obscure
1555 3806 1652 3885 ipsum
1677 3824 1795 3885 reprae-

371 3891 485 3966 ulau
497 3890 863 3971 utmuudarealiquando
879 3891 1005 3964 desinat,
1021 3892 1047 3949 si
1101 3900 1208 3954 aentot.

372 3977 500 4041 ntus
525 3988 572 4041 est
595 3978 772 4041 munditiam
801 3989 830 4039 et
855 3980 1047 4040 sanctitatem
1150 3980 1189 4040 Ut
1215 3986 1373 4055 appareat
1396 3996 1484 4039 auno
1509 3977 1615 4037 vultui
1645 3979 1707 4038 Dei
1733 3994 1796 4054 pro

373 4059 517 4146 ἱμῑίτίς
533 4067 588 4128 aed
602 4085 722 4144 semper
732 4064 763 4125 id
774 4063 849 4126 lacit
863 4085 900 4126 ac
913 4064 1048 4125 facturus
1100 4066 1199 4128 nobis.
1229 4063 1299 4124 Non
1322 4064 1408 4125 dicit:
1433 4072 1470 4124 ut
1493 4063 1643 4125 emundet
1664 4065 1796 4139 coelum,

373 4157 415 4210 Ι.
432 4151 468 4216 Ιιι
481 4172 529 4228 eo,
551 4151 634 4236 qnod
647 4153 720 4213 dicit
734 4153 913 4231 Apostolus:
936 4151 1048 4212 matio·
1100 4154 1179 4212 sicut
1194 4149 1332 4229 pontilex
1347 4151 1504 4211 Leviticae
1519 4149 1663 4211 introibat
1676 4151 1708 4210 in
1723 4151 1796 4212 Sau-

375 4235 573 4316 Mhottiia
594 4259 665 4300 cum
687 4238 725 4300 de
746 4258 808 4300 una
823 4239 936 4300 Christi
951 4238 1048 4298 hostia
1101 4250 1183 4299 ctum
1206 4246 1393 4311 sauctorum,
1418 4247 1453 4299 ut
1475 4235 1548 4297 illud
1571 4238 1711 4316 expiaret
1735 4236 1798 4299 sed

375 4317 500 4406 hyatu,
522 4326 665 4406 enallage
686 4328 802 4386 numeri
817 4336 873 4397 est,
894 4325 934 4386 ad
959 4343 1047 4402 quam
1100 4326 1158 4386 hoc
1178 4326 1297 4386 interim
1320 4324 1427 4398 differt,
1452 4334 1486 4385 ut
1508 4324 1692 4384 commodius
1708 4326 1747 4385 de
1762 4343 1797 4384 eo

375 4405 502 4476 ΗΜ
513 4432 655 4476 uumerus
667 4410 794 4493 pluralis
809 4410 1004 4491 praecedens.
1102 4422 1174 4491 agat
1188 4413 1219 4471 in
1233 4411 1440 4490 sequentibus.
1456 4412 1516 4471 Hic
1526 4431 1598 4471 vero
1611 4410 1694 4471 alind
1705 4410 1797 4490 quod·

1101 4498 1171 4559 ᾶιω
1194 4517 1301 4557 munus
1324 4499 1472 4576 pontilicis
1488 4496 1609 4558 Christo
1632 4499 1663 4558 in
1679 4497 1797 4556 coelum

527 4549 763 4616 mmmm
778 4553 809 4612 B
810 4595 817 4608 “
835 4551 865 4610 P
864 4594 871 4609 ⁸
1101 4593 1221 4664 recepto
1244 4586 1391 4665 assignat,
1418 4586 1499 4666 quod
1526 4592 1623 4644 tamen
1647 4580 1799 4643 etiamad

402 4671 465 4738 lbi
476 4672 556 4736 ursa
571 4672 745 4754 Apostolus,
773 4673 915 4752 quoniam
930 4668 969 4729 ad
984 4670 1046 4730 He·
1101 4670 1341 4732 emundationem
1358 4674 1505 4749 pertinet3
1525 4670 1674 4746 simulque
1689 4667 1800 4728 alludit

371 4751 459 4823 has
472 4760 661 4826 Christianos
680 4761 740 4819 ista
754 4758 864 4830 scribit,
887 4757 933 4817 hia
947 4756 1048 4816 verbis
1102 4758 1141 4818 ad
1164 4760 1255 4818 ritum
1277 4760 1387 4819 veteris
1402 4758 1488 4837 legis,
1511 4758 1563 4815 uhi
1587 4754 1732 4834 pontifex,
1755 4756 1798 4814 in·

450 4849 517 4912 ibn
538 4866 611 4909 usus
633 4855 678 4907 est
696 4844 735 4907 ad
758 4846 850 4906 tacito
869 4845 944 4923 ipsis
957 4844 1047 4920 sigui·
1101 4864 1221 4923 gressus
1244 4844 1275 4903 in
1297 4846 1410 4906 Sancta
1432 4850 1611 4917 sanctorum,
1634 4842 1735 4902 stabat
1749 4862 1797 4902 co·

451 4956 511 5009 um,
532 4934 665 4995 hostiam
687 4940 840 4994 cruentam
855 4930 949 4990 semel
966 4929 1044 4989 obla·
1101 4950 1164 4990 ram
1185 4931 1402 5010 propitiatorio,
1423 4939 1458 4989 ut
1479 4939 1577 4988 oraret
1600 4948 1653 5007 pro
1675 4928 1798 5009 pupulo.

371 5033 468 5096 mat
477 5024 664 5084 incruentam
673 5018 870 5099 quotidianae
881 5016 1048 5089 oblationis,
1100 5016 1150 5079 Ita
1172 5015 1325 5080 Christum
1350 5015 1423 5077 dicit
1444 5016 1595 5076 introiisse
1619 5018 1651 5076 in
1673 5016 1800 5091 coelum,

403 5121 469 5162 ΙιΙι
479 5120 552 5163 xsau
563 5121 640 5161 can.
653 5119 709 5160 tan.
722 5117 759 5159 iil.
1552 5122 1592 5182 15
