4442 5825
435 594 507 663 ggg
920 586 1333 643 murmurmurmur.

433 763 546 843 inquit;
575 763 831 837 permanebimus
856 766 891 825 in
915 772 1062 840 peccato,
1093 770 1130 824 ut
1181 764 1262 826 ablui
1293 768 1406 846 possit,
1443 765 1500 826 uisi
1529 765 1684 844 sanguine
1714 760 1872 823 mediatoris

433 852 540 926 pratia
555 849 719 910 abundet?
742 851 838 911 Absit.
863 854 924 930 Qui
940 854 1024 911 enim
1041 871 1128 910 mvr·
1181 851 1302 926 christi,
1325 855 1393 932 ipso
1409 851 1541 913 dicente:
1565 853 1602 914 Si
1624 869 1698 914 nan
1718 851 1826 911 launo
1839 857 1872 922 te,

433 941 482 997 tui
496 954 603 996 sumus
615 945 755 1013 peccato,
781 938 938 1014 quomodo
960 939 1063 999 adhuc
1080 944 1128 998 ci·
1181 959 1249 1001 non
1264 940 1389 1001 nabebis
1409 947 1535 1016 partem
1553 957 1694 1014 mecum,
1718 936 1809 1000 Jean.
1826 937 1874 1007 13,

434 1042 542 1085 nemus
557 1026 592 1084 in
609 1023 688 1082 illo?
1182 1027 1255 1086 nihil
1281 1046 1357 1106 opus
1383 1036 1445 1099 est,
1475 1027 1552 1087 hanc
1580 1027 1765 1087 sententian
1791 1019 1875 1103 (quod

477 1109 538 1170 Sed
555 1129 691 1188 quaeres,
715 1129 767 1170 cur
783 1131 842 1170 non
858 1112 897 1169 sit
913 1111 969 1170 sibi
985 1112 1043 1192 ipsi
1059 1132 1126 1172 con·
1182 1113 1302 1192 qnidam
1321 1109 1448 1188 iaciunt)
1470 1112 1509 1173 ad
1525 1111 1669 1173 mortalia
1692 1119 1818 1192 peccata
1837 1129 1873 1170 re

434 1199 541 1257 trariue
556 1196 578 1256 J
582 1215 703 1269 oannes,
725 1198 778 1277 qui
799 1197 889 1277 paulo
913 1211 981 1258 ants
996 1199 1127 1277 negavit,
1181 1201 1337 1279 stringere,
1352 1202 1526 1280 praesertim
1541 1219 1637 1279 quum
1654 1209 1686 1259 ct
1698 1200 1729 1260 in
1746 1219 1792 1270 eo,
1806 1196 1875 1277 quod

433 1303 488 1344 nos
503 1284 605 1345 vivere
628 1302 715 1361 posse
730 1285 795 1345 sine
814 1287 959 1364 peccatis,
981 1304 1060 1345 nnnc
1077 1305 1126 1344 au·
1184 1288 1336 1366 sequitur:
1366 1289 1409 1348 Et
1435 1290 1501 1363 ipse
1531 1295 1576 1347 est
1599 1288 1800 1364 propitiatio
1821 1304 1875 1360 pra

432 1380 493 1431 tem
510 1369 577 1430 ideo
593 1389 626 1429 se
648 1370 736 1430 nobis
760 1371 890 1430 scribere
910 1370 989 1444 dicit,
1013 1382 1128 1431 utnon
1179 1377 1315 1450 peccatis
1338 1377 1455 1436 nostris
1470 1382 1536 1450 etc,
1560 1382 1691 1454 peccata
1705 1371 1876 1452 generaliter

433 1475 598 1538 peccemus.
613 1455 1026 1538 Morethancquaestionem
1035 1457 1127 1530 Beda,
1181 1461 1395 1538 intelligantur.
1480 1506 1484 1515 .

433 1554 461 1604 et
478 1542 646 1623 respondet,
669 1544 847 1625 Apostolum
870 1545 933 1604 illic
956 1543 1081 1626 provide
1096 1550 1129 1602 et
1224 1549 1442 1620 Advocatum,
1489 1545 1626 1607 Graece:
1666 1535 1873 1621 παράκλητον,

433 1630 592 1691 salubriter
615 1650 669 1689 nos
692 1631 882 1692 admonuisse
904 1641 1032 1693 nostrae
1053 1632 1127 1708 sra-
1182 1654 1260 1713 quae
1275 1654 1335 1694 vox
1350 1635 1435 1714 plura
1450 1633 1612 1712 significat:
1631 1633 1874 1705 exhortatorem,

432 1718 582 1794 pititatis,
609 1735 649 1776 ne
676 1721 746 1794 quis
772 1719 832 1778 sibi
859 1723 950 1796 quasi
975 1722 1128 1779 innocens
1181 1722 1425 1796 consolatorem,
1456 1720 1661 1781 aduocatum.
1700 1718 1875 1779 Attribuitur

432 1807 568 1883 placeat,
585 1812 655 1863 etse
667 1806 704 1864 de
721 1808 840 1866 meritis
856 1806 1035 1868 extollendo
1049 1822 1127 1880 pra·
1182 1817 1281 1868 autem
1304 1809 1433 1887 Spiritui
1455 1814 1558 1866 sancto
1582 1805 1680 1867 Joan.
1706 1807 1760 1865 14.
1785 1806 1832 1865 15.
1852 1816 1876 1864 et

433 1897 504 1953 vius
529 1899 659 1968 pereat,·
690 1893 739 1953 isio
769 1901 874 1953 autem
903 1898 1128 1970 consequenter
1183 1897 1248 1969 16„
1280 1902 1427 1975 quatenus
1464 1893 1686 1954 consolatorem
1727 1893 1875 1971 signifieat

433 1980 567 2052 hortasi,
591 1986 638 2052 ut,
661 1981 687 2036 si
709 1983 797 2040 omni
819 1979 915 2056 culpa
938 1999 1046 2041 carere
1069 1998 1127 2040 ne·
1178 1982 1464 2060 juxtacammuuem
1477 1981 1673 2041 severiorem
1686 1978 1874 2041 intellectum

435 2069 570 2142 quimus,
594 2065 702 2124 densus
725 2075 834 2127 tamen
856 2086 997 2142 operam,
1021 2086 1128 2143 quan·
1182 2068 1252 2148 Qua
1275 2068 1494 2148 significatione
1517 2066 1607 2126 etiam
1623 2065 1709 2125 Filio
1734 2068 1875 2137 convenit,

433 2160 500 2213 tum
517 2155 669 2226 ualemus,
693 2173 733 2214 ne
756 2172 813 2215 rios
834 2156 897 2230 ipsi
918 2155 1127 2231 fragilitatem
1181 2157 1239 2215 imo
1261 2156 1316 2214 toti
1340 2155 1491 2214 Trinitati.
1524 2153 1602 2212 Nam
1625 2151 1730 2213 Filius
1758 2152 1875 2232 quidem,

433 2248 564 2302 nostrae
580 2239 772 2300 conditionis
794 2243 988 2316 neplipenter
1004 2240 1128 2317 spendo
1182 2241 1284 2302 diceus
1309 2241 1397 2302 Joan.
1424 2245 1489 2301 14.:
1521 2240 1653 2315 Ragaba
1677 2240 1811 2300 Patrem
1818 2247 1875 2316 ,et

434 2346 626 2403 augeamus,
643 2327 695 2386 sed
707 2335 820 2389 cantra
836 2331 944 2388 omnia
959 2332 1036 2387 uitia
1049 2337 1128 2388 stre·
1182 2331 1282 2389 alium
1307 2329 1507 2388 Paracletum
1532 2327 1623 2386 dabit
1648 2325 1752 2402 ooth,
1778 2346 1875 2406 nempe

432 2434 497 2478 nuc
522 2415 753 2491 vigilanterque
775 2415 969 2490 dimicemus,
990 2418 1129 2476 manime
1182 2425 1379 2494 post,meum
1407 2415 1587 2486 discessum,
1618 2415 1694 2473 sata
1728 2414 1876 2494 significat

434 2509 546 2564 eontra
561 2505 686 2575 majora
702 2510 730 2561 et
746 2505 920 2578 apertiora,
943 2522 1035 2578 quac,
1060 2503 1129 2562 Do·
1182 2505 1270 2562 etiam
1287 2522 1321 2562 se
1336 2522 1402 2560 esse
1426 2500 1617 2580 paracletum,
1647 2499 1874 2580 quomodoSpi·

435 2592 524 2650 mino
535 2592 681 2662 iuuante,
697 2591 827 2666 facilius
842 2608 993 2664 superare
1010 2592 1059 2648 oet
1075 2607 1128 2647 ca·
1182 2591 1270 2650 ritum
1288 2596 1432 2658 sanctum,
1456 2586 1486 2646 id
1502 2597 1547 2646 est
1570 2587 1806 2648 consolatorem.
1827 2586 1875 2645 Pa·

434 2695 510 2737 vere
524 2694 697 2752 possumus.
719 2675 805 2735 Haec
821 2675 914 2749 Beda,
935 2676 1011 2736 bene
1031 2675 1129 2734 locum
1182 2684 1257 2736 trem
1271 2684 1370 2735 autem
1384 2673 1488 2733 eodem
1501 2692 1591 2733 sensu
1604 2672 1798 2751 paracletum
1810 2692 1874 2742 essa

434 2763 512 2823 hunc
534 2764 734 2841 interpretans
757 2761 794 2821 de
815 2765 945 2842 peccatis
964 2764 994 2821 in
1009 2781 1129 2841 genere,
1182 2762 1298 2822 Paulus
1314 2761 1446 2822 declarat
1465 2764 1483 2821 2
1500 2758 1566 2820 Cor.
1585 2763 1623 2832 1.,
1648 2762 1759 2822 Deum
1783 2758 1873 2841 appel·

435 2869 515 2931 quae
543 2850 574 2908 in
604 2850 776 2909 universum
810 2848 946 2909 cavenda
984 2849 1132 2929 praecipit
1183 2848 1247 2909 lans
1263 2851 1359 2910 totius
1374 2847 1608 2910 consolationis.

434 2936 613 3018 Apostolus,
648 2946 793 3015 quantum
826 2936 955 2996 bumana
980 2936 1131 3014 fragilitas
1225 2936 1337 2997 Verum
1363 2936 1417 2996 lroc
1442 2936 1526 3007 loco,
1552 2935 1692 3015 quamvis
1719 2933 1874 3015 Gregorius

435 3025 598 3105 permittit3
613 3026 709 3101 magis
725 3032 825 3083 tamen
841 3043 884 3094 ea,
901 3043 978 3103 quae
990 3024 1131 3101 graviora
1183 3024 1392 3084 Nazianzenus
1408 3031 1482 3081 orat.
1499 3025 1528 3081 4.
1545 3020 1583 3081 de
1597 3020 1785 3100 Theologia,
1800 3020 1871 3082 ctri-

435 3118 520 3185 runt,
542 3112 671 3170 maxime
694 3129 774 3182 voro,
799 3130 876 3190 quae
898 3119 1023 3169 mortem
1045 3108 1129 3168 adie-
1183 3118 1260 3168 stum
1287 3113 1496 3188 interpretetur
1522 3106 1717 3185 paracletum
1745 3108 1819 3177 dici,
1849 3103 1874 3164 id

434 3205 512 3258 runt.
545 3196 633 3257 Unde
661 3206 690 3256 et
711 3196 847 3256 Ecclesia
875 3197 1009 3275 quotidie
1030 3196 1129 3255 Deum
1184 3205 1237 3268 est,
1260 3196 1478 3255 exhortatorem
1501 3213 1537 3252 ac
1552 3194 1746 3265 monitorem,
1767 3194 1875 3254 omnino

435 3283 708 3365 generalitororat,
733 3282 852 3343 dicens:
880 3284 1037 3358 Dipnarc,
1061 3283 1131 3343 Do·
1183 3288 1282 3341 tamen
1298 3280 1423 3339 aliorum
1447 3282 1576 3338 omnium
1602 3278 1743 3340 tenenda
1760 3294 1872 3340 misen

434 3362 530 3446 mine,
555 3371 605 3431 die
627 3373 686 3430 isto
706 3373 773 3431 sine
790 3377 923 3446 peccato
945 3388 1005 3431 nos
1027 3376 1130 3430 custo·
1183 3370 1290 3439 tentio,
1315 3368 1502 3428 aduocatum
1525 3366 1700 3444 significari.
1737 3367 1813 3427 liam
1832 3364 1874 3424 sd·

434 3459 512 3517 dire.
543 3459 584 3517 Et
599 3460 723 3519 iterum:
749 3459 820 3517 Tua
842 3476 899 3517 nos
924 3458 1016 3517 nodie
1039 3457 1130 3515 salua
1184 3457 1284 3515 vocati
1299 3473 1351 3514 seu
1368 3454 1484 3534 patroni
1507 3450 1580 3527 (non
1603 3454 1686 3512 enim
1711 3452 1764 3513 hic
1785 3472 1872 3513 ease

434 3549 562 3617 virtute,
584 3554 621 3604 ut
635 3548 671 3604 in
686 3545 745 3604 trac
760 3543 812 3603 die
828 3544 871 3603 ad
891 3544 1016 3604 nullum
1032 3543 1130 3603 decti-
1185 3540 1295 3602 cabula
1322 3535 1547 3619 distinguimus)
1574 3538 1708 3599 officium
1739 3539 1873 3619 expressit

434 3650 546 3693 nemus
557 3638 731 3706 peccatum.
1182 3627 1219 3688 B.
1241 3628 1380 3689 Joannes
1404 3624 1597 3707 sequentihus
1621 3625 1744 3699 uerbis,
1767 3626 1872 3686 dimas:

477 3718 539 3780 Sed
554 3724 584 3777 et
597 3722 624 3778 si
639 3720 708 3794 quis
724 3719 914 3792 peccauerit,
938 3716 1129 3778 advocatum
1184 3716 1294 3790 Ipsum
1311 3732 1372 3773 esse
1384 3715 1651 3790 propitiationem
1670 3712 1873 3790 propeccatis

433 3804 583 3865 habemus
594 3806 681 3881 apud
692 3805 962 3879 rossemanum
972 3803 1130 3864 Christum
1182 3803 1308 3862 nostris.
1330 3800 1436 3879 Igitur,
1453 3800 1648 3859 advocatum
1664 3800 1827 3874 tabanus,
1840 3796 1873 3856 sit

430 3896 563 3968 jsntum.
578 3892 650 3965 Sed,
668 3890 804 3952 additum
816 3890 853 3950 ab
866 3892 1034 3969 interprete.
1050 3888 1129 3949 Nam
1184 3888 1326 3960 Joannes,
1348 3890 1461 3949 Jesum
1488 3887 1652 3947 Oliristuns
1672 3890 1813 3961 justum,
1832 3881 1872 3963 qu‘

435 3977 555 4041 Graeca
570 3989 600 4038 et
614 3978 743 4057 Syriaca
757 3998 817 4037 non
832 3976 954 4037 habent.
978 3973 1128 4056 Quemad·
1184 3974 1267 4053 apud
1279 3974 1406 4045 Patrem,
1419 3974 1549 4051 judicem
1565 3982 1719 4046 nostrum,
1734 3993 1790 4053 pro
1802 3971 1872 4033 nobi

435 4064 555 4125 modum
583 4068 683 4145 capite
708 4063 919 4144 praecedeuti,
946 4064 1062 4123 dicens:
1095 4063 1131 4124 Si
1185 4060 1365 4133 intercedat,
1403 4061 1583 4137 veniamque
1620 4059 1717 4118 nobis
1750 4062 1871 4139 impetret

435 4152 644 4229 confiteamur
665 4159 797 4229 peccata
819 4157 929 4212 nostra
945 4157 1012 4227 etc,
1035 4166 1128 4208 reme·
1183 4155 1384 4227 peccatorum.
1401 4145 1522 4205 Patrem
1534 4144 1632 4204 solum
1644 4146 1797 4220 nominat,
1807 4137 1872 4225 spui

434 4237 517 4299 dium
541 4241 717 4299 monstravit
741 4236 921 4298 obtinendae
943 4235 1130 4317 purgationis
1184 4254 1273 4314 quem
1288 4232 1461 4294 intercessio
1475 4231 1535 4305 tiat,
1549 4232 1627 4311 quia
1639 4229 1872 4295 desultorum

433 4334 633 4407 peccatorum,
655 4345 761 4404 nempe
782 4323 996 4385 consessionem
1014 4342 1130 4383 aarum:
1184 4330 1236 4396 est,
1259 4321 1306 4381 cui
1331 4320 1459 4379 maxime
1480 4317 1626 4396 congruit,
1655 4318 1745 4400 apud
1766 4320 1872 4382 Pica

436 4414 480 4472 ita
495 4432 574 4472 nunc
590 4411 771 4472 advocatum
794 4430 846 4471 seu
862 4417 1019 4488 patronum
1035 4417 1131 4470 osten·
1184 4404 1370 4469 intercedere
1384 4424 1439 4485 pro
1455 4403 1656 4485 supplicibus.
1679 4405 1810 4489 Alioqui
1824 4412 1873 4467 tstt

437 4497 489 4568 dit,
514 4498 600 4575 cujus
616 4499 825 4558 intercessione
848 4504 880 4555 et
899 4497 1003 4556 merito
1028 4494 1131 4556 eadem
1184 4494 1319 4555 Trinitas
1341 4492 1446 4553 Judex
1467 4500 1569 4553 nuder
1594 4500 1662 4568 est,
1688 4493 1778 4575 apud
1801 4508 1871 4582 gun

435 4585 575 4662 purgatio
599 4585 684 4645 nobis
700 4583 861 4659 contingat.
885 4580 919 4641 Si
943 4584 1001 4655 cui,
1024 4582 1131 4661 inquit,
1183 4588 1283 4661 partes
1299 4577 1439 4638 advocati
1454 4578 1550 4640 Filius
1569 4578 1638 4659 agit
1652 4578 1871 4644 secundumh-

435 4666 472 4726 de
486 4669 550 4729 rita
573 4669 704 4730 humana
725 4670 856 4747 surrepit
878 4666 1003 4747 aliquod
1025 4689 1129 4749 pecca·
1183 4686 1301 4728 manum
1317 4674 1464 4726 naturam.

434 4762 508 4826 tum,
530 4756 595 4814 sire
617 4756 743 4828 veniale,
767 4773 826 4833 quo
850 4755 931 4813 omni
955 4774 1056 4816 carere
1070 4776 1131 4816 non
1225 4752 1298 4816 Jam
1321 4771 1410 4824 vero,
1436 4769 1502 4811 cum
1524 4749 1565 4811 ad
1587 4750 1723 4814 officium
1749 4748 1871 4816 sind

436 4856 605 4919 possumus,
628 4845 694 4902 sive
708 4840 845 4912 mortale,
868 4840 948 4920 quod
970 4842 1063 4904 vitari
1077 4862 1130 4923 po·
1182 4842 1243 4902 tria
1258 4840 1435 4920 pertineant,
1449 4837 1590 4918 primum,
1606 4857 1647 4901 ess
1661 4838 1747 4923 apud
1757 4838 1870 4922 judie·

434 4933 502 4997 test,
517 4926 708 4988 aduocatum
720 4927 868 4988 nubemus
882 4934 936 4988 eto.
960 4925 1035 4988 Cum
1051 4929 1130 4989 enim
1182 4927 1322 5007 allegare,
1337 4923 1448 5007 quibus
1461 4925 1534 4985 citra
1544 4926 1592 4987 rei
1607 4928 1870 4991 murenarum·

436 5009 550 5072 nullutn
574 5024 740 5093 peccatum,
762 5017 956 5094 quantumvis
978 5018 1131 5096 exiguum,
1177 5014 1316 5094 justitiae
1338 5012 1483 5090 satisfiat,
1506 5011 1653 5092 alterum,
1675 5016 1812 5101 proicere
1829 5011 1868 5071 b·
