4442 5825
435 583 507 663 733
813 600 816 606 ¹
1062 582 1297 639 commestus

431 761 537 823 fideles
560 762 775 841 intelliguntur,
799 764 849 844 qni
872 763 910 824 ud
933 780 997 822 esm
1022 760 1130 820 attins·
1183 761 1267 820 initio
1297 761 1510 840 unnsquisque
1535 758 1734 821 Christisnus
1759 761 1797 820 sb
1820 760 1879 823 eliis

431 848 521 924 hant3
546 849 598 909 filii
621 849 687 928 ejus
703 849 753 909 vel
770 850 799 909 in
820 851 931 929 primis,
955 847 1130 928 dequibus
1183 846 1322 907 omnihus
1347 845 1504 906 dicebatur
1528 848 1663 925 frater,
1692 867 1880 930 unaqueque

432 954 510 996 vers.
537 941 563 996 1.
587 943 618 994 et
640 937 669 994 4.
704 933 792 995 Unde
816 936 846 995 in
869 935 1065 1014 sequentibus
1090 932 1128 993 ed
1183 931 1356 994 Christiana
1371 952 1469 994 cosor.
1501 933 1613 1013 Neque
1639 955 1776 994 amorem
1796 937 1878 995 inimi·

432 1041 598 1083 sermonem
626 1020 771 1102 pluralem
798 1021 912 1082 reditur
937 1042 1014 1083 vers.
1043 1023 1072 1081 6.
1099 1024 1128 1081 8.
1183 1041 1282 1080 corum
1299 1019 1552 1080 snorumullielii
1568 1020 1713 1081 homines
1728 1024 1878 1083 tottsntis

433 1117 463 1169 et
481 1110 529 1169 10.
1183 1127 1242 1186 que
1256 1106 1403 1185 exemplis
1415 1105 1618 1181 declsrsrunt,
1637 1118 1719 1187 quot
1730 1117 1762 1167 ct
1772 1111 1879 1184 quentis

477 1197 550 1255 Non
580 1203 746 1271 tamquam
779 1195 971 1255 mandatum
1009 1212 1129 1254 novum
1183 1192 1356 1266 Christiani,
1380 1194 1469 1252 etism
1493 1192 1630 1254 ethnicis
1655 1195 1879 1257 testsntrhmet

432 1282 570 1343 scribent
588 1282 652 1341 tihi.
677 1282 744 1340 Hoc
769 1282 902 1360 apponit,
927 1285 968 1342 nit
984 1279 1128 1341 Decumo·
1183 1280 1375 1354 miruntibns3
1391 1288 1423 1340 ut
1435 1289 1478 1338 est
1494 1278 1601 1339 videre
1617 1284 1737 1359 passim
1756 1283 1786 1343 in
1800 1283 1877 1343 histo

436 1370 513 1440 nius,
537 1381 569 1427 ut
591 1367 737 1437 ostendat,
760 1368 798 1439 id,
822 1367 860 1427 ed
883 1367 963 1448 qnod
988 1367 1130 1438 hortetur,
1184 1367 1237 1426 riis
1254 1379 1422 1426 sanctorum
1439 1374 1619 1445 martyrum.

435 1472 534 1534 neque
548 1456 745 1535 peregrinum,
766 1473 866 1533 neque
889 1454 1040 1514 insolitum
1057 1455 1132 1533 ipsis
1233 1454 1273 1513 Ut
1298 1454 1469 1530 diliyamus
1494 1453 1708 1514 alterutrum.
1744 1455 1880 1534 Quamvis

434 1559 511 1613 esse,
528 1560 625 1621 neque
641 1540 769 1601 difficile.
794 1541 841 1602 Ab
858 1543 941 1602 initio
958 1542 1044 1614 eninr,
1069 1559 1130 1619 quo
1183 1539 1279 1600 verbs
1308 1541 1399 1620 hujus
1429 1542 1601 1599 sententias
1633 1540 1713 1600 nihil
1752 1562 1879 1620 expuens

433 1624 508 1687 lecti
531 1627 651 1687 fuerunt
670 1625 846 1697 Christiani,
869 1628 927 1688 Dei
950 1628 1029 1689 dono
1053 1625 1128 1686 ‹tidi-
1184 1635 1299 1700 tonent,
1322 1630 1382 1688 nisi
1404 1624 1608 1686 hortstionem
1634 1626 1678 1687 ud
1694 1648 1878 1707 perseveras

434 1724 537 1774 cerem
553 1723 584 1776 et
599 1722 794 1773 assueverant
815 1734 915 1774 smsre
927 1713 1130 1775 Christianam
1184 1711 1254 1772 dum
1271 1716 1301 1775 in
1317 1716 1448 1785 caritate,
1469 1712 1635 1773 involvunt
1658 1724 1765 1776 temen
1787 1716 1878 1777 adher

433 1799 663 1870 fraternitatem,
678 1801 736 1859 imo
753 1820 857 1860 omnes
872 1801 1016 1872 homines,
1040 1802 1129 1860 etiam
1183 1801 1325 1860 tationem
1341 1799 1380 1860 sd
1397 1799 1636 1878 permanendum
1650 1801 1685 1860 in
1696 1821 1773 1862 vers
1783 1803 1879 1865 chusi

434 1887 578 1947 inimicos.
615 1886 718 1964 Qnste
742 1895 933 1966 praeceptum
961 1886 1130 1946 dilectionis
1183 1885 1251 1956 fide,
1275 1890 1339 1948 sine
1361 1907 1421 1966 qus
1443 1907 1503 1946 non
1526 1894 1573 1947 est
1592 1888 1728 1965 ceritum
1753 1889 1878 1950 adhorte-

435 1976 639 2054 proximormn
663 1972 710 2031 hie
738 1992 797 2032 non
821 1983 885 2032 eret
910 1993 1030 2033 novum.
1065 1973 1130 2032 lrno
1183 1975 1304 2044 tionem,
1328 1973 1403 2045 dieo,
1425 1980 1498 2033 tunc
1517 1975 1741 2046 necessarium,
1764 1975 1879 2037 haered·

435 2076 524 2121 senen
552 2059 683 2141 quodem
710 2071 791 2119 recte
816 2059 925 2119 dicitnr
954 2060 1046 2140 pleno
1071 2081 1131 2119 non
1184 2060 1241 2120 bus
1257 2059 1389 2139 undique
1404 2060 1607 2137 surgentibus.
1634 2059 1746 2139 Quare
1763 2062 1879 2124 Veners·

435 2162 501 2208 esse
521 2166 646 2222 novum3
671 2156 704 2206 nt
727 2145 837 2206 dictum
860 2146 915 2206 tuit
937 2148 975 2207 ed
1004 2154 1016 2206 l
1037 2148 1131 2226 Epist.
1184 2147 1255 2206 bilis
1278 2147 1364 2207 Beds
1385 2146 1442 2206 hoc
1467 2145 1535 2205 loco
1558 2144 1614 2206 det
1639 2146 1725 2208 hnnc
1747 2169 1877 2210 commen

435 2253 502 2313 esp.
519 2235 548 2295 2.
565 2248 641 2293 vers.
660 2234 696 2305 7,
720 2233 770 2294 ubi
787 2232 892 2292 eedem
911 2233 1018 2293 iisdem
1036 2251 1132 2312 paene
1184 2238 1311 2293 terium:
1335 2233 1619 2312 Arguithocvorbo
1633 2233 1819 2306 haereticos,
1832 2237 1881 2312 qni,

436 2320 537 2381 verbis
554 2320 702 2380 sententie
718 2328 772 2380 est.
798 2319 926 2380 Videtur
941 2323 1019 2380 enim
1037 2322 1132 2399 prims
1185 2319 1297 2379 relictis
1313 2319 1368 2390 his,
1392 2338 1469 2398 quse
1491 2319 1529 2380 sb
1544 2320 1709 2400 Apostolis
1727 2322 1880 2392 andierunt,

434 2404 534 2467 fronte
561 2425 630 2466 esse
656 2408 853 2478 contrarium,
878 2406 959 2486 quod
985 2409 1132 2466 Dominus
1185 2427 1266 2465 nove
1280 2405 1577 2483 dogmstsindncere
1593 2407 1772 2481 tentabant,
1789 2430 1824 2470 ac
1837 2427 1881 2485 per

436 2495 480 2553 ult
505 2494 595 2554 Josn.
622 2499 687 2555 13.:
722 2493 916 2554 Mandatum
944 2512 1063 2555 necuim
1091 2492 1132 2550 do
1185 2496 1242 2553 hoc
1257 2497 1400 2553 caritatis
1413 2492 1583 2569 fraternas
1596 2494 1745 2571 foedera
1760 2497 1879 2573 discipo-

435 2579 532 2654 voln's,
556 2587 592 2639 ut
608 2580 749 2654 dilipotis
771 2584 917 2654 invicem,
941 2585 1020 2641 sicut
1036 2580 1134 2639 dilexi
1186 2581 1271 2640 dant.
1293 2580 1377 2640 Dicit
1400 2599 1479 2657 ergo,
1503 2599 1537 2639 se
1560 2600 1768 2660 nequequam
1785 2603 1878 2644 nomn

436 2684 497 2726 vos.
529 2667 607 2736 Imo,
631 2666 712 2746 quod
735 2667 900 2748 Apostolus
925 2664 989 2747 ipse
1012 2666 1134 2744 subjicit
1186 2666 1357 2726 mundatum
1373 2665 1514 2738 scribere,
1538 2666 1592 2726 sed
1617 2667 1680 2728 hoc
1703 2667 1805 2729 solum
1826 2669 1877 2729 hor

436 2772 501 2833 cap.
519 2753 570 2813 illo
584 2758 610 2814 2.
625 2774 654 2813 v.
667 2754 711 2812 8.:
727 2755 847 2814 Iterum
865 2754 1054 2816 mandatum
1071 2772 1133 2813 no·
1186 2755 1252 2826 tari,
1266 2761 1300 2813 nt
1314 2755 1440 2832 entique
1449 2751 1525 2813 fides
1536 2754 1569 2814 in
1580 2754 1731 2815 omnibus
1745 2764 1777 2816 et
1787 2759 1878 2817 csritss

435 2857 512 2900 vum
534 2836 633 2899 scribo
656 2841 752 2916 vobis,
777 2842 865 2922 quusi
883 2841 978 2901 diest:
1002 2841 1132 2920 Negavi,
1186 2839 1304 2900 illibate
1319 2846 1502 2920 perseveret.
1519 2840 1685 2902 SioBeds.
1703 2842 1879 2924 Quemquam

436 2925 611 2987 mundatum
626 2948 820 2999 essenorum,
838 2929 918 3007 qnod
932 2928 1020 2988 vobis
1033 2927 1132 2987 scribo
1186 2929 1236 2988 hic
1250 2928 1478 2988 commentarius
1490 2948 1550 2988 non
1565 2928 1641 2990 huic
1657 2928 1812 2992 duntmt
1825 2950 1876 2991 rm

436 3012 475 3074 de
512 3014 629 3074 sincere
670 3017 799 3075 caritate
837 3014 997 3094 diligendis
1035 3015 1132 3095 proxi·
1185 3016 1232 3076 sui
1248 3016 1387 3094 quadret,
1402 3012 1457 3074 sed
1471 3014 1561 3075 simul
1576 3020 1741 3096 sequenti.

435 3103 507 3178 mis;
535 3101 692 3162 ediverso
708 3111 808 3162 tamen
832 3111 912 3162 recte
938 3102 1046 3162 dicitur
1069 3121 1134 3161 esse

435 3207 557 3248 novum.
1230 3192 1258 3250 6.
1281 3189 1325 3249 ut
1339 3190 1415 3249 hoec
1429 3195 1475 3249 cst
1489 3190 1619 3263 coritas,
1636 3197 1677 3251 ret
1692 3193 1879 3254 amente-er

482 3272 552 3353 Quo
583 3282 671 3354 pacto
703 3284 804 3335 entem
840 3275 916 3334 haec
945 3273 1135 3334 conciliendo
1186 3276 1359 3337 secundum
1377 3275 1639 3349 mandatotum.
1663 3278 1800 3341 Videtur
1813 3278 1878 3359 spe

436 3362 503 3433 sint,
525 3360 665 3422 Salvator
687 3363 820 3421 insinuet
840 3361 940 3421 verbis
963 3360 1030 3432 illis,
1055 3380 1135 3439 quse
1187 3362 1283 3423 stolus
1299 3363 1391 3422 sorite
1404 3361 1532 3441 quodem
1545 3381 1633 3423 susm
1648 3363 1878 3427 athomum

436 3446 639 3527 superioribus
667 3449 731 3508 suis
754 3448 844 3508 Joun.
869 3452 918 3510 13.
942 3449 1067 3520 attexit,
1090 3449 1133 3507 in·
1186 3448 1391 3520 eodedrreere,
1407 3449 1710 3513 utsdconstsntism
1723 3453 1878 3514 fideiinitis
1919 3481 1920 3524 1

437 3536 561 3612 quiens:
585 3537 627 3595 In
642 3537 698 3595 hoc
713 3543 899 3611 coqnoeccnt
915 3554 1031 3608 omncs,
1048 3536 1134 3611 quod
1186 3534 1409 3597 Christianismi
1437 3544 1580 3615 receptas
1605 3537 1724 3601 fideles
1749 3543 1821 3602 idos
1838 3558 1876 3600 ss

435 3620 584 3697 discipuli
607 3625 669 3681 mci
692 3625 772 3698 estis,
799 3625 826 3683 si
851 3623 1051 3683 dilectionem
1073 3624 1133 3682 ho·
1185 3625 1270 3700 citet3
1295 3623 1383 3701 qussi
1396 3622 1491 3684 dicstz
1513 3623 1546 3685 Si
1562 3624 1644 3685 salvi
1659 3646 1735 3690 esse
1746 3630 1878 3708 cupiunt,

436 3706 566 3768 deseritis
587 3709 631 3768 ad
654 3712 799 3769 invicem.
833 3708 982 3769 Nimirum
1007 3711 1130 3769 msuds·
1185 3717 1231 3770 sst
1253 3710 1393 3770 omnibus
1415 3711 1501 3771 nobis
1524 3715 1704 3775 necessaris
1729 3716 1879 3777 esritssiu

434 3802 495 3852 tum
513 3794 551 3855 dc
566 3794 728 3855 dilectione
742 3798 952 3875 proximorum,
970 3798 1060 3857 etism
1076 3796 1130 3856 ini·
1183 3797 1281 3856 Deum
1308 3805 1338 3857 et
1364 3800 1530 3875 proximem
1553 3801 1718 3862 ceritstem
1742 3805 1775 3864 in
1796 3802 1878 3864 Dm

432 3880 595 3955 micorum,
620 3890 666 3942 est
688 3885 877 3944 institutione
902 3901 956 3943 sus
983 3884 1129 3963 antiquis·
1184 3904 1243 3944 non
1259 3883 1359 3955 hebet,
1381 3885 1433 3962 qui
1450 3904 1508 3946 non
1525 3884 1727 3966 obtemperet
1742 3888 1878 3951 mrsdsr's

433 3969 549 4040 simum,
573 3977 668 4028 ortum
685 3990 751 4029 cnm
767 3972 833 4049 ipss
848 3976 957 4030 nature
975 3970 1130 4031 hominum
1183 3971 1267 4049 ejns3
1283 3972 1364 4031 inter
1375 3980 1495 4032 caetere
1511 3980 1613 4033 sutem
1629 3976 1736 4053 ipsius
1751 3974 1878 4037 mndcts

432 4059 464 4113 et
479 4054 662 4133 angelornm,
685 4064 788 4136 utpote
810 4058 963 4135 pertinens
977 4055 1017 4117 sd
1033 4056 1129 4135 legem
1182 4064 1229 4118 est
1242 4056 1307 4130 hoe,
1324 4065 1358 4118 ut
1368 4077 1597 4137 permaneamus
1610 4062 1644 4119 in
1655 4061 1722 4124 illis
1736 4062 1875 4141 tideidot

431 4140 617 4216 naturalem
640 4144 802 4221 repetitum
824 4142 972 4202 duntaxat
994 4143 1063 4223 lege
1078 4163 1129 4222 po·
1182 4143 1310 4203 ruatibus
1333 4154 1363 4204 et
1386 4164 1500 4205 morum
1521 4148 1708 4225 praeceptis,
1735 4170 1818 4231 quse
1835 4166 1877 4229 μ

431 4225 520 4285 sitive
544 4227 647 4287 divine
670 4237 785 4309 septem
809 4230 1026 4310 posterioribus
1042 4249 1127 4310 pree·
1182 4239 1304 4291 sanctos
1333 4230 1497 4310 Apostolos
1537 4231 1663 4295 Domini
1707 4239 1876 4316 accepim

430 4313 698 4392 ceptlsDecnlogi,
723 4326 752 4374 et
777 4315 956 4395 quibusdem
978 4336 1012 4376 eo
1035 4317 1126 4394 perti·
1181 4336 1274 4396 quum
1295 4317 1368 4378 lecti
1391 4321 1496 4378 snmus
1518 4316 1704 4399 Christisni3
1738 4343 1812 4404 ergo
1832 4318 1876 4399 (dt

429 4399 590 4474 uentibue3
624 4409 657 4458 nt
685 4400 789 4462 videre
820 4411 865 4461 est
897 4403 995 4463 Exodi
1020 4404 1070 4463 23.
1097 4406 1128 4463 in
1177 4404 1331 4483 jungimus
1358 4404 1495 4464 ultimum
1520 4402 1633 4485 primo)
1660 4407 1688 4467 si
1717 4411 1801 4473 salvi
1823 4423 1877 4470 st·

430 4486 534 4560 princ,
551 4485 639 4545 Prov.
653 4486 702 4560 25,
715 4489 765 4548 21.
780 4499 810 4547 et
827 4489 854 4549 in
871 4488 1052 4569 Evangelio.
1068 4489 1127 4549 Est
1180 4490 1280 4561 vultis,
1303 4489 1390 4552 fidem
1416 4489 1453 4551 sb
1468 4492 1553 4552 initio
1570 4512 1626 4570 per
1642 4492 1815 4573 Apostolos
1828 4496 1876 4558 Dr

429 4587 501 4629 vero
517 4568 597 4630 idem
612 4572 670 4631 hoc
689 4574 863 4635 mundatum
887 4596 998 4637 novum
1016 4585 1126 4636 etcum
1178 4578 1251 4637 mini
1263 4575 1349 4637 vobis
1364 4575 1506 4642 traditan
1517 4580 1652 4640 retinere
1663 4579 1801 4645 debeis.
1815 4582 1876 4643 011

428 4652 661 4718 Christianismo
685 4668 797 4733 ortum,
822 4659 921 4740 quood
944 4661 1126 4741 generalem,
1177 4664 1279 4724 verbis
1295 4665 1427 4724 recitstis
1443 4684 1497 4744 per
1512 4665 1793 4741 omnisconsentit,
1809 4662 1876 4751 qul

426 4742 579 4820 publicum
603 4753 633 4804 et
659 4746 845 4807 menifestum
872 4748 917 4806 sni
942 4748 1124 4809 obseruatio·
1177 4749 1235 4812 luit
1252 4755 1267 4809 1
1283 4750 1373 4811 doun.
1387 4750 1416 4821 d,
1431 4752 1470 4823 3.,
1485 4761 1518 4812 et
1530 4753 1614 4830 quod
1628 4756 1728 4817 toties
1741 4760 1775 4819 in
1786 4758 1874 4820 Em·

426 4847 503 4887 nem.
527 4829 604 4889 Num
632 4851 793 4913 numquam
818 4837 863 4894 sic
890 4834 986 4896 eluxit
1007 4837 1038 4897 in
1062 4836 1126 4895 ullo
1177 4837 1255 4917 gslio
1277 4837 1365 4898 nohis
1380 4838 1531 4900 Dominus
1544 4839 1738 4905 luculente:
1760 4846 1797 4908 δι’
1816 4842 1875 4923 σύ

425 4910 579 4977 hominum
602 4933 716 4997 genere
730 4932 781 4979 unt
797 4930 884 4981 coetu
899 4919 1035 4983 tretecus
1050 4925 1124 4984 ceri·
1176 4925 1284 5000 dittqtt
1304 4943 1371 5000 mc,
1397 4943 1574 4988 temonem
1600 4930 1875 4994 mcumcmudfl

424 5003 490 5076 tus,
512 5011 547 5063 ut
569 5003 599 5062 ln
621 5004 758 5066 Ecclesia
778 5004 892 5069 Christi
911 5008 1048 5091 Domini3
1071 5010 1125 5073 ubi
1177 5012 1322 5096 Quintium
1336 5011 1443 5092 datos
1454 5031 1516 5095 mc,
1534 5032 1700 5082 mom
1715 5037 1805 5084 meet
1816 5031 1874 5084 Μ

391 5155 501 5197 —u
