4442 5825
397 554 473 651 'm
915 576 1281 634 coummmnsucsr.
1303 578 1334 632 x.

397 761 442 814 est
468 750 506 811 sb
532 748 599 813 Jes.
625 770 689 832 cap.
719 752 786 814 te:
821 752 981 814 Dominus
1007 754 1093 814 Deus
1147 755 1334 835 interpretes,
1357 763 1387 816 et
1401 752 1540 826 Paulum,
1563 773 1618 816 eos
1634 760 1756 815 ιιιιιιιιι

398 838 753 917 aperuitmibiaurem.
776 838 887 901 Sedet
909 841 966 901 hoc
989 858 1093 900 rursus
1146 839 1304 922 plicuisse;
1339 849 1489 903 caeterum
1515 840 1703 923 Prophetam
1728 859 1756 902 ar

398 924 547 1005 duplicem
572 923 663 984 babet
677 923 869 987 intellectum.
893 927 1002 1007 Aperit
1016 926 1093 987 enim
1147 929 1317 990 meminisse
1341 930 1456 1009 potius,
1483 947 1572 1010 qnam
1599 926 1756 989 alteriuse

397 1014 484 1075 Deus
506 1031 593 1072 aures
613 1011 714 1087 alicui,
736 1013 785 1073 vel
807 1033 873 1074 cum
895 1014 1021 1076 interius
1040 1031 1094 1095 per
1146 1016 1227 1095 piam
1243 1015 1376 1089 membri,
1399 1016 1471 1096 qnia
1493 1014 1531 1076 de
1546 1014 1756 1088 obedientiae

398 1098 541 1182 Spiritum
554 1117 640 1159 suum
653 1100 681 1159 ei
692 1098 815 1174 revelat,
828 1101 980 1181 quenliis
993 1098 1094 1161 relata
1146 1109 1203 1161 tur.
1238 1100 1366 1163 Subtilis
1396 1101 1522 1183 quidem
1551 1102 1630 1164 haee
1656 1100 1756 1163 consil

397 1194 469 1247 sunt
489 1193 519 1246 et
541 1186 711 1266 incognita,
735 1187 826 1268 quale
848 1196 897 1249 est
918 1188 1093 1268 mysterium
1146 1186 1200 1249 sed
1216 1207 1332 1264 vereor,
1354 1208 1393 1249 na
1407 1209 1511 1270 parum
1527 1187 1634 1250 solida.
1657 1187 1756 1250 Nam·

397 1272 456 1334 boc
482 1272 520 1333 de
545 1272 756 1334 sacrificiorum
777 1274 886 1335 veteris
908 1272 988 1356 legis
1011 1273 1092 1352 abja·
1146 1295 1199 1356 pro
1215 1283 1278 1336 toto
1301 1295 1426 1356 corpore
1442 1293 1496 1356 per
1511 1273 1756 1357 synecdochen·

398 1363 514 1436 ctione;
529 1359 579 1421 vel
591 1378 658 1419 cum
674 1358 749 1421 iacit
763 1361 910 1422 bominem
922 1361 1094 1442 praeceptis
1146 1363 1257 1437 nescio,
1280 1383 1318 1422 an
1332 1363 1426 1423 ullius
1449 1360 1600 1424 idiomatis
1624 1360 1707 1423 ierat
1725 1381 1756 1423 oo

398 1449 459 1512 suis
482 1447 703 1507 auscultantem
725 1456 756 1508 et
771 1447 971 1509 obedientem.
995 1446 1095 1528 Quem
1147 1448 1228 1509 tudo.
1250 1449 1326 1511 Plus
1341 1450 1450 1510 coieris
1473 1449 1504 1509 in
1520 1468 1565 1524 eo,
1589 1446 1673 1530 quod
1689 1446 1756 1509 iden

398 1554 519 1598 sensum
535 1532 706 1595 Chaldaeus
722 1535 879 1616 expressit,
901 1538 943 1597 ita
957 1543 1092 1596 vertens:
1146 1534 1314 1597 nebrerdus
1338 1536 1370 1597 in
1392 1537 1484 1597 verbo
1506 1536 1619 1614 fodere
1639 1533 1756 1616 metspl

399 1626 502 1684 Aures
517 1628 623 1682 erstem
636 1621 680 1682 ad
694 1622 907 1684 emcultaado
919 1627 1093 1699 praecepta
1145 1622 1225 1697 iacit,
1245 1623 1366 1684 dncmm
1381 1644 1400 1684 a
1413 1621 1523 1703 figulis,
1545 1631 1578 1684 nt
1593 1620 1675 1683 idem
1692 1624 1742 1697 sit,

399 1717 456 1772 tuo
468 1708 619 1788 formasti
640 1710 727 1769 milri.
750 1708 874 1770 Utrovis
889 1717 990 1770 entem
1004 1705 1092 1769 modo
1147 1719 1263 1788 aptare
1290 1718 1321 1771 et
1344 1709 1514 1788 perficere5
1545 1708 1632 1771 iavet
1653 1710 1736 1770 enim

398 1796 990 1877 suriumapertionemaccipiamus,eam
998 1796 1093 1856 multo
1147 1795 1232 1857 dsica
1254 1797 1461 1878 paraphrasis,
1484 1797 1516 1858 in
1537 1816 1599 1877 qua
1623 1817 1697 1876 pre:
1723 1796 1756 1876 [ι

397 1882 561 1964 perfectius
573 1883 606 1944 in
616 1879 778 1958 Christum,
794 1902 885 1964 qnam
901 1884 932 1944 in
942 1880 1093 1943 Davidem
1146 1882 1272 1964 legitur:
1297 1884 1447 1962 formasti
1453 1905 1465 1960 ,·
1492 1902 1682 1965 quamquam
1705 1901 1746 1944 ex

398 1979 578 2052 competere,
593 1970 784 2031 menifestum
799 1979 854 2045 est,
868 1972 905 2032 irs
920 1988 983 2048 qao
1000 1969 1092 2032 Obri-
1145 1979 1237 2052 ptura
1250 1970 1364 2031 nullum
1381 1969 1485 2031 abillo
1501 1969 1651 2052 protertur
1665 1988 1756 2050 exem

398 2065 445 2119 sto
468 2064 543 2117 suut
566 2074 672 2118 omues
698 2057 838 2118 thesauri
860 2058 1038 2135 sapientiae
1063 2064 1093 2116 et
1146 2057 1313 2118 Jansenius
1337 2058 1455 2131 scribit,
1481 2057 1611 2119 Paulum
1634 2059 1748 2118 citasse

396 2145 545 2206 scientiae
560 2145 727 2220 reconditi,
752 2142 882 2222 001.n.;
905 2145 1019 2226 qniqne
1033 2142 1091 2203 Ps-
1145 2144 1245 2204 locum
1257 2144 1348 2225 juxta
1362 2143 1469 2217 LXX,
1493 2143 1574 2224 qnod
1597 2162 1635 2204 ea
1649 2142 1753 2216 lectio,

397 2232 436 2294 tri
449 2251 504 2292 suo
520 2231 577 2292 fuit
599 2231 746 2293 obedieris
760 2249 858 2310 usqae
880 2232 924 2292 od
945 2237 1090 2306 mortem,
1145 2231 1272 2292 multum
1287 2240 1416 2312 recepta,
1432 2250 1487 2290 sno
1499 2231 1655 2311 proposito
1666 2230 1756 2310 mugit

396 2325 528 2381 mortem
544 2326 651 2380 autem
666 2322 776 2394 crucis,
793 2318 872 2379 Phil.
889 2320 918 2379 2.
1145 2320 1272 2380 reniret.
1295 2317 1387 2398 Quod
1401 2337 1504 2379 veram
1523 2325 1608 2397 puto.
1635 2318 1716 2378 Nam
1731 2332 1756 2379 ιιι

438 2405 510 2470 lam
532 2426 604 2467 raro
627 2405 665 2466 ab
680 2406 737 2466 boc
752 2425 851 2476 seusu,
878 2425 939 2487 quo
960 2400 999 2465 ad
1022 2401 1091 2464 obe·
1147 2424 1207 2485 qne
1222 2423 1255 2465 se
1275 2425 1324 2466 ree
1340 2404 1449 2465 babeat
1470 2402 1507 2465 de
1523 2424 1625 2478 cauea,
1648 2402 1756 2484 quael

397 2492 539 2555 dientium
568 2491 698 2553 refertur
727 2493 845 2552 aurium
870 2492 1002 2573 apertio,
1031 2511 1092 2551 non
1145 2491 1275 2552 moverit
1296 2489 1335 2551 ed
1357 2492 1400 2551 sic
1422 2489 1618 2563 vertendum,
1644 2489 1722 2551 illud
1745 2498 1756 2550 t

396 2581 516 2641 omuino
542 2579 695 2639 diversum
719 2588 778 2652 est,
805 2578 886 2659 quod
910 2579 1092 2658 scripserunt
1146 2599 1206 2639 aon
1229 2576 1396 2650 dubitatur,
1419 2579 1574 2659 provisum
1597 2596 1667 2638 esse
1690 2578 1756 2638 divi

394 2666 511 2728 LXX.:
528 2666 877 2743 commentaremur.
899 2665 1093 2727 Sicutautem
1145 2674 1178 2725 ut
1205 2663 1304 2725 LXX.
1335 2664 1467 2725 virorum
1497 2664 1589 2724 editio
1615 2666 1755 2725 venusti

395 2751 516 2817 Christo
539 2751 755 2832 perfectissime
775 2753 931 2826 convenit,
954 2748 1091 2811 edoctum
1146 2752 1272 2813 haberet
1295 2750 1378 2831 apud
1400 2748 1552 2825 ludaeos,
1578 2760 1609 2812 et
1632 2748 1756 2831 Apostol

394 2858 463 2901 esse
477 2859 495 2899 a
509 2839 610 2916 Petra,
634 2848 665 2901 et
686 2838 888 2900 obedientiam
902 2837 985 2900 Patri
1007 2856 1091 2918 prec-
1144 2857 1196 2899 eos
1218 2838 1361 2901 scribenti
1384 2837 1591 2920 suppeditaret
1606 2836 1756 2899 docendis

395 2928 526 2988 stitisse:
549 2927 592 2988 ita
613 2946 687 3008 prae
702 2925 840 2987 omnibus
855 2926 1047 3007 singulariter
1061 2923 1091 2984 in
1143 2928 1226 2999 riam,
1248 2926 1337 2986 ctiam
1352 2927 1383 2986 in
1398 2945 1443 2998 eo,
1466 2925 1518 2986 nbi
1532 2923 1613 2985 icrte
1633 2925 1756 2988 rideret

395 3033 466 3077 eum
477 3014 628 3094 competit,
643 3021 678 3074 nt
687 3013 754 3074 Deo
768 3011 869 3074 dicero
880 3014 993 3095 possit:
1011 3011 1090 3074 Ger·
1143 3012 1296 3074 Hebraica
1312 3014 1443 3072 veritate
1463 3011 1643 3094 discrepare.

391 3119 455 3178 pres
469 3104 589 3178 aptasti
602 3102 691 3176 mibi,
713 3100 830 3161 scilieet
844 3120 897 3182 per
912 3098 1091 3161 iuoernstio·
1335 3150 1447 3210 ΑΜ,
1493 3152 1519 3213 0
1620 3153 1627 3167 ,

397 3196 648 3269 ιιιιι,ιιιιιιιιιιι
662 3188 694 3248 in
708 3195 793 3248 utero
807 3188 986 3267 purissimae
1000 3185 1090 3264 virgi·
1411 3168 1467 3211 ‘⁸⁰
1518 3168 1650 3212 ‘mm'

395 3274 444 3337 nis
458 3273 617 3335 sarmatam
633 3281 680 3335 est
694 3274 723 3333 ei
738 3292 846 3354 corpus
860 3273 1090 3353 integerrimum,
1186 3272 1297 3332 Notum
1312 3279 1365 3345 est,
1389 3271 1522 3350 quadam
1537 3272 1697 3353 metalepsi
1711 3270 1756 3344 ha

396 3360 479 3422 stab
496 3360 576 3422 omni
599 3360 670 3422 lube
685 3360 881 3441 corruptionis
896 3358 1031 3431 liberum,
1055 3377 1091 3418 ac
1142 3358 1286 3419 lectiones
1301 3358 1332 3417 iu
1348 3359 1476 3417 eundem
1493 3376 1616 3419 sensum
1632 3359 1751 3421 venire:

413 3446 570 3522 icastris,
592 3445 681 3528 quod,
704 3456 819 3508 remota
841 3447 938 3507 inutili
958 3443 1088 3506 multitu·
1142 3465 1192 3506 res
1212 3444 1335 3523 fodisti,
1358 3463 1474 3520 corpus
1496 3448 1627 3521 optasti,
1651 3462 1748 3507 aures

391 3466 464 3595 dine
495 3533 705 3595 carnficiornm
730 3535 843 3594 veteris
869 3533 962 3613 legis,
996 3548 1089 3593 unum
1141 3534 1246 3612 fecisti
1252 3555 1265 3608 ,-
1287 3540 1318 3592 et
1333 3531 1498 3612 quamlibet
1513 3550 1616 3594 earum
1631 3549 1756 3612 praenes

393 3620 461 3681 Deo
477 3621 562 3681 Patri
581 3622 613 3681 in
633 3639 719 3681 cruce
735 3619 868 3680 oblatum
884 3619 1023 3699 placeret,
1050 3615 1089 3678 sd
1142 3619 1213 3679 Filii
1230 3618 1289 3677 Dei
1305 3618 1549 3692 incarnationem,
1564 3626 1596 3677 et
1611 3621 1742 3698 gratiae,

393 3709 526 3768 omnium
563 3707 715 3767 bominum
753 3705 880 3766 salntem
916 3703 1089 3765 valiturum.
1144 3705 1202 3785 ipsi
1216 3703 1328 3765 homini
1349 3702 1427 3765 facto
1444 3713 1524 3766 ιιιιι
1547 3703 1741 3780 conferenda,

391 3791 486 3855 Hunc
501 3794 579 3854 euim
602 3812 671 3855 esse
693 3811 813 3854 seusam
828 3789 967 3871 Apostoli
987 3793 1019 3851 in
1032 3790 1091 3850 boc
1143 3790 1323 3864 uitudinem,
1349 3790 1540 3853 obedientiae
1566 3792 1725 3870 speciatim
1742 3809 1756 3851 s

390 3877 468 3955 loco,
484 3888 655 3941 constater
671 3881 718 3955 iis,
741 3876 1087 3960 quaeipsepostesde·
1143 3878 1182 3939 ad
1208 3885 1333 3937 mortem
1364 3898 1418 3958 pra
1453 3877 1663 3958 redemptione
1691 3877 1756 3941 bon

392 3965 534 4028 clarando
558 3966 721 4047 subjungit.
743 3965 811 4027 Nec
827 3965 953 4026 obscure
968 3983 1088 4025 sensum
1143 3961 1339 4025 subeundam.

392 4049 473 4114 bunc
494 4051 606 4114 indicet
621 4051 866 4133 Syriacalectio:
884 4053 1025 4129 Corpore
1040 4070 1089 4110 me
1187 4052 1214 4112 6.
1245 4051 1532 4125 Holocaustomata,
1563 4057 1593 4111 et
1621 4068 1688 4127 pro
1715 4065 1756 4128 pe

393 4139 535 4202 induisti.
1143 4156 1211 4200 aori
1227 4137 1298 4198 Tibi
1309 4140 1513 4214 placuerant.
1528 4137 1647 4199 LXX:
1663 4153 1756 4216 stone

436 4224 571 4306 Quaeres
585 4223 723 4300 fortasse,
746 4224 821 4307 quid
836 4224 936 4286 LXX.
960 4223 1088 4285 moverit
1142 4227 1252 4299 sivisti,
1276 4223 1439 4286 Hebraice:
1462 4244 1530 4286 nors
1549 4226 1756 4302 postulasti-⁸

391 4309 579 4392 interpretes,
598 4320 632 4371 nt
646 4332 702 4392 pro
717 4331 801 4387 voce,
824 4331 904 4393 quae
926 4307 1088 4392 significat:
1142 4330 1231 4372 sensu
1252 4318 1322 4370 sunt
1344 4309 1449 4371 eadem
1473 4329 1541 4371 cum
1559 4332 1605 4384 eo,
1629 4309 1755 4392 quedl

392 4415 496 4476 aures,
521 4405 691 4460 verterent:
714 4417 849 4478 corpas,·
872 4408 941 4470 sut,
965 4398 992 4458 ai
1012 4396 1088 4457 ratio
1142 4399 1238 4479 gitur:
1262 4388 1317 4454 οὐκ
1333 4389 1520 4474 sibiipsae,
1542 4397 1645 4471 idest,
1668 4415 1755 4461 stote

391 4485 466 4548 latet
492 4482 539 4562 (ut
558 4504 632 4546 senc
656 4484 729 4546 lrtst
751 4488 783 4548 in
809 4483 989 4565 quibusdam
1013 4482 1089 4560 aliis,
1141 4485 1294 4563 probasti,
1311 4492 1346 4544 ut
1361 4486 1455 4544 vertit
1467 4485 1622 4558 Erasmus,
1638 4484 1690 4546 rel
1705 4495 1756 4548 sset

389 4570 443 4636 ubi
459 4591 553 4645 aeone,
576 4591 669 4652 quam
683 4574 715 4634 iu
730 4572 875 4635 Hebrseo
890 4579 945 4645 est,
960 4575 1087 4632 transtu·
1142 4575 1288 4649 reptasti,
1316 4571 1395 4631 sicnt
1417 4570 1542 4632 eandem
1566 4570 1718 4633 Graecam
1739 4587 1756 4632 ι

389 4657 510 4735 lerunt),
534 4657 686 4740 quomodo
702 4658 808 4723 saltem
824 4658 979 4720 conciliari
993 4659 1088 4737 possit
1142 4676 1260 4721 versam
1286 4656 1431 4718 babemus
1457 4660 1487 4718 iu
1514 4656 1625 4718 Psalm.
1650 4659 1721 4721 tos
1744 4666 1756 4721 ·:

389 4745 467 4809 baec
482 4748 580 4810 versio
604 4767 671 4807 cum
693 4746 841 4828 originali.
864 4741 1087 4817 Gouebrurdus,
1142 4742 1318 4823 acceptabis
1340 4743 1529 4821 sacrificium
1547 4747 1705 4820 jusiitias.
1732 4743 1756 4828 Q

390 4835 438 4897 cui
453 4833 565 4896 Rrbera
579 4831 769 4895 subscribere
785 4831 910 4904 ridetur,
934 4847 1029 4892 aures
1045 4829 1086 4891 di·
1143 4851 1233 4912 quam
1260 4850 1320 4891 uon
1346 4833 1446 4892 minus
1473 4838 1556 4892 recte
1577 4833 1670 4893 vertit
1694 4836 1756 4896 ints

390 4923 431 4982 cit
446 4918 668 5004 synecdochice
682 4919 755 5001 poni
777 4939 832 5001 pro
852 4935 995 4995 corpore,
1020 4937 1086 4997 per·
1142 4917 1293 4979 hocloco:
1309 4919 1384 4979 Nora
1399 4918 1471 4978 Tibi
1479 4918 1756 5002 placuereutrst]

388 5015 451 5070 tem
464 5027 519 5091 pro
540 5015 622 5086 toto;
644 5015 823 5088 etquenam
846 5003 973 5086 egeram
987 5003 1087 5067 Lxx.
1141 5015 1225 5086 post:
1247 5023 1306 5067 ιιι
1322 5004 1447 5083 piacita
1467 5014 1544 5069 sarit
1569 5006 1651 5069 rste
1675 5006 1756 5090 Quat
