4442 5825
728 576 891 633 tristent!
908 576 994 631 stin
1010 575 1123 631 ticoni.
1157 575 1241 631 ΜΒ.
1260 577 1344 630 2.-5.
1681 583 1755 650 433

371 750 545 831 seducere,
561 769 615 815 seu
626 751 783 828 moderuri¹
801 758 895 815 stium
908 761 1008 816 totum
1061 773 1127 816 πων
1150 746 1223 822 τοὺς
1246 745 1405 832 χαλινοὺς;
1429 753 1482 815 sed
1504 753 1647 816 admouet
1661 751 1757 815 Oeen·

371 857 436 918 ptsr.
451 840 489 901 lu
501 841 653 902 nonnullis
664 842 737 903 item
748 843 864 902 Latinis
880 843 1008 922 legitur:
1062 845 1187 915 menius,
1203 861 1238 901 es
1249 842 1343 902 verba
1358 844 1403 902 sie
1419 841 1585 917 ordinandi
1600 839 1757 920 (quemod-

371 935 437 1003 ιιι,
449 926 531 1008 quod
543 926 661 997 Graece
673 938 733 989 est:
746 919 885 996 δυνατός.
902 930 1008 991 Sermo
1062 929 1183 991 modurn
1196 938 1227 987 et
1239 929 1334 1007 Syrus
1346 927 1524 1006 ordinario:
1538 931 1580 997 In
1591 947 1650 988 osu
1663 946 1759 1006 equo·

371 1014 536 1095 irpborieus
550 1023 605 1088 est,
624 1034 684 1095 quo
700 1016 894 1094 significatur,
917 1017 1008 1075 homi·
1063 1036 1136 1077 rum
1148 1019 1302 1075 mittimus
1311 1017 1417 1094 fresio.
1431 1014 1519 1094 Quod
1534 1014 1655 1096 quidem
1669 1034 1760 1091 seusu

371 1100 530 1181 ningues
554 1109 767 1182 temperantem
799 1122 889 1182 posse
918 1104 1010 1163 etium
1064 1105 1143 1171 idem
1167 1111 1212 1162 est
1235 1122 1301 1162 eum
1323 1111 1425 1162 nostra
1445 1102 1583 1163 leetioue.
1619 1102 1761 1181 Denique

371 1194 453 1249 term
481 1189 617 1250 notiones
642 1209 714 1250 sues
739 1188 894 1249 moderari.
931 1189 1010 1248 Num
1065 1190 1250 1267 conjunctio:
1268 1197 1307 1263 st,
1323 1187 1760 1250 nonesteommuteusleoum:

380 1280 486 1355 puiset
508 1274 591 1355 qued
614 1284 660 1334 est
678 1275 891 1347 difficillimum,
913 1283 1011 1355 potest
1065 1282 1172 1349 diam,
1196 1277 1275 1350 sieut
1289 1278 1321 1335 iu
1341 1275 1445 1343 multis
1469 1276 1623 1336 eodieibus
1646 1274 1759 1335 fectum

371 1360 423 1425 tiis
438 1360 582 1422 isoiliorn
613 1362 736 1439 Corpus
752 1363 846 1442 igitur
859 1363 1010 1421 redonum
1065 1372 1126 1438 est;
1150 1363 1221 1422 lieet
1236 1382 1289 1442 per
1312 1365 1408 1423 etium
1431 1365 1542 1443 exponi
1558 1363 1667 1423 debeat
1682 1383 1701 1421 n
1717 1361 1758 1421 le·

395 1444 584 1527 intelligitur.
633 1447 823 1528 Quemqunm
852 1450 928 1522 siut,
959 1449 1011 1527 qui
1064 1450 1212 1529 gentibus.
1247 1449 1340 1509 Porro
1363 1468 1471 1510 seusus
1492 1451 1601 1529 plenus
1625 1456 1681 1521 est,
1707 1467 1762 1509 nos

371 1550 429 1611 pus
449 1537 572 1615 proprie
593 1537 751 1617 recipiunt,
776 1544 809 1595 nt
830 1554 939 1595 sensus
964 1537 1010 1607 sit,
1066 1537 1225 1605 immittere
1247 1536 1344 1598 solere
1365 1539 1451 1617 equis
1466 1536 1585 1599 frenum
1600 1537 1632 1595 iu
1646 1555 1707 1608 ors,
1729 1541 1763 1595 ut

371 1638 403 1695 ι,
430 1621 485 1701 qni
511 1622 645 1701 linguam
671 1641 777 1701 regere
799 1625 893 1694 norit,
923 1640 1012 1701 posse
1065 1623 1152 1683 uobis
1168 1621 1318 1696 obediant,
1335 1643 1433 1703 eoque
1447 1627 1555 1704 exiguo
1570 1623 1649 1683 ferro
1665 1630 1760 1682 totum

371 1717 539 1769 ιιιιιιιιιιι
553 1710 685 1787 torporis
700 1709 833 1770 membru
848 1728 963 1788 regere,
978 1717 1013 1766 ιιι
1066 1709 1186 1770 belluae
1209 1728 1317 1790 eorpus
1341 1721 1519 1789 prunestre
1542 1709 1687 1771 arbitratu
1709 1709 1764 1769 eir·

371 1792 429 1871 ilos,
448 1814 547 1868 sures,
570 1815 685 1857 munus.
714 1796 825 1856 Verum
848 1795 1012 1874 Apostolus
1066 1814 1234 1875 eumegere.

371 1878 446 1942 idum
462 1879 597 1962 linguam
612 1883 783 1955 nominarit,
808 1883 861 1943 sed
877 1881 916 1942 de
930 1882 1011 1941 loeu-
1110 1886 1140 1944 4.
1164 1884 1244 1944 Eece
1259 1891 1288 1944 st
1302 1901 1410 1959 naves,
1434 1903 1505 1944 eum
1527 1901 1664 1960 maynqs
1686 1884 1761 1958 sint,

371 1968 450 2031 uibus
465 1967 585 2029 loeutus
600 1976 652 2029 est
1068 1977 1096 2029 st
1111 1988 1133 2029 a
1147 1973 1249 2030 ventis
1270 1971 1388 2030 validis
1409 1976 1582 2039 minentur.
1607 1969 1695 2043 Hesp
1717 1969 1762 2029 el·

371 2054 391 2115 l.
411 2055 447 2117 es·
461 2063 566 2116 autem
590 2058 679 2133 equis
699 2056 797 2133 fresta
811 2059 848 2118 isi
864 2073 923 2115 ora
938 2057 1013 2114 mit·
1067 2064 1130 2116 tere
1155 2060 1338 2135 comparatio
1361 2066 1415 2118 est
1447 2060 1532 2119 Bene
1554 2066 1654 2118 eutem
1677 2059 1761 2121 resti·

371 2159 414 2205 ιιι
427 2143 471 2202 nd
486 2143 746 2204 consentiendum
759 2142 859 2217 nobis,
877 2150 906 2202 st
921 2160 1014 2202 omne
1067 2151 1133 2202 tute
1149 2143 1246 2216 lertio,
1263 2154 1323 2204 tem
1336 2144 1468 2217 Graecis,
1484 2165 1572 2225 quum
1587 2145 1697 2204 uostris
1712 2164 1762 2203 en·

371 2245 433 2306 pris
446 2230 578 2291 illorum
593 2231 855 2307 circumferimus.
879 2227 1014 2290 Graece:
1067 2231 1169 2309 tinnis,
1193 2231 1311 2309 ipsique
1335 2229 1438 2290 Bedre
1460 2241 1676 2306 eonsentnuea3
1699 2250 1763 2291 oum

371 2321 573 2394 mapinius.
616 2317 703 2376 Duas
739 2315 880 2397 deinceps
917 2313 1015 2379 adieri
1067 2317 1152 2397 prius
1167 2317 1197 2374 iu
1221 2316 1323 2376 multis
1345 2316 1500 2381 codicibus
1522 2320 1643 2387 inverso
1660 2316 1764 2378 ordine

371 2407 575 2483 operationes:
596 2403 726 2465 eltersm
743 2404 869 2476 eirene,
893 2421 954 2482 quo
969 2421 1014 2462 re·
1068 2404 1232 2482 legeretur:
1263 2405 1306 2464 Et
1336 2422 1409 2464 sees.
1448 2406 1624 2479 sinautem
1650 2403 1765 2465 hebent

371 2498 430 2551 rtur
459 2492 547 2571 eqni,
578 2490 664 2567 eujus
689 2491 754 2569 jem
781 2493 957 2550 meminerat
985 2490 1016 2563 iu
1069 2490 1199 2550 Graeca:
1216 2491 1297 2550 Eoos
1312 2498 1459 2567 stnnvss,
1476 2510 1547 2552 eum
1562 2498 1673 2551 tantus
1687 2492 1763 2566 sissi,

371 2576 589 2655 ebocomporito
602 2576 732 2638 Greeoo:
747 2573 1016 2654 χαλιναγωγῆσαι;
1069 2584 1099 2636 et
1122 2594 1142 2635 e
1165 2577 1255 2635 duris
1281 2580 1381 2639 ventis
1403 2579 1623 2656 impelluntur.
1658 2579 1766 2639 Dusos

371 2682 442 2725 rrum
463 2684 486 2723 ι
506 2663 718 2744 gubernaculo,
745 2684 806 2743 quo
830 2681 923 2724 neves
945 2660 1015 2722 diri·
1069 2670 1180 2724 ventos
1203 2671 1293 2722 voert
1315 2684 1424 2725 saevos
1439 2676 1470 2726 et
1484 2665 1611 2725 validos.
1634 2665 1765 2741 illinere

371 2758 448 2829 utur3
472 2751 583 2831 quibus
600 2749 739 2811 ostendet
761 2749 945 2813 dominatum
962 2749 1015 2809 lin·
1070 2760 1170 2811 sutem
1187 2771 1240 2829 pro
1257 2770 1301 2822 eo,
1318 2750 1398 2832 quod
1413 2764 1467 2826 est,
1482 2773 1573 2832 egere
1588 2769 1639 2812 seu
1655 2751 1766 2812 dueere

371 2855 400 2899 tt
427 2856 518 2919 super
546 2836 697 2918 reliquum
727 2858 849 2919 eorpus,
887 2836 1017 2916 ideoque
1070 2836 1222 2909 becilini,
1239 2838 1291 2899 vix
1307 2838 1676 2919 estprisoseLutinitstis,
1699 2838 1765 2899 vul·

371 2945 462 3006 gurm
488 2924 656 2985 habendum
682 2944 784 2986 eurem
812 2925 934 3005 liuguae
956 2944 1017 2983 mo·
1070 2933 1142 3004 gato
1158 2927 1314 3003 interpreti
1329 2928 1449 2987 usitate.

371 3011 488 3087 ndns,
511 3013 713 3083 nivolonum,
736 3022 771 3072 ut
792 3021 887 3074 tetum
911 3029 1017 3090 eorpus
1115 3013 1437 3090 discumferentem
1460 3014 1583 3074 modico
1604 3012 1766 3090 subernu-

371 3098 471 3162 ionum
508 3109 676 3160 uostrmum
710 3098 788 3159 bene
828 3119 861 3159 se
898 3098 1017 3157 habeut
1070 3100 1160 3172 tulo,
1186 3098 1242 3158 ubi
1266 3102 1402 3176 impetus
1427 3101 1594 3175 diripentis
1620 3101 1766 3161 voluerit.

384 3184 441 3247 lise
467 3195 554 3267 perte
579 3187 699 3246 suriunt
725 3186 854 3247 codices.
889 3186 934 3244 Ae
960 3186 1017 3263 pri·
1070 3186 1135 3244 Alii
1150 3185 1269 3263 plenius
1284 3205 1321 3246 ex
1337 3185 1473 3247 Graeco:
1496 3188 1769 3262 circumeuntes

371 3289 403 3333 m
430 3273 524 3333 refert
549 3272 635 3333 Beds
663 3273 695 3333 in
722 3282 896 3346 comment,
927 3289 1016 3349 quos·
1072 3274 1237 3332 aminimo
1252 3274 1477 3348 subinnuitio,
1496 3275 1766 3351 quocumqueim·

371 3375 477 3440 npre:
493 3362 520 3420 si
534 3366 651 3433 erstem,
667 3358 783 3438 legere:
803 3362 883 3419 sieut
898 3364 1016 3431 erstem,
1069 3368 1163 3437 petus
1185 3367 1240 3418 ete.
1275 3358 1366 3439 Quod
1391 3369 1492 3421 eutem
1518 3359 1621 3420 udditn
1642 3360 1766 3439 coujun-

371 3445 500 3524 ptndeet
522 3465 618 3508 sermo
641 3464 739 3524 usque
754 3446 793 3505 sd
809 3445 899 3506 illud:
926 3447 974 3503 itu
989 3451 1019 3502 et
1072 3449 1171 3508 etioue
1191 3447 1349 3524 legebatur
1372 3437 1485 3525 pessim
1508 3448 1539 3507 iu
1553 3448 1671 3507 Letiuis
1686 3445 1767 3505 eodi-

371 3549 435 3608 orte
449 3542 507 3595 ete
529 3532 591 3594 sed
606 3533 676 3591 buie
691 3533 812 3593 lectioni
828 3552 885 3598 nee
901 3530 1018 3592 Grueeu
1072 3534 1173 3594 eibus:
1187 3534 1574 3610 circumferunturoutsm
1586 3533 1637 3594 vel
1648 3541 1767 3608 mmsis,

371 3617 532 3701 fingantur,
554 3640 613 3680 nee
626 3617 689 3679 ulls
703 3620 821 3693 Latius,
845 3637 924 3698 quse
938 3636 1018 3676 nune
1072 3622 1177 3680 merito
1193 3629 1358 3679 correctum
1381 3621 1523 3681 hebemus
1539 3640 1578 3681 ex
1594 3619 1768 3682 melioribus

371 3706 597 3784 summoue
1072 3710 1103 3769 in
1125 3706 1259 3766 editione
1282 3708 1426 3767 Romans.
1460 3709 1538 3768 liam
1565 3726 1620 3767 neo
1643 3706 1769 3780 (irrues,

371 3789 707 3856 &anniuersario
721 3792 875 3872 plerisque
891 3791 1018 3869 legitur:
1074 3812 1129 3854 nee
1145 3793 1272 3870 Syrisce
1287 3794 1349 3854 tele
1364 3794 1435 3873 quid
1451 3794 1576 3854 addunt.

371 3881 460 3941 reive
473 3871 550 3955 itui,
566 3898 642 3941 sees.
665 3878 756 3957 Qupd
771 3887 802 3939 et
817 3880 912 3958 Syrus
929 3880 1017 3938 iuter·
1118 3882 1146 3941 b.
1182 3880 1234 3938 lte
1264 3887 1293 3939 st
1319 3883 1432 3956 linqua
1457 3881 1616 3942 modicum
1642 3879 1769 3957 quidem

371 3981 397 4025 ιι
408 3966 551 4028 reddidit.
572 3966 655 4027 Huie
667 3975 766 4027 eutem
779 3966 919 4045 proxime
935 3983 1017 4023 seoe·
1074 3965 1248 4025 membrum
1267 3975 1319 4040 est,
1336 3975 1365 4026 st
1380 3986 1501 4043 moene
1516 3967 1646 4027 stultat.
1670 3966 1768 4026 Veru-

371 4071 388 4110 :t
408 4044 435 4112 el
449 4046 495 4127 δὲ,
518 4057 677 4127 manum,
702 4051 782 4131 quod
797 4071 852 4111 uos
868 4050 1019 4124 hebemus,
1075 4054 1135 4112 lem
1164 4052 1289 4128 quidem
1320 4056 1468 4133 interpres
1498 4053 1615 4114 eddidit
1643 4052 1681 4113 de
1707 4073 1770 4113 suo.

383 4135 506 4200 dubium
528 4142 655 4212 nonsit,
679 4141 870 4218 interpretem
886 4146 1019 4197 nostrum
1073 4140 1196 4214 Meque
1210 4140 1341 4214 exaltat,
1358 4140 1474 4201 Greeee
1487 4141 1651 4219 composito
1662 4140 1770 4201 verbo:

371 4225 419 4286 ‚iu
433 4225 551 4288 Greeeo
574 4226 694 4306 legisse.
717 4225 796 4285 Nem
819 4233 849 4285 et
870 4224 960 4292 hodie
983 4243 1021 4284 es
1075 4220 1284 4303 μεγαλαυχεῑ,
1297 4227 1328 4287 id
1341 4235 1392 4300 est,
1404 4246 1525 4305 manna
1536 4229 1772 4303 ploriatssssive

371 4313 414 4372 tie
429 4311 620 4393 quorundum
632 4321 679 4373 est
691 4311 914 4392 exemplarium.
938 4309 1021 4371 illud
1070 4317 1184 4386 iactat,
1209 4323 1243 4371 ut
1266 4314 1316 4374 alii
1339 4324 1502 4375 verterunt.
1526 4315 1700 4376 Verisimile
1715 4321 1771 4386 est,

371 4415 437 4473 nr,
450 4399 578 4481 quodie
589 4400 725 4480 pluribus
742 4406 789 4459 est
803 4398 937 4470 Graecis,
954 4418 1020 4457 oon·
1076 4399 1114 4458 ab
1142 4398 1303 4477 interprete
1324 4403 1464 4481 seriptum
1489 4402 1597 4463 luisse:
1625 4402 1770 4474 semitas,

371 4486 406 4546 rii
418 4505 486 4548 enm
501 4496 586 4567 perte
600 4488 755 4567 sequenti:
783 4487 864 4547 Eece
880 4494 910 4544 st
925 4503 1022 4545 naues
1074 4505 1128 4565 pro
1145 4505 1204 4564 quo
1220 4486 1301 4564 apud
1317 4487 1536 4568 Hieronymum
1553 4490 1584 4549 in
1599 4490 1724 4568 exposit
1742 4487 1772 4546 2.

371 4589 383 4632 t
402 4572 511 4636 Sedet
531 4591 650 4634 sensum
673 4572 766 4632 hebet
780 4571 1021 4643 commodiorem,
1076 4570 1188 4631 Pselm.
1206 4574 1276 4632 119.
1301 4584 1439 4654 corrupte
1453 4576 1579 4654 legitur:
1604 4575 1772 4636 emitteret.

382 4662 457 4722 ntis
478 4660 640 4722 verisimile
662 4661 708 4733 sit,
736 4658 792 4719 hoo
813 4659 853 4719 eb
876 4657 1022 4738 Apostolo
1076 4656 1168 4719 Oerte
1190 4658 1379 4719 Venerabilis
1396 4661 1480 4721 Beda
1504 4669 1640 4733 testetur,
1663 4663 1694 4721 in
1709 4662 1773 4740 qui·

371 4746 471 4828 ipturn
498 4765 574 4810 esse,
608 4745 699 4825 Quod
722 4753 824 4806 sutem
848 4748 879 4804 in
902 4744 1024 4805 Latinis
1076 4743 1205 4806 busdam
1236 4744 1391 4806 codicibus
1422 4749 1567 4807 inveniri:
1599 4756 1628 4809 st
1653 4765 1774 4822 maesse

371 4833 684 4913 ιιιιὶοιιιιιιιιςιιιιιι
700 4832 854 4893 dientem
871 4850 1022 4909 equorum
1076 4832 1223 4906 resultet,
1250 4851 1379 4912 eumque
1404 4835 1559 4893 lectionem
1575 4836 1667 4895 etium
1684 4835 1773 4895 iuter-

371 4937 437 4983 mes
449 4923 487 4981 tn
502 4938 563 4981 ora
579 4922 746 4994 mittimus,
769 4918 887 4980 exhibet
902 4917 1023 4997 quidem
1077 4926 1219 4998 pretatur.
1242 4919 1379 4980 Eandem
1404 4929 1434 4981 et
1447 4919 1537 4980 bodie
1559 4919 1628 4982 libri
1652 4920 1774 5001 quidum

378 5007 514 5081 verbum,
529 5005 610 5089 quod
625 5010 656 5068 iu
671 5005 787 5068 Graeco
803 5013 865 5067 est:
889 5006 950 5063 τῶν
966 4995 1024 5063 itt·
1077 5004 1227 5081 sxlribeut,
1244 5004 1362 5067 diverso
1374 5014 1507 5088 tempore
1518 5006 1646 5069 Parisiis
1660 5010 1775 5083 excusi,

374 5121 446 5166 ιιιι.
461 5121 534 5165 nessi
550 5122 695 5165 enum
709 5122 745 5163 ιιι.
1527 5113 1568 5172 pg
