4442 5825
433 603 496 688 42
953 590 1188 650 commanus
1205 593 1237 648 tn
1254 593 1322 649 cst.
1339 593 1359 649 1.

433 769 503 831 olea
517 787 604 849 regas
619 758 651 830 et'
663 769 835 835 saooedotes
856 768 1054 850 ungebantur,
1075 771 1129 832 sed
1181 769 1293 833 Christi
1317 771 1427 834 ciritae
1453 790 1489 831 ae
1514 791 1638 851 regnum
1665 780 1717 834 sat
1752 773 1880 834 Etenim

431 856 1129 938 praestantissimisetodoratiseimiaaromatum
1180 880 1241 920 non
1262 860 1321 919 nisi
1344 860 1374 919 iu
1397 858 1515 920 Christo
1538 868 1569 918 et
1583 859 1723 920 Ecclesia
1744 860 1881 940 pedeure

431 943 593 1025 generibus
601 947 774 1022 commixto3
790 944 1009 1025 velutmyrrha,
1025 953 1128 1020 stacta
1180 945 1343 1025 implentur
1364 947 1422 1006 ista
1441 944 1532 1022 hujus
1547 946 1680 1006 Psalmis
1707 949 1757 1007 'Eu
1779 966 1878 1008 caur-

432 1033 528 1106 caaia,
556 1050 636 1110 quae
657 1034 793 1112 proximo
817 1051 906 1094 versu
927 1033 1126 1093 nominantur.
1179 1052 1255 1109 pena
1283 1035 1423 1094 Domine
1453 1033 1647 1093 misereberis
1671 1035 1769 1110 Sion5
1800 1038 1879 1110 quia

432 1117 502 1198 Qua
517 1119 633 1179 ratione
647 1121 737 1180 etiam
752 1119 887 1192 chrisma,
904 1138 965 1198 quo
980 1119 1130 1199 baptizati
1180 1129 1303 1196 tempus
1317 1120 1487 1180 miserendi
1498 1123 1575 1195 rjus,
1598 1122 1676 1197 quia
1692 1122 1781 1180 uenit
1795 1127 1877 1181 tam-

431 1205 746 1285 unguntur,interdum
753 1207 851 1267 oleum
858 1205 1036 1287 appellatur.
1045 1205 1128 1284 Qun·
1178 1225 1248 1286 pras.
1270 1209 1326 1267 Et:
1348 1207 1503 1268 timebunt
1524 1214 1630 1281 pentes
1650 1225 1770 1268 aoruca
1785 1215 1876 1269 tuum

430 1294 511 1353 niam
525 1300 626 1352 actem
641 1294 790 1372 ejusmodi
803 1301 986 1374 unguentum
999 1313 1053 1353 sua
1068 1292 1126 1352 ira·
1180 1295 1329 1368 Domina,
1350 1300 1380 1354 ot
1395 1312 1501 1354 omncs
1516 1312 1603 1369 repca
1617 1302 1723 1354 terrae
1737 1295 1876 1369 plotium

431 1379 550 1458 grantia
560 1380 842 1442 miraminmodum
854 1378 1011 1442 recreabat
1020 1399 1079 1453 eos,
1097 1381 1128 1438 in
1180 1388 1288 1441 tuum:
1310 1383 1388 1457 quie
1410 1381 1592 1456 aedificavit
1613 1383 1775 1442 Dominae
1796 1383 1877 1442 Sion

431 1485 509 1546 quos
523 1465 747 1543 effundebatur,
763 1467 873 1529 idcirco
886 1475 1011 1528 vocatur
1022 1466 1125 1529 oleum
1180 1475 1210 1528 et
1227 1467 1384 1528 uidebitur
1394 1469 1431 1528 in
1441 1469 1547 1542 plocio
1559 1487 1614 1529 seu
1630 1471 1793 1542 mujeatotc
1808 1485 1876 1529 suu.

430 1553 696 1618 carlmannum
710 1557 859 1628 laetitios,
875 1553 905 1614 id
921 1561 974 1625 cst,
991 1572 1125 1633 unguen·
1180 1557 1235 1615 Etr
1259 1555 1417 1614 Dominus
1431 1551 1475 1613 'ds
1490 1555 1575 1615 coslo
1595 1557 1631 1615 s'aa
1647 1563 1766 1615 terrum
1781 1574 1876 1630 eape-

430 1648 494 1700 tum
517 1639 682 1701 laetificans
703 1651 797 1722 atque
817 1641 998 1702 exhilarans.
1022 1639 1124 1718 Quan-
1179 1644 1228 1703 cit
1241 1649 1297 1700 stc.
1320 1640 1409 1701 Item:
1435 1642 1477 1701 In
1498 1642 1717 1703 consociando
1739 1642 1878 1718 populos

430 1745 520 1806 quam
542 1728 634 1787 &aar
655 1728 753 1789 oleum
775 1747 828 1809 per
842 1746 876 1787 sc
891 1729 952 1788 rim
966 1726 1061 1787 habet
1075 1747 1124 1787 ex·
1180 1731 1216 1790 ia
1229 1745 1343 1800 unum,
1360 1735 1390 1788 ct
1405 1746 1501 1803 repca,
1516 1737 1553 1788 ut
1566 1730 1709 1789 muiont
1723 1730 1876 1789 Domino.

429 1812 589 1887 hilarandi,
600 1813 689 1891 juxta
704 1815 780 1875 illud
795 1814 906 1875 Psalm.
924 1815 994 1873 103.
1016 1816 1056 1876 Ut
1070 1832 1125 1874 cc-
1180 1815 1285 1896 Quarc
1309 1816 1487 1893 etreliqua,
1513 1834 1595 1894 quae
1616 1814 1654 1874 de
1676 1814 1743 1875 Deo
1766 1816 1800 1874 in
1820 1816 1877 1876 hoe

429 1901 552 1962 lu‘loret⁴
562 1900 680 1976 seciam
694 1905 732 1962 its
746 1903 823 1963 cleo.
847 1898 885 1961 ld
901 1919 974 1961 veru
989 1902 1125 1980 spiritua·
1180 1901 1303 1962 Psalmo
1318 1901 1468 1974 dicuntur,
1482 1900 1522 1960 ad
1533 1900 1688 1963 Christum
1706 1903 1876 1981 pertinent,

429 1987 502 2048 liter
527 1987 621 2046 multo
646 1990 741 2067 magis
771 1995 907 2068 praestat
932 1989 998 2048 sive
1023 1988 1125 2046 unctio
1180 1989 1257 2049 adro
1279 1996 1313 2046 ut
1332 1987 1477 2067 plerique,
1499 1998 1560 2048 tam
1575 1997 1701 2062 veterna
1723 2007 1815 2067 quam
1832 2009 1876 2050 rc·

424 2075 549 2155 'gratiae
563 2071 694 2153 Spiritus
709 2078 814 2148 sancti,
834 2095 923 2155 quam
940 2075 971 2135 in
985 2094 1040 2134 suu
1055 2094 1125 2136 con·
1180 2077 1334 2147 cautiores,
1357 2095 1396 2136 ea
1411 2075 1510 2135 omnia
1525 2076 1690 2137 secundum
1706 2075 1823 2135 literam
1840 2076 1877 2136 de

430 2162 580 2241 ceptione⁴
596 2159 733 2222 Christus
758 2164 888 2242 accepit;
925 2161 990 2220 sive
1015 2162 1125 2234 unctio,
1180 2161 1298 2222 Christe
1325 2162 1442 2239 atejus
1465 2162 1607 2222 Ecclesia
1629 2163 1876 2240 interpretentur.

430 2248 537 2329 quain
557 2246 684 2325 gloriam
708 2247 897 2310 introductus
919 2256 949 2309 et
971 2250 1055 2328 regni
1077 2250 1126 2309 sui
1180 2247 1272 2329 Quod
1287 2257 1388 2308 tamen
1403 2248 1469 2309 aliis
1491 2250 1589 2308 minna
1603 2250 1717 2330 placet,
1741 2258 1774 2309 et
1788 2250 1876 2310 nobis

429 2351 588 2415 possessor
612 2333 710 2396 factus
731 2346 786 2403 est.
816 2338 994 2411 Porticipca
1018 2341 1125 2396 autem
1178 2357 1239 2397 non
1254 2334 1371 2395 ridetur
1385 2336 1596 2395 necessarium
1623 2335 1683 2397 Sed
1699 2337 1876 2397 adsensum

429 2424 582 2501 circuire
601 2430 760 2484 consertas
782 2425 835 2505 qui
857 2425 923 2496 sint,
945 2422 1126 2495 dictumest,
1179 2424 1344 2483 veniamne.
1375 2423 1425 2482 Tu
1445 2423 1600 2498 Domino,
1624 2424 1732 2501 inquit,
1754 2429 1876 2482 tervcm

430 2518 462 2569 et
476 2508 593 2590 plenius
610 2509 798 2589 intelligetur
812 2532 848 2571 er
864 2530 930 2588 cap.
948 2513 974 2569 2.
991 2517 1022 2569 et
1037 2513 1065 2570 3.
1176 2509 1342 2587 fundasti,
1370 2507 1402 2568 id
1424 2517 1472 2567 est
1492 2518 1602 2569 terram
1628 2508 1728 2569 fecisti
1750 2508 1876 2582 firmam

473 2594 546 2657 Jam
566 2594 698 2658 breviter
719 2616 759 2657 ex
781 2598 828 2658 his
850 2595 1026 2675 colligamus
1048 2596 1124 2655 anti·
1179 2596 1319 2657 stabilem
1329 2603 1420 2674 atquc
1431 2595 1621 2669 immobilem,
1633 2595 1727 2675 idque
1737 2599 1774 2655 in
1782 2599 1875 2673 prin-

429 2682 545 2754 thesim,
571 2701 660 2762 qnam
684 2685 763 2744 inter
784 2683 906 2762 angelos
928 2691 958 2741 et
974 2680 1125 2742 Christum
1178 2685 1272 2759 cipio,
1289 2682 1346 2741 hoc
1362 2690 1416 2755 eat,
1432 2683 1563 2742 omnium
1580 2683 1684 2761 primo,
1707 2702 1802 2761 quum
1818 2685 1873 2743 sci·

430 2776 547 2850 spectat
561 2768 734 2848 Apostolus.
758 2770 899 2850 Angelos,
922 2770 1027 2849 inquit,
1049 2768 1125 2828 Scri·
1179 2770 1250 2829 licet
1274 2779 1345 2829 ante
1367 2788 1434 2828 eam
1457 2767 1531 2828 nihil
1552 2769 1665 2830 facturn
1686 2777 1775 2829 asset
1808 2770 1876 2831 Hoc

428 2865 516 2939 ptura
546 2857 667 2918 nuntios
694 2865 725 2918 et
755 2857 906 2919 ministros
932 2856 990 2916 Dei
1019 2865 1125 2933 vucat;
1180 2857 1258 2918 enim
1285 2872 1375 2917 sensu
1399 2856 1542 2934 scriptum
1565 2865 1624 2917 est:
1647 2858 1690 2918 In
1709 2859 1875 2935 principio

430 2944 581 3006 Christum
597 2964 680 3018 vero,
695 2945 778 3024 quod
793 2944 833 3005 ad
850 2964 937 3005 unam
952 2945 981 3023 ej
987 2963 1019 3003 us
1038 2951 1124 3005 natu·
1179 2946 1300 3005 meavit
1313 2946 1402 3005 Daue
1417 2943 1538 3003 coelum
1554 2951 1584 3004 at
1598 2951 1727 3004 terram
1750 2945 1832 3005 Nam
1846 2955 1877 3005 et

429 3050 495 3092 ram
519 3031 656 3106 attinet,
673 3032 771 3093 Deum
798 3031 951 3113 appellat3
976 3030 1060 3111 quod
1086 3027 1126 3090 ad
1179 3030 1217 3091 de
1232 3030 1316 3091 coelo
1331 3031 1381 3091 hic
1395 3032 1546 3110 sequitur:

346 3136 353 3153 ·
430 3118 570 3191 alteram,
593 3118 679 3198 regni
701 3120 907 3181 aeternitatem
930 3118 960 3179 ei
980 3117 1125 3191 attribuit,
1222 3119 1265 3179 Et
1280 3136 1379 3194 opera
1390 3134 1546 3178 munuum
1557 3125 1688 3178 tuorum
1698 3119 1873 3179 auntoceli.

430 3214 462 3266 et
483 3224 574 3285 supra
597 3223 699 3266 omnes
720 3208 883 3286 participes
906 3224 975 3267 eum
997 3204 1125 3265 extollit.
1179 3205 1239 3264 Per
1254 3223 1371 3265 manua
1387 3206 1459 3277 Dei,
1482 3205 1667 3282 virtusejus
1688 3225 1725 3265 ac
1739 3206 1876 3285 potentia

431 3289 501 3372 Qua
517 3299 601 3370 parte
616 3312 718 3353 rursus
741 3294 833 3355 tacite
849 3293 986 3355 Christus
1001 3299 1124 3372 antepo·
1179 3291 1375 3370 significatur.
1397 3292 1441 3352 Et
1455 3291 1544 3366 cccli,
1560 3292 1665 3370 inquit,
1680 3299 1755 3352 tuuc
1770 3295 1876 3354 virtu·

430 3379 508 3439 nitur
522 3379 609 3451 Mori,
625 3382 678 3459 qui
694 3399 772 3440 unus
788 3388 852 3440 erat
866 3400 904 3441 ex
918 3378 1125 3459 participibus.
1179 3381 1219 3438 tis
1232 3386 1308 3440 sunt
1323 3396 1430 3454 opera.
1452 3376 1503 3438 Sic
1518 3378 1606 3439 alibi:
1635 3378 1752 3438 Vidsho
1776 3382 1877 3441 coelur

457 3467 600 3527 '10.'1‹3s.·
617 3467 667 3528 iir
681 3468 892 3544 inprincipto
907 3469 1045 3528 Domine
1060 3473 1126 3526 ter·
1180 3484 1278 3541 opera
1304 3466 1479 3540 (licitorum
1505 3473 1643 3527 tuorum.
1678 3465 1795 3525 Plurali
1822 3488 1877 3528 nu·

429 3573 502 3615 rom
515 3554 674 3631 fundarit.
698 3556 753 3629 Et,
768 3575 828 3615 uon
845 3565 974 3634 estpars
989 3554 1124 3613 testimo·
1178 3572 1262 3614 moro
1282 3554 1383 3613 coaloa
1405 3551 1486 3625 dicit,
1508 3573 1569 3614 non
1591 3561 1651 3611 tam
1665 3551 1705 3612 ad
1720 3572 1877 3614 numerum

430 3643 471 3703 nii
487 3641 537 3699 hic
551 3642 642 3713 citati,
666 3639 721 3701 sed
735 3641 792 3702 hoc
806 3641 979 3720 Scripturas
990 3641 1123 3701 testimo·
1180 3638 1415 3717 significandum,
1432 3658 1523 3719 quam
1536 3640 1608 3718 quia
1621 3639 1800 3700 vocabulum
1811 3641 1874 3702 He·

430 3729 511 3788 nium
534 3726 723 3807 praecedenti
746 3729 909 3808 conjungit.
933 3729 987 3801 Et,
1010 3726 1126 3787 scilicet
1180 3728 1304 3787 hraeum
1315 3724 1461 3805 singulari
1472 3746 1598 3786 numero
1606 3735 1696 3787 caret
1712 3724 1874 3788 Oculorum

429 3815 537 3875 iterum
559 3813 598 3874 ad
621 3814 713 3874 filium
729 3814 802 3875 dicit
817 3814 981 3895 Scriptura.
1004 3814 1124 3893 Legun·
1178 3823 1280 3873 autern
1303 3814 1431 3885 nomine,
1450 3813 1539 3887 juxta
1559 3832 1671 3873 morem
1693 3813 1877 3892 scripturae,

429 3911 479 3962 tur
492 3900 533 3959 hi>
548 3919 650 3961 versus
665 3902 776 3964 Psalm.
794 3904 864 3962 101.
891 3900 954 3963 Sed
973 3899 1124 3981 quomodo
1179 3899 1441 3980 comprehenditur
1455 3899 1605 3979 quicquid
1626 3918 1719 3978 supra
1744 3921 1800 3961 uos
1823 3920 1875 3961 ex·

429 3986 469 4048 ad
484 3986 635 4049 Christum
652 3991 827 4069 pertincant,
849 3987 1050 4071 quaerendum
1070 3995 1125 4060 est,
1180 4006 1307 4067 pansum
1322 3995 1475 4064 estusque
1490 3986 1529 4048 ad
1546 3988 1659 4047 extima
1674 3986 1786 4047 muudi.
1804 3989 1876 4047 Pro·

430 4093 497 4137 cum
513 4074 652 4135 Psalmns
667 4075 789 4136 illenon
804 4073 969 4136 aliudesse
986 4074 1127 4136 videatur
1178 4075 1299 4154 phetam
1321 4094 1382 4134 non
1404 4072 1506 4134 iacere
1527 4075 1589 4133 vim
1605 4074 1636 4133 in
1651 4092 1783 4145 numero,
1805 4072 1878 4134 inda

430 4182 522 4241 quam
547 4163 643 4222 oratio
666 4182 718 4222 seu
739 4164 846 4243 populi
867 4182 922 4224 seu
944 4161 1124 4240 Prophetae,
1180 4162 1283 4240 liquet,
1306 4162 1458 4239 quianon
1481 4179 1590 4238 opera,
1614 4162 1693 4220 sicut
1710 4160 1877 4241 Apostolus

429 4247 495 4309 Deo
519 4248 718 4330 supplicantis
740 4271 795 4330 pro
818 4250 1037 4311 restauratione
1053 4248 1124 4307 civi·
1179 4247 1272 4309 refert
1286 4267 1325 4309 ex
1341 4246 1450 4320 LXX,
1471 4248 1524 4308 sed
1548 4266 1628 4323 opus
1642 4246 1728 4319 dixit,
1749 4268 1876 4308 numero

428 4336 503 4397 tatis
525 4335 804 4415 Jerosolymitanae
819 4358 839 4398 a
854 4334 1017 4398 Chaldaeis
1040 4353 1124 4394 over·
1178 4334 1340 4413 singulari,
1357 4333 1607 4415 quemadmodum
1618 4336 1711 4395 otiam
1724 4332 1876 4414 Hierony·

429 4444 498 4500 sae3
521 4443 579 4485 noc
597 4423 634 4484 ad
658 4422 809 4485 Christum
832 4424 952 4503 proprie
972 4421 1125 4500 dirigatur,
1179 4442 1244 4481 mue
1259 4423 1356 4483 vertit.
1372 4420 1514 4500 Explicat
1529 4428 1628 4481 autem
1641 4422 1808 4498 Apostolus
1819 4422 1878 4483 hoc

430 4509 483 4573 sed
510 4510 649 4571 absolute
675 4508 714 4570 ad
736 4513 836 4573 Deum
861 4510 938 4571 coeli
964 4519 1126 4588 terraeque
1179 4510 1348 4570 testimonio
1369 4508 1410 4581 id,
1433 4507 1514 4586 quod
1535 4527 1627 4587 supra
1641 4509 1680 4569 de
1695 4507 1817 4570 Christo
1833 4509 1877 4569 di·

429 4596 622 4659 conditorem.
650 4598 741 4676 Resp.
765 4601 845 4659 siout
866 4605 985 4659 terrena
999 4597 1123 4659 Jerusa·
1178 4598 1238 4657 xit:
1257 4615 1318 4673 prr
1332 4614 1423 4673 quam
1445 4596 1523 4672 fecit
1538 4603 1568 4655 ct
1588 4596 1727 4669 saccula,
1751 4615 1791 4655 no
1806 4598 1877 4675 qnia

428 4682 489 4743 lam
511 4685 608 4764 figura
630 4685 686 4745 init
700 4686 857 4747 Ecclesiae
872 4684 997 4761 Christi3
1023 4683 1067 4743 sic
1080 4701 1125 4753 oa,
1179 4684 1355 4761 suspicetur,
1367 4684 1474 4760 sicper
1485 4702 1551 4742 enm
1564 4684 1662 4742 omnia
1674 4703 1693 4743 a
1704 4683 1771 4741 Deo
1783 4683 1877 4757 facta,

429 4789 508 4850 quae
523 4774 553 4832 in
565 4772 686 4833 Psalmo
698 4771 736 4833 de
746 4773 965 4834 restauratione
984 4777 1126 4831 terrenae
1179 4770 1328 4851 quomodo
1353 4789 1407 4850 per
1428 4770 1578 4830 ministros
1604 4777 1657 4829 ant
1677 4772 1879 4830 iustrumenta

428 4856 602 4921 Jerusalem
629 4858 784 4930 dicuntur,
815 4860 945 4938 mystice
965 4855 1126 4918 referenda
1179 4856 1278 4917 solent
1289 4857 1520 4934 artificesopera
1530 4876 1586 4917 sua
1597 4856 1753 4917 fabricare.
1768 4855 1875 4918 Osten-

430 4960 498 5005 esse
513 4945 552 5005 ad
569 4946 811 5007 aedificationem
835 4943 999 5024 spiritualis
1021 4964 1057 5004 au
1078 4964 1124 5005 su·
1179 4943 1224 5004 dit
1238 4945 1318 5004 enim
1333 4946 1377 5004 siu
1400 4963 1452 5023 per
1467 4962 1536 5003 enm
1551 4944 1652 5003 omnia
1667 4963 1686 5002 a
1700 4942 1768 5004 Dec
1784 4942 1876 5013 iacta,

427 5050 539 5116 pernae
545 5032 727 5107 Jerusalem,
739 5032 798 5095 hoc
810 5042 857 5095 eat
867 5032 1036 5109 Ecclesiae,
1048 5050 1126 5114 quae
1147 5072 1154 5110 ,
1179 5038 1214 5093 ut
1227 5037 1328 5094 umen
1341 5032 1408 5112 ipse
1421 5049 1484 5093 ucn
1496 5031 1599 5094 minus
1613 5049 1686 5093 vere
1700 5050 1736 5091 ac
1749 5030 1874 5112 propris
