4442 5825
430 565 506 635 680
953 558 1318 614 coemurmmsncrr.
1337 558 1355 613 1.

429 743 459 797 et
481 731 563 815 quod
585 752 640 794 uos
663 734 701 794 ab
717 753 753 794 eo
768 734 848 795 docti
865 733 951 795 vobis
967 738 1123 797 annuntia·
1176 744 1315 798 maneat.
1346 735 1408 797 Ubi
1423 736 1571 797 tenebras
1584 734 1700 814 utique
1716 740 1865 815 peccauit

430 843 513 898 urus3
529 820 672 882 videlicet
686 820 725 895 id,
741 821 823 902 quod
839 825 993 901 sequitur:
1178 844 1293 885 errores
1304 823 1453 902 iutelligit,
1469 823 1583 902 quibus
1595 818 1867 900 dissipandis&-

475 911 633 990 Qucniam
659 910 745 969 Dens
764 910 821 970 lae
843 917 904 984 est,
929 918 958 969 et
980 911 1126 971 tenebrae
1180 919 1246 970 stus
1270 909 1323 971 lux
1345 929 1418 970 vers
1437 910 1523 970 venit
1545 911 1578 968 iu
1601 908 1762 969 mundum.
1791 906 1867 979 licta

432 999 469 1060 in
484 1015 519 1058 eo
534 1013 602 1057 non
613 1003 688 1056 sunt
698 996 795 1056 ullae.
811 996 909 1056 Deum
925 998 1025 1057 lucem
1038 1005 1128 1057 vocat
1180 996 1262 1078 quod
1277 997 1402 1056 dicitur:
1419 1000 1457 1056 in
1472 1015 1518 1071 ea,
1533 995 1637 1067 idest,
1654 999 1694 1056 in
1702 997 1783 1070 Deo,
1797 1013 1871 1076 ponc

433 1084 537 1147 ecdem
561 1091 663 1163 tropo,
687 1102 747 1163 quo
771 1084 912 1144 tenebras
928 1085 965 1145 ab
982 1104 1018 1144 eo
1033 1103 1127 1144 remo·
1180 1086 1268 1144 etiam
1290 1082 1329 1143 ad
1350 1085 1451 1144 lacem
1477 1083 1598 1155 reterri,
1617 1083 1716 1161 juxta
1738 1081 1871 1143 Graccum

432 1181 499 1250 νοις
521 1179 648 1250 unoque
667 1171 783 1230 scilicet
803 1169 950 1231 vocabulo
973 1171 1127 1250 metapho·
1180 1172 1345 1243 lectionem,
1365 1171 1439 1250 quia
1454 1170 1523 1246 φῶς
1535 1171 1682 1230 neutrius
1697 1172 1873 1248 geunnen,

433 1262 639 1337 ricesumpt03
655 1276 692 1318 ue
704 1259 772 1336 quis
783 1256 833 1317 hic
844 1257 979 1318 lucemet
990 1258 1129 1318 tenebras
1181 1267 1214 1319 ut
1228 1260 1335 1319 lumen
1351 1257 1482 1332 Latinis3
1508 1256 1770 1335 quemadmodum
1785 1256 1874 1317 nutu

435 1363 592 1427 corporeas
616 1345 808 1422 imaginetur,
831 1363 913 1404 more
936 1344 1127 1405 Manichaec·
1181 1345 1401 1424 Hieronymus,
1426 1345 1468 1402 ita
1491 1343 1628 1403 scribens
1650 1343 1705 1403 lib.
1722 1346 1753 1403 2.
1776 1342 1873 1422 disicp‘

435 1453 510 1505 rum,
522 1433 575 1511 qui
584 1429 684 1491 Deum
697 1449 762 1490 esse
772 1429 913 1491 dicebant
926 1431 1022 1492 lucem
1034 1431 1130 1491 oculis
1183 1440 1285 1492 contra
1299 1429 1489 1509 Pelagianos,
1505 1449 1573 1509 cap.
1588 1431 1635 1492 tt:
1653 1430 1797 1510 Quando
1811 1429 1873 1488 dicit

437 1519 586 1598 corporeis
597 1517 820 1598 aspectabilem,
837 1515 1025 1578 etObristum
1037 1519 1130 1579 solem
1182 1522 1212 1582 J
1211 1536 1340 1592 oannes,
1357 1517 1465 1578 aanor
1479 1517 1626 1578 tenebrae
1642 1520 1682 1579 in
1694 1519 1759 1578 Dei
1768 1517 1874 1577 lamine

437 1607 517 1666 huuc
530 1602 687 1666 visibilem.
710 1603 810 1683 Igitur
824 1604 910 1665 Deus
925 1605 982 1666 lun
997 1604 1036 1664 ab
1050 1604 1131 1683 Apo·
1184 1606 1330 1681 reperiri,
1343 1605 1597 1665 ostenditcmnia
1605 1605 1754 1665 aliorum
1764 1605 1874 1664 lamina

438 1693 516 1753 stolo
529 1697 665 1764 vocetur,
680 1691 807 1770 primum
823 1690 923 1771 quoad
939 1691 1132 1764 intellectum,
1184 1693 1296 1769 aliqua
1310 1692 1401 1751 sorde
1416 1691 1583 1750 maculari.
1614 1690 1875 1772 Quamquambce

440 1780 514 1859 qnia
535 1778 643 1858 plenus
665 1786 711 1838 est
732 1777 946 1856 intelligentia,
970 1779 1133 1839 clarissime
1185 1797 1303 1839 sensum
1319 1798 1379 1838 nou
1394 1779 1500 1838 vadat

441 1886 474 1927 ss
497 1867 594 1944 ipsum
618 1860 752 1944 (qui'est
773 1865 868 1942 prime
887 1862 1029 1942 veritas),
1051 1874 1081 1924 et
1101 1867 1134 1924 in
1229 1868 1258 1926 6.
1281 1865 1516 1927 didicerimus:
1530 1866 1699 1943 Quoniam
1710 1867 1875 1926 maten

442 1971 475 2012 se
497 1954 562 2032 ipso
585 1951 682 2010 omnia
704 1949 765 2010 alia
783 1970 976 2030 cognosceus.
1014 1951 1134 2012 Deinde
1185 1952 1333 2012 babemus
1347 1970 1417 2012 cam
1434 1970 1485 2025 eo,
1509 1959 1538 2012 et
1560 1954 1597 2012 in
1615 1953 1763 2013 tenebris
1777 1950 1875 2011 ambr

442 2037 542 2118 quoad
564 2037 766 2106 voluntatem,
791 2039 864 2116 quia
887 2057 1000 2099 summa
1014 2039 1134 2098 bonitas
1187 2039 1308 2114 lamam
1342 2039 1536 2114 mentimur,
1565 2046 1595 2099 et
1622 2042 1799 2099 veritatem
1821 2055 1875 2098 non

442 2134 498 2200 cst,
520 2144 636 2185 summa
646 2126 768 2203 justitia
790 2132 821 2184 et
842 2125 1002 2185 rectitudo.
1037 2128 1134 2200 Dens,
1185 2128 1330 2205 facimus.
1348 2125 1498 2198 Declarat,
1513 2144 1663 2205 quorsum
1680 2126 1743 2186 buc
1756 2124 1875 2186 addere

441 2213 541 2292 iuquit
562 2213 679 2283 Moses,
702 2212 804 2289 {idelis
827 2220 871 2271 eet
893 2219 922 2270 et
937 2213 1051 2289 absque
1065 2214 1134 2273 ulla
1185 2215 1226 2274 rit
1249 2213 1429 2272 mentionem
1451 2210 1525 2273 lucis
1547 2231 1584 2271 ac
1605 2213 1817 2273 tenebrarum
1841 2213 1875 2285 ili,

441 2301 629 2377 iniquitate,
652 2303 757 2373 jactus
779 2305 809 2358 et
830 2307 950 2373 rectus,
978 2300 1066 2360 Dent
1083 2301 1134 2359 32.
1186 2300 1297 2378 inquit,
1321 2300 1496 2359 dixerimve
1509 2299 1603 2360 verbo
1620 2306 1678 2358 sut
1693 2302 1812 2372 auimo,
1831 2315 1876 2358 noo

443 2387 550 2446 Tertio
573 2381 669 2464 (quod
691 2386 827 2446 Joanues
849 2388 1036 2465 potissimum
1052 2406 1134 2466 spec·
1186 2386 1301 2446 babere
1315 2387 1491 2445 societatem
1506 2403 1578 2446 eum
1594 2386 1680 2461 Deo,
1703 2390 1789 2448 etin
1803 2394 1876 2446 ιιιιι·

442 2480 523 2532 tasse
544 2469 678 2548 videtur)
704 2481 825 2552 propter
850 2473 987 2533 effectum
1015 2472 1136 2533 divinoe
1187 2475 1251 2533 bris
1266 2475 1876 2552 peccatorumcouversamuracvirimm3

442 2559 517 2620 lucis
534 2560 564 2618 in
579 2559 681 2631 nobie,
704 2561 777 2638 quia
792 2559 929 2618 nimirum
946 2563 989 2619 ita
1004 2560 1089 2619 Deus
1104 2562 1135 2620 in
1188 2562 1380 2632 mentimur,
1407 2558 1438 2618 id
1464 2567 1530 2629 est,
1555 2558 1670 2619 falsum
1697 2557 1833 2626 dicimus,
1853 2565 1876 2617 et

442 2664 474 2705 se
496 2647 562 2726 ipso
578 2645 630 2705 lux
647 2653 695 2704 est
709 2646 878 2723 purissima,
901 2647 1053 2725 nullisque
1068 2666 1134 2725 per·
1187 2649 1352 2707 veritatem
1373 2663 1440 2706 non
1461 2641 1616 2724 facimus,
1641 2645 1702 2706 hoc
1724 2654 1787 2720 est,
1809 2646 1876 2706 iaetu

442 2733 537 2793 mixta
559 2731 704 2802 tenebris,
731 2739 765 2790 ut
787 2733 874 2792 etiarn
898 2732 965 2793 ione
988 2735 1026 2792 sit
1041 2734 1135 2793 omnis
1188 2754 1247 2794 non
1262 2732 1442 2814 probamus,
1465 2752 1568 2792 verum
1585 2752 1671 2806 esse,
1694 2733 1781 2814 quod
1795 2733 1875 2793 verbo

442 2818 527 2891 lucis,
550 2817 582 2878 id
605 2827 651 2878 eet
670 2820 820 2891 veritatis,
845 2819 986 2880 bonitatis
1001 2840 1036 2878 ac
1047 2821 1136 2897 justi·
1188 2831 1238 2880 aut
1254 2820 1435 2897 cogitatione
1451 2818 1608 2899 loquimur.
1643 2821 1725 2881 Aut:
1747 2821 1876 2897 Nonia-

444 2907 521 2979 tiae,
544 2925 625 2985 quae
644 2907 674 2966 in
697 2905 785 2966 uobis
808 2915 869 2982 est3
893 2927 947 2967 uec
970 2906 1065 2966 solnm
1081 2925 1136 2965 nos
1187 2909 1303 2982 cimus,
1327 2904 1357 2966 id
1380 2915 1441 2979 est,
1463 2906 1694 2986 conloquimur
1711 2910 1876 2981 veritate-3

445 2993 600 3063 illuminet,
616 2992 760 3067 docenda,
776 2993 848 3073 quid
865 3012 954 3073 agere
966 2994 1137 3066 debeamus,
1188 2994 1436 3074 quemadmodum
1452 2996 1592 3074 sequenti
1608 2996 1727 3074 capite:
1749 2996 1877 3058 uenere

445 3079 528 3158 quod
540 3081 572 3140 fit
583 3081 783 3141 illustratione
794 3084 1034 3158 mentis3verum
1046 3082 1135 3141 etiem
1188 3089 1241 3155 est,
1258 3090 1287 3141 et
1300 3085 1337 3142 in
1352 3100 1387 3141 eo
1402 3084 1520 3141 veritas
1533 3100 1601 3143 non
1616 3089 1671 3142 eat.
1714 3084 1815 3155 Ratio,
1836 3100 1877 3142 our

443 3168 602 3229 efficaciter
621 3176 761 3248 operetur
776 3170 806 3228 in
821 3168 920 3241 nobis,
943 3178 1136 3246 etagamus:
1186 3167 1293 3228 falsum
1310 3168 1629 3229 dicerecouvincetur:
1647 3172 1726 3246 quia
1734 3170 1878 3232 Dertrlst

443 3255 524 3334 qnod
545 3256 579 3315 fit
601 3256 782 3316 excitatione
797 3257 971 3316 voluntatis.
1002 3255 1091 3315 Unde
1106 3264 1137 3313 et
1187 3263 1249 3332 est,·
1272 3256 1409 3335 scriptum
1434 3264 1480 3316 est
1502 3262 1617 3315 auteur:
1643 3259 1738 3335 Quae
1760 3260 1878 3319 sorim

443 3345 635 3423 consequitur
658 3344 780 3401 effectus
804 3342 868 3415 ille,
895 3363 984 3423 quem
1011 3342 1061 3401 alii
1088 3342 1136 3401 bio
1187 3344 1250 3403 luci
1272 3343 1315 3402 ad
1337 3342 1504 3403 tenebrae?
1533 3341 1646 3404 icor.
1671 3347 1702 3405 6.
1735 3344 1838 3426 Quare
1854 3352 1878 3401 et

442 3429 639 3503 considerant,
661 3437 694 3488 nt
715 3428 806 3490 radiis
826 3429 906 3491 illius
920 3430 996 3490 lucie
1011 3428 1134 3507 perfuse
1185 3429 1282 3488 illatio
1306 3430 1353 3491 hio
1375 3429 1503 3509 intelligi
1523 3436 1623 3507 potest
1639 3449 1681 3491 ex
1696 3442 1789 3510 parte
1802 3449 1876 3512 prae

439 3536 523 3577 meus
538 3525 648 3589 nostra,
665 3516 702 3576 ab
715 3519 904 3596 ignorantiae
916 3517 1047 3578 tenebris
1061 3515 1132 3576 libe·
1186 3518 1318 3577 cedenti:
1350 3517 1382 3577 si
1404 3517 1489 3578 Deus
1512 3517 1566 3577 lux
1581 3526 1636 3589 est,
1659 3518 1767 3579 nullas
1782 3518 1875 3579 admit

438 3612 527 3676 retur,
544 3614 576 3663 et
591 3605 730 3664 voluutas
746 3624 764 3663 a
778 3606 929 3684 pravitate
945 3613 1095 3685 purgetur.
1184 3613 1251 3664 teus
1277 3604 1432 3675 tenebras,
1460 3605 1550 3684 igitur
1574 3603 1666 3664 bomo
1695 3606 1730 3666 in
1757 3605 1876 3667 tenebr'u

480 3692 547 3751 Hoc
569 3694 647 3752 euim
672 3700 732 3759 eet,
758 3690 838 3770 quod
853 3690 940 3751 addit
954 3692 1131 3771 Apostolus:
1184 3692 1339 3752 ambulans
1373 3693 1543 3751 societatem
1575 3689 1690 3752 habere
1722 3712 1792 3753 cnm
1818 3693 1875 3753 ne

435 3780 479 3839 Et
493 3778 639 3840 tenebrae
654 3783 690 3839 in
706 3798 741 3838 eo
756 3798 824 3839 non
839 3786 914 3839 sunt
928 3780 1023 3839 allae.
1050 3778 1130 3838 Nam
1183 3800 1243 3838 uon
1266 3786 1373 3857 potest.
1412 3778 1510 3858 Quam
1532 3778 1662 3857 prolude
1677 3780 1705 3838 si
1722 3779 1836 3841 babere
1848 3795 1875 3838 re

434 3884 540 3927 sensus
567 3877 629 3926 cst:
658 3868 707 3926 Ita
733 3867 873 3927 tenebras
896 3868 993 3925 omnis
1011 3868 1131 3939 erroris,
1183 3865 1273 3938 dicat,
1289 3867 1441 3925 mentitur.

432 3960 463 4011 et
485 3954 688 4032 ignorantiae,
717 3961 749 4013 et
774 3954 890 4033 peccati
918 3952 955 4012 ab
983 3951 1036 4013 illa
1062 3952 1130 4012 luce
1225 3951 1315 4012 Dicet
1328 3950 1455 4030 aliquis:
1477 3951 1509 4013 Si
1527 3952 1560 4022 is,
1579 3951 1633 4030 qui
1650 3952 1681 4011 iu
1697 3948 1872 4025 tenebrmid

432 4049 569 4114 aeterua,
593 4061 672 4118 quae
686 4042 771 4100 Deus
786 4049 840 4112 est,
855 4039 972 4102 alienas
989 4059 1073 4111 esse,
1097 4048 1130 4099 ut
1182 4047 1236 4111 est,
1252 4041 1431 4118 inpeccatis
1448 4037 1590 4108 ambulat,
1604 4058 1669 4097 uon
1684 4039 1781 4100 babet
1794 4040 1871 4099 socio

431 4125 523 4185 etiem
556 4145 573 4185 a
599 4128 685 4188 nobis
715 4148 847 4188 errorum
881 4136 913 4187 et
937 4134 1127 4206 peccatorum
1180 4132 1271 4186 tatem
1287 4144 1355 4185 cum
1370 4126 1454 4200 Deo;
1472 4126 1562 4203 igitur
1577 4143 1636 4184 uec
1652 4125 1871 4205 Jcsnnesipsq

430 4211 570 4271 tenebras
595 4213 738 4292 expellat
780 4215 823 4273 lit
848 4214 896 4274 hio
922 4233 1027 4273 seusus
1054 4214 1126 4273 eatis
1179 4214 1352 4290 caeterique
1367 4211 1505 4291 Apostoli
1522 4212 1703 4271 societatem
1729 4234 1799 4273 cum
1814 4213 1869 4272 Det

430 4297 582 4377 colligitur
615 4318 653 4359 ex
679 4301 891 4378 sequentibus,
922 4309 1027 4380 estque
1056 4320 1124 4359 cou-
1178 4297 1337 4359 habebant.
1367 4298 1435 4358 Non
1460 4300 1539 4357 enim
1563 4299 1716 4358 vivebant
1733 4301 1868 4380 sinopeo-

429 4394 592 4444 seutaneus
606 4386 651 4455 iis,
666 4404 744 4464 quae
753 4387 858 4447 scribit
870 4386 949 4446 idem
960 4387 1125 4467 Apostolus
1178 4388 1274 4461 catis,
1295 4384 1327 4444 id
1350 4385 1430 4463 quod
1453 4385 1590 4445 Jcenues
1607 4386 1711 4459 palam
1727 4387 1868 4466 profitetur

429 4488 494 4548 cap.
512 4473 539 4529 1.
555 4472 602 4531 sui
617 4472 776 4551 Evangelii
793 4472 831 4532 de
844 4474 942 4534 Verbo
955 4474 1031 4533 Dei:
1051 4475 1124 4533 Vita
1176 4473 1362 4549 paulopost,
1379 4469 1500 4531 diceus:
1527 4471 1562 4531 Si
1577 4471 1778 4534 dixerimus.-
1799 4473 1866 4552 Qeit
1918 4473 1920 4512 ³

428 4562 498 4613 erat
519 4557 576 4619 luc
598 4559 783 4635 bominam5
807 4568 836 4619 et
858 4562 915 4622 luc
938 4562 972 4621 in
987 4560 1124 4620 tenebris
1173 4566 1338 4633 peceatum
1353 4577 1421 4619 non
1436 4558 1607 4634 babemrir,·
1631 4562 1697 4635 ipsi
1712 4578 1775 4621 noc
1787 4559 1865 4621 reds-

426 4639 519 4716 laeet,
541 4649 570 4702 et
585 4644 734 4704 tenebrae
749 4666 817 4705 eam
833 4664 900 4706 nan
916 4649 1122 4723 eomprehen·
1174 4648 1282 4706 cimus.
1313 4644 1403 4706 Unde
1418 4652 1448 4705 et
1463 4643 1566 4704 David
1582 4645 1693 4706 orabat
1707 4647 1863 4714 Dominus,

425 4726 551 4790 derant.
582 4730 644 4790 Ubi
659 4732 803 4792 tenebras
817 4740 907 4792 vocat
926 4733 1061 4793 hominen
1078 4754 1120 4793 er·
1174 4732 1296 4794 dicens:
1323 4734 1410 4793 Deris
1431 4749 1536 4805 meret,
1560 4732 1721 4795 illumne
1736 4734 1863 4795 ametro

423 4813 539 4874 roribus
554 4823 585 4875 et
599 4819 731 4895 peccatis
747 4819 969 4880 obtenobretce.
998 4820 1036 4877 Ει
1054 4841 1118 4898 cap.
1173 4838 1266 4879 meas.
1305 4817 1494 4899 Respondec,
1521 4836 1583 4879 ucu
1607 4839 1731 4882 omnem
1747 4819 1862 4893 cumis

426 4900 492 4957 12:
519 4902 589 4977 Epo
606 4902 663 4963 lan
677 4906 712 4964 in
728 4905 884 4965 mundum
902 4910 985 4979 ueni,
1001 4914 1037 4965 ut
1052 4927 1121 4966 om·
1173 4925 1233 4984 quo
1260 4906 1382 4987 aliquae
1408 4913 1478 4965 suut
1503 4913 1702 4985 peccatorum
1729 4906 1860 4974 mucius

422 4986 491 5062 nir,
515 4990 571 5064 qui
586 4989 684 5050 eredit
698 4993 816 5068 inme,
844 4996 881 5053 in
902 4993 1038 5055 tenebris
1053 5012 1121 5055 non
1171 4992 1334 5063 secundum
1350 4991 1589 5073 Apostolumin
1607 4996 1751 5058 unebrir
1764 4993 1859 5057 ambr
