4442 5825
775 609 937 665 sternata
954 610 972 666 l.
990 609 1079 666 stari
1095 609 1231 667 testula
1265 610 1349 666 Vm.
1370 612 1410 666 17.
1432 613 1473 669 te.
1769 618 1842 690 7¹15

389 785 471 861 dico,
485 807 628 860 messus,
643 797 674 848 ιι
685 807 723 848 ea
737 786 776 848 ad
788 789 896 849 malum
914 786 1091 849 sollicitatio
1144 795 1205 860 est,
1228 786 1344 850 iaciens
1364 787 1515 851 hominem
1538 789 1718 869 simpliciter
1740 797 1770 850 et
1790 790 1842 851 ab·

386 894 451 934 non
467 884 514 935 ast
529 894 602 936 vere
621 876 801 954 proprieque
818 882 981 954 peccatum,
1006 882 1039 934 ut
1057 875 1090 936 in
1143 876 1241 936 solute
1256 884 1453 955 peccatorem.
1476 876 1544 937 Iloc
1559 877 1602 936 ita
1617 874 1752 948 videtur,
1768 894 1840 955 quo·

386 959 521 1021 mosibus
536 959 779 1040 loquimur(nam
792 970 919 1022 naturae
931 969 1086 1042 peccatum
1141 962 1238 1035 niam,
1268 964 1321 1041 qni
1348 981 1387 1022 ex
1413 963 1481 1024 Deo
1509 972 1599 1024 natus
1630 973 1695 1037 est,
1724 970 1842 1024 retenta

386 1065 443 1108 sen
459 1048 565 1108 vitium
578 1049 682 1109 merito
695 1045 799 1124 dicas),
815 1049 957 1128 qnoniam
969 1057 1088 1110 nonest
1142 1050 1234 1108 etiarn
1250 1049 1349 1126 gratia
1363 1058 1395 1108 et
1417 1048 1565 1129 dignitate
1588 1049 1680 1127 hujus
1703 1048 1839 1128 adoptio·

387 1133 577 1209 voluntaria3
600 1142 764 1194 esttamen
788 1126 913 1212 ἀνομία,
937 1135 969 1195 id
992 1143 1046 1207 est,
1069 1156 1088 1195 a
1140 1135 1203 1207 nis,
1227 1135 1384 1195 committit
1406 1144 1532 1215 peccata
1551 1135 1695 1209 venialia,
1717 1143 1841 1216 propter

386 1219 458 1300 lego
473 1219 529 1280 Dei
545 1219 689 1290 deflexio,
711 1222 771 1280 imo
787 1231 892 1282 contra
912 1221 1010 1300 legem
1027 1222 1088 1282 Dei
1141 1239 1222 1299 quae
1245 1220 1294 1281 bic
1314 1220 1391 1281 idem
1414 1220 1581 1303 Apostolus
1603 1241 1697 1299 supra
1719 1241 1785 1301 cap.
1811 1226 1839 1283 1.

385 1309 603 1386 repugnantia,
638 1317 673 1369 ut
694 1327 733 1368 ex
759 1328 823 1388 cap.
849 1311 876 1368 7.
900 1307 939 1368 ad
961 1308 1086 1368 Roman.
1140 1306 1218 1367 dixit
1243 1307 1440 1385 generaliter:
1470 1310 1505 1371 st
1532 1310 1708 1371 dixerimus
1715 1352 1725 1384 ,
1754 1308 1839 1386 quod

384 1391 581 1455 manifestum
598 1404 653 1454 est.
688 1393 790 1472 Quare
805 1414 864 1455 non
880 1392 1021 1455 videntur
1035 1415 1086 1455 no·
1137 1400 1304 1470 peccatum
1318 1413 1387 1455 non
1400 1395 1559 1470 babemus,
1575 1397 1730 1471 nosipsos
1744 1395 1839 1457 acdu-

383 1481 436 1542 bis
452 1478 665 1541 confundenda
676 1483 734 1541 ieta
750 1481 808 1541 dno
821 1480 900 1562 apud
914 1479 992 1541 huuc
1003 1481 1083 1558 Apo·
1139 1484 1256 1554 murus,
1283 1483 1447 1542 atvcritoa
1469 1485 1505 1543 tu
1521 1481 1611 1544 nobis
1626 1500 1694 1544 non
1709 1489 1761 1544 cat
1798 1482 1839 1542 tit

384 1564 497 1628 stolum
521 1566 603 1644 loca3
632 1569 657 1626 is
677 1568 806 1640 scilicet,
834 1569 886 1645 qui
910 1575 957 1627 ost
974 1588 1040 1647 cap.
1056 1569 1085 1628 3.
1139 1568 1264 1627 iterum:
1280 1568 1315 1628 aa·
1330 1568 1514 1642 dixerimus,
1542 1570 1628 1647 quod
1642 1588 1710 1632 saon
1723 1586 1837 1647 pecco·

383 1656 480 1726 s·.4.‚
504 1662 534 1713 et
554 1654 605 1734 qui
627 1654 676 1714 hic
699 1675 727 1714 v.
754 1657 801 1714 17.
829 1656 896 1715 Non
920 1663 1020 1714 tamen
1043 1655 1087 1715 ita
1138 1657 1260 1727 vianna,
1291 1655 1474 1716 mandacem
1502 1658 1641 1734 facimus
1669 1658 1773 1730 Eum,
1807 1661 1838 1718 et

383 1740 530 1802 differunt
549 1751 705 1818 peccatum
721 1750 752 1801 et
767 1742 901 1814 anomia,
917 1742 992 1819 quin
1008 1740 1086 1801 haec
1138 1741 1269 1802 verbum
1284 1742 1365 1816 Eius
1386 1761 1455 1804 aon
1474 1750 1518 1804 cst
1532 1747 1569 1803 in
1584 1743 1681 1805 nobis.
1720 1740 1837 1804 llotlem

382 1831 426 1889 sit
441 1826 523 1887 illius
538 1847 649 1906 genus,
669 1827 801 1906 ideoque
823 1847 910 1889 omne
926 1837 1084 1908 peccatum
1138 1827 1257 1900 valent,
1279 1847 1360 1906 qnae
1382 1829 1525 1908 leguntur
1539 1850 1605 1910 cap.
1622 1833 1650 1892 3.
1667 1852 1697 1891 ι.
1713 1829 1743 1891 6.
1760 1832 1789 1889 7.
1805 1830 1835 1891 8.

381 1917 427 1975 sit
450 1915 584 1987 anomia,
608 1916 750 1992 quamvis
765 1935 824 1975 non
848 1916 943 1975 omnis
966 1915 1085 1976 anomia
1139 1918 1168 1976 9.
1185 1925 1215 1974 ιι
1230 1916 1341 1994 passim
1356 1924 1419 1976 tota
1434 1916 1583 1993 Epistola
1618 1915 1684 1993 Quo
1700 1933 1787 1977 versu
1804 1917 1834 1978 9.

381 2003 425 2063 sit
441 2002 561 2080 proprie
576 2003 704 2061 nominis
722 2009 885 2081 peccatum.
1139 2020 1260 2061 causam
1275 2001 1383 2081 hujus,
1405 2002 1486 2083 quod
1508 2022 1589 2065 nnnc
1610 2001 1734 2075 dicitnr,
1755 1999 1835 2082 Apo·

433 2088 642 2162 tascium,
667 2093 744 2166 quio
770 2090 891 2162 omnia,
918 2091 973 2165 qni
988 2095 1084 2150 notua
1138 2086 1234 2148 stolus
1250 2087 1437 2162 reddiderat,
1460 2092 1612 2170 inquiens:
1636 2090 1747 2151 Omnis
1753 2132 1764 2163 ,
1780 2092 1836 2164 qut

382 2181 431 2236 cat
447 2192 485 2235 aa
502 2175 586 2249 Dco,
611 2193 677 2237 nort
698 2182 827 2252 peccat,
852 2175 906 2235 aad
920 2177 1084 2250 pancratio
1137 2181 1233 2235 notua
1248 2181 1292 2234 eat
1311 2193 1349 2236 aa
1364 2178 1451 2248 Deo,
1472 2184 1636 2253 paccatum
1659 2195 1727 2237 nou
1740 2176 1833 2253 fucit,

380 2263 449 2324 Das'
471 2270 636 2322 conserunt
657 2281 748 2337 aum,
776 2268 805 2322 et
827 2262 987 2337 molipnna
1016 2279 1084 2323 non
1136 2264 1288 2338 quonium
1304 2279 1409 2322 acmen
1431 2265 1530 2337 ipsius
1548 2268 1584 2325 in
1600 2279 1636 2322 co
1651 2270 1778 2338 mnuat‚·
1804 2269 1835 2322 ct

381 2349 492 2424 tengrit
517 2367 597 2409 enm.
635 2348 703 2410 Hoc
730 2368 821 2409 versu
843 2356 875 2409 et
895 2347 1014 2409 duobus
1036 2368 1082 2408 se·
1136 2366 1205 2408 nou
1225 2354 1327 2422 potest
1351 2367 1499 2426 paccare,
1526 2351 1680 2427 quoniam
1704 2367 1742 2411 aa·
1765 2350 1834 2410 Deo

380 2434 551 2517 quentibus
576 2433 693 2496 reducit
722 2435 887 2513 Apostolus
917 2453 1083 2496 sermonem
1137 2443 1233 2495 notua
1245 2440 1297 2494 ast.
1320 2434 1457 2496 Eandem
1470 2436 1527 2497 boo
1539 2438 1605 2497 loco
1617 2433 1723 2496 iisdem
1734 2455 1833 2514 paene

380 2541 471 2584 saum
488 2521 526 2581 ad
541 2523 712 2601 superiora,
737 2522 787 2583 ubi
810 2520 860 2598 (ab
877 2522 962 2582 initio
978 2522 1083 2599 capitis
1136 2520 1237 2582 verbis
1252 2522 1368 2598 repetit,
1385 2520 1501 2582 dicens:
1517 2524 1578 2586 Sed
1592 2526 1754 2600 pancratio
1768 2525 1833 2583 Dei

380 2607 533 2689 usquead
549 2627 626 2669 vers.
646 2605 708 2686 14.)
732 2608 838 2670 fideles
860 2608 958 2669 fuerat
980 2608 1081 2668 cohor·
1136 2615 1301 2669 conserunt
1316 2626 1396 2668 eum.
1430 2609 1468 2669 Iu
1482 2608 1598 2671 Graeco
1621 2610 1730 2688 legitur
1752 2628 1831 2670 nuno

380 2703 469 2757 tatus
499 2693 538 2753 ad
568 2706 738 2757 constanter
772 2695 1021 2776 perseverandum
1051 2696 1083 2755 in
1136 2693 1274 2773 quidem:
1296 2695 1358 2756 Sed
1380 2698 1557 2771 partiturae
1574 2699 1643 2758 Deo
1666 2702 1833 2757 comerent

380 2802 460 2844 vera
474 2793 566 2861 atque
581 2782 745 2842 affectuosa
760 2793 790 2843 et
805 2782 964 2843 obediente
976 2780 1037 2843 fide
1052 2782 1083 2841 in
1135 2800 1165 2842 sc
1180 2783 1283 2857 ipsum
1291 2803 1304 2858 ,·
1330 2789 1361 2841 at
1383 2792 1483 2843 noster
1502 2783 1655 2859 Interpres
1678 2802 1731 2862 pro
1754 2782 1828 2842 rela-

378 2869 505 2942 Jesum,
529 2868 587 2930 Dei
603 2870 739 2944 Filium,
754 2879 878 2952 propter
900 2890 955 2933 nos
970 2868 1082 2931 factum
1134 2869 1196 2930 tivo
1211 2869 1378 2969 reciproco:
1393 2861 1502 2929 ἑαυτὸν
1510 2916 1520 2946 ,
1537 2870 1612 2951 legit
1627 2889 1688 2930 non
1702 2870 1831 2949 recipro-

379 2958 543 3018 bominem.
581 2956 662 3017 Nam
677 2977 753 3019 vers.
775 2960 824 3019 14.
847 2968 877 3019 et
899 2957 995 3018 tribus
1017 2975 1082 3035 seq.
1134 2975 1217 3017 cum:
1249 2948 1358 3030 αυτὸν,
1388 2976 1465 3036 quac
1494 2978 1567 3019 sane
1597 2958 1686 3018 lectio
1712 2956 1833 3019 ridetur

378 3044 441 3105 tuit
461 3042 584 3123 quidam
608 3043 692 3103 velut
714 3064 857 3105 excursus
881 3064 900 3103 a
922 3042 1082 3124 principali
1134 3044 1249 3123 aptior;
1276 3051 1307 3101 et
1330 3062 1367 3103 ea
1388 3042 1460 3104 data
1485 3056 1530 3106 est
1552 3043 1659 3105 clarior
1680 3064 1716 3105 ac
1737 3045 1833 3123 major

381 3132 558 3213 proposito,
572 3128 611 3189 ad
628 3129 708 3209 qnod
724 3150 803 3193 nunc
817 3131 903 3193 redit.
926 3132 978 3192 ait
993 3149 1081 3210 ergo:
1135 3130 1286 3210 oppositio
1323 3128 1412 3207 hujus
1447 3133 1544 3211 partis
1581 3130 1619 3191 ad
1655 3138 1832 3209 sequentem

377 3220 505 3283 &imus
512 3262 522 3292 ,
546 3216 632 3294 quod
648 3221 767 3291 omnis,
792 3223 848 3296 qni
869 3226 966 3279 notas
982 3224 1025 3277 ast
1040 3236 1079 3279 aa·
1134 3217 1233 3277 illam:
1248 3216 1292 3277 Et
1306 3217 1467 3292 matronas
1480 3237 1549 3279 nort
1563 3220 1668 3294 tonpit
1683 3237 1763 3279 cum.

376 3307 453 3369 Deo
460 3349 470 3379 ,
498 3323 566 3366 aon
582 3312 691 3380 peccat
698 3328 711 3382 ,·
740 3307 828 3384 quasi
850 3306 946 3365 dicat:
973 3305 1081 3384 Ingena
1178 3301 1258 3381 Quid
1274 3312 1374 3364 nostor
1390 3305 1422 3364 in
1437 3324 1490 3365 auo
1507 3304 1611 3366 codice
1626 3304 1776 3377 habuerit,
1799 3313 1834 3366 ιιι

376 3392 435 3455 ille
451 3391 580 3462 fructus,
600 3410 688 3470 quem
705 3411 744 3452 ex
760 3390 989 3453 christianismo
1003 3392 1080 3451 acci·
1133 3387 1287 3450 redderet:
1307 3392 1469 3466 pancratio
1496 3395 1558 3454 Dei
1564 3437 1575 3467 ,
1600 3411 1691 3471 quum
1715 3389 1832 3452 Graeca

376 3480 472 3563 pitis,
498 3479 604 3539 merito
631 3498 686 3538 vos
712 3498 889 3559 permovere
915 3477 1021 3550 debet,
1048 3483 1082 3537 ut
1134 3496 1213 3536 nunc
1229 3473 1347 3556 legant:
1372 3479 1496 3555 penitus
1515 3498 1554 3542 aa
1569 3482 1656 3553 Deo,
1685 3498 1744 3539 non
1758 3478 1831 3538 satis

377 3574 553 3629 consumor
561 3566 854 3644 ineopermaneatis.
878 3564 1079 3637 Omnisenim,
1134 3563 1239 3644 liquet
1262 3563 1324 3625 Sed
1339 3585 1392 3645 per
1401 3568 1638 3641 uenerationem
1651 3567 1712 3626 Dei
1728 3573 1830 3643 potest

377 3656 437 3736 qni
468 3673 522 3733 per
550 3650 621 3712 fidei
651 3661 871 3713 sacramentnm
901 3652 1080 3732 baptis-um
1134 3649 1265 3729 intelligi
1291 3649 1385 3725 idem,
1412 3652 1493 3733 qnod
1517 3674 1609 3733 snpra
1629 3672 1695 3731 cap.
1720 3651 1750 3711 3.
1778 3672 1832 3730 per

375 3750 472 3803 natus
488 3747 535 3799 est
551 3759 587 3798 ex
603 3739 687 3813 Deo,
709 3747 835 3818 accepta
854 3740 952 3818 gratia
971 3738 1080 3816 justiti·
1133 3756 1237 3797 saman
1252 3739 1314 3798 Dei
1321 3761 1333 3815 ,·
1356 3758 1464 3819 nempe
1485 3742 1552 3819 ipsa
1566 3740 1677 3801 caritas
1692 3756 1746 3798 seu
1761 3758 1824 3817 gra·

375 3828 523 3898 cationis,
554 3846 607 3904 per
632 3843 721 3904 quam
755 3824 917 3904 adoptatus
942 3834 989 3886 est
1012 3825 1081 3885 Deo
1133 3825 1177 3884 tia
1187 3824 1372 3903 justificans,
1388 3845 1468 3905 quae
1482 3825 1719 3887 iucitbominem
1733 3825 1827 3885 tilium

375 3915 474 3986 filius,
488 3933 550 3973 non
564 3911 660 3972 solum
674 3909 980 3973 habetremisaiouem
996 3931 1079 3990 prae·
1133 3912 1191 3972 Dei
1213 3909 1397 3990 adoptivum.
1432 3912 1480 3973 Ita
1503 3913 1642 3993 plerique
1666 3912 1769 3972 Latini
1784 3913 1827 3972 in·

376 4000 554 4065 cedentium
574 4006 779 4079 peccatorum,
803 3997 858 4060 sed
874 3999 965 4059 etiarn
980 4017 1077 4059 serva·
1133 3996 1291 4075 telligunt;
1304 4008 1336 4058 et
1348 3999 1404 4059 boc
1420 3999 1509 4061 modo
1525 4004 1556 4062 in
1571 3998 1696 4061 cundem
1712 4018 1831 4059 sensum

373 4100 430 4151 tur
453 4087 597 4165 deinceps
621 4106 640 4145 a
666 4088 806 4165 peccatis.
843 4086 921 4146 Nam
951 4085 1080 4146 retinens
1132 4093 1260 4161 utraque
1275 4085 1366 4146 lectio
1381 4098 1552 4163 concurret,
1573 4098 1677 4148 nostra
1692 4094 1723 4146 ιι
1738 4084 1830 4148 Grae·

375 4177 510 4258 gratiam
526 4173 625 4247 illam,
648 4191 709 4253 qua
725 4173 783 4233 Dei
806 4173 886 4234 filius
908 4170 1008 4233 factus
1024 4183 1081 4247 est,
1133 4191 1169 4231 ca
1185 4168 1336 4234 hodierna.
1372 4172 1541 4252 Quoniam,
1557 4175 1610 4253 qui
1626 4173 1831 4254 perspiritum

375 4282 545 4342 numquam
572 4260 665 4321 ullum
691 4262 819 4321 mortale
845 4268 1001 4341 paccatum
1027 4258 1079 4320 ad·
1133 4257 1301 4338 adoptionis
1316 4263 1441 4335 partitus
1455 4268 1499 4322 ast
1515 4280 1554 4325 aa
1571 4263 1638 4323 Deo
1645 4306 1657 4336 ,
1677 4280 1736 4321 uon
1753 4278 1831 4322 con·

374 4351 494 4423 mittet,
520 4368 581 4428 quo
597 4346 777 4425 dignitatem
792 4347 873 4408 illam
889 4345 1006 4425 perdat.
1038 4346 1081 4408 Ut
1132 4354 1238 4406 ιιιυιιι
1250 4364 1281 4406 sc
1296 4347 1401 4423 ipsum
1416 4349 1474 4409 nisi
1491 4369 1546 4429 per
1560 4349 1638 4410 bunc
1654 4350 1754 4428 ipsum
1770 4350 1829 4428 spi·

374 4445 482 4499 autam
505 4455 572 4496 eam
587 4436 720 4514 'gratiam
750 4442 921 4495 constanter
942 4434 1080 4506 retineat,
1132 4434 1234 4503 ritum,
1251 4442 1280 4493 et
1294 4433 1473 4513 quotidiana
1488 4436 1555 4508 Dei,
1570 4443 1604 4495 nt
1620 4435 1730 4506 Patris,
1745 4434 1830 4496 auxi·

373 4527 410 4587 in
426 4523 492 4601 ipso
508 4523 598 4583 situm
615 4530 676 4593 est,
700 4520 804 4583 divino
827 4520 941 4581 auxilio
957 4519 1080 4581 assidue
1136 4520 1185 4579 lia.
1220 4521 1323 4599 Atque
1337 4522 1380 4581 ita
1402 4522 1451 4582 hic
1465 4540 1564 4583 sermo
1579 4520 1757 4602 intelligitur
1772 4541 1833 4583 non

374 4610 465 4672 illum
482 4607 696 4689 praeveniente
712 4615 743 4667 et
757 4608 977 4687 subsequente,
997 4605 1079 4682 quod
1132 4605 1228 4667 solnm
1253 4605 1435 4682 formaliter,
1465 4608 1518 4670 sed
1548 4610 1636 4670 otiam
1661 4607 1831 4670 causaliter.

374 4696 508 4760 fideliter
530 4695 644 4776 petenti
668 4695 807 4774 serioque
828 4695 973 4755 ambienti
993 4693 1079 4755 Deus
1133 4693 1179 4752 Ex
1201 4693 1269 4753 Deo
1291 4703 1397 4768 natus,
1423 4714 1581 4756 remanens
1604 4695 1691 4766 talis,
1716 4694 1831 4757 nullum

375 4804 442 4847 non
456 4781 625 4862 denegabit
1132 4778 1245 4841 letbale
1271 4793 1428 4859 peccatum
1455 4781 1601 4856 admittit3
1636 4781 1730 4862 idque
1754 4780 1832 4856 ideo,

424 4869 553 4933 Videtur
567 4868 662 4930 verbu
672 4869 829 4945 peccandi
840 4867 1006 4947 Apostolus
1022 4868 1078 4928 boc
1132 4867 1205 4947 quia
1220 4886 1260 4929 cx
1273 4869 1341 4930 Deo
1356 4877 1444 4930 natus
1466 4877 1520 4930 est.
1555 4869 1641 4930 Haec
1664 4869 1742 4933 enim
1759 4868 1830 4931 ado·

377 4960 449 5020 loeo
471 4957 567 5018 solnm
583 4955 756 5035 intelligere
774 4964 929 5036 peccatum
944 4953 1077 5027 mortale,
1131 4956 1205 5035 ptio,
1220 4974 1274 5016 seu
1289 4955 1512 5017 fundamentum
1524 4958 1591 5037 ejus
1605 4958 1724 5030 caritas,
1747 4955 1832 5019 illum

377 5043 463 5129 qnod
491 5042 669 5126 simpliciter
697 5048 728 5104 ιι
757 5043 899 5125 insignita
917 5048 1077 5125 peceatum
1130 5050 1293 5106 ιιιιιιιιι
1307 5065 1327 5105 a
1346 5043 1537 5125 maioribus
1557 5046 1709 5130 pcccatis,
1732 5047 1830 5127 quoti·
