4442 5825
764 597 1270 657 momenmentum.
1289 602 1409 656 an-ts.
1704 607 1775 677 tol

355 776 497 858 aplicant,
519 776 570 857 qni
594 776 709 850 dicunt,
734 777 835 839 Jacob
858 779 888 838 in
912 778 1029 857 Joseph
1083 783 1154 838 cute
1176 785 1231 848 est,
1256 776 1354 855 deque
1377 774 1598 837 introductione
1621 795 1723 837 eorum
1746 776 1779 836 in

355 865 398 927 'dio
422 885 478 925 suo
499 863 653 925 Christum
680 864 880 942 significatum
907 884 1028 945 prospe·
1082 872 1193 924 terrm
1210 863 1348 943 patribus
1373 864 1569 943 promissam
1591 864 1734 944 quodque
1748 864 1779 923 in

355 951 426 1023 risse,
448 959 479 1010 et
500 952 532 1011 in
552 951 642 1028 virga
655 951 773 1030 Joaeph
789 952 902 1028 regiam
918 950 1030 1012 Christi
1081 951 1171 1029 hujus
1186 951 1447 1010 reitestimonium
1459 950 1625 1022 mandavit,
1640 968 1780 1010 ossam

355 1045 515 1099 natatem
530 1037 712 1116 agnoviase3
735 1038 865 1118 denique
889 1038 955 1118 ejus
972 1039 1029 1098 sir·
1082 1037 1174 1097 simul
1190 1037 1356 1117 asportari:
1372 1036 1405 1096 id
1420 1044 1515 1098 totum
1532 1055 1570 1097 ex
1586 1055 1622 1097 ea
1637 1035 1696 1097 tide
1712 1055 1780 1118 pro·

355 1122 563 1203 peiutigium
588 1142 640 1183 seu
664 1131 755 1204 caput
776 1124 933 1197 adorasse,
956 1125 1029 1203 quia
1082 1124 1182 1194 cessit,
1205 1114 1297 1201 quein
1319 1123 1426 1183 babuit
1450 1123 1572 1185 divinae
1588 1122 1781 1201 promissioni

355 1219 426 1289 aput
440 1208 558 1270 Christi
572 1210 666 1280 Deus,
691 1209 791 1270 lccr.
811 1215 860 1270 11.
1081 1210 1221 1290 patribus
1252 1209 1362 1270 iactae.
1399 1209 1459 1270 Sed
1492 1228 1548 1270 nec
1572 1209 1691 1270 irritum
1722 1207 1781 1270 init

379 1296 491 1374 Quaeri
506 1295 556 1357 hic
576 1304 686 1377 potest,
709 1316 762 1356 cur
777 1298 954 1377 Apostolus,
977 1297 1029 1374 qui
1082 1296 1269 1357 mandatum.
1292 1296 1371 1356 Nam
1394 1314 1468 1355 ossa
1491 1296 1567 1374 ejus,
1588 1295 1675 1356 Mose
1696 1315 1780 1357 man·

355 1386 463 1445 laarum
479 1381 717 1443 benedictionum
737 1384 876 1455 meminit,
900 1384 1028 1454 tertiam,
1082 1380 1181 1454 dante,
1205 1402 1306 1442 secum
1322 1381 1430 1442 tulisse
1450 1381 1593 1459 leguntur
1608 1381 1779 1455 Israelitae,

355 1490 393 1529 on
414 1472 515 1529 minus
536 1470 759 1530 memorabilem
775 1478 804 1528 et
818 1470 1029 1548 mysteriorum
1081 1468 1177 1529 Exod.
1204 1470 1269 1540 13„
1297 1467 1460 1547 eademne
1481 1477 1588 1549 postea
1612 1470 1643 1529 in
1667 1477 1780 1529 terram

355 1556 464 1629 lnam,
489 1574 551 1635 qna
572 1555 673 1617 Jacob
695 1556 848 1617 benedixit
868 1557 939 1616 liliis
964 1557 1028 1616 suis
1085 1556 1265 1635 promissam
1287 1556 1442 1628 intulisse,
1465 1565 1556 1636 atque
1576 1556 1607 1614 in
1628 1575 1702 1636 agro
1726 1576 1780 1635 pa·

356 1641 501 1712 uodecim,
517 1642 761 1722 praetermiserit
777 1643 965 1721 Respondeo,
981 1662 1029 1702 sa·
1082 1655 1165 1702 terno
1182 1642 1348 1720 sepeliisse,
1363 1641 1461 1702 Josne
1475 1641 1591 1702 ultimo.

355 1728 640 1807 sesseApostolo,
664 1729 852 1801 siemultis,
875 1749 953 1808 quae
976 1749 1029 1807 per
1089 1763 1091 1766 -
1126 1729 1779 1803 23.Ftuan10m,nacas‚occalrosmm

355 1812 420 1877 ten
443 1817 562 1895 operati
586 1822 658 1874 sunt
681 1824 798 1892 patres,
822 1835 922 1892 pauca
941 1836 1030 1894 quse·
1081 1815 1239 1876 menecea
1264 1815 1365 1876 tribus
1390 1833 1411 1875 a
1434 1815 1624 1892 perentibus
1649 1817 1721 1877 auia
1751 1815 1781 1875 A

355 1920 402 1963 am
417 1902 542 1974 delibet,
558 1919 654 1982 caque
668 1903 849 1982 praecipua3
871 1922 926 1962 nec
941 1904 1031 1963 ratio·
1082 1902 1269 1963 Putriarchis
1294 1901 1334 1961 ad
1353 1901 1460 1963 Mosen
1482 1904 1609 1975 transit,
1636 1903 1668 1962 in
1691 1902 1779 1981 cujus

355 2006 399 2049 Ιι
413 1989 504 2049 nobis
520 1988 716 2060 reddendam,
739 2008 791 2062 cur
807 1989 895 2048 etiam
912 2007 928 2048 e
943 2008 1029 2066 prae·
1082 1989 1172 2048 etiam
1187 1988 1246 2048 lide
1262 1986 1466 2066 praedicanda
1490 1990 1676 2061 immoratur,
1699 1987 1780 2068 quod

355 2074 431 2157 bnis
446 2075 594 2136 nonnulla
617 2083 798 2155 praetereat,
820 2077 868 2135 cui
890 2096 949 2135 non
965 2083 1031 2135 erat
1083 2077 1149 2152 ejus
1171 2075 1253 2153 apud
1277 2075 1444 2150 Hebraeos,
1465 2083 1499 2135 ut
1520 2076 1694 2155 Prophetes
1715 2096 1779 2135 ma·

355 2163 522 2241 repositum
537 2162 637 2221 omnis
647 2163 767 2224 referre.
790 2161 929 2223 Tametsi
945 2180 1029 2239 prae·
1082 2162 1154 2222 ximi
1175 2171 1203 2221 et
1218 2162 1428 2241 Legislatcris,
1449 2181 1567 2223 summe
1582 2172 1664 2224 esset
1679 2170 1778 2224 aucto·

355 2249 493 2309 missae
504 2248 720 2309 benedictionis
733 2248 891 2309 duodecim
903 2250 1031 2329 patriar·
1082 2250 1168 2308 ritas.
1192 2245 1316 2309 Orditur
1332 2257 1433 2308 autem
1449 2269 1468 2308 a
1482 2250 1645 2309 nativitate
1665 2250 1734 2329 ejus
1749 2256 1780 2308 et

355 2332 458 2397 tarum
483 2333 558 2395 baec
582 2337 682 2414 potuit
697 2355 765 2395 esse
780 2337 867 2408 ratio,
891 2337 972 2414 quod
995 2355 1031 2395 ea
1084 2332 1142 2394 lide
1167 2343 1340 2413 parentum,
1370 2354 1433 2415 qua
1458 2354 1541 2407 cum,
1568 2356 1663 2414 quum
1690 2343 1780 2395 natus

355 2421 575 2483 taledicticnem
606 2420 730 2483 beberet
759 2423 960 2501 implicatam,
998 2430 1031 2481 ut
1084 2427 1172 2493 esset,
1189 2429 1295 2480 contra
1306 2422 1388 2500 regis
1405 2421 1535 2481 edictum
1547 2423 1735 2483 occultarunt
1750 2422 1781 2480 in

355 2516 420 2569 atet
434 2509 547 2587 legenti
563 2505 640 2569 Gen.
656 2509 706 2570 49.
1084 2506 1173 2567 domo
1193 2527 1251 2567 sua
1272 2508 1372 2568 tribus
1394 2506 1561 2581 mensibus,
1584 2508 1681 2569 Exod.
1697 2511 1726 2568 2.
1750 2516 1780 2567 et

375 2595 427 2655 22.
452 2595 535 2656 stuc
553 2596 694 2670 Joecplt,
714 2598 871 2669 moriens,
893 2595 930 2655 de
950 2610 1030 2671 pro·
1084 2594 1151 2653 Act.
1179 2595 1207 2652 Ἰ.
1241 2593 1317 2655 Pro:
1341 2594 1548 2671 parentibus,
1576 2593 1691 2657 Graece
1718 2602 1781 2654 est:

355 2682 471 2741 'essone
492 2680 633 2757 liliorum
648 2682 750 2743 lereti
772 2689 965 2742 memoratus
979 2687 1031 2740 cat.
1081 2681 1248 2756 putridam
1263 2681 1360 2761 Syrus
1377 2701 1497 2762 quoque
1513 2682 1557 2741 sic
1572 2682 1682 2742 hebet:
1699 2681 1780 2743 Fide

355 2766 443 2829 inrito
458 2766 579 2845 Jossph
595 2769 747 2846 prioribus
762 2768 963 2847 subjungitur,
979 2767 1032 2845 qui
1081 2775 1190 2843 potres
1204 2768 1287 2829 Mori
1309 2769 1550 2828 ocmuocmns
1565 2788 1636 2830 eum
1653 2777 1708 2829 etc.
1731 2769 1780 2829 Ex

355 2860 369 2914 t
377 2855 555 2934 patriarcba
567 2852 634 2926 luit,
647 2862 676 2914 ct
688 2854 844 2935 propheta,
857 2855 1032 2915 multarum·
1084 2872 1146 2934 quo
1161 2856 1334 2934 suspicatur
1351 2853 1484 2933 quidam,
1499 2874 1559 2915 non
1572 2856 1654 2916 solos
1666 2864 1781 2937 patrem

355 2959 397 3018 {aa
410 2942 561 3001 virtutum
577 2941 739 3019 exemplar,
760 2943 847 3020 eujus
865 2943 963 3001 animo
978 2961 1033 3001 nec
1085 2948 1115 3000 et
1133 2950 1257 3000 matrem
1282 2941 1319 3001 de
1341 2961 1435 3021 puero
1459 2944 1611 3004 serrendo
1635 2944 1781 3004 sollicitos

355 3035 480 3101 ntestaa,
495 3047 551 3087 nec
565 3027 710 3088 bonorum
726 3027 888 3100 affluentia,
904 3049 965 3106 qua
980 3044 1032 3106 po·
1085 3026 1186 3100 fuisse,
1202 3028 1255 3088 sed
1268 3038 1298 3087 et
1309 3028 1454 3108 populum
1466 3038 1497 3089 et
1510 3031 1696 3107 potissimum
1711 3049 1781 3090 con·

355 3109 470 3176 labatur
486 3114 517 3173 in
532 3114 683 3193 Aegypto,
707 3114 889 3174 oblivionem
913 3124 967 3175 aut
981 3132 1030 3172 ne·
1085 3111 1221 3173 tribules.
1245 3113 1334 3194 Quod
1358 3136 1418 3175 non
1439 3114 1530 3175 valde
1554 3116 1710 3194 probabile
1725 3126 1779 3176 eat

355 3197 466 3260 lentum
490 3198 609 3260 induxit
628 3200 844 3279 promissorum
867 3199 934 3260 Dei.
960 3201 1032 3261 Mo·
1085 3200 1145 3260 Res
1167 3200 1244 3260 enim
1270 3213 1330 3261 tam
1345 3200 1447 3262 multis
1463 3214 1537 3262 note
1561 3223 1621 3262 non
1636 3203 1783 3283 potuisset

355 3287 431 3361 luta,
448 3284 567 3347 Graece
582 3281 745 3361 τελευτῶν,
770 3288 894 3348 verbum
911 3307 929 3348 a
945 3304 1032 3366 supe·
1084 3285 1167 3365 apud
1182 3288 1281 3366 regios
1303 3288 1456 3349 ministros
1478 3288 1579 3349 celari.
1602 3289 1705 3369 Quare
1717 3307 1782 3366 po·

355 3371 415 3434 iare
440 3373 614 3445 diversum,
644 3374 676 3435 id
703 3382 751 3434 est
778 3377 875 3434 uitam
905 3372 1031 3450 liniens,
1085 3372 1186 3432 tribue
1201 3392 1256 3451 pro
1276 3375 1465 3449 parentibus
1480 3373 1591 3435 dictum
1608 3376 1783 3455 accipimus,

355 3462 473 3520 maino
492 3462 578 3519 uitus
598 3462 775 3535 prosimus.
796 3459 939 3521 Habetur
953 3459 1032 3520 idem
1085 3461 1162 3519 sicut
1184 3479 1286 3519 omnes
1306 3462 1548 3541 interpretentur.
1571 3461 1622 3522 Sic
1643 3462 1723 3522 enim
1737 3463 1781 3523 in·

355 3546 461 3607 erbum
475 3545 584 3606 uach.
601 3547 640 3618 2.,
663 3545 715 3606 ubi
735 3565 791 3605 nos
807 3546 953 3623 legimus:
976 3547 1032 3605 dc·
1084 3544 1210 3619 tardum,
1225 3547 1283 3607 etsi
1299 3566 1374 3619 raro,
1391 3547 1516 3610 Graecis
1531 3557 1704 3628 usurpatur.

355 3638 447 3694 neto
457 3638 567 3693 autem
576 3632 711 3693 Herode.
725 3632 789 3693 Nec
801 3639 848 3692 est
859 3634 888 3692 in
899 3631 1031 3695 Graeco:
1127 3632 1169 3692 At
1185 3633 1346 3712 quaeritur,
1362 3654 1424 3713 qua
1438 3643 1595 3715 parentum
1606 3634 1665 3696 tide
1681 3633 1779 3696 occul·

355 3716 596 3797 inescatione,
621 3720 691 3780 sed:
718 3718 758 3779 de
780 3723 868 3781 enites
890 3719 1031 3796 filiorum
1084 3726 1166 3780 tetus
1181 3718 1274 3779 tuerit
1289 3720 1400 3783 Moses.
1417 3720 1496 3782 Nam
1512 3721 1608 3782 videri
1624 3730 1732 3802 potest,
1747 3719 1782 3782 id

355 3804 449 3880 me'l,
466 3805 582 3866 scilicet
597 3824 635 3865 ex
650 3805 803 3886 Aegypto.
1083 3824 1137 3866 eos
1151 3804 1259 3867 iecisse
1275 3807 1404 3867 naturali
1427 3807 1573 3888 impulsos
1589 3828 1697 3881 amore,
1720 3826 1781 3887 quo

373 3891 420 3956 Et
434 3891 475 3952 de
493 3892 612 3953 mribus
632 3894 698 3952 auia
718 3892 899 3953 mundavit.
921 3890 1030 3952 Itidem
1084 3900 1225 3970 parentes
1240 3892 1317 3953 lilios
1331 3911 1402 3954 suos
1417 3895 1496 3954 omni
1516 3894 1633 3954 ratione
1646 3902 1782 3955 servatos

355 3979 523 4058 {Aegypto
536 3978 739 4059 asportandis.
762 3978 814 4039 sic
828 3978 906 4040 enim
921 3978 1032 4057 legitur
1084 3979 1224 4057 cupiunt3
1246 3989 1278 4038 ut
1300 3980 1462 4042 verisimile
1480 3981 1529 4053 sit,
1552 3978 1630 4042 idem
1652 3980 1690 4041 ab
1715 3981 1781 4042 aliis

355 4061 486 4126 licentus
509 4063 620 4125 iratres
642 4084 716 4126 suos
732 4063 841 4126 Geues.
858 4064 930 4124 ult:
955 4066 1032 4126 Post
1084 4083 1206 4145 quoque
1218 4064 1424 4127 Hebraeorum
1440 4066 1591 4128 nonnullis
1605 4067 1701 4129 fuisse
1715 4076 1781 4130 ten·

355 4158 468 4212 mem
493 4169 596 4212 mecm
623 4153 711 4213 Deus
734 4150 876 4212 oidtobit
900 4168 974 4224 voe,
1001 4158 1031 4211 ct
1082 4160 1186 4211 tatum.
1209 4151 1409 4232 Respondes,
1433 4173 1469 4215 ee
1489 4152 1567 4226 fide,
1594 4174 1655 4233 qna
1680 4154 1781 4215 crede·

355 4238 501 4299 eandm
524 4256 580 4299 ooe
603 4237 703 4316 {sciet
725 4238 763 4298 de
785 4246 874 4299 terro
899 4239 962 4298 isto
987 4238 1031 4297 ud
1082 4236 1166 4310 bant,
1190 4237 1237 4311 id,
1262 4238 1345 4319 quod
1366 4260 1385 4301 a
1406 4241 1571 4318 majoribus
1593 4250 1781 4322 acceperant,

355 4341 465 4399 mm,
488 4342 586 4402 quom
600 4327 725 4398 iurauit
740 4324 914 4398 Abrabam,
938 4325 1030 4384 Iaocc
1083 4322 1218 4384 futurum
1233 4324 1406 4404 aliquando,
1421 4334 1456 4386 nt
1469 4327 1557 4387 Deus
1573 4326 1714 4388 educeret
1728 4348 1780 4409 po-

355 4410 489 4476 tJocob.
513 4411 655 4489 Οιωιᾳιιι
676 4412 856 4484 adiurouct
870 4429 922 4471 eos
935 4418 1030 4487 utque
1083 4410 1188 4489 pulum
1216 4429 1255 4472 ex
1280 4412 1441 4492 Aegypto,
1468 4422 1500 4473 et
1522 4413 1723 4474 introduceret
1749 4416 1780 4475 in

355 4493 476 4560 blec:
496 4498 585 4558 Deua
606 4498 748 4559 visitabit
769 4515 845 4575 voa,·
867 4504 1030 4574 asportate
1083 4505 1193 4558 terram
1208 4500 1402 4576 promissam
1425 4498 1558 4579 ideoque
1573 4520 1629 4562 nec
1642 4509 1778 4562 metuen-

355 4599 404 4646 te
425 4602 498 4645 mec
517 4583 678 4645 vobim
697 4584 736 4645 de
757 4583 825 4645 ioco
847 4585 918 4658 isto,
943 4602 1029 4645 mor-
1082 4581 1163 4653 dum,
1180 4582 1262 4662 quod
1275 4583 1394 4646 Pharao
1410 4585 1597 4658 moliebatur,
1613 4594 1648 4647 nt
1662 4587 1781 4648 scilicet

355 4683 407 4732 ua
420 4677 474 4732 eet.
497 4669 597 4750 Igitur
618 4672 700 4750 qnod
722 4670 843 4749 Jcsepb
863 4671 1027 4731 moriturus
1082 4669 1212 4749 populns
1234 4680 1287 4730 ant
1311 4673 1429 4732 omnino
1453 4673 1705 4752 exstingueretur,
1728 4682 1782 4735 aut

355 4757 510 4818 tutionem
535 4755 607 4817 iecit
641 4777 708 4818 cum
740 4758 965 4817 asseveratione
990 4758 1028 4817 de
1081 4759 1229 4817 servitute
1254 4776 1416 4837 oppressus
1442 4759 1521 4819 vires
1546 4768 1576 4819 et
1606 4758 1780 4823 facultatem

355 4843 426 4906 atus
439 4842 561 4916 suturis,
584 4862 666 4923 quae
688 4842 819 4904 nondum
834 4843 1024 4915 videbantur,
1081 4863 1141 4903 non
1156 4842 1287 4916 baberet,
1311 4846 1412 4905 invitis
1429 4845 1601 4924 Aegyptiis,
1616 4844 1719 4925 fugam
1735 4849 1779 4909 in·

355 4923 369 4990 Ι
387 4937 449 5004 eat,
471 4928 509 4990 de
529 4930 703 5008 egressione
722 4930 852 4990 filiorum
871 4928 970 4989 Israltl
990 4949 1029 4989 ex
1081 4928 1180 4990 eundi.
1203 4929 1271 4990 Hac
1283 4932 1372 5017 igitur
1382 4930 1442 4991 tide
1453 4932 1590 4992 instructi
1603 4940 1635 4993 et
1646 4934 1780 5009 animati,

355 5023 485 5098 Πρω,
503 5036 582 5097 quae
602 5025 674 5098 post
695 5016 841 5077 ducentos
863 5034 960 5077 annos
982 5034 1028 5077 se·
1080 5014 1202 5076 divinae
1223 5018 1413 5096 promissioni
1434 5016 1473 5079 de
1493 5018 1607 5100 populo
1630 5022 1780 5084 mando
