4442 5825
442 602 516 671 523
955 591 1378 650 mmmumusncsrn.

440 774 562 853 primus,
582 768 652 831 hinc
674 769 834 832 verisimile
858 778 910 846 est,
933 770 1014 851 quod
1035 790 1134 852 perso·
1193 789 1286 833 sores.
1315 771 1413 831 Multo
1436 770 1556 833 Grsecs
1579 793 1641 834 non
1666 770 1788 834 reddunt
1806 771 1884 834 illud:

442 879 510 920 nsm
526 861 652 919 mutavit
668 860 826 941 quispiam.
1192 862 1228 919 in
1254 860 1457 935 deceptione,
1489 879 1543 919 nec
1570 861 1649 940 legit
1676 857 1884 935 Oscnmenius·

485 947 577 1005 Porro
592 964 697 1005 sensus
720 945 805 1007 veris
821 943 964 1017 redditur
986 945 1075 1004 etism
1091 964 1134 1004 se
1191 949 1311 1005 temetsi
1339 946 1496 1026 probsbils
1511 957 1574 1021 est,
1596 967 1616 1007 s
1634 948 1731 1007 Petro
1753 949 1885 1026 scriptun

443 1032 572 1092 cundum
596 1030 751 1092 lectionem
775 1031 931 1092 Graecam.
968 1032 996 1090 A
1012 1031 1135 1110 quibus·
1191 1051 1264 1104 esse,
1291 1032 1438 1092 excidisse
1463 1053 1535 1093 vero
1562 1043 1689 1115 propter
1713 1031 1886 1095 Gnscsm

441 1119 510 1179 dum
525 1118 581 1178 hoc
596 1118 702 1178 modo:
729 1119 892 1178 Praetereo
914 1137 1059 1177 memores
1081 1137 1137 1177 vos
1191 1139 1298 1178 vocum
1315 1120 1445 1179 initiales
1461 1120 1597 1199 syllsbss
1614 1121 1753 1182 similes:
1769 1113 1886 1198 ipsumq-

441 1225 507 1265 esse
530 1205 599 1265 volo
624 1215 856 1285 praeceptorum
878 1205 1002 1265 Domini
1024 1213 1055 1263 et
1069 1204 1136 1265 Sal·
1190 1198 1278 1283 μονὴ,
1301 1197 1482 1283 ἐμπαῖκται,
1510 1215 1540 1267 ot
1567 1209 1642 1288 quis
1668 1207 1758 1287 spud
1784 1206 1887 1268 Judsn

442 1293 572 1364 vetoris,
595 1293 682 1353 vobis
704 1293 881 1353 traditorum
904 1313 923 1352 u
944 1292 1031 1352 nobis
1054 1292 1135 1369 Apo·
1191 1312 1251 1352 non
1266 1292 1394 1352 additur.
1419 1293 1498 1353 Nem
1515 1303 1593 1354 certe
1610 1295 1811 1373 Augustinus
1824 1294 1887 1373 legit

442 1380 536 1439 stolis.
553 1337 624 1452 Alii,
637 1377 960 1451 suctoreOecumenio,
976 1386 1138 1458 praecepta
1191 1379 1241 1438 lib.
1260 1380 1309 1440 20.
1326 1378 1363 1438 de
1379 1381 1460 1440 civit.
1476 1381 1543 1453 Dei,
1561 1401 1628 1461 esp.
1650 1383 1721 1441 18.:
1755 1383 1886 1454 Venient,

441 1466 649 1546 distinguunt,
682 1468 771 1546 qussi
796 1486 943 1526 memores
969 1484 1035 1525 esse
1061 1464 1138 1524 velit
1192 1468 1298 1545 iuquit,
1324 1471 1360 1526 in
1386 1470 1557 1529 stevissimo
1586 1469 1719 1530 dierum
1749 1470 1886 1530 illusione

442 1562 674 1634 praeceptorum,
698 1563 760 1613 tum
775 1572 886 1627 eorum,
907 1570 986 1633 quse
1001 1551 1039 1611 sb
1055 1552 1135 1632 Apo·
1190 1553 1369 1626 illudentes,
1394 1563 1425 1612 et
1447 1554 1656 1635 Hieronymus
1671 1555 1729 1615 lib.
1749 1561 1775 1614 1.
1790 1555 1884 1615 sdver-

442 1640 542 1714 stolis,
565 1658 657 1720 quem
682 1659 761 1720 quse
784 1660 802 1699 s
825 1640 952 1699 Domino
978 1637 1138 1698 Salvatore
1192 1639 1412 1699 susJovinisn.
1437 1660 1501 1720 esp.
1519 1644 1585 1704 ib:
1625 1643 1770 1704 Venient
1789 1646 1885 1704 inssc-

442 1727 514 1787 detu
526 1739 603 1787 sunt.
628 1728 767 1787 Tertium
780 1746 901 1786 sensum
914 1725 1138 1805 speritErssmi
1191 1728 1324 1786 cissimis
1338 1727 1446 1787 diebus
1460 1728 1604 1789 illusores
1615 1729 1811 1791 seducentes.
1834 1729 1885 1788 Hie

442 1815 557 1874 versio:
585 1816 629 1874 Et
649 1814 799 1874 mandeti
821 1816 935 1887 nostri,
959 1814 1138 1889 quissimus
1188 1814 1251 1891 jem
1267 1813 1398 1873 ostendit
1409 1815 1571 1894 Apostolus
1586 1818 1808 1878 nscessitstem
1820 1836 1884 1876 con·

443 1902 587 1978 Apostoli
612 1903 747 1960 Domini
763 1909 793 1961 et
807 1901 996 1974 misereris,
1020 1900 1051 1960 id
1075 1909 1137 1959 est:
1191 1900 1366 1960 monitionis.
1398 1900 1486 1962 Unde
1513 1902 1598 1963 dicit:
1625 1908 1796 1979 primum,
1822 1912 1883 1962 tsn-

442 1987 487 2047 Ut
500 2006 646 2047 memores
662 1989 728 2047 sitis
744 1989 836 2047 etism
847 1985 980 2047 mundati
992 2004 1045 2046 seu
1056 2006 1138 2045 msn·
1191 2005 1280 2066 quum
1308 1986 1347 2046 de
1369 2007 1402 2047 rc
1425 1991 1597 2069 praecipue,
1626 2009 1723 2071 quesn
1747 1994 1822 2051 scire
1842 2008 1882 2048 sot

443 2072 593 2147 datorum,
624 2093 704 2153 quoe
727 2076 885 2154 accepistis
908 2096 926 2132 u
948 2072 1033 2133 nobis
1057 2075 1137 2153 Apo·
1192 2082 1338 2151 oportent,
1362 2073 1399 2133 ob
1422 2077 1573 2137 cautelam
1596 2075 1785 2137 futurorum.
1818 2075 1880 2135 Nsn

443 2159 659 2221 stolisChristi.
673 2159 1139 2239 Sensumhuncplsneefficiunt
1192 2159 1283 2219 illud·
1320 2163 1448 2222 scientes
1473 2160 1568 2242 (quod
1594 2165 1783 2223 nominativi
1808 2179 1881 2222 ossus

442 2250 508 2327 ipss
522 2248 605 2308 Petri
622 2248 723 2321 verbs,
740 2256 856 2309 mutum
872 2247 1009 2308 adhibite
1024 2267 1078 2306 seu
1093 2249 1136 2307 in·
1192 2257 1251 2306 est:
1277 2238 1501 2328 γινώσκοντες),
1524 2249 1655 2310 refertur
1670 2249 1714 2310 sd
1732 2241 1879 2327 dronqni,

442 2335 563 2395 tellecta
588 2336 759 2413 permodice
786 2335 965 2396 metathesi.
1003 2325 1055 2393 καὶ
1078 2334 1138 2433 τῇς
1191 2338 1368 2408 carissimi,
1406 2338 1448 2396 sic
1477 2345 1597 2410 temen,
1638 2345 1672 2398 ut
1704 2337 1879 2417 prseceptirs

443 2414 604 2522 ἐντολῆς
589 2425 674 2501 ημῶν
689 2424 749 2481 τῶν
767 2413 1014 2481 ἀποστόλωντοῦ
1032 2416 1137 2500 κυρίου
1192 2421 1301 2482 dictum
1318 2420 1513 2500 intelligetur,
1529 2425 1560 2485 id
1581 2434 1646 2484 est.
1671 2427 1803 2485 scitote
1790 2442 1877 2503 ,quo

442 2499 495 2567 καὶ
514 2510 675 2590 σωτῆρος.
690 2510 793 2590 Qusre
815 2511 923 2570 merito
939 2508 1077 2589 plerique
1091 2528 1137 2568 re
1191 2506 1278 2568 modo
1309 2508 1424 2568 Paulus
1454 2510 1493 2570 ud
1523 2512 1725 2571 'limotlrsnm
1764 2511 1878 2591 loquitur

443 2599 593 2658 centiores
628 2616 696 2656 eum
730 2597 960 2676 amplectuntur.
999 2597 1077 2655 Nsm
1109 2602 1139 2654 et
1193 2595 1328 2697 illpist
1353 2596 1399 2653 3.·
1422 2599 1491 2657 Hoc
1514 2605 1621 2658 autem
1641 2602 1735 2674 scito,
1761 2597 1877 2676 quodie

444 2686 535 2763 priori
551 2687 630 2764 psrti
642 2692 845 2762 congruenter
860 2682 1030 2761 respondet,
1046 2691 1140 2762 etque
1192 2686 1371 2742 novissimis
1393 2683 1501 2745 diebus
1522 2691 1577 2744 etc.
1612 2685 1846 2746 Novissimos'
1826 2703 1875 2744 sne

443 2772 519 2832 sdeo
547 2773 686 2831 convenit
711 2790 777 2829 cum
804 2789 859 2842 eo,
886 2771 967 2848 quod
993 2771 1024 2829 in
1049 2768 1139 2829 simili
1194 2778 1343 2829 extremos
1369 2770 1451 2846 dies,
1478 2771 1535 2844 rel,
1562 2780 1595 2831 ut
1622 2774 1654 2831 in
1682 2770 1813 2847 Graeco,
1834 2789 1875 2830 es·

444 2859 671 2919 commonitione
693 2853 766 2917 dicit
788 2856 823 2915 B.
844 2854 959 2917 Judos:
986 2857 1033 2917 Ab
1050 2862 1140 2933 Apu·
1193 2863 1327 2916 tremum
1355 2857 1489 2931 dierum,
1517 2877 1571 2937 pro
1597 2878 1660 2938 qno
1690 2859 1808 2921 Jndss:
1834 2875 1875 2918 es-

444 2945 532 3004 stolis
547 2947 682 3005 Domini
696 2946 799 3004 nostri
813 2948 894 3006 Jent
911 2945 1034 3004 Obristi.
1193 2951 1328 3003 tremum
1351 2962 1404 3003 sen
1427 2947 1635 3005 nouissimum
1659 2953 1803 3023 tempus,
1828 2943 1873 3004 lle·

671 3082 784 3144 Am,
818 3084 849 3143 Β
874 3083 904 3142 P
1193 3030 1284 3089 brses
1300 3030 1516 3091 consuetudine
1532 3030 1609 3092 dixit
1624 3032 1739 3092 Petrus
1754 3041 1873 3113 proten

747 3099 803 3143 iso
850 3126 857 3140 ·
903 3126 910 3140 ·
1192 3115 1316 3195 poribus
1330 3116 1446 3193 futuris,
1467 3119 1532 3180 sive
1547 3120 1576 3177 in
1593 3117 1806 3199 longinquum,
1825 3119 1874 3177 sire

488 3204 549 3266 Sed
565 3204 604 3265 sd
619 3204 699 3266 hune
713 3223 831 3264 sensum
847 3202 977 3276 secedet,
999 3203 1080 3282 quod
1096 3211 1142 3264 est
1193 3204 1282 3262 etism
1295 3205 1447 3281 proxims;
1464 3204 1873 3285 quemadmodnmesmpbn·

445 3294 476 3352 in
502 3300 605 3353 nostre
630 3291 765 3369 vulgate,
792 3294 818 3350 si
846 3292 888 3350 sic
914 3289 1084 3351 ordinemus
1111 3298 1141 3350 et
1193 3290 1267 3361 sim,
1304 3308 1383 3368 quse
1412 3288 1554 3370 frequens
1583 3302 1630 3351 est
1658 3293 1692 3351 in
1725 3292 1875 3373 Scripturit,

444 3378 676 3459 distinguemus:
708 3379 747 3438 Ut
769 3395 921 3436 memores
943 3379 1009 3436 sitis
1028 3396 1139 3438 eorum
1193 3374 1419 3453 intelligendum
1448 3376 1606 3437 docuimus
1639 3378 1671 3436 in
1700 3387 1875 3441 commentsr.

445 3467 616 3527 verborum
641 3484 662 3524 a
684 3466 801 3524 sanctis
815 3464 982 3539 Prophetis
1004 3466 1138 3523 enuntie-
1193 3461 1231 3521 sd
1249 3462 1356 3523 lTim.
1371 3465 1411 3536 4.,
1422 3471 1453 3523 st
1464 3464 1491 3522 3.
1504 3462 1543 3524 sd
1559 3463 1689 3525 eundem
1702 3466 1734 3525 3.
1755 3464 1875 3528 Suum

446 3559 554 3626 torum,
577 3571 659 3629 quae
679 3550 832 3626 praedixi
853 3552 884 3608 in
907 3549 963 3607 lrsc
985 3550 1051 3629 ipse
1066 3550 1139 3630 Epi·
1193 3557 1293 3627 potest
1308 3548 1360 3609 ille
1373 3568 1450 3613 unus
1465 3548 1556 3621 locus,
1571 3550 1663 3610 Prov.
1682 3551 1875 3625 tumens:

447 3639 541 3715 stols3
559 3656 703 3698 memores
718 3639 789 3696 item
804 3637 870 3696 sitis
882 3644 1139 3712 praeceptorum,
1193 3636 1380 3711 Inpreditnr
1410 3636 1525 3697 blande
1536 3659 1548 3713 ,·
1577 3639 1633 3697 sed
1656 3639 1694 3697 in
1722 3641 1874 3701 neuim

445 3743 528 3801 quoe
539 3744 606 3800 nos,
619 3725 763 3802 Apostoli
774 3726 881 3798 vestri,
897 3722 981 3782 vobis
994 3722 1140 3798 dedimus,
1192 3723 1347 3783 mordebit
1360 3730 1397 3783 ut
1411 3723 1546 3783 coluber.
1567 3724 1646 3784 Nem
1662 3734 1696 3783 et
1707 3725 1758 3787 hic
1767 3733 1873 3791 enni

445 3810 550 3873 eedem
573 3820 735 3893 praecepte
756 3813 891 3872 Domini
906 3816 934 3870 et
949 3810 1138 3886 salvatoris,
1191 3809 1313 3869 Petrum
1335 3809 1419 3889 loqui
1434 3808 1472 3870 de
1486 3808 1703 3871 seductoribus
1718 3813 1807 3892 psulo
1819 3821 1873 3891 pes

445 3898 549 3959 Metth.
567 3898 594 3960 7.
611 3908 642 3959 et
654 3903 704 3959 24.
722 3902 784 3958 Aut
799 3899 858 3957 sic:
875 3897 1030 3969 Dedimus,
1046 3896 1138 3957 iidem
1192 3895 1361 3966 morituris,
1377 3895 1522 3956 adversus
1534 3916 1663 3975 querum
1680 3896 1818 3959 fullsciss
1829 3897 1873 3957 bt

443 3986 582 4066 Apostoli
596 3986 720 4045 Domini
735 3993 766 4044 et
781 3983 955 4045 Salvatoris.
1191 3981 1331 4062 Epistola
1346 3984 1505 4042 monitoris
1520 3985 1693 4062 praemunit
1716 3984 1826 4057 fideles,
1843 3979 1872 4040 sl

350 4085 357 4092 ’
486 4073 555 4132 Hoc
584 4080 683 4132 sutem
711 4070 918 4151 Apostolicum
946 4077 1136 4151 praeceptum
1190 4087 1266 4147 quos
1291 4067 1405 4130 scribit.
1448 4068 1599 4130 Notsntur
1625 4079 1748 4145 sutem,
1773 4073 1823 4153 qui
1842 4086 1872 4127 ex

443 4158 585 4237 intelligit
595 4159 710 4227 Petrus,
726 4157 806 4238 quod
815 4160 878 4236 jem
891 4160 920 4217 in
932 4157 1136 4237 superioribus
1190 4154 1318 4214 Simonis
1331 4156 1505 4234 praesertim
1520 4155 1624 4216 echols
1635 4156 1787 4236 prodituri
1796 4163 1871 4220 sttui

441 4245 612 4316 inculcsvit,
625 4242 663 4303 de
674 4244 830 4305 retinenda
840 4243 990 4304 mordicus
1002 4241 1136 4303 doctrine
1188 4250 1222 4299 ut
1237 4240 1373 4302 Gnostici
1390 4250 1420 4301 et
1434 4250 1585 4322 quotquot
1605 4242 1750 4322 ejusdem
1763 4258 1871 4325 gem

439 4332 586 4412 principio
602 4330 719 4401 tradita,
734 4331 863 4389 maxims
874 4329 956 4407 quod
968 4328 1006 4388 sd
1020 4328 1134 4390 Christi
1188 4328 1256 4387 licet
1270 4331 1356 4387 varis
1370 4331 1490 4389 nemius
1505 4331 1612 4389 sortiti.

438 4417 562 4479 Domini
577 4420 789 4498 promissiones
801 4424 832 4475 et
843 4417 1004 4494 gloriosum
1020 4415 1131 4476 adren-
1229 4414 1379 4476 illusores
1395 4423 1495 4476 sutem
1511 4415 1655 4477 dicuntur
1675 4413 1753 4498 (quo
1769 4415 1869 4477 nomine

437 4515 501 4566 tum
525 4506 648 4578 sttinet3
678 4502 778 4583 deque
808 4501 949 4562 cavendis
969 4502 1130 4579 pseudodi·
1186 4502 1274 4561 etium
1289 4502 1389 4562 Judes
1404 4500 1570 4583 Apostolus
1585 4522 1641 4563 eos
1656 4500 1807 4585 uppslht)
1822 4519 1869 4561 nou

438 4590 576 4664 dsscslis,
598 4592 650 4671 qui
666 4589 704 4649 sb
721 4610 756 4648 es
772 4588 906 4647 doctrina
922 4598 1066 4648 conentur
1080 4610 1129 4649 eu·
1185 4599 1254 4660 tem,
1282 4588 1362 4669 quod
1386 4609 1439 4667 pro
1454 4588 1524 4648 ludo
1540 4588 1673 4651 habeant
1690 4592 1801 4652 Christi
1813 4586 1867 4648 reli·

436 4677 548 4739 ditores
574 4678 733 4738 sbducere.
774 4677 820 4735 De
846 4675 892 4734 his
919 4678 995 4734 enim
1022 4674 1131 4735 diserte
1184 4678 1313 4753 gionem,
1329 4677 1454 4755 ejusque
1465 4673 1596 4735 cultores
1609 4675 1780 4750 derideant,
1791 4690 1867 4757 qm

436 4764 535 4825 Judss
559 4766 701 4845 exponit.
729 4782 765 4821 ec
788 4761 827 4822 de
850 4762 954 4821 iisdem
976 4762 1131 4841 subjungit
1185 4764 1241 4841 ipsi
1258 4762 1307 4822 vel
1321 4765 1451 4823 maxime
1466 4760 1634 4824 Christiani
1650 4766 1749 4825 velint
1763 4761 1866 4826 istm:

433 4851 562 4912 Petrus:
1184 4868 1275 4928 quum
1298 4848 1380 4927 quod
1403 4851 1540 4909 instructi
1567 4851 1631 4911 sint
1652 4863 1722 4915 srts
1742 4847 1865 4914 isllesdll

477 4939 507 4997 3.
523 4940 592 4997 Hoc
601 4940 746 5014 primum
757 4937 895 5008 seientes,
908 4936 1131 5012 quodvenient
1184 4955 1260 5014 quos
1286 4934 1394 4997 Latine
1419 4934 1565 4997 dicimus:
1593 4941 1793 5016 impostores,
1815 4933 1864 4996 ne

435 5027 472 5088 in
486 5025 666 5087 novissimis
680 5023 786 5084 diebus
805 5023 840 5084 in
855 5021 1037 5098 deceptione
1052 5023 1129 5083 illu·
1183 5022 1267 5083 brsei
1293 5021 1412 5102 lingnse
1438 5040 1514 5085 suso
1537 5028 1733 5107 proprictsts
1757 5029 1863 5088 roem:
