4442 5825
726 597 943 655 nrsrrsroum
960 598 1048 654 asra
1064 598 1167 653 sunm
1202 598 1287 654 vans.
1305 599 1372 654 aa.
1701 593 1775 676 sps

357 780 416 837 rtet
437 773 477 837 ds
498 778 590 852 Jetu,
613 776 681 855 tilio
703 778 804 854 Nave,
831 785 899 859 post
920 776 1027 838 Mosen
1079 777 1119 838 ad
1134 774 1263 839 eundem
1285 775 1425 857 angelum
1444 775 1612 858 pertinebat
1627 779 1774 858 primoge-

357 870 453 924 nctore
468 862 752 945 populiIsrsiilitici.
776 865 827 926 sic
844 866 922 924 enim
938 885 1025 926 voca·
1079 866 1207 924 nitorum
1230 866 1364 944 Aegypti
1391 861 1566 925 interfectio.
1598 862 1678 925 Nam
1701 865 1776 926 su·

357 971 379 1011 rr
398 948 482 1030 apud
503 950 612 1026 Lxx,
640 952 692 1032 qui
713 951 800 1012 nobis
826 972 863 1014 cx
886 951 1026 1012 Hebraeo
1079 959 1206 1011 catores
1229 952 1423 1025 vocabantur,
1448 953 1501 1031 qui
1523 951 1726 1030 expugnando
1743 958 1774 1011 ct

357 1054 442 1114 ms,
458 1037 545 1115 [iiius
558 1041 647 1114 Nun,
671 1037 848 1119 appellatur.
872 1038 933 1100 Sed
949 1038 1027 1099 bunc
1079 1036 1242 1098 occidendo
1265 1038 1376 1111 hostes,
1400 1038 1543 1118 populum
1566 1036 1735 1099 liberabant
1759 1059 1775 1098 e

357 1123 458 1205 suffigi
478 1146 540 1187 non
560 1144 658 1206 posse,
681 1132 767 1207 patet
789 1147 825 1186 ex
849 1127 922 1206 ipsis
945 1127 1025 1206 Apo·
1079 1126 1266 1205 captivitate,
1284 1127 1429 1186 servitute
1445 1133 1475 1185 et
1490 1125 1647 1205 periculis,
1665 1123 1773 1205 quales

357 1211 400 1274 oli
421 1211 534 1274 verbis.
566 1213 635 1273 Non
663 1213 742 1274 enirn
765 1213 862 1274 Josue
884 1213 1026 1294 populum
1078 1211 1183 1284 Josue,
1199 1210 1348 1286 Othonicl,
1371 1211 1503 1286 Gedeon,
1527 1211 1668 1293 Jepbtbe,
1692 1210 1775 1274 Sam·

357 1300 531 1379 {Aegypto
546 1299 695 1374 liberarit,
711 1301 765 1360 sed
780 1300 890 1371 Moses,
906 1318 961 1361 seu
975 1319 1025 1380 po·
1079 1319 1142 1373 son,
1158 1298 1288 1372 Samuel,
1301 1307 1331 1357 et
1344 1300 1374 1358 in
1391 1301 1411 1358 4
1426 1300 1544 1381 Regum
1558 1302 1608 1361 13.
1620 1298 1705 1373 Joas,
1720 1318 1777 1359 rex

357 1404 388 1448 n
411 1402 468 1466 per
489 1387 596 1448 Mosen
620 1386 768 1448 Dominus
789 1389 882 1447 Dens.
917 1387 1027 1467 Neque
1079 1384 1185 1447 Israbl.

357 1490 428 1535 osne
441 1472 577 1551 perdidit
591 1473 778 1550 incredulos3
795 1473 857 1547 sed,
872 1474 959 1534 Mose
974 1473 1025 1534 ad·
1112 1473 1217 1533 ‘Porro
1231 1470 1268 1532 de
1281 1471 1386 1532 eodem
1401 1472 1516 1552 angeio,
1533 1471 1652 1533 vindice
1663 1492 1775 1546 eorum,

357 1580 385 1622 re
399 1561 601 1641 principante,
615 1560 701 1621 Deus
716 1561 957 1622 incredulitatem
973 1580 1025 1640 po·
1080 1562 1132 1640 qni
1158 1579 1218 1620 non
1244 1558 1449 1632 crediderant,
1477 1561 1561 1621 iocus
1584 1571 1706 1640 apertus
1730 1567 1777 1620 est

357 1647 395 1709 cli
410 1648 457 1707 sic
471 1648 550 1708 ultas
567 1656 621 1724 est,
644 1655 678 1708 ut
698 1667 800 1709 eorum
816 1668 902 1708 nemo
918 1655 1026 1707 terram
1081 1647 1178 1707 Exod.
1196 1651 1262 1709 23.:
1287 1648 1376 1721 Ecce,
1394 1666 1449 1723 epo
1466 1651 1599 1721 mittam,
1617 1648 1659 1707 ait
1673 1646 1774 1706 Domi·

357 1735 537 1796 remissionis
551 1737 684 1808 intraret,
699 1734 752 1796 sed
765 1756 867 1796 omnes
879 1754 1026 1794 moreren-
1081 1753 1146 1809 nus,
1170 1733 1319 1809 eupolum
1343 1753 1457 1809 mcum,
1482 1738 1538 1814 qui
1558 1735 1731 1810 praecedat
1746 1742 1776 1794 te

357 1842 379 1883 u
392 1821 425 1882 in
441 1820 572 1883 deserto.
595 1821 755 1903 Multoque
770 1824 866 1882 minus
881 1821 920 1895 id,
945 1819 1027 1900 quod
1082 1829 1110 1880 et
1126 1822 1284 1882 custodiat
1299 1822 1334 1880 in
1351 1825 1414 1897 via,
1432 1829 1461 1881 et
1476 1822 1661 1882 introducat
1675 1824 1711 1882 in
1726 1822 1776 1882 io·

357 1911 478 1992 inuitur,
493 1911 525 1969 in
541 1908 636 1971 Josne
651 1911 810 1989 competit;
826 1928 933 1989 nempe
946 1909 1027 1988 qnod
1082 1927 1163 1984 eum,
1189 1928 1279 1986 quem
1299 1913 1507 1985 praeparavi.
1532 1909 1669 1971 Observa
1692 1927 1775 1985 eum,

357 1997 463 2076 metor
493 2005 646 2077 apostatas
676 2001 711 2057 in
731 1997 891 2071 ‚iudicium
917 1997 1028 2071 mapni
1082 2003 1112 2055 et
1127 1996 1206 2056 audi
1221 2013 1327 2056 vocem
1339 1999 1424 2072 ejus;
1440 2016 1497 2058 nec
1509 1997 1776 2058 contemnendum

357 2086 396 2147 iri
418 2086 556 2144 uinculis
578 2087 715 2145 aeternis
738 2084 793 2145 sub
816 2085 954 2160 calipiue
976 2101 1027 2142 re·
1077 2091 1191 2160 putem·
1207 2086 1362 2160 quianon
1378 2083 1524 2160 dimittet,
1541 2104 1610 2144 cum
1623 2102 1776 2161 peecave—

357 2174 480 2235 roavit.
1081 2173 1133 2229 ris.
1156 2170 1197 2229 Et
1212 2179 1245 2229 ut
1266 2170 1418 2249 intelliges
1441 2172 1472 2230 in
1492 2192 1528 2232 eo
1543 2190 1698 2252 personam
1714 2172 1775 2232 Do·

370 2257 826 2337 Bsststigitur,utsecuudum
843 2257 967 2316 Latinos
983 2258 1025 2316 in·
1081 2258 1161 2329 mini,
1186 2258 1318 2336 proxime
1333 2258 1503 2337 subjungit:
1530 2260 1573 2318 Et
1595 2266 1777 2320 trinomen

357 2354 485 2426 apretes
501 2354 531 2404 et
546 2344 713 2424 Didymum
730 2344 878 2406 Graecum
895 2345 933 2404 de
949 2343 1026 2404 Jesu
1080 2363 1184 2404 meum
1202 2347 1236 2405 in
1252 2346 1318 2418 iilo,
1343 2342 1442 2420 idest,
1462 2346 1583 2405 nomine
1606 2363 1672 2405 meo
1689 2365 1777 2406 voca·

357 2432 460 2508 brisim
482 2432 738 2505 Dominonostro,
762 2432 837 2492 baec
854 2433 936 2492 dicta
952 2432 1025 2490 acci·
1081 2440 1138 2490 tur.
1169 2431 1294 2511 Spectet
1318 2430 1437 2507 eodem,
1466 2433 1547 2511 quod
1571 2429 1686 2492 Paulus
1708 2450 1777 2493 eum

357 2528 466 2591 saur,
494 2521 546 2598 qui
572 2518 695 2600 qnidam
722 2520 797 2580 baec
825 2521 924 2579 omnia
948 2518 1027 2591 fecit,

357 2612 392 2669 h
411 2615 448 2667 ut
468 2604 567 2680 bomo,
591 2607 646 2668 sed
670 2615 704 2667 ut
726 2607 819 2680 Deus,
844 2607 902 2665 Dei
919 2605 1027 2679 Filius,

357 2700 575 2777 pmesentntus
597 2702 698 2756 antem
721 2712 774 2771 per
796 2693 952 2773 angelum,
976 2695 1026 2772 qni

357 2781 477 2863 »pulum
503 2779 702 2842 Israffliticum
737 2800 775 2842 ex
801 2781 944 2860 Aegypto
974 2799 1028 2858 per

357 2886 416 2931 trs
434 2866 559 2928 rubrum
582 2866 669 2929 duxit
684 2869 715 2929 iu
731 2866 891 2941 desertum,
914 2887 949 2928 ac
963 2873 1027 2927 tan·

357 2973 399 3016 nn
414 2954 582 3016 introduxit
596 2956 627 3015 in
643 2967 750 3016 temam
766 2959 951 3035 promissam.
968 2953 1030 3014 Per

357 3059 421 3105 rem
436 3042 530 3103 etium
542 3042 626 3102 Deus
638 3044 771 3103 exercuit
784 3044 967 3121 punitionem
983 3042 1026 3101 in·

357 3128 533 3191 tiniarum.
557 3128 594 3188 In
609 3130 719 3211 quibus
735 3129 881 3202 omuibus,
902 3128 1027 3208 augelus

357 3235 388 3276 ο
407 3215 521 3278 Christi
545 3215 666 3278 Domini
687 3218 732 3276 sui
754 3236 910 3295 personam
928 3237 963 3275 ec
980 3224 1027 3295 ty·

357 3318 404 3364 m
417 3304 522 3384 gessit
551 3301 620 3381 Qua
643 3303 681 3363 de
703 3322 735 3361 re
759 3303 888 3362 diximus
904 3304 934 3361 in
950 3323 1026 3362 com·

357 3390 480 3450 nitrio
496 3388 658 3450 locale.
675 3388 714 3448 ad
730 3390 784 3448 ille
799 3389 906 3448 verba:
924 3391 1028 3466 Neque

357 3484 488 3538 numus
499 3476 671 3551 Christum,
687 3479 767 3536 sieut
779 3476 908 3553 quidum
919 3495 1027 3537 eorum

357 3569 548 3625 minuerunt.

368 3645 425 3711 Ite
451 3650 561 3727 angelo
584 3651 727 3730 populum
750 3671 767 3710 e
790 3658 872 3709 terra
896 3648 1028 3729 Aegypti

357 3746 462 3799 resuta
478 3745 509 3796 et
528 3736 674 3811 salvante,
695 3737 777 3797 locus
793 3746 839 3797 est
854 3738 952 3796 Exod.
972 3738 1029 3808 14,

357 3823 391 3884 'i
413 3827 459 3885 sie
480 3822 607 3903 legitur:
635 3826 822 3902 Totiensque
844 3842 875 3884 se
898 3825 1029 3901 anpetus

357 3915 484 3987 omini,
511 3914 567 3988 qui
590 3905 765 3988 praecedat
786 3919 891 3972 eastra
915 3910 1028 3984 lsrae'i,

357 3995 414 4059 *tr
423 4006 499 4077 port
514 4017 565 4059 eos
579 3993 622 4072 (et
634 4018 703 4060 eum
717 4018 752 4058 eo
765 4003 893 4074 pariter
908 4000 1030 4059 cotum·

357 4095 371 4136 Ι
393 4084 500 4161 nubis)
511 4107 524 4162 ,·
544 4088 659 4161 priora
681 4085 854 4159 dimittens,
875 4094 948 4161 post
964 4092 1029 4144 ter·

359 4183 407 4232 ’rt
421 4175 516 4245 stetit,
533 4174 619 4231 iuter
632 4180 738 4233 ecura
754 4176 983 4247 Aepyptiorum
1000 4178 1029 4231 et

357 4265 435 4320 'dra
449 4259 566 4333 Israe'i,
591 4267 644 4319 ete.
667 4260 758 4318 Hunc
780 4268 879 4318 antem
896 4259 1029 4338 gessisse

357 4355 493 4407 bsonsm
507 4345 639 4420 Domini,
655 4346 802 4426 significat
818 4345 857 4419 id,
881 4346 958 4424 quod
976 4365 1026 4424 po·

357 4443 399 4493 ²·
412 4431 538 4493 dicitur:
564 4434 608 4493 Et
631 4451 707 4506 eece,
729 4435 898 4509 respiciens
914 4434 1028 4492 Domi·

357 4529 391 4578 '0
402 4533 509 4597 'usper
531 4526 635 4580 casua
650 4522 880 4596 Aeppptiorum
901 4538 960 4596 per
975 4536 1027 4579 eo-

357 4615 477 4670 'Omam
493 4610 576 4683 ipnis
592 4614 621 4667 et
635 4608 737 4680 nubis,
762 4608 922 4684 interfecit
938 4625 1028 4668 euer-

357 4701 559 4767 Rmeorum,
570 4701 599 4753 et
606 4694 758 4754 subuertit
768 4702 853 4754 rotas
862 4711 1026 4768 curruum,

357 4779 568 4848 Verebantur
582 4784 616 4841 in
635 4782 847 4858 profundum.
865 4780 952 4859 Quae
968 4781 1025 4840 sai·

1081 2527 1169 2577 vocat
1194 2521 1481 2593 exterminatorem,
1508 2523 1523 2579 1
1543 2518 1611 2581 Gor.
1630 2521 1678 2578 10.
1706 2519 1776 2599 Quo

1081 2607 1201 2665 nomine
1227 2608 1316 2665 etiam
1351 2604 1525 2686 designatur
1551 2605 1662 2667 Juditb
1690 2609 1718 2668 8.
1746 2615 1777 2668 et

1080 2693 1150 2772 Snp.
1170 2696 1217 2753 18.
1240 2691 1327 2765 Vide,
1343 2712 1421 2773 quae
1436 2691 1474 2752 ed
1490 2712 1557 2753 eum
1573 2693 1664 2753 Pauli
1679 2693 1776 2755 locum

1080 2779 1200 2838 anobis
1223 2779 1302 2839 dicta
1324 2788 1401 2838 sunt.
1425 2779 1485 2839 Per
1508 2779 1584 2841 haec
1603 2789 1703 2840 sutem
1726 2780 1776 2842 dc·

1081 2867 1203 2927 struitur
1228 2866 1366 2927 haeresis
1387 2865 1597 2928 Ebionitarum
1620 2877 1648 2929 et
1671 2867 1774 2930 Photi-

1081 2955 1252 3027 nicnorum,
1282 2955 1474 3033 negantium,
1504 2954 1658 3016 Christum
1684 2957 1777 3017 fnisse

1081 3048 1152 3100 ante
1178 3041 1313 3101 Mariam.
1351 3041 1415 3100 Imo
1441 3050 1471 3100 et
1497 3044 1691 3117 Arianorum,
1723 3046 1775 3124 qui

1082 3126 1201 3186 Christo
1218 3148 1318 3187 reram
1334 3126 1479 3189 deitatem
1495 3130 1679 3191 ademerunt.
1702 3130 1775 3191 Por·

1081 3214 1166 3273 tabat
1191 3216 1268 3274 enim
1294 3214 1422 3295 angelus
1446 3214 1496 3275 ilie
1523 3235 1631 3276 nomen
1654 3218 1777 3278 Domini

1080 3309 1338 3379 tetragammaton,
1351 3300 1450 3361 Exod.
1463 3302 1492 3361 3.
1506 3303 1556 3361 20.
1570 3310 1600 3363 et
1611 3303 1693 3365 aiibi.
1709 3303 1777 3365 Nec

1081 3388 1180 3448 minus
1206 3388 1369 3448 destruitur
1395 3397 1520 3468 uterque
1546 3411 1627 3450 error
1653 3412 1709 3471 per
1735 3390 1775 3465 id,

1082 3474 1163 3555 quod
1179 3478 1326 3555 sequitur:

1127 3564 1155 3621 6.
1179 3563 1316 3638 Anpetos
1339 3580 1432 3636 vero,
1461 3564 1516 3638 qui
1538 3581 1606 3624 non
1627 3582 1775 3627 servave-

1081 3656 1160 3709 runt
1180 3667 1271 3709 suum
1288 3650 1518 3725 principatum.
1553 3648 1682 3712 Graece:
1705 3657 1776 3715 An·

1081 3736 1236 3812 peiusque,
1252 3740 1308 3813 qui
1322 3753 1390 3796 non
1404 3746 1616 3799 servaverunt
1631 3747 1685 3800 eta.
1708 3741 1776 3801 Hoc

1082 3821 1252 3901 exemplam
1283 3824 1375 3883 etiam
1401 3822 1482 3902 apud
1509 3823 1633 3885 Petrum
1660 3834 1705 3887 est
1734 3829 1777 3887 itu

1082 3909 1276 3969 scribentem:
1293 3912 1328 3972 Si
1341 3913 1425 3971 euim
1441 3912 1562 3986 aupelis
1573 3914 1777 3988 peccantibus

1083 4001 1137 4056 eto.
1162 3995 1261 4057 Judes
1276 4005 1376 4057 autem
1399 4006 1557 4076 peccatum
1573 4000 1705 4079 ipsorum
1721 4021 1777 4080 per

1082 4083 1205 4143 effectus
1220 4081 1368 4143 describit.
1392 4084 1472 4144 Nam
1495 4086 1602 4160 anpeii
1624 4088 1777 4168 peccando

1082 4190 1135 4250 per
1147 4170 1315 4250 superbiam
1324 4188 1390 4231 non
1399 4178 1569 4233 servarunt
1578 4192 1670 4235 suum
1678 4181 1777 4252 prin·

1082 4260 1234 4333 cipetum,
1251 4258 1349 4328 idest,
1365 4259 1530 4319 amiserunt
1541 4260 1698 4340 angelicae
1711 4264 1776 4343 dig·

1082 4346 1185 4405 nitatis
1205 4344 1364 4418 honorem,
1392 4347 1468 4404 sicut
1494 4350 1616 4427 exponit
1633 4346 1775 4410 Oeonme-

1082 4432 1166 4507 nins3
1189 4440 1222 4490 ut
1245 4430 1282 4491 de
1305 4432 1341 4491 iis
1358 4431 1416 4492 dici
1432 4435 1534 4511 possit,
1559 4435 1642 4514 quod
1665 4432 1704 4496 de
1724 4435 1776 4497 bo·

1081 4519 1172 4589 mine,
1199 4520 1230 4578 in
1253 4517 1377 4579 Psalmo
1399 4520 1466 4582 48.:
1498 4521 1577 4582 Cum
1599 4523 1634 4581 iu
1656 4523 1777 4584 bonore

1081 4612 1191 4679 essent,
1207 4623 1276 4666 non
1290 4606 1527 4668 intellexerunt.
1551 4608 1694 4669 Erasmus
1710 4630 1775 4671 ver·

1082 4695 1133 4752 tit:
1157 4696 1323 4768 oripinem.
1346 4694 1423 4754 Nam
1441 4684 1525 4772 ἀρχὴ
1540 4702 1699 4775 utrumque
1715 4698 1773 4777 sig-

1081 4780 1195 4852 nificat,
1224 4782 1461 4857 principatum,
1488 4791 1518 4840 et
1541 4783 1696 4857 oripinem
1722 4803 1776 4845 seu

357 4859 411 4931 tio
426 4889 490 4929 non
506 4877 621 4928 tantum
639 4870 821 4929 consistebat
837 4871 866 4928 in
883 4888 928 4938 eo,
945 4867 1026 4946 quod
1077 4870 1286 4943 principium.
1306 4868 1349 4926 At
1359 4885 1465 4928 sensns
1479 4870 1582 4929 eodem
1593 4868 1685 4929 redit:
1701 4872 1775 4933 Non

357 4956 473 5029 [sulum
490 4954 634 5015 educeret
650 4974 690 5016 ex
706 4958 866 5034 Aegypto,
881 4955 933 5013 sed
949 4964 981 5014 et
996 4956 1025 5013 in
1079 4962 1250 5015 servarunt
1270 4973 1360 5016 suam
1385 4958 1550 5032 aripinem,
1572 4955 1602 5015 id
1617 4964 1670 5030 est,
1694 4960 1775 5018 exci-

397 5043 484 5125 quod
499 5042 691 5104 adversarios
705 5042 852 5123 perderet.
886 5040 974 5101 Unde
996 5051 1026 5101 ot

1083 5040 1191 5100 derunt
1211 5061 1246 5100 ac
1261 5042 1418 5122 privarunt
1438 5062 1474 5105 se
1496 5041 1640 5124 dignitate
1659 5053 1691 5104 et
1711 5044 1774 5106 ieli-
