4442 5825
791 597 954 653 EPISTOLAE
970 599 988 652 Ι.
1006 597 1094 652 limi
1110 595 1244 651 insufflet
1277 595 1361 650 lm.
1382 597 1406 650 i.
1752 604 1824 673 737

375 772 594 837 revelationem
617 774 683 835 sive
705 773 870 836 doctrinam
884 774 1074 856 proferente;
1128 791 1252 854 queque
1274 769 1411 834 doctrine
1432 772 1489 834 eibi
1504 771 1661 852 preposite
1674 770 1825 852 probatio·

376 869 411 921 nt
424 879 531 923 munus
542 862 597 921 sit:
613 859 661 923 Ne
672 859 761 923 iidem
774 860 941 923 adhibeatis
954 861 1076 924 cuilibet
1128 879 1196 921 nem
1209 867 1238 920 et
1250 879 1376 920 examen
1388 860 1546 920 instituere
1557 856 1688 919 debeant
1703 876 1742 920 ex
1756 878 1825 940 pro·

376 945 544 1021 doctrinae,
560 946 757 1028 queeadvos
773 947 908 1010 adfertur
922 958 1075 1029 tamqnam
1129 949 1201 1028 priis
1239 944 1428 1008 Christianae
1465 945 1619 1006 doctrinae
1655 945 1828 1026 principiis3

375 1033 515 1115 proiecta
536 1055 555 1094 e
578 1034 693 1115 Spiritu
718 1035 796 1110 Dei3
821 1036 887 1096 vel:
914 1035 960 1096 Ne
985 1035 1075 1096 fidem
1129 1030 1212 1114 qnod
1227 1041 1275 1093 est
1297 1031 1452 1093 doctorum
1468 1031 1637 1106 Ecclesiae,
1660 1030 1826 1113 dequibus

376 1120 518 1183 habeatis
539 1121 663 1182 cuilibet
684 1121 795 1181 homiui
811 1120 977 1183 doctrinam
992 1119 1073 1183 edio
1129 1120 1254 1193 Paulus,
1270 1119 1322 1181 ubi
1337 1139 1446 1201 supre:
1464 1118 1628 1196 Numquid
1643 1137 1751 1180 omna
1766 1119 1826 1180 do·

375 1210 458 1269 renti
480 1216 632 1288 tamquem
646 1227 666 1267 a
680 1207 795 1290 Spiritu
817 1208 879 1270 Dei
900 1208 1074 1270 revelatum.
1129 1206 1252 1268 doru?
1274 1205 1330 1268 sed
1355 1205 1477 1268 tradere
1503 1204 1660 1278 fidelibus,
1686 1204 1725 1266 ed
1751 1224 1828 1286 quos

376 1292 536 1374 Ejusmodi
562 1296 693 1371 epiritue
719 1295 809 1355 etism
839 1293 927 1356 hodie
953 1294 1074 1376 plurimi
1129 1293 1242 1367 scribit,
1264 1291 1339 1355 dnos
1354 1289 1500 1374 probandi
1515 1291 1629 1366 modos,
1652 1311 1744 1353 unum
1758 1311 1825 1373 par·

375 1389 463 1455 sunt,
490 1400 617 1461 quorum
642 1382 772 1462 quisque
797 1400 882 1443 snam
908 1379 1075 1442 doctrinam
1130 1379 1302 1451 ticularem,
1327 1379 1458 1441 alterum
1480 1378 1669 1459 generalem3
1696 1399 1826 1460 qnorum

376 1488 432 1549 pro
447 1467 540 1529 verbo
556 1467 615 1528 Dei
630 1465 776 1529 venditat.
1129 1468 1212 1547 prior
1227 1467 1398 1528 continetur
1412 1465 1473 1527 illis
1488 1465 1606 1527 verbis:
1634 1466 1744 1528 Omen
1758 1467 1825 1543 spi·

419 1554 483 1618 Sed
496 1554 630 1631 probate
652 1557 793 1631 spiritua,
817 1557 900 1616 sica
914 1555 984 1615 Deo
1000 1555 1073 1614 sint
1129 1556 1220 1628 ritus,
1245 1556 1301 1630 pue·
1321 1553 1502 1631 confitetur,
1528 1556 1642 1617 Jceum
1666 1552 1826 1615 Christum

376 1640 416 1703 ld
431 1649 488 1714 est,
502 1640 662 1713 doctrinas,
686 1641 895 1715 revelationes,
917 1649 971 1700 ant
992 1641 1075 1719 ipsos
1129 1643 1166 1703 in
1181 1657 1278 1702 cume
1302 1644 1434 1717 nemine,
1459 1647 1514 1701 etc.
1522 1660 1536 1718 ,·
1562 1639 1639 1701 altor
1656 1640 1827 1719 assignetur

376 1727 516 1789 Ιιοιιιίιια
538 1726 704 1789 doctrinam
725 1736 755 1788 et
772 1727 985 1788 revolutionem
999 1735 1074 1787 tarn·
1128 1725 1216 1800 infre,
1229 1744 1333 1790 cume.
1347 1728 1376 1789 6.
1389 1726 1517 1789 dicitur:
1532 1727 1595 1806 Qui
1605 1728 1698 1788 nouit
1709 1727 1826 1800 Deum,

377 1834 472 1897 quam
486 1814 576 1876 aDei
592 1815 699 1895 spiritu
714 1813 878 1895 proiectam
893 1813 1075 1887 adferentes,
1129 1813 1223 1874 audit
1237 1831 1315 1893 noe,·
1342 1817 1399 1892 qui
1421 1832 1489 1877 uon
1510 1815 1603 1876 novit
1618 1814 1734 1888 Deum,
1759 1830 1828 1876 nost

375 1901 520 1983 probate,
552 1899 712 1962 discernite
735 1921 772 1960 ec
796 1899 977 1979 dijudicate,
1003 1919 1075 1962 num
1129 1899 1223 1961 cudit
1244 1919 1311 1963 noe.
1334 1901 1471 1962 Pertinet
1490 1898 1529 1961 ad
1552 1901 1683 1981 priorem
1705 1897 1827 1961 modum

375 2007 451 2052 rare
466 1988 529 2049 sint
543 2007 582 2049 ex
595 1986 664 2049 Deo
680 1989 738 2069 ipsi
754 1986 890 2049 doctores
905 2007 959 2050 seu
975 2006 1076 2048 eorum
1129 1985 1207 2047 illud
1229 1986 1364 2067 ejusdem
1387 1986 1528 2069 Apostoli
1551 1988 1582 2047 iu
1607 1991 1626 2050 2
1649 1986 1766 2067 Epist-c
1791 1986 1828 2049 Si

374 2073 544 2137 doctrinae
1129 2076 1199 2152 quis
1221 2076 1310 2136 uenit
1332 2072 1376 2135 ud
1397 2093 1464 2151 voe,
1488 2080 1519 2134 ct
1539 2074 1624 2136 bunc
1645 2071 1826 2136 doctrinam

419 2161 606 2243 Quaeritur,
632 2160 784 2240 quomodo
808 2160 974 2242 praecipiet
995 2159 1075 2240 Apo·
1129 2178 1198 2224 non
1211 2160 1330 2240 adfert,
1354 2161 1454 2223 nolite
1468 2162 1610 2238 recipcre
1625 2178 1698 2222 cum
1714 2163 1750 2223 in
1765 2160 1826 2222 do·

370 2247 475 2311 accim
498 2247 636 2309 omuibus
658 2244 798 2309 fidelibus
819 2242 901 2324 (uem
917 2247 958 2308 ad
972 2266 1076 2308 omnes
1129 2267 1225 2309 mum
1248 2248 1326 2309 Nem
1345 2256 1377 2310 et
1398 2248 1462 2310 illic
1485 2255 1589 2309 contra
1603 2247 1751 2327 mergit,
1774 2246 1827 2329 qui

369 2335 458 2399 haec
475 2330 636 2409 dicuutur),
659 2344 694 2394 ut
707 2333 837 2415 probent
851 2334 984 2415 spiritus,
1005 2352 1076 2394 num
1129 2354 1190 2396 nou
1213 2334 1448 2409 confitebuntur,
1476 2333 1584 2397 Jesum
1606 2332 1753 2394 Christum
1775 2351 1824 2395 vc

368 2443 414 2488 ex
430 2420 504 2483 Deo
520 2421 597 2497 siut;
612 2440 679 2482 cum
694 2421 810 2482 Peulus
829 2419 928 2482 lOor.
943 2422 992 2482 12.
1008 2419 1077 2481 dia·
1130 2422 1211 2482 nisse
1225 2421 1256 2482 in
1271 2439 1370 2482 carna
1393 2421 1461 2483 Nec
1479 2439 1553 2483 vcro
1569 2419 1599 2481 S.
1615 2419 1754 2483 Joaunes
1768 2419 1827 2481 hoc

366 2512 552 2574 cretionem
581 2510 753 2585 spirituum
783 2515 920 2568 numeret
941 2508 1020 2568 iuter
1040 2526 1078 2567 ea
1129 2526 1185 2568 suo
1211 2515 1374 2589 praecepto
1398 2514 1579 2588 potestatem
1600 2504 1760 2586 judiceudi
1786 2505 1826 2568 de

364 2596 512 2680 Spiritus
526 2595 624 2655 suncti
637 2593 824 2667 cherismetc,
847 2613 926 2675 quee
940 2614 1001 2655 nou
1016 2612 1076 2653 om·
1130 2597 1331 2656 controversis
1353 2594 1423 2658 fidei
1445 2593 1672 2676 quaestiouibus
1688 2594 1827 2658 attibuit

364 2686 429 2747 uia
453 2682 565 2744 deutur
582 2681 732 2755 omuibus,
755 2679 809 2741 sed
831 2680 893 2742 alia
914 2679 993 2743 eliis.
1026 2680 1077 2742 Ad
1129 2681 1267 2742 omnibus
1283 2691 1312 2743 et
1326 2681 1451 2763 siugulis
1467 2679 1657 2754 (ihristienis,
1673 2678 1754 2761 quod
1769 2700 1824 2742 uo·

364 2770 436 2834 hoc
453 2766 580 2850 quidam
594 2765 786 2849 respondent,
805 2787 843 2829 ex
858 2775 954 2828 mente
969 2767 1004 2828 Β.
1019 2765 1044 2829 J
1045 2787 1075 2827 o·
1129 2766 1195 2828 lunt
1208 2769 1347 2845 senarii,
1369 2767 1424 2832 aed
1445 2787 1534 2829 uuem
1551 2776 1581 2829 et
1596 2766 1721 2828 alteram
1735 2785 1823 2848 regu·

363 2857 469 2922 annis
485 2874 587 2917 omues
598 2853 706 2917 fideles
717 2854 846 2936 probare
857 2853 991 2936 spiritus,
1006 2872 1077 2916 uum
1129 2852 1191 2916 lem
1206 2854 1391 2934 praescribit,
1413 2852 1453 2918 ad
1475 2875 1565 2938 qnam
1589 2855 1709 2935 possint
1722 2873 1759 2915 ac
1773 2854 1823 2918 de

363 2966 412 3010 ex
429 2943 503 3005 Dec
517 2943 587 3018 sint,
609 2942 680 3004 duur
695 2941 757 3002 illis
772 2940 906 3017 creduut,
922 2942 975 3022 qui
991 2941 1075 3022 spiri·
1129 2940 1219 3004 beent
1233 2940 1347 3017 fideles,
1369 2941 1409 3004 ad
1425 2961 1500 3024 quos
1523 2941 1635 3017 scribit,
1658 2940 1750 3002 etiam
1765 2942 1824 3006 siu·

363 3042 464 3096 num
481 3028 595 3091 hebent
608 3028 829 3090 discretionem.
852 3028 937 3090 Sicut
952 3028 1030 3088 enirn
1044 3028 1077 3089 in
1129 3028 1210 3109 guli,
1227 3027 1344 3108 judicio
1366 3028 1496 3109 quodam
1518 3029 1643 3090 rahonis
1667 3028 1826 3108 explorare

362 3136 510 3200 corpore
532 3116 614 3178 eolus
637 3114 743 3177 oculus
757 3114 851 3189 videt,
873 3114 928 3177 sed
942 3135 1003 3176 uon
1018 3112 1075 3175 sibi
1129 3113 1288 3189 doctrines,
1311 3134 1391 3196 quae
1412 3115 1491 3179 iortc
1513 3135 1612 3177 novae
1626 3112 1666 3175 ad
1682 3134 1735 3176 eos
1756 3135 1823 3197 per·

361 3205 449 3278 noli,
465 3207 510 3265 its
525 3204 556 3263 in
570 3202 716 3274 Ecclesia,
732 3201 783 3283 qui
797 3199 1008 3263 discretionem
1025 3200 1075 3260 ha·
1128 3201 1283 3263 ferrentur.
1306 3201 1395 3283 Quae
1418 3222 1467 3264 res
1489 3221 1530 3264 ex
1551 3201 1748 3282 sequentibus
1761 3222 1824 3264 me·

356 3289 453 3358 bont
475 3290 646 3368 spirituum,
669 3287 810 3367 dogmate
831 3286 961 3368 probant
981 3297 1076 3367 etque
1129 3287 1266 3350 nitestior
1292 3287 1414 3351 evsdet.
1451 3288 1575 3351 iuterim
1600 3287 1693 3350 lector
1717 3289 1826 3351 videet

356 3376 700 3444 discernuntnonsibi
713 3374 795 3450 solie,
809 3372 865 3435 ssd
878 3385 910 3437 et
923 3374 1000 3449 aliis,
1016 3375 1075 3434 imo
1129 3376 1293 3437 cretionem
1316 3386 1450 3436 noatrsm
1473 3375 1593 3436 tertiam
1611 3371 1651 3436 de
1673 3374 1826 3456 prohibite

355 3467 434 3529 toti
451 3462 625 3541 Ecclesiam
648 3464 678 3524 iu
694 3462 805 3541 quibus
819 3460 954 3542 proinde,
976 3470 1009 3521 et
1023 3479 1077 3541 per
1129 3461 1258 3523 lectione
1272 3461 1416 3524 librorum
1431 3460 1654 3524 haereticorum.

355 3572 458 3637 quoa
474 3553 567 3611 etiam
582 3550 634 3610 alii
645 3546 690 3609 illi
701 3548 831 3628 probant
841 3568 878 3609 ac
891 3546 1074 3620 discernunt,
1174 3550 1334 3630 monium
1384 3548 1479 3609 multi
1526 3547 1823 3626 pseudoprophetae

353 3643 427 3723 qni
448 3640 482 3699 iu
498 3644 595 3699 mmet
616 3636 688 3716 ipsis
704 3635 816 3696 donum
831 3633 1001 3714 hujusmodi
1015 3653 1075 3693 uon
1127 3638 1276 3698 emerunt
1296 3638 1333 3697 in
1347 3634 1515 3697 mundum.
1536 3634 1627 3697 Ratio
1641 3632 1821 3715 praecedeu-

350 3722 502 3792 habent.
534 3722 647 3784 Verum
674 3720 767 3800 objici
790 3730 897 3802 potest,
923 3721 1074 3783 Jcennem
1127 3724 1167 3784 tie
1188 3721 1418 3795 admonitionis,
1439 3723 1514 3802 quie
1533 3719 1620 3782 multi
1636 3722 1701 3801 jem
1724 3721 1823 3783 exorti

349 3832 437 3879 mon
454 3810 609 3872 remittere
624 3807 729 3869 fideles
744 3806 784 3868 ad
799 3827 861 3881 eos,
876 3809 928 3889 qui
942 3807 1075 3870 habeant
1127 3817 1212 3871 eram
1226 3829 1262 3870 sc
1276 3809 1452 3889 prodierunt
1473 3808 1505 3869 in
1518 3806 1660 3870 muudum
1683 3806 1753 3869 falsi
1767 3806 1819 3870 do·

349 3899 491 3966 donum
507 3895 695 3957 discretionis
710 3895 886 3975 spirituum3
909 3892 963 3955 sed
978 3895 1072 3974 ipsos·
1128 3905 1235 3969 ctores,
1246 3896 1398 3975 jactantes
1409 3895 1547 3976 spiritum
1562 3904 1594 3957 et
1607 3893 1822 3956 revelationem

348 3996 438 4052 unet
464 3985 611 4045 instruere
632 3979 730 4055 velle,
754 4001 815 4061 quo
839 3982 926 4061 signo
949 3981 1074 4059 spiritus
1128 3980 1270 4043 divinam.
1307 3983 1373 4044 Hos
1399 3983 1478 4043 enim
1503 3990 1596 4042 vocat
1620 3980 1822 4058 pseudopro·

351 4074 561 4140 discernent.
591 4070 634 4131 Iu
656 4069 723 4144 boc,
744 4068 850 4148 iuquit,
877 4069 1075 4144 counorcitur
1124 4070 1246 4146 pbetoe.
1280 4069 1354 4129 liam
1380 4076 1414 4128 ut
1439 4066 1574 4148 genersii
1595 4069 1716 4129 nomine
1738 4068 1822 4131 Pro·

349 4160 520 4242 spiritur
533 4158 597 4218 Dei
604 4178 613 4217 .·
640 4156 751 4218 Omisit
764 4157 904 4232 spiritus,
927 4156 983 4233 qui
997 4172 1074 4216 con·
1124 4157 1223 4233 pheta
1249 4155 1401 4217 dicebatur
1427 4153 1507 4235 apud
1528 4152 1679 4229 Judaeoe,
1705 4154 1823 4235 quiex

348 4249 498 4324 mur,
514 4251 568 4305 etc.
592 4241 662 4323 Qua
677 4244 793 4303 ratione
807 4261 864 4302 uec
877 4240 997 4302 illorum
1012 4238 1073 4301 eui·
1128 4243 1326 4322 inspiratione
1348 4239 1453 4302 divine
1475 4239 1676 4322 cognoscebat
1697 4260 1734 4303 ec
1754 4260 1822 4320 pru·

347 4333 438 4400 Ruit
454 4331 626 4410 responsio,
649 4330 702 4409 qui
716 4327 810 4390 verbs
824 4328 847 4390 J
849 4329 955 4389 cennis
977 4326 1017 4388 ad
1030 4336 1073 4389 tc·
1127 4327 1245 4391 serebat
1254 4328 1373 4391 occulte
1384 4326 1533 4409 quaedam
1545 4326 1700 4389 doctrinm
1710 4346 1822 4405 nerse,

347 4425 436 4487 tm
471 4417 735 4496 congregationem
772 4415 876 4476 dicunt
913 4415 1075 4494 pertinere,
1128 4417 1266 4497 quemuis
1280 4414 1382 4477 futura
1396 4414 1479 4476 nulla
1493 4415 1728 4496 praenuntiaret,
1747 4433 1822 4495 qno·

346 4523 435 4573 non
452 4502 495 4566 ad
511 4502 645 4583 singulos
667 4500 780 4563 fideles.
807 4499 887 4562 Nem
910 4512 942 4564 et
963 4500 1074 4582 singuli
1127 4501 1216 4563 modo
1232 4504 1271 4563 de
1286 4501 1446 4582 Prophetis
1462 4511 1494 4562 et
1507 4499 1671 4582 Prophetis
1689 4501 1823 4582 loquitur

348 4589 520 4661 incidunt
541 4592 571 4650 iu
595 4608 648 4651 ecs
669 4588 813 4663 subinde,
836 4589 887 4668 qui
909 4589 1074 4649 doctrinem
1127 4588 1243 4651 Psulus
1267 4587 1369 4650 lOur.
1395 4588 1510 4668 1213.
1533 4597 1566 4649 et
1582 4589 1647 4649 14.:
1670 4588 1714 4649 ita
1732 4606 1821 4668 pseu·

345 4695 489 4747 novum
504 4674 653 4751 adferent,
668 4674 796 4756 ideoque
810 4676 922 4756 singuli
934 4676 1073 4756 inprcm·
1127 4673 1331 4757 doprophetes
1351 4684 1430 4749 eret,
1451 4675 1520 4755 qui,
1542 4694 1610 4735 cum
1631 4694 1720 4736 verus
1741 4676 1821 4755 ejus·

343 4780 428 4848 pen
447 4762 563 4825 habere
579 4761 689 4824 dehent
705 4764 941 4835 instructionem,
967 4762 1075 4842 quain
1127 4762 1208 4824 modi
1222 4762 1376 4843 Prophets
1397 4783 1458 4823 non
1473 4770 1562 4835 esset,
1583 4781 1638 4843 pro
1653 4762 1707 4822 tali
1721 4769 1823 4824 tamn

344 4849 435 4921 illie
453 4848 665 4931 dignoscendis
684 4857 815 4911 utantur.
1127 4869 1162 4911 se
1184 4847 1348 4929 ingerebat,
1370 4847 1537 4910 doctrinam
1558 4867 1645 4910 suern
1665 4846 1823 4933 fahamxct

411 4938 530 5004 Potius
551 4938 657 5017 itaque
674 4935 834 4997 dicendum
850 4944 905 5008 est,
925 4935 1075 4998 Joaunsm
1127 4936 1325 5018 perniciosam
1355 4933 1514 4997 venditans
1546 4934 1717 4997 homimhus
1746 4942 1821 4996 tum·

345 5041 438 5096 nom
455 5024 562 5100 dicere,
586 5021 667 5107 quod
689 5042 793 5086 omnes
814 5021 919 5085 fideles
941 5020 980 5084 de
1002 5043 1074 5085 une·
1128 5042 1219 5104 qnam
1245 5021 1391 5085 divinitis
1416 5030 1581 5104 acceptum
1615 5021 1710 5086 'l'sles
1736 5020 1822 5084 fuere

424 5142 499 5185 uass.
512 5141 585 5183 seru
598 5143 672 5183 cana.
686 5140 742 5181 τοι.
757 5140 791 5181 sn.
1573 5129 1614 5187 47
