4442 5825
439 609 513 677 ⁶03
978 598 1212 657 committis
1227 597 1260 654 iit
1277 597 1345 655 cst.
1360 598 1389 653 11.

438 796 515 858 quos
538 796 576 838 ex
599 784 684 856 parto
706 775 781 838 baec
803 774 886 837 dicta
908 773 1055 836 videntur.
1084 774 1135 834 Its
1182 776 1375 853 precesque?
1389 775 1679 838 Jndtcs'smsuten
1694 792 1749 854 pro
1763 770 1872 835 drmnr·

437 864 553 925 Paulus
570 868 588 924 2
605 864 686 923 Tim.
701 865 745 923 3.:
776 864 857 924 Moli
876 865 1019 924 homines
1041 869 1070 922 et
1084 879 1133 922 re·
1185 865 1276 933 tione,
1298 881 1351 922 seu
1372 881 1471 941 pocus
1485 859 1706 941 perjudicium
1721 859 1876 931 inimcndr,

438 952 583 1011 ductores
594 951 764 1027 proficient
778 953 814 1012 irs
826 954 929 1027 pejus,
945 956 1089 1011 errantes
1104 956 1134 1008 et
1185 952 1307 1030 ponitur
1321 948 1462 1010 Hebraeo
1476 966 1569 1009 more.
1598 947 1736 1009 Sensus:
1766 945 1877 1028 Quibus

438 1043 473 1100 irs
489 1055 628 1098 errorem
643 1043 808 1098 mittentes.
1181 1038 1246 1116 jam
1269 1036 1339 1099 olim
1363 1044 1393 1096 et
1414 1036 1453 1097 rb
1468 1043 1595 1097 retorno
1610 1033 1779 1108 destinrtr,
1801 1044 1833 1094 et
1850 1036 1877 1095 in

481 1126 545 1185 Per
564 1142 642 1201 quor
662 1128 716 1186 oia
738 1125 883 1185 oeritctis
901 1121 1133 1198 blasphemabi·
1186 1123 1349 1207 Soripturir
1386 1121 1542 1202 praedicte
1577 1141 1616 1182 rc
1642 1128 1878 1200 prromonrtrrtr

438 1220 500 1272 tssr.
530 1213 595 1271 Per
617 1229 712 1288 qstos,
735 1210 828 1271 refert
843 1210 958 1270 multos
972 1215 1134 1287 sequentes
1186 1209 1337 1272 dsmnstio
1352 1229 1414 1271 non
1428 1207 1543 1288 tardet,
1557 1206 1612 1270 red
1627 1209 1775 1290 opinione
1788 1216 1820 1269 et
1831 1227 1877 1269 cx·

438 1299 570 1359 illorum
594 1297 749 1360 luceriae.
779 1299 821 1358 lit
835 1314 941 1358 sensus
956 1304 1018 1357 est:
1049 1293 1132 1374 Quo·
1185 1297 1371 1379 spectetione
1393 1298 1480 1359 citios
1495 1315 1548 1359 eos
1562 1297 1727 1377 opprimet
1742 1297 1879 1357 Nosssri·

438 1406 503 1446 rum
530 1404 623 1445 croso
648 1383 897 1446 christianismus
922 1382 1002 1444 mule
1031 1381 1134 1444 audiet
1185 1392 1238 1447 oct
1252 1404 1321 1448 soors
1335 1385 1447 1447 tordot
1461 1386 1622 1446 Dominus
1636 1385 1878 1461 promissionem

438 1470 519 1552 epod
535 1470 677 1533 infideles
707 1472 788 1533 Dum
803 1473 879 1532 enim
894 1470 987 1546 multi,
1009 1471 1065 1531 sub
1081 1489 1132 1530 no
1185 1491 1287 1549 suom,
1311 1471 1387 1533 intre
1409 1492 1475 1553 cap.
1491 1472 1530 1545 3.,
1556 1473 1600 1531 its
1614 1490 1674 1535 nec
1687 1469 1795 1532 trrdrt
1809 1490 1878 1531 corr·

436 1560 515 1620 mine
530 1557 698 1621 Christiano
715 1559 884 1620 libertatem
903 1560 1001 1621 curnis
1016 1565 1132 1618 secten-
1184 1560 1394 1636 minrtionom3
1406 1559 1602 1641 quantumvis
1614 1566 1677 1618 tam
1689 1557 1880 1638 istamqurm

438 1655 499 1718 sos,
523 1644 634 1706 dedens
653 1665 688 1706 se
703 1646 782 1706 omui
797 1643 944 1705 lreoiviro
959 1652 992 1707 et
1006 1646 1132 1705 immun·
1184 1646 1266 1708 illam
1292 1648 1323 1707 in
1345 1646 1466 1727 longum
1488 1645 1609 1708 differre
1631 1645 1787 1706 vidertur.
1824 1643 1881 1705 lire

438 1732 541 1809 ditiee,
561 1733 622 1807 fiet,
641 1740 675 1793 ut
695 1739 817 1814 proptor
840 1751 893 1792 eos
914 1752 986 1793 verr
1008 1740 1038 1792 et
1058 1751 1134 1811 srnr
1186 1735 1266 1795 enim
1282 1732 1403 1795 trrduro
1419 1731 1536 1808 dicitur,
1559 1734 1622 1815 qui,
1645 1730 1734 1812 quod
1756 1729 1878 1806 redint

438 1819 573 1881 doctrina
587 1818 754 1881 maledictis
770 1827 801 1879 et
815 1818 958 1880 conviciis
970 1817 1133 1880 infidelium
1185 1828 1318 1901 prrestrt
1332 1828 1466 1901 tempore
1480 1821 1653 1881 constituto.

438 1915 615 1987 exponatur.
630 1906 684 1967 Sic
698 1905 738 1968 ed
750 1905 897 1987 quosdam
907 1904 1032 1980 Paulus,
1048 1905 1132 1965 Rom.
1230 1907 1316 1983 Sunt,
1340 1909 1394 1987 qui
1416 1907 1593 1969 adverbium
1615 1907 1695 1968 olim
1717 1904 1760 1967 ds
1786 1904 1880 1967 irtrro

438 1996 486 2054 tm
515 1995 638 2055 Nomen
660 1996 744 2055 essim
768 1995 830 2055 Dei
842 2011 903 2069 per
917 2012 973 2055 vor
987 1991 1132 2069 btospte·
1185 2002 1316 2075 tempore
1342 2002 1515 2075 exponant,
1541 1995 1599 2055 hoc
1623 2012 1739 2057 reum:
1771 1992 1881 2073 Quibm

437 2088 547 2143 motus
560 2083 646 2143 inter
659 2086 773 2156 pentes.
809 2081 869 2142 Vio
891 2101 945 2160 pro
961 2099 1073 2160 genero
1088 2080 1131 2139 vi·
1186 2081 1302 2162 rbsqce
1338 2083 1554 2144 retractatione
1584 2088 1790 2162 prsopsrrtur
1817 2080 1881 2142 cli!

439 2176 506 2243 tae,
528 2175 560 2228 et
581 2171 636 2230 vic
651 2171 794 2229 veritatis
808 2187 863 2248 pro
880 2176 975 2241 sectr,
998 2168 1134 2228 doctrina
1185 2177 1314 2229 venture
1335 2166 1494 2229 drmnstio.
1533 2168 1662 2231 Constet
1687 2169 1780 2242 enim,
1806 2165 1879 2250 apri

438 2274 493 2316 seu
509 2253 658 2335 religione
673 2275 757 2332 vere,
776 2253 948 2316 Hebrsismi
963 2263 1039 2316 suut.
1070 2252 1134 2333 Qui
1186 2257 1311 2318 Latinos
1334 2256 1410 2317 olim
1434 2254 1582 2318 interdum
1604 2254 1644 2317 sd
1660 2253 1800 2317 tutorum
1817 2263 1880 2316 tr*

438 2343 680 2424 interpretentur,
709 2343 791 2424 ipsos
817 2360 949 2404 errorum
976 2342 1134 2421 magistros
1186 2363 1243 2423 pus
1258 2343 1371 2404 reterri.
1391 2342 1452 2404 Sed
1467 2352 1617 2424 repugnet
1630 2340 1705 2403 huic
1718 2341 1881 2404 intellectui

437 2440 491 2491 rut
512 2449 613 2493 eorum
637 2449 786 2512 seqorces
800 2428 1079 2511 blasphematores,
1103 2427 1134 2489 id
1186 2429 1335 2492 Graecum
1347 2427 1523 2493 adverbium
1533 2423 1679 2502 ἔκπαλαι,
1691 2428 1881 2509 quadraret:

437 2527 493 2593 est,
503 2516 671 2580 maledictis
682 2520 890 2598 exegiteturos
902 2517 982 2578 viem
990 2517 1134 2587 periretis,
1186 2535 1225 2579 ee
1239 2520 1384 2594 antiquo,
1407 2517 1594 2599 proindeque
1608 2537 1671 2578 uon
1686 2515 1809 2592 dicitur,
1829 2516 1881 2578 n'ri

439 2604 589 2686 quomodo
611 2605 710 2667 solent
731 2605 877 2667 baeretici
894 2601 1059 2664 doctrinam
1076 2600 1133 2663 (lr-
1186 2602 1225 2664 do
1240 2606 1414 2684 praeterito.
1430 2605 1557 2668 Sensum
1572 2606 1707 2684 priorem
1721 2605 1881 2675 continet,

437 2692 587 2768 tholierm,
614 2693 636 2752 ii
662 2701 790 2754 mentem
817 2689 957 2772 Apostoli
984 2710 1043 2751 non
1065 2697 1136 2751 sunt
1187 2690 1269 2771 quod
1284 2691 1322 2752 de
1337 2691 1444 2752 iisdem
1459 2693 1494 2754 B.
1508 2689 1609 2754 Judrs
1632 2693 1694 2752 rit:
1725 2694 1791 2772 Orsi
1813 2691 1880 2754 olt'n

438 2781 577 2854 mrecnti,
600 2799 657 2842 nec
676 2799 748 2841 vero
765 2778 804 2841 sd
821 2786 994 2838 consuetum
1011 2778 1133 2840 locutio·
1184 2781 1376 2856 praescripti
1389 2787 1465 2842 sent
1479 2782 1515 2842 irs
1529 2780 1587 2839 boc
1596 2779 1772 2853 iudicium.

438 2887 507 2930 nem
522 2866 696 2950 Scripturas
710 2867 783 2928 sctis
799 2863 1001 2928 attenderunt.
1230 2867 1273 2928 Is't
1286 2867 1426 2944 perditio
1442 2885 1550 2930 eorsrm
1563 2883 1631 2929 reete
1643 2866 1814 2929 domitet.
1828 2864 1880 2926 Pro

483 2959 511 3018 3.
541 2956 585 3017 Et
600 2958 636 3018 trs
651 2958 793 3016 ovantia
810 2954 891 3031 {ictis
905 2953 1007 3013 verbis
1020 2952 1061 3012 dc
1076 2971 1134 3014 vo·
1187 2972 1232 3028 eo,
1255 2953 1338 3035 quod
1361 2952 1490 3017 diceret:
1519 2955 1563 3016 Es
1584 2972 1725 3031 pisorum
1749 2954 1880 3032 perditio

385 3036 389 3046 “
439 3042 485 3103 bis
505 3043 764 3118 rsepotiobtsssttsr.
794 3042 855 3102 Hic
876 3048 962 3100 notet
986 3039 1132 3100 isleorum
1188 3060 1256 3103 soors
1272 3040 1434 3103 dormitat.
1464 3039 1674 3115 Hebrrismos,
1696 3040 1879 3121 quelcmolr

437 3129 644 3210 magistrorum
659 3129 825 3201 everitirm,
841 3146 932 3207 quem
949 3125 1064 3188 Grsoco
1080 3147 1131 3188 vo·
1188 3145 1309 3188 servare
1336 3137 1381 3190 eet
1407 3129 1438 3190 in
1463 3129 1582 3190 centico
1609 3128 1772 3209 Virginis:
1801 3130 1879 3191 ress

437 3215 548 3278 cabulo
569 3209 746 3281 πλεονεξίαν
770 3213 911 3295 appellat,
938 3214 969 3275 id
991 3222 1045 3287 est,
1071 3221 1133 3273 etu-
1186 3215 1264 3275 mibi
1279 3234 1411 3292 mappa,
1427 3219 1484 3294 pisi
1494 3222 1609 3293 potens
1623 3223 1680 3290 ert,
1697 3223 1878 3291 strcnarrs

438 3300 519 3364 dium
534 3322 651 3383 semper
666 3303 735 3384 plus
750 3300 890 3363 habendi.
906 3303 1005 3364 Fictis
1020 3300 1132 3377 verbis
1185 3319 1303 3363 pomeri
1333 3306 1409 3379 ejus,
1440 3301 1471 3364 id
1501 3311 1554 3376 est,
1583 3309 1613 3363 et
1646 3306 1743 3377 crpus
1772 3319 1878 3366 nomer

438 3389 571 3453 Grrece:
589 3385 745 3457 πλαστοῖς
768 3379 883 3465 λόγοις,
898 3386 928 3449 id
945 3395 999 3462 est,
1012 3388 1134 3465 tieticiir
1186 3395 1330 3451 condem
1342 3397 1396 3450 est.
1425 3389 1581 3470 Quemvis,
1597 3389 1707 3470 inquit,
1723 3390 1796 3471 ipsi,
1806 3405 1877 3450 mors

438 3484 468 3537 et
493 3480 671 3555 corruperitis
700 3477 803 3537 verbis
832 3479 895 3537 rice
925 3475 1132 3537 semoribus.
1186 3475 1397 3537 dormientium
1420 3478 1452 3537 in
1467 3483 1628 3555 utromque
1649 3495 1770 3549 rurcrn,
1791 3473 1876 3538 merri

436 3563 504 3625 Nec
519 3573 581 3629 esti
597 3565 636 3625 de
651 3563 749 3639 vobis,
764 3563 835 3623 sed:
851 3579 906 3623 vos
919 3563 1132 3637 nepotiabssn·
1185 3565 1255 3637 sint,
1280 3561 1433 3626 dicentes:
1469 3562 1529 3624 Ubi
1549 3570 1594 3623 ert
1615 3562 1782 3626 odoacar
1801 3559 1877 3639 cirri

429 3658 510 3729 tisr3
541 3653 661 3713 tametsi
687 3649 766 3711 bene
791 3670 828 3711 ro
853 3649 962 3711 Lrtine
988 3650 1133 3730 interpres
1185 3649 1237 3712 ubi
1258 3648 1434 3727 judicium?
1459 3658 1494 3711 ut
1519 3648 1599 3711 inire
1624 3669 1693 3731 crp.
1722 3655 1764 3723 3,,
1790 3658 1876 3712 tm

438 3736 584 3799 reddidit:
600 3739 639 3799 dc
654 3737 751 3800 vobis.
781 3734 872 3816 Quod
888 3744 917 3796 et
931 3735 1085 3811 Erremus,
1102 3743 1134 3797 et
1184 3735 1312 3818 perditio
1335 3740 1380 3799 eis
1402 3758 1422 3799 r
1443 3737 1510 3798 Deo
1527 3734 1680 3798 destincte
1695 3747 1792 3819 rique
1803 3752 1874 3819 prr*

437 3825 492 3886 rlii
512 3827 608 3886 secuti
629 3833 709 3886 sunt.
739 3823 852 3886 Senem
868 3831 930 3884 est:
960 3823 1020 3884 Per
1034 3825 1131 3886 rosm-
1185 3823 1267 3885 ‹tists
1291 3845 1353 3886 non
1378 3823 1499 3899 dormit,
1524 3842 1626 3904 ucque
1653 3823 1809 3900 dormitet,
1830 3817 1874 3883 rei

437 3915 517 3986 tirm,
531 3912 589 3975 hoc
603 3921 658 3986 est,
674 3911 849 3991 impellente
864 3928 916 3970 eos
927 3911 1058 3971 cvrritir
1073 3906 1131 3987 (ut-
1184 3909 1303 3991 vigilet,
1317 3912 1479 3973 certissime
1493 3929 1547 3971 eos
1561 3912 1874 3990 comprehensurus·

436 4008 507 4081 poto
522 4018 577 4060 cor
591 4001 796 4061 ecerdtctism
817 3999 958 4059 acontio
973 3996 1131 4073 babentes,
1185 4005 1335 4079 tempore;
1358 3999 1453 4060 instrr
1468 3998 1550 4059 illius
1564 3999 1682 4077 virgrs,
1697 3999 1741 4061 ds
1755 4017 1818 4081 qne
1829 3994 1872 4058 Js

436 4088 516 4147 sicut
536 4085 615 4147 inlrr
638 4085 746 4147 dicitur
767 4103 856 4146 versu
874 4080 951 4159 it),
974 4093 1132 4165 qurertum
1184 4086 1292 4146 remiss
1307 4104 1372 4166 crp.
1391 4088 1434 4146 1.:
1470 4086 1601 4161 Virpam
1622 4086 1817 4161 messim
1830 4096 1875 4159 m

436 4192 476 4234 ex
492 4172 577 4235 vobis
587 4171 709 4246 sedent,
724 4170 764 4232 cd
775 4190 862 4234 suum
874 4179 1030 4251 quaestum
1043 4171 1132 4232 vobis
1185 4172 1287 4232 video.
1325 4171 1381 4234 Oui
1406 4170 1570 4251 respondet
1594 4171 1769 4235 Dominus:
1801 4173 1876 4235 sas

436 4260 606 4334 rbutentur,
622 4257 715 4338 idque
730 4258 891 4321 rrtificioro
907 4266 940 4319 et
955 4256 1130 4339 adpetens·
1185 4258 1304 4336 vidisti,
1328 4261 1406 4336 quio
1428 4257 1567 4336 aptabo
1591 4275 1650 4335 epo
1673 4277 1775 4337 super
1795 4256 1875 4321 ceri·

437 4346 568 4408 dendum
594 4346 761 4426 composito
785 4364 931 4407 sermone.
962 4344 1063 4407 Docte
1086 4353 1132 4407 cst
1183 4347 1468 4425 meo,rst1⁴ocissm
1490 4344 1582 4406 iliud.
1613 4344 1767 4410 Nonnulli
1778 4343 1875 4425 perdi·

436 4433 610 4514 metrpborr
634 4432 674 4493 rb
702 4431 802 4493 serris
822 4432 1044 4507 mercatoribus,
1070 4434 1130 4513 qui,
1184 4435 1282 4495 tionis
1304 4436 1425 4495 nomine
1448 4431 1602 4495 disbolum
1618 4434 1779 4515 rccipiunt
1792 4430 1875 4515 padi

436 4537 498 4600 quo
513 4537 627 4581 merces
651 4537 723 4579 ruse
738 4537 828 4597 qorm
844 4517 972 4597 plurimo
987 4518 1131 4593 eosdm,
1183 4521 1348 4596 tissimum,
1374 4529 1406 4581 et
1420 4520 1515 4581 omnir
1528 4517 1712 4600 perditionis
1727 4529 1876 4587 ructon

436 4608 516 4668 omni
531 4616 597 4668 rrte
611 4605 780 4678 verborum,
796 4606 885 4665 etism
901 4623 956 4686 per
966 4605 1131 4681 mendscir,
1184 4607 1237 4688 qui
1251 4625 1417 4688 numquam
1432 4606 1551 4682 dormit
1574 4605 1629 4669 red
1644 4627 1771 4690 semper
1784 4603 1877 4687 sigilli

436 4691 644 4755 commendrre
659 4711 710 4753 ess
725 4689 855 4752 student.
1184 4694 1215 4754 in
1230 4695 1395 4774 pernicicm
1410 4694 1572 4757 bominum.
1590 4694 1710 4758 vernn
1725 4696 1778 4759 bic
1788 4708 1876 4757 run

480 4780 600 4858 Quibus
609 4779 846 4853 judiciemjom
857 4777 935 4838 olim
947 4796 1014 4840 storo
1026 4787 1131 4840 cerret.
1184 4781 1336 4861 proposito
1352 4803 1413 4844 non
1429 4782 1577 4861 congruit.

438 4864 570 4926 Grrece:
596 4857 651 4923 οὐκ
667 4855 770 4941 ἀργεῖ,
789 4881 858 4925 nost
873 4865 991 4926 tordot.
1019 4863 1131 4944 Quam·
1227 4869 1258 4927 4.
1289 4869 1324 4931 Bi
1339 4872 1425 4931 enim
1439 4871 1528 4931 Dersr
1542 4869 1672 4946 assuetis
1685 4868 1876 4949 peccauit!

437 4969 528 5031 qcsm
550 4958 582 5012 et
600 4968 719 5012 cerrcre
734 4969 787 5029 pro
803 4950 936 5012 tordore
950 4950 1059 5013 dicitur
1072 4951 1131 5015 Ls·
1183 4971 1253 5018 nors
1277 4959 1430 5036 pepercit.
1459 4955 1619 5036 Deinceps
1645 4958 1815 5040 Apostolus
1833 4952 1873 5017 ri

438 5037 507 5111 tine
533 5047 564 5100 ut
579 5038 665 5117 rpud
678 5035 853 5117 Virgilium:
884 5040 990 5103 Gerros
1004 5041 1041 5102 iss
1056 5046 1132 5102 voto
1184 5039 1283 5105 (luctis
1305 5063 1346 5107 ex
1365 5042 1547 5126 untiquitrte
1568 5044 1726 5129 exemplis
1750 5040 1874 5113 ..raet
