4442 5825
391 569 466 661 rui
906 584 1332 642 couunurasrusnrcrrn.

389 771 450 822 tem
467 758 632 821 ostenditur
643 780 679 822 ex
691 779 736 834 eo,
751 758 833 842 qnod
848 759 1014 842 Apostolus
1030 760 1087 823 hoo
1138 764 1234 842 ipsine
1254 760 1455 836 tabernaculi,
1477 760 1560 843 qnod
1584 761 1675 842 quasi
1696 778 1706 819 t

391 849 467 921 loco,
488 847 573 909 velut
594 849 634 924 id,
661 847 744 929 quod
765 847 902 924 dixerat,
929 848 1086 929 explicans
1139 850 1328 929 polluebatur
1357 849 1489 930 peccatis
1515 848 1644 909 filiorum
1671 847 1704 908 Is

390 936 490 998 statim
513 934 683 1016 subjungit:
705 939 819 1000 Jcsum
833 955 902 999 oon
916 939 952 997 io
967 955 1086 998 mouu-
1139 956 1265 1017 quornm
1294 936 1394 997 medio
1431 941 1498 997 erat
1527 938 1706 998 constitutus

388 1026 481 1104 sucta
505 1030 616 1084 cauom
642 1025 816 1099 introiisse,
843 1022 896 1085 scd
922 1026 959 1085 in
981 1027 1085 1100 ipsum
1139 1024 1219 1104 qnod
1241 1044 1282 1085 ex
1304 1042 1406 1086 eorum
1432 1025 1567 1102 peccatis
1591 1041 1693 1083 veram

393 1112 523 1173 coelum.
548 1108 652 1188 Quare
674 1110 705 1172 S.
722 1111 866 1185 Thomas,
889 1109 944 1171 illa
966 1112 1085 1191 exposi-
1138 1110 1224 1172 heret
1242 1110 1478 1186 immunditiam
1501 1110 1554 1171 sed
1571 1113 1645 1192 quia
1660 1130 1706 1190 pr<

389 1201 471 1259 tione
493 1198 615 1277 rejecta,
636 1197 717 1270 dicit,
740 1218 795 1278 per
814 1199 958 1287 coelestio
978 1198 1086 1259 melius
1138 1204 1337 1260 reverentiam
1359 1199 1531 1269 hominum,
1558 1198 1706 1259 circumcis

391 1284 519 1365 intelligi
530 1285 690 1347 coelestem
702 1287 838 1367 patriam,
853 1284 885 1346 id
898 1294 953 1358 est,
969 1285 1085 1345 coelum
1138 1288 1268 1346 rentium
1289 1297 1382 1366 atque
1403 1285 1601 1366 peccantium,
1624 1286 1684 1365 ipsi
1699 1283 1706 1343 l

390 1393 444 1435 seu
458 1371 671 1434 habitationem
688 1371 856 1434 coelestem.
880 1370 1084 1454 Quaeeadem
1138 1373 1313 1434 trahebatur
1339 1391 1412 1433 snus
1438 1371 1550 1448 bonos3
1580 1371 1706 1452 quomoa'

303 1455 306 1459 ⁸
391 1471 437 1523 est
451 1460 557 1520 Lirani
574 1462 732 1522 sententia
1138 1460 1206 1521 loca
1228 1460 1297 1520 Deo
1319 1459 1421 1520 dicata
1443 1457 1540 1538 pollui
1563 1457 1705 1520 dicuutur

434 1545 495 1609 Sed
509 1545 660 1629 quomodo
682 1547 760 1608 haec
782 1547 927 1609 eoelestia
939 1545 1083 1607 munden·
1139 1548 1271 1608 enormia
1291 1546 1439 1627 quaedem
1462 1554 1590 1625 peccata
1604 1547 1636 1605 in
1651 1546 1706 1605 iis»

390 1641 439 1695 tur
453 1633 568 1695 christi
581 1635 736 1714 sauguine,
753 1653 820 1694 cum
835 1635 867 1693 iu
883 1636 920 1694 iis
935 1633 1010 1694 nihil
1025 1654 1085 1694 our·
1139 1643 1250 1695 tuntnr.
1273 1635 1390 1696 Eodem
1405 1633 1502 1709 modo,
1517 1634 1619 1714 inquit
1629 1631 1706 1693 Biha

390 1722 461 1783 uino
476 1721 523 1795 sit,
545 1721 627 1802 qnod
641 1720 832 1782 mundatione
847 1729 943 1802 egeat,
967 1722 1084 1801 quaeri·
1138 1721 1208 1796 lum,
1231 1722 1312 1801 qnod
1326 1722 1385 1782 Dei
1399 1722 1484 1781 locus
1507 1728 1552 1779 est
1569 1719 1706 1801 multop

389 1817 447 1882 tur,
462 1827 497 1869 ac
511 1808 630 1870 difficile
653 1808 832 1889 explicatur.
857 1810 887 1870 S.
904 1806 1039 1868 Thomas
1055 1817 1086 1869 et
1138 1809 1197 1869 tior
1212 1817 1243 1870 st
1254 1808 1464 1882 venerabilior,
1479 1807 1626 1888 pollutum
1638 1804 1699 1869 init

390 1897 521 1979 hirenus
542 1914 608 1957 earu
631 1894 854 1957 mundationem
876 1893 1033 1956 declarant
1048 1914 1086 1956 ex
1137 1897 1299 1977 primorum
1314 1905 1483 1977 parentum,
1498 1914 1534 1954 ac
1548 1892 1695 1975 deinceps

392 1981 533 2063 analogia
543 1982 745 2044 mundationis
757 1981 1084 2044 tabernaculihioeeic'n
1137 1983 1290 2043 hominnm
1299 1985 1431 2063 peccatis
1443 1983 1581 2043 continuo
1593 1981 1706 2062 polluit

391 2069 476 2132 Sicut
490 2070 570 2131 euim
591 2069 818 2131 tabernaculum
840 2070 914 2133 illud
930 2068 1087 2131 dicebatur
1138 2079 1224 2131 tenus
1249 2071 1303 2132 illa
1324 2072 1355 2131 iu
1382 2070 1499 2132 coelum
1525 2068 1706 2131 ascendentis

393 2155 555 2232 emundari,
577 2178 637 2220 nou
653 2158 735 2238 quod
749 2159 848 2239 ipsum
863 2158 990 2219 haberet
1005 2158 1036 2217 in
1051 2176 1086 2217 se
1138 2159 1296 2238 Scriptura
1320 2155 1465 2238 loquitur)
1492 2157 1643 2219 teterrimo
1667 2176 1705 2219 su

391 2245 523 2326 aliquan:
538 2243 771 2323 immunditiam
788 2245 841 2305 sed
857 2244 1084 2326 quiatollehan·
1138 2249 1236 2307 Deum
1261 2245 1337 2307 coeli
1363 2245 1561 2307 habitatorem
1591 2246 1706 2324 gravitr

391 2340 440 2394 tur
462 2332 612 2415 quaedem
634 2332 872 2412 incgulsritetes
892 2351 946 2395 sen
969 2331 1086 2412 legales
1138 2332 1228 2409 dunt,
1254 2337 1411 2414 ipsumque
1434 2333 1503 2412 ejus
1529 2329 1706 2393 habitacula

391 2418 606 2497 immunditiae,
621 2420 729 2503 quibus
740 2420 980 2501 impediebantur
993 2418 1085 2480 homi·
1139 2420 1297 2484 dammodo
1312 2420 1468 2497 inficiuut3
1488 2418 1662 2482 cmundari
1675 2438 1706 2478 vs

390 2527 461 2582 nes,
488 2526 548 2589 qno
569 2509 669 2569 minus
690 2507 730 2568 ad
752 2507 979 2570 tabernaculum
1002 2527 1086 2568 acce·
1140 2518 1196 2584 tur,
1219 2529 1286 2570 cnm
1300 2526 1354 2587 per
1376 2505 1706 2588 sauguinomChristi1

390 2593 515 2657 derentc
531 2594 575 2657 ita
587 2594 698 2669 dicunt,
708 2596 800 2676 juxta
812 2595 990 2678 Apostolum
1001 2615 1086 2656 muu-
1138 2617 1205 2659 rum
1219 2597 1315 2658 foetor
1338 2595 1462 2667 tollitur,
1483 2614 1519 2655 ac
1534 2594 1601 2654 Deo
1616 2595 1706 2674 placit

394 2682 459 2745 dari
481 2681 640 2756 eoelestia,
667 2692 818 2762 quatenus
845 2683 980 2745 homines
1002 2702 1085 2743 mun·
1139 2685 1178 2746 ab
1194 2681 1364 2746 hominibus
1385 2689 1574 2744 exercentur.
1596 2682 1667 2742 Hac
1690 2701 1706 2742 e

394 2769 504 2831 dautur
517 2789 536 2829 a
551 2770 691 2850 peccatis,
707 2769 816 2850 quibus
830 2769 1034 2851 impediuntur
1049 2768 1086 2829 ch
1139 2774 1222 2833 tione
1230 2770 1313 2832 coelo
1321 2771 1439 2830 restitui
1448 2776 1588 2830 censetur
1597 2769 1696 2830 honor

391 2857 530 2939 ingressu
544 2859 630 2936 regni
645 2855 793 2919 coelestis.
1183 2857 1245 2921 Sed
1272 2866 1376 2919 contra
1401 2857 1481 2918 hanc
1502 2856 1706 2937 speculatione

436 2942 526 3005 Hauc
548 2962 622 3005 vero
645 2943 877 3025 explicationem
891 2945 1005 3007 Ribera
1027 2964 1088 3004 uon
1140 2946 1288 3017 subtilem,
1300 2946 1425 3024 primum
1439 2944 1530 3025 ohJici
1541 2952 1650 3025 potest,
1662 2963 1704 3026 qu

391 3030 506 3115 prohat,
522 3049 558 3093 eo
574 3030 657 3112 qnod
669 3033 774 3095 durius
786 3041 880 3107 sonet,
896 3032 1016 3095 coctam
1033 3050 1087 3093 sea
1140 3034 1244 3107 atolne,
1265 3030 1418 3095 Christum
1441 3051 1596 3113 opponens
1619 3031 1706 3093 Pont'

392 3118 551 3182 coelestem
584 3121 730 3196 putrium
770 3121 933 3182 mundari.
978 3119 1087 3199 Itaque
1140 3122 1251 3194 rorico,
1274 3119 1419 3200 illiusque
1444 3119 1541 3180 officia
1556 3117 1706 3180 declarem

392 3206 491 3281 sentit,
513 3224 569 3287 per
583 3206 729 3267 coelestia
750 3207 872 3288 quidem
892 3215 975 3268 recte
990 3206 1087 3286 sccipi
1140 3208 1244 3269 tithesi
1263 3227 1373 3280 eorum,
1396 3225 1478 3287 qnae
1491 3205 1605 3267 fiebant
1619 3207 1652 3268 in
1665 3226 1705 3269 vc

393 3291 510 3356 coelum
526 3293 632 3373 ipsum,
655 3292 756 3369 idest,
777 3293 1086 3356 taheruscnlnmcoe
1140 3303 1305 3367 stamento,
1338 3312 1456 3373 semper
1482 3292 1600 3353 Christo
1630 3313 1668 3355 ae
1696 3312 1706 3355 ι

391 3380 467 3443 leste
492 3388 524 3442 et
545 3379 728 3442 domicilium
750 3382 923 3455 beatorem,
950 3379 1030 3464 quud
1057 3387 1087 3440 et
1139 3383 1204 3462 ejus
1219 3401 1321 3443 veram
1344 3402 1381 3443 ac
1395 3381 1515 3461 proprie
1536 3378 1647 3441 dictam
1669 3399 1706 3440 ιιι

392 3467 559 3530 rationibus
589 3466 714 3549 probatq
744 3467 798 3529 sed
827 3470 1087 3530 emundationem
1140 3491 1207 3530 nem
1223 3477 1254 3530 et
1268 3468 1534 3530 sanctificationem
1558 3466 1674 3542 tribuit,
1698 3487 1706 3527 o

392 3557 506 3617 horum
536 3556 714 3615 coelestium
749 3556 836 3617 aliter
866 3558 1087 3637 interpretetur.
1139 3556 1213 3617 licet
1235 3575 1308 3617 vere
1328 3554 1493 3617 secundum
1515 3555 1706 3615 conscientian

392 3643 478 3704 Dicit
500 3642 588 3717 enim,
608 3641 737 3703 Paulum
758 3642 860 3704 verbis
879 3642 1087 3723 subsequenti·
1140 3664 1203 3704 ram
1219 3644 1288 3704 Doo
1310 3641 1422 3703 munda
1445 3642 1494 3701 fiat
1517 3659 1553 3702 ee
1568 3659 1625 3713 res,
1650 3659 1706 3722 qne

392 3729 466 3791 hus:
497 3727 571 3789 Non
597 3731 739 3789 enimin
761 3730 953 3808 manufacta
978 3736 1089 3790 saneto
1140 3731 1206 3792 dari
1228 3729 1344 3792 dicitur.
1368 3730 1460 3809 Atqui
1483 3727 1637 3790 mundatio
1662 3734 1706 3807 jar

392 3819 488 3880 Jews
502 3817 650 3876 introivit
665 3824 732 3890 etc,
754 3836 815 3877 uon
830 3815 967 3878 alludere
982 3815 1021 3876 ad
1037 3814 1086 3875 de
1141 3818 1199 3879 sita
1214 3838 1273 3877 nou
1289 3835 1369 3891 vora,
1388 3818 1441 3877 aed
1456 3816 1584 3895 figurate
1597 3813 1706 3878 dictat

394 3902 577 3964 dicationem
591 3902 784 3977 tabernaculi,
800 3902 922 3984 quaudo
935 3912 966 3963 et
981 3904 1089 3984 ipsum,
1141 3906 1182 3965 sit
1194 3905 1226 3965 in
1242 3904 1385 3975 confesso,
1402 3903 1526 3975 coelum,
1548 3903 1575 3965 si
1590 3900 1630 3963 de
1645 3921 1706 3966 mm

395 3997 426 4052 et
441 3990 539 4051 omnia
556 3990 622 4069 ejus
643 4009 719 4050 vass
740 3992 888 4071 sanguiue
904 3990 1090 4051 sanctificata
1142 3994 1269 4074 proprie,
1293 4001 1323 4052 et
1346 3989 1508 4052 secundum
1532 3989 1706 4071 Apostolum

394 4078 532 4152 inerunt3
554 4076 609 4137 sed
635 4075 673 4137 ed
700 4078 854 4138 introitum
880 4078 1035 4139 Pontificis
1059 4078 1090 4136 in
1141 4098 1217 4151 mur,
1228 4078 1366 4139 mundari
1375 4099 1435 4138 nou
1443 4095 1542 4157 possa
1558 4075 1706 4140 Deinde!

395 4163 506 4227 Sancto
526 4172 702 4237 sauctorum,
726 4163 855 4245 quando,
879 4168 956 4226 sicut
975 4166 1088 4244 praeci·
1142 4166 1306 4245 Apostolus
1335 4165 1372 4224 ab
1404 4166 1540 4225 instituto
1570 4162 1706 4226 decliner

394 4252 477 4334 pitnr
491 4250 591 4311 Lavit.
608 4252 666 4322 16..
681 4250 833 4326 Pontifex,
851 4252 925 4312 illuc
940 4272 1006 4312 cum
1022 4271 1088 4311 san·
1142 4251 1337 4313 mundatione
1360 4252 1524 4321 hominum,
1549 4250 1590 4312 ds
1612 4269 1675 4332 qna
1692 4253 1706 4334 '1

393 4340 486 4421 guise
515 4338 730 4417 introgressus,
759 4339 940 4420 aspergebat
973 4358 1042 4400 eum
1073 4357 1090 4399 e
1144 4339 1291 4412 disseruit,
1313 4340 1467 4400 causitum
1488 4336 1602 4399 taceret
1615 4336 1657 4399 ad
1671 4355 1706 4400 ml

394 4428 518 4508 regione
536 4425 655 4498 oraculi,
679 4437 771 4506 atque
786 4446 821 4487 ea
837 4428 1025 4487 caeremonia
1041 4444 1090 4485 ex·
1142 4447 1213 4487 nem
1234 4425 1326 4500 coeli,
1353 4426 1451 4505 qualis
1472 4425 1522 4485 hic
1543 4424 1676 4505 ringitur.
1699 4423 1706 4486 l

394 4513 499 4596 piabat
520 4514 726 4573 sanctuarium
749 4513 786 4574 ab
803 4513 998 4574 immunditiis
1013 4510 1089 4572 tilio·
1143 4533 1198 4574 nec
1213 4515 1271 4573 ista
1286 4513 1435 4574 subtilitas
1457 4513 1559 4572 evadit
1574 4511 1706 4574 duritie!

394 4622 459 4664 rum
475 4598 579 4673 Israel,
596 4600 974 4680 etaprasvaricationihus
990 4617 1089 4659 eorum
1142 4603 1198 4672 nis,
1221 4620 1282 4682 qus
1304 4599 1411 4661 dicitur
1434 4600 1554 4660 coelum
1574 4597 1706 4662 munde

394 4690 569 4769 cunctisque
592 4689 735 4767 peccatis.
759 4686 846 4766 Quae
869 4687 963 4747 verba
985 4688 1091 4767 ntique
1143 4695 1210 4769 pter
1226 4708 1316 4768 quom
1340 4686 1520 4767 displicebat
1540 4687 1701 4750 sententia:

394 4775 557 4849 declarant,
580 4774 622 4834 ibi
637 4795 697 4834 nou
714 4775 763 4855 agi
779 4773 817 4834 de
830 4773 1025 4834 mundatione
1039 4773 1090 4833 ho·
1143 4796 1219 4835 ruas.
1244 4775 1436 4855 Quamquam
1457 4772 1532 4834 illud
1554 4774 1705 4850 rectissim

393 4863 507 4923 minum
523 4860 561 4921 ab
577 4859 777 4934 immunditiis,
801 4880 879 4942 quas
893 4869 1006 4920 vocent
1021 4862 1091 4921 irre·
1144 4861 1218 4922 dicit
1231 4862 1350 4932 Ribcra,
1372 4860 1551 4941 Apostolum
1576 4862 1609 4922 in
1633 4861 1706 4940 peri«

394 4947 578 5031 guluritetes,
601 4949 710 5031 quibus
733 4947 772 5008 ah
794 4948 932 5027 ingressu
954 4948 1089 5009 taberne·
1144 4951 1247 5030 quenti
1261 4970 1322 5009 non
1344 4948 1481 5010 alludere
1505 4945 1544 5007 ad
1560 4947 1706 5009 dedicatio

395 5035 454 5098 culi
476 5033 736 5118 impediebantur;
759 5032 815 5096 eod
836 5034 873 5095 de
895 5034 1092 5097 mundatione
1144 5035 1310 5110 hernaculi,
1331 5034 1385 5097 sed
1406 5034 1447 5099 ad
1468 5036 1623 5098 introitum
1638 5035 1706 5097 Pon
