4442 5825
1211 480 1251 521 x

438 582 485 651 48
857 602 874 607 -·
901 591 904 596 ·
952 574 1185 632 comminus
1202 577 1232 631 u
1251 577 1317 632 cu.
1335 578 1364 632 n.

436 751 507 813 bere
529 751 685 833 significet
720 751 803 832 Quin
827 762 857 814 et
876 752 1055 834 Gregorius,
1078 758 1131 836 qni
1227 751 1276 816 Au
1290 756 1390 817 locum
1406 754 1580 836 scripturae
1595 753 1633 815 de
1642 752 1883 816 ministrantibus

433 839 578 921 Dionysii
592 841 770 901 sententium
792 850 912 901 secutus
935 840 1078 917 creditur,
1100 844 1132 903 in
1183 850 1214 905 et
1237 842 1457 916 assistentibus,
1480 861 1557 921 resp.
1580 840 1702 902 eosdem
1718 840 1885 920 significari

429 924 513 987 bom.
531 928 581 990 34.
596 927 629 986 in
643 926 761 1006 Eveng.
777 927 897 988 tandem
914 928 1081 1003 concludit,
1096 949 1133 990 ec
1183 939 1310 1012 utreque
1325 931 1455 990 nomine.
1479 927 1570 1008 Quod
1585 936 1649 987 tum
1666 947 1703 989 ex
1720 926 1794 989 aliis
1803 927 1882 989 Scri·

435 1012 593 1094 profitetur
606 1032 640 1073 se
655 1012 693 1072 de
715 1013 760 1073 his
775 1012 920 1075 offirmare
935 1015 1028 1090 velle,
1051 1015 1131 1096 quod
1183 1018 1288 1098 ptnris,
1304 1036 1382 1097 quae
1398 1018 1477 1077 inter
1489 1035 1525 1076 ea
1540 1015 1600 1074 duo
1612 1035 1673 1075 non
1685 1015 1882 1096 distinguunt,

435 1101 548 1180 apertis
565 1101 741 1161 testimoniis
756 1103 923 1182 approbare
937 1111 1077 1182 nequest.
1183 1112 1244 1163 tum
1263 1124 1332 1164 sero
1347 1105 1507 1182 perspicue
1528 1101 1672 1182 probatur
1694 1102 1883 1163 exoratione

477 1189 693 1266 Argumentum
707 1206 827 1270 quoque
841 1196 994 1267 sumptum
1009 1209 1046 1250 ex
1062 1209 1130 1249 con·
1182 1189 1347 1264 Ecclesiae,
1364 1192 1395 1250 in
1411 1210 1473 1270 qne
1489 1188 1527 1250 de
1539 1186 1657 1269 angelis
1672 1190 1716 1248 ita
1727 1196 1882 1267 precetur:

434 1275 546 1335 stsntia
577 1272 689 1334 ordinis
720 1275 800 1335 inter
829 1276 953 1356 angelos
979 1276 1131 1336 constituti
1189 1278 1229 1338 Ut
1244 1277 1356 1353 quibus
1379 1278 1437 1336 tibi
1458 1274 1716 1341 ministrantibus
1738 1277 1776 1335 in
1799 1275 1882 1338 coslo

434 1361 555 1423 minime
569 1362 734 1437 convincit3
751 1363 895 1441 quiatsm
908 1361 980 1422 ordo
994 1371 1131 1435 naturae,
1181 1382 1305 1440 seraper
1318 1367 1492 1439 assistitur,
1519 1363 1560 1422 ab
1581 1364 1629 1423 bis
1649 1364 1686 1424 ia
1707 1369 1802 1423 terra
1818 1366 1883 1423 uite

434 1462 524 1528 quem
540 1447 612 1508 ordo
628 1448 743 1527 gratiae
758 1451 790 1508 in
810 1449 927 1530 angelis
942 1450 1056 1510 servire
1080 1448 1129 1509 de·
1183 1459 1294 1511 aestro
1309 1454 1484 1513 muniatur.
1516 1449 1593 1510 Sunt
1612 1450 1706 1529 igitur
1729 1448 1822 1509 iidem
1837 1467 1880 1508 as

432 1535 486 1596 bet
499 1555 591 1615 regno
607 1533 728 1609 Christi,
744 1555 834 1615 quem
850 1537 940 1595 etism
955 1537 1130 1615 angelornm
1184 1539 1323 1598 sistentes
1340 1545 1370 1596 et
1383 1538 1601 1598 ministrantes:
1628 1537 1806 1596 assistentes
1821 1535 1881 1618 qui·

432 1610 570 1702 ‘caputet
586 1622 736 1682 dominum
752 1641 819 1683 esse
837 1630 961 1683 constat
985 1621 1131 1702 Quicum
1182 1622 1268 1697 dem,
1298 1630 1332 1682 ut
1353 1643 1473 1703 semper
1502 1623 1600 1705 persti
1625 1621 1665 1682 ad
1686 1619 1882 1704 exsequendi

398 1745 402 1749 ν
433 1709 559 1770 s·Pstre
573 1710 700 1780 missus,
725 1728 777 1787 per
793 1712 924 1791 seipsum
941 1708 979 1769 ad
995 1711 1071 1771 hsce
1086 1711 1129 1769 in·
1181 1712 1241 1770 Dei
1249 1711 1352 1790 jussa,
1366 1711 1579 1783 ministrantes,
1590 1708 1661 1769 dum
1674 1709 1782 1771 eudem
1795 1727 1882 1788 opere

429 1794 505 1856 ‘dms
528 1794 818 1871 descenderit3‘non
842 1800 948 1877 utique
972 1796 1062 1856 debet
1085 1798 1128 1856 in·
1183 1806 1395 1877 exsequuntur.
1418 1797 1518 1873 Hujus
1534 1798 1807 1876 porrosententise
1821 1793 1879 1877 ple

427 1878 555 1961 'dignum
571 1892 622 1943 aut
637 1880 837 1944 inordinatum
858 1883 971 1956 videri,
999 1884 1023 1944 si
1039 1886 1129 1944 etism
1182 1886 1296 1945 niorem
1312 1884 1542 1962 explicationem
1552 1891 1650 1964 petat,
1667 1885 1721 1962 qni
1736 1882 1829 1956 volet,
1844 1900 1879 1941 ex

432 1969 548 2050 engoli,
585 1970 747 2050 quantovis
775 1978 902 2031 naturae
931 1978 984 2030 eut
1012 1972 1129 2048 gratius
1182 1972 1393 2032 commentario
1407 1970 1443 2030 F.
1459 1970 1589 2030 Biberse
1612 1979 1641 2030 et
1664 1991 1703 2031 ex
1722 1969 1879 2031 nostrisiu

433 2055 581 2139 ‹lignitste
594 2056 826 2138 praecellentes,
853 2056 892 2118 ad
909 2066 1031 2118 externa
1046 2059 1129 2118 mini·
1183 2059 1312 2120 issent.

422 2142 527 2222 ¹steria
539 2164 558 2204 e
568 2142 637 2205 Deo
649 2144 731 2204 missi
742 2163 798 2224 per
808 2147 926 2237 seipsos
934 2164 971 2205 ea
979 2144 1130 2224 expleant

864 2517 1451 2616 ttrur'suttuttn.

536 2685 722 2771 Propterea
749 2681 973 2751 abundantius
1000 2688 1133 2770 oportet
1156 2680 1335 2750 observare
1362 2703 1423 2750 nes
1451 2703 1502 2769 es,
1530 2704 1614 2772 quae
1642 2675 1878 2770 audivimus¹),

430 2808 474 2858 ne
502 2788 588 2855 terte
615 2788 858 2876 pereffluemus.
906 2789 940 2853 2.
969 2785 1005 2854 Si
1037 2789 1133 2872 eninr,
1162 2788 1218 2874 qui
1244 2808 1304 2875 per
1331 2786 1479 2874 Angelos
1507 2787 1617 2855 dictus
1643 2795 1695 2855 est
1705 2777 1733 2872 ²)
1760 2808 1878 2878 sermo,

432 2893 541 2961 lectus
568 2900 619 2960 est
646 2893 775 2979 firmus,
816 2897 851 2959 ot
878 2892 983 2959 omnis
1008 2892 1255 2979 praevaricatio
1284 2897 1318 2959 et
1344 2890 1572 2960 inobedientis
1599 2895 1732 2982 accepit
1754 2897 1878 2982 justam

431 2998 597 3066 mercedis
621 2995 894 3080 retributionem
925 2998 957 3063 3.
983 2996 1147 3085 quemodo
1169 3016 1230 3063 nes
1251 2986 1491 3084 effugierunt),
1519 2999 1547 3064 si
1569 3003 1694 3065 tantam
1715 2999 1877 3086 neglexe-

431 3103 727 3180 rimussalutem?
770 3118 854 3191 quae
891 3120 964 3168 cnm
999 3101 1128 3167 initium
1165 3103 1352 3189 accepisset
1385 3104 1533 3169 enarrari
1567 3093 1627 3189 per
1653 3092 1878 3188 Dominum‘),

378 3235 382 3242 ·
431 3203 474 3294 ab
503 3207 570 3293 eis,
612 3209 668 3296 qui
695 3195 930 3289 audierunt⁵),
967 3205 1001 3272 in
1028 3224 1088 3270 nos
1117 3205 1311 3272 confirmata
1346 3212 1418 3293 cst,
1454 3210 1488 3272 4.
1524 3210 1735 3274 contestante
1763 3196 1877 3290 Dco‘)

431 3312 533 3400 signis
554 3317 590 3379 et
609 3312 784 3400 portentis,
813 3316 847 3377 et
866 3310 966 3377 variis
989 3308 1170 3378 virtutibus
1191 3315 1224 3375 et
1248 3308 1391 3396 Spiritus
1414 3311 1522 3377 saneti
1534 3299 1560 3393 ⁷)
1587 3307 1879 3379 distributionibus

433 3416 614 3506 secundum
654 3435 745 3484 susm
785 3414 990 3482 voluntatem
1006 3404 1045 3496 8).
1110 3414 1143 3479 5.
1181 3412 1255 3480 Non
1296 3415 1382 3480 enim
1421 3415 1561 3501 Angelis
1600 3412 1746 3501 subjecit
1786 3413 1879 3483 Deus

433 3518 547 3588 orbern
587 3526 697 3587 terrae
738 3520 899 3606 futurum,
941 3517 983 3584 dc
1025 3537 1089 3606 que
1125 3518 1299 3606 loquimur.
1354 3520 1388 3584 s.
1417 3519 1575 3586 Testatus
1609 3525 1660 3586 est
1695 3524 1810 3586 sutem
1844 3519 1876 3586 in

432 3623 575 3714 quodam
603 3624 677 3690 leco
705 3623 778 3712 quis
806 3611 976 3703 dieens⁹):
1014 3619 1102 3706 Quid
1131 3627 1182 3688 est
1208 3622 1324 3707 honre,
1359 3622 1448 3710 qued
1474 3643 1599 3690 memor
1627 3643 1663 3691 es
1690 3625 1783 3711 ejus,
1820 3627 1877 3690 sut

398 3725 401 3730 ’
432 3720 519 3795 Altus
555 3728 695 3795 hominis
731 3728 884 3815 quoniam
918 3726 1034 3792 visitas
1069 3728 1171 3791 eum?
1212 3729 1245 3791 7.
1272 3726 1419 3793 bibruisti
1454 3747 1527 3793 eum
1562 3728 1663 3814 paulo
1696 3728 1806 3795 minus
1820 3724 1876 3793 ab

431 3832 588 3919 Angelis:
629 3832 737 3919 gloria
772 3837 806 3898 et
840 3831 965 3897 honere
1006 3831 1174 3896 coronasti
1211 3850 1302 3898 eum:
1344 3836 1379 3896 et
1418 3830 1619 3898 constituisti
1660 3850 1735 3898 eum
1776 3849 1877 3920 snper

416 3954 536 4024 opere
562 3956 716 4005 manuum
744 3940 885 4003 tuorum.
942 3937 976 4003 8.
1005 3932 1125 4001 Omnis
1159 3930 1331 4019 subjecisti
1364 3931 1426 4001 sub
1462 3933 1605 4022 pedibus
1622 3937 1714 4021 ejus.
1767 3933 1808 4010 In
1835 3955 1876 4002 eo
1921 3947 1923 3952 '

425 4040 536 4126 enim,
563 4040 652 4127 qnod
680 4041 789 4106 omnia
816 4040 847 4106 ei
874 4027 1086 4125 subjecitffl),
1118 4038 1201 4105 nibil
1228 4038 1353 4105 dimisit
1377 4058 1444 4104 non
1470 4038 1657 4125 subjeetum
1684 4038 1725 4105 ei.
1779 4039 1875 4108 Nunc

315 4220 317 4223 Α
433 4148 543 4211 tutem
570 4144 712 4212 necdum
739 4143 890 4210 videmus
918 4142 1027 4210 omnia
1054 4139 1208 4228 subjecta
1235 4143 1276 4209 ei.
1334 4144 1368 4209 9.
1396 4141 1480 4209 lium
1509 4148 1630 4230 antem,
1658 4143 1719 4230 qui
1738 4132 1882 4209 modico

432 4258 529 4338 qusnr
556 4248 680 4334 Angeli
705 4249 888 4313 minoratus
915 4252 976 4332 cst,
1004 4246 1155 4314 videmus
1181 4245 1298 4313 Jesum
1317 4251 1455 4334 prepter
1481 4248 1670 4333 passionem
1697 4235 1875 4330 mortis¹¹),

429 4352 538 4440 gloria
565 4351 750 4422 ethonore
779 4357 989 4418 coronatum:
1029 4354 1067 4418 ut
1100 4353 1210 4436 gratis
1237 4351 1303 4417 Dei
1337 4370 1398 4438 pro
1427 4348 1578 4417 erunibus
1604 4355 1756 4437 gustaret
1783 4367 1875 4420 mer·

430 4461 509 4524 tem.
541 4447 886 4526 lubecensium
915 4475 999 4540 eum,
1026 4459 1165 4541 prepter
1189 4474 1285 4541 quem
1308 4456 1417 4521 omnia
1444 4458 1479 4520 et
1499 4474 1561 4541 per
1583 4474 1680 4542 quern
1703 4442 1874 4540 omnis¹²),

428 4561 486 4648 qni
512 4560 634 4628 multos
660 4560 744 4626 tilios
770 4560 804 4624 in
832 4560 970 4645 gloriam
996 4556 1193 4646 adduxerat,
1222 4565 1391 4625 suctorern
1418 4558 1537 4625 sslntis
1563 4577 1677 4625 eorum
1703 4565 1765 4647 per
1792 4577 1873 4646 pas·

428 4663 553 4732 sionem
581 4682 806 4732 consummare
817 4652 867 4746 13).
924 4664 982 4728 ll.
1012 4659 1077 4746 Qui
1105 4663 1191 4729 enim
1225 4663 1429 4749 sanctificat,
1467 4663 1585 4752 etqui
1612 4663 1873 4749 sanctificentur,

457 4939 463 4946 .
532 4889 678 4958 ¹)cep.³,
700 4896 721 4946 t.
755 4887 781 4958 ¹)
799 4895 852 4945 rtet.
871 4892 896 4956 7,
915 4892 955 4946 53.
984 4888 1082 4953 Gelu,
1102 4891 1142 4941 ts.
1182 4882 1286 4955 ἤθει).
1309 4889 1409 4949 12,25.
1449 4884 1475 4955 ⁴)
1495 4889 1555 4953 cap.
1577 4890 1599 4952 t,
1617 4892 1642 4942 t.
1677 4886 1830 4950 bilsen.
1851 4891 1873 4951 t,

429 4952 516 5014 t.-t.‘
549 4957 665 5028 utrm.
686 4964 731 5026 15,
749 4964 791 5015 tt.
810 4962 852 5014 ²7.
888 4956 1072 5026 ⁷]Aet.2,t.
1107 4956 1133 5025 8)
1154 4959 1239 5020 icor.
1262 4961 1305 5020 tt,
1326 4958 1366 5011 tt.
1399 4953 1427 5022 ⁹]
1443 4957 1536 5011 Psstm.
1554 4960 1584 5021 8,
1603 4959 1688 5012 5.-7.
1731 4951 1873 5023 ututur

415 5029 476 5096 rr,
496 5031 537 5083 rr.
575 5025 610 5096 ¹¹]
628 5030 688 5084 nur.
706 5034 755 5097 ur,
773 5031 814 5084 rs.
833 5031 875 5084 rr.
912 5026 948 5095 ¹²)
965 5030 1036 5082 non.
1057 5029 1102 5094 rr,
1120 5029 1161 5081 ss.
1202 5022 1238 5088 ¹⁸)
1257 5027 1318 5091 erp.
1335 5028 1366 5092 s,
1386 5030 1412 5079 r:
1435 5027 1528 5080 rum.
1548 5028 1611 5090 ros,
1631 5029 1653 5080 r.
