4442 5825
390 581 462 648 713
920 567 1154 624 censuerimus
1170 567 1202 622 nt
1218 566 1286 623 ctl’.
1304 567 1343 621 [ΙΙ.

388 747 571 817 auctoritate,
595 745 648 826 qui
671 764 761 824 supra
784 765 849 826 cap.
876 749 902 806 1.
926 744 1017 806 dixit:
1049 748 1084 809 Si
1137 755 1225 808 trem.
1256 746 1460 806 Veruntamen
1483 742 1541 804 sub
1564 743 1620 804 illo
1640 740 1817 804 frotmuiodi

389 836 581 896 dixerimus:
610 835 693 912 Quia
713 841 877 909 peccatum
900 851 968 895 noo
988 835 1083 895 dobe-
1137 842 1278 915 peccato,
1298 842 1332 892 ut
1354 831 1460 913 plenus
1481 831 1523 892 sit
1536 831 1634 911 hujus
1648 830 1708 891 loci
1721 847 1819 902 seusus,

388 939 479 998 ιιιιιι,ι
506 937 564 982 nos
585 921 668 996 ipsos
688 920 865 982 seducimus
881 928 933 980 etc.
972 920 1082 981 Viden·
1138 923 1229 982 etiem
1252 928 1375 980 coetero
1396 918 1539 980 mortslis
1560 913 1821 998 comprehendite

389 1007 460 1069 dum
486 1009 596 1086 igitur,
622 1007 792 1086 quomodo,
819 1005 899 1087 quod
925 1008 975 1068 hic
1002 1007 1084 1082 dicit,
1137 1007 1223 1080 beot,
1251 1026 1330 1088 queo
1355 1005 1540 1087 generaliter
1566 1003 1650 1066 idem
1679 1003 1823 1084 Apodolus

389 1113 512 1157 omnem
529 1113 612 1168 eom,
628 1097 684 1170 qut
695 1096 731 1154 io
743 1095 866 1155 Christo
881 1103 1000 1171 manet,
1016 1111 1085 1155 non
1137 1103 1228 1155 vocat
1251 1112 1349 1171 opero
1366 1094 1487 1154 dioboli
1494 1138 1504 1170 ,
1528 1111 1611 1153 vers
1629 1094 1659 1154 8.
1688 1090 1764 1150 Nem
1776 1098 1825 1150 ste

389 1198 530 1260 peccare,
546 1179 653 1240 debent
668 1180 804 1260 intelligi,
821 1191 855 1241 ut
870 1181 914 1240 illi
930 1181 1086 1241 doctrines
1139 1182 1291 1242 contrario
1314 1200 1413 1258 opera
1437 1182 1523 1242 bona
1544 1181 1715 1255 justitiam
1739 1179 1768 1237 in
1785 1197 1823 1256 ge

390 1266 567 1330 Catholicae
581 1288 642 1327 uon
657 1269 697 1327 sit
715 1270 906 1328 contrarium.
941 1269 1084 1345 Augusti·
1138 1288 1212 1329 uere
1227 1277 1323 1342 vocet,
1341 1267 1463 1329 diceus:
1495 1270 1561 1348 Qus·
1574 1266 1825 1345 factumn,

389 1373 445 1416 nus
460 1355 510 1415 lib.
520 1354 550 1412 t.
565 1362 670 1415 contre
684 1353 761 1414 dues
777 1357 865 1434 epist.
881 1355 943 1415 Pel.
960 1373 1026 1436 cup.
1037 1359 1084 1415 11.
1134 1360 1239 1430 justus
1254 1362 1306 1415 cst.

390 1441 483 1502 refert
508 1459 547 1500 ex
574 1440 724 1501 Ambrosii
754 1442 966 1502 commentario
996 1461 1085 1522 super
1182 1443 1224 1501 Et
1245 1443 1302 1502 hcc
1323 1441 1460 1520 generali
1477 1459 1574 1501 sensu
1589 1439 1690 1500 locum
1706 1457 1826 1520 pmcsou

391 1527 526 1590 desciem
550 1528 698 1608 qusedem
722 1528 826 1601 verbe,
849 1528 959 1609 quibus
978 1527 1029 1588 ille
1044 1529 1085 1587 lo·
1139 1536 1197 1588 tem
1225 1531 1342 1610 accepit
1367 1529 1576 1608 Hieronymus
1604 1525 1657 1586 lib.
1683 1529 1713 1588 A.
1739 1535 1827 1586 contre

390 1634 457 1676 cum
487 1614 567 1675 hunc
597 1616 718 1694 exponit
748 1613 786 1676 de
814 1614 918 1676 futuro
956 1614 1085 1690 soeculo,
1140 1615 1352 1689 Jovinienum,
1379 1635 1445 1694 cup.
1475 1621 1517 1688 1.,
1544 1621 1578 1674 et
1602 1613 1656 1673 lib.
1685 1617 1714 1673 1.
1738 1623 1826 1673 centn

391 1701 513 1782 quondo
540 1702 671 1781 perfecte
697 1704 755 1763 erit
781 1701 945 1763 electorum
969 1703 1085 1763 mensio
1140 1702 1243 1781 Pelug.
1259 1722 1325 1782 cop.
1342 1707 1370 1765 3.
1397 1702 1605 1782 Eandemque
1627 1701 1829 1760 sensumintm

391 1791 420 1849 in
437 1788 564 1860 Christo,
586 1797 616 1847 ot
631 1789 802 1868 conjunctio
818 1809 885 1850 cum
901 1789 1030 1863 Christo,
1053 1795 1085 1848 ut
1140 1788 1215 1850 elios
1238 1789 1329 1849 trudit
1351 1808 1387 1850 uc
1407 1788 1486 1849 bene
1508 1787 1648 1849 declaret
1675 1786 1828 1858 flustris

392 1875 521 1955 emplius
537 1894 592 1934 nec
606 1884 741 1954 peccent
756 1877 1085 1958 necpeoosrepossiut.
1139 1876 1361 1936 observandum
1390 1895 1535 1949 mouens,
1576 1873 1664 1956 opud
1693 1874 1828 1935 Josunem

391 1962 503 2024 Verum
516 1981 576 2022 non
589 1962 637 2021 bic
648 1963 924 2042 loquiturdosnnes
936 1962 1086 2024 defuturo
1139 1962 1334 2044 Apostolum,
1354 1981 1485 2040 peccorc
1506 1964 1576 2022 sive
1598 1963 1713 2040 fucere
1730 1979 1828 2038 precen-

393 2050 524 2123 sceculo‚
547 2047 601 2108 sed
618 2048 655 2109 de
672 2052 836 2130 praesenti,
861 2051 988 2126 docens,
1011 2048 1084 2132 quid
1140 2059 1217 2125 tum,
1234 2049 1311 2110 idem
1326 2067 1402 2123 esse,
1417 2049 1499 2131 quod
1515 2049 1600 2130 opud
1615 2048 1757 2121 Paulum,
1771 2067 1829 2108 uss·

392 2155 482 2216 egere
505 2135 675 2211 debeamus,
698 2145 813 2198 utnon
836 2157 1004 2218 peccemus.
1035 2137 1088 2198 Sic
1140 2137 1251 2198 butaro
1264 2138 1435 2198 mundum
1452 2155 1596 2211 carnem,
1617 2155 1686 2196 mc
1700 2136 1757 2196 sest
1766 2153 1829 2213 pcc·

392 2227 470 2284 enim
486 2232 517 2284 et
529 2224 615 2283 initio
627 2224 735 2304 cupitis
747 2225 872 2286 secundi
885 2227 976 2287 dixit:
998 2227 1087 2285 Haec
1140 2232 1221 2300 coto,
1237 2243 1361 2286 servum
1379 2244 1439 2285 esec
1452 2228 1587 2301 peccott
1613 2222 1652 2283 Id
1670 2233 1771 2284 cutm
1783 2234 1828 2292 est,

391 2310 492 2372 scribo
508 2310 604 2384 votis,
624 2317 660 2371 ot
676 2330 743 2372 non
755 2317 897 2388 peccetis.
927 2311 1017 2393 Quod
1032 2313 1086 2374 uti·
1140 2330 1263 2393 peccare
1285 2312 1456 2383 mortsliter,
1479 2322 1548 2372 ectu
1573 2311 1626 2371 vel
1645 2310 1762 2370 effectu
1789 2309 1829 2370 sie

392 2417 453 2480 que
466 2397 506 2457 sd
521 2416 664 2479 praesens
680 2398 835 2461 saeculum
859 2402 998 2481 pertinet.
1027 2396 1088 2460 Sed
1141 2420 1214 2479 ergo
1235 2399 1373 2460 Jounnes
1393 2417 1519 2461 omnem
1541 2418 1628 2474 eum,
1656 2401 1714 2476 qui
1735 2404 1829 2457 monet

393 2495 424 2546 et
457 2485 507 2545 hic
537 2496 606 2565 post
633 2505 731 2565 peuce
758 2485 927 2567 subjungit:
964 2489 1006 2547 In
1032 2489 1088 2548 hoc
1141 2490 1176 2549 in
1200 2487 1341 2561 Christo,
1367 2485 1438 2547 dicit
1459 2504 1528 2548 non
1546 2504 1707 2564 peccare,
1730 2484 1830 2545 scilieet

390 2573 555 2650 manifesti
570 2580 644 2633 sont
659 2572 719 2650 filit
735 2575 808 2649 Dei,
830 2582 858 2635 ct
873 2574 932 2652 {ilii
947 2575 1087 2647 diaboli3
1141 2574 1211 2634 dum
1235 2580 1337 2634 munet
1357 2571 1535 2648 incurioso,
1560 2571 1717 2655 quomodo
1731 2571 1830 2631 Paulus

390 2679 497 2740 nempe
519 2661 551 2720 iu
571 2678 621 2732 eo,
646 2660 728 2740 quod
744 2662 792 2720 isti
807 2671 949 2740 peccent,
968 2662 1013 2722 illi
1029 2681 1088 2722 non
1141 2661 1223 2734 dicit,
1244 2680 1299 2721 nos
1315 2668 1446 2720 mortuos
1462 2678 1530 2722 esse
1545 2668 1680 2740 peccato
1696 2667 1726 2718 ct
1741 2658 1829 2720 libn-

391 2756 526 2827 peccent.
554 2745 644 2826 Quod
660 2747 761 2807 adfert
775 2758 810 2807 ut
824 2757 925 2808 notem
941 2747 1087 2808 discrimi·
1140 2757 1187 2808 tos
1203 2755 1368 2827 epecceto,
1383 2748 1468 2808 Rom.
1486 2750 1533 2823 6.;
1552 2750 1627 2808 item
1642 2746 1759 2807 nullom
1774 2763 1829 2804 csse

392 2836 439 2894 uis
456 2834 535 2893 inter
550 2833 605 2891 hos
620 2842 650 2891 et
665 2833 741 2906 illos,
758 2836 848 2894 etiem
865 2836 894 2895 in
910 2835 967 2896 huc
981 2837 1051 2897 vite.
1140 2835 1401 2918 perticipationem
1418 2835 1560 2913 justitiae
1583 2854 1654 2895 cum
1677 2834 1830 2915 iniquitate

435 2922 493 2981 Est
504 2922 595 3001 igitur
607 2921 684 2981 alius
696 2942 802 2982 sensus
814 2924 907 3003 ipsius
916 2923 1087 3004 Augustini,
1142 2928 1160 2983 e
1177 2922 1245 2984 Gor.
1262 2924 1290 2984 6.
1329 2924 1405 2982 Nom
1427 2930 1456 2982 et
1478 2922 1588 2983 Petrus
1611 2925 1656 2982 its
1673 2920 1829 3002 loquiturt

392 3027 480 3089 quem
495 3007 586 3067 cedit
601 3006 653 3067 lib.
667 3011 695 3068 2.
712 3009 748 3068 ds
764 3010 870 3090 baptis.
888 3011 1004 3091 parvul.
1021 3030 1085 3090 cup.
1141 3011 1237 3090 Epist.
1263 3014 1307 3069 1.:
1344 3011 1431 3070 Haec
1457 3014 1541 3070 enim
1568 3012 1750 3088 facientes,
1775 3024 1830 3067 nos

392 3097 422 3155 8.
439 3099 466 3157 9.
482 3103 514 3155 et
531 3096 588 3167 10.‚
605 3094 656 3155 lib.
674 3097 702 3155 2.
718 3105 821 3156 contre
836 3099 923 3176 epist.
947 3098 1085 3159 Permen.
1139 3097 1306 3175 peccabitis
1320 3098 1507 3174 aliqnando.

393 3201 457 3262 exp.
483 3181 528 3252 7.,
552 3182 628 3242 libro
651 3180 689 3243 de
710 3184 832 3262 perfect.
852 3184 1008 3263 justitian,
1032 3183 1086 3245 sub
1185 3185 1279 3244 Porro
1301 3202 1431 3245 manere
1454 3187 1489 3244 in
1513 3184 1652 3258 Christo,
1678 3192 1734 3256 est,
1756 3183 1829 3243 siin

392 3268 491 3340 finem,
506 3268 581 3328 etin
597 3270 751 3347 epist.95.,
763 3271 865 3348 justos
880 3273 954 3331 etin
966 3271 1087 3333 Christo
1141 3270 1282 3343 haerere,
1306 3281 1456 3351 tamquam
1479 3271 1646 3331 membrum
1670 3290 1728 3331 suo
1743 3268 1830 3347 copitt
1872 3281 1873 3288 ’

392 3364 547 3416 mouentes
568 3375 627 3414 nou
650 3375 777 3435 peccare
792 3377 831 3417 ex
847 3366 1002 3437 otperto,
1026 3377 1088 3439 que
1141 3360 1184 3418 sic
1209 3368 1243 3416 ut
1268 3358 1375 3417 vitcles
1405 3358 1442 3417 ub
1470 3378 1506 3418 eo
1536 3356 1676 3417 influxus
1706 3357 1830 3436 accipiet
1872 3379 1873 3386 ¹

392 3451 463 3503 sunt
478 3444 509 3502 iu
525 3442 646 3503 Christo
662 3446 758 3504 renuti
781 3464 818 3503 sc
839 3447 992 3523 renoveti3
1018 3446 1088 3506 licet
1140 3444 1207 3504 Nee
1219 3444 1343 3505 verbum
1356 3437 1466 3521 μένειν,
1482 3462 1627 3518 creauere,
1645 3461 1830 3524 perseverum
1872 3493 1873 3500 ,

392 3550 430 3592 es
446 3537 538 3610 perte,
563 3549 622 3608 qun
640 3538 711 3590 sunt
725 3530 823 3591 cdhue
837 3534 963 3606 vetusti,
986 3541 1017 3592 et
1033 3531 1085 3592 tilii
1141 3533 1213 3591 tiem
1240 3532 1354 3593 Joonni
1380 3532 1519 3603 denotet,
1545 3531 1601 3592 sed
1628 3534 1763 3611 quictem
1786 3528 1830 3588 uli
1872 3560 1873 3566 ι

392 3617 485 3695 hujus
501 3616 624 3689 saeculi,
645 3636 859 3697 saepenumero
873 3627 1006 3698 peccent.
1036 3621 1088 3681 Sic
1141 3637 1250 3698 qusm3
1273 3618 1421 3698 quomodo
1446 3620 1516 3698 quis
1536 3617 1655 3678 dicitnr
1676 3616 1831 3678 manescit
1870 3641 1873 3700 p

393 3711 422 3764 et
449 3703 621 3763 Borncrdns
647 3704 798 3765 intellexit
820 3704 897 3765 libro
921 3704 959 3767 de
980 3714 1088 3767 nature
1142 3704 1246 3780 domo,
1268 3705 1321 3766 ubi
1343 3705 1445 3766 sedem
1463 3705 1560 3766 hebet.
1594 3705 1691 3766 Unde
1707 3721 1829 3766 necem
1871 3709 1873 3778 j

393 3799 423 3851 ct
437 3789 585 3871 dignitate
601 3789 695 3851 divini
710 3793 827 3864 umoris,
851 3812 915 3872 cep.
934 3795 961 3855 6.
992 3795 1087 3874 Atqui
1143 3793 1226 3852 veuit
1247 3810 1352 3853 seusus
1375 3792 1509 3867 illorum,
1531 3792 1586 3872 qui
1611 3793 1658 3852 sic
1675 3796 1831 3873 exponunt:
1869 3785 1873 3858 l

392 3897 450 3939 nec
463 3879 521 3939 iste
536 3878 775 3952 sensusvidetur
789 3879 997 3940 accommodus
1017 3880 1087 3940 huic
1142 3881 1203 3959 Qui
1225 3886 1334 3941 manet
1356 3880 1396 3941 ιἰι
1413 3880 1463 3940 Eo
1488 3888 1728 3959 perseveranter
1750 3891 1831 3958 usqu
1871 3861 1873 3978 l

392 3966 468 4026 loco.
495 3966 662 4044 Distinguit
676 3968 753 4025 enim
768 3965 912 4040 dorenses,
927 3977 961 4028 nt
976 3964 1087 4027 dictum
1142 3969 1174 4027 in
1195 3967 1299 4040 finem,
1320 3985 1483 4047 numquam
1506 3965 1653 4045 deinceps
1678 3965 1831 4028 momtcs

393 4061 455 4126 est,
479 4054 556 4112 inter
577 4051 653 4111 tilios
668 4051 782 4113 diaboli
797 4060 827 4112 et
841 4052 919 4113 filios
934 4054 1009 4126 Dei,
1033 4074 1087 4133 per
1141 4062 1256 4134 peccet.
1271 4054 1350 4113 Nam
1365 4073 1462 4135 neque
1476 4072 1530 4134 per
1544 4053 1603 4113 hoc
1617 4050 1832 4134 ennagonus

390 4157 522 4216 peccare
546 4147 576 4198 et
598 4157 666 4200 ιιοιι
685 4157 835 4218 peccare,·
859 4141 939 4221 quod
961 4140 1087 4221 intelligi
1142 4141 1196 4200 filii
1212 4140 1270 4200 Dei
1286 4149 1317 4199 et
1331 4140 1386 4200 tilii
1404 4139 1534 4214 dieboli3
1556 4138 1648 4200 multi
1674 4144 1756 4203 enim
1775 4142 1833 4198 sut

392 4246 453 4293 non
484 4234 585 4306 potest
610 4224 648 4286 de
678 4226 915 4308 quibuscumque
945 4230 1088 4307 peccetis,
1142 4226 1198 4288 tilii
1213 4227 1289 4302 Dei,
1313 4225 1343 4287 id
1359 4235 1404 4289 est
1415 4226 1510 4306 justi,
1532 4228 1587 4307 qui
1603 4228 1635 4287 iu
1648 4228 1833 4305 justitian

355 4329 361 4339 ·
394 4312 446 4374 sed
462 4321 578 4373 tentum
594 4310 633 4372 de
645 4314 843 4392 gravioribus,
860 4335 938 4395 quae
949 4314 1087 4377 mortalis
1141 4324 1346 4396 perseverunt

393 4420 543 4462 sommus.
1186 4403 1355 4476 Etomm's,
1372 4404 1556 4478 qoipcecct,
1573 4401 1834 4472 nouve'ditd'm

437 4489 533 4567 Igitur
545 4486 735 4567 Augustinus
744 4488 774 4548 in
782 4490 993 4550 commentario
1001 4508 1087 4568 prse-
1140 4507 1199 4549 noc
1214 4492 1362 4566 cognovit
1375 4490 1470 4549 Ευηι.
1492 4488 1570 4549 Rem
1586 4486 1730 4550 deolcrct
1743 4507 1781 4548 ex
1791 4501 1833 4566 ep·

395 4576 487 4635 sentis
502 4574 570 4647 loci,
592 4582 678 4634 tract.
696 4573 735 4646 6.,
754 4576 975 4655 interpretetur,
991 4576 1086 4637 Joun·
1142 4576 1248 4654 posito.
1275 4575 1341 4635 Nec
1355 4584 1456 4636 tomen
1472 4576 1558 4636 dicit:
1587 4577 1665 4636 Nost
1686 4574 1834 4637 monetis

393 4680 462 4724 nem
485 4661 570 4740 loqui
592 4660 631 4721 de
647 4680 683 4722 eo
698 4672 832 4740 peccstc,
854 4663 935 4741 quod
958 4671 1006 4724 est
1027 4683 1088 4723 nou
1142 4664 1202 4737 Eo,
1226 4664 1296 4723 sed:
1324 4665 1398 4724 Non
1413 4663 1495 4722 vidit
1509 4663 1597 4724 Eum
1612 4670 1683 4738 etc,
1698 4664 1833 4724 vision·

396 4746 519 4828 diligere
535 4746 666 4821 fratrem,
691 4746 791 4822 idest,
807 4769 867 4829 qno
883 4748 1015 4810 violetur
1029 4748 1087 4810 fre-
1143 4757 1174 4810 et
1184 4750 1329 4821 notitiem,
1345 4760 1379 4810 ut
1391 4748 1473 4823 olibi,
1489 4748 1664 4827 intelligens
1678 4750 1832 4810 affectis·

394 4841 479 4894 terus
494 4836 611 4896 neritus.
638 4835 688 4897 sic
711 4836 789 4895 enim
806 4838 873 4916 ipse
886 4837 1021 4898 Jounnes
1037 4856 1088 4897 ex·
1142 4856 1195 4897 seu
1220 4836 1411 4911 dilectivem,
1434 4855 1523 4916 quum
1544 4855 1637 4897 nemo
1657 4837 1767 4907 lubet,
1787 4829 1832 4895 ss

395 4939 509 5001 ponere
536 4923 657 4982 uidetur
687 4920 763 4980 illud
789 4931 954 4999 peccatum
965 4970 976 4999 ,
1011 4921 1089 4984 intre
1143 4925 1196 5004 qui
1212 4932 1312 4984 menet
1327 4924 1360 4984 in
1374 4942 1418 4984 eo.
1447 4922 1535 4996 Nem,
1558 4930 1595 4982 ut
1613 4932 1744 4985 unuout
1757 4920 1830 4999 0⁸5*

395 5007 1089 5089 vers.10.dicens:thuinondilipitfra·
1111 5054 1117 5081 .
1144 5019 1248 5085 tenus,
1275 5028 1342 5071 non
1364 5028 1472 5072 sumus
1493 5012 1529 5069 in
1553 5010 1683 5071 Christo
1706 5030 1764 5089 per
1783 5020 1832 5068 a
