4442 5825
419 594 468 663 03
931 586 1356 643 comminuentem.

416 770 524 824 terren
539 760 698 835 Obeman,
723 763 762 824 de
781 783 844 843 qua
864 762 1028 823 seeundum
1046 764 1111 824 lite·
1164 764 1281 839 relatio,
1304 774 1416 825 terram
1439 787 1458 826 e
1472 763 1541 824 Deo
1561 764 1747 844 promissam,
1770 779 1852 841 quem

416 870 481 911 rem
507 850 647 911 Pssbnue
672 850 791 911 locutus
814 860 877 923 cst,
903 849 958 909 sed
981 853 1113 928 petriam
1165 851 1376 923 lustraverant,
1392 871 1497 912 revera
1515 851 1594 911 lecte
1608 858 1640 912 et
1654 846 1745 911 melle
1759 848 1853 921 fluere

417 936 585 1010 coelestem,
600 957 692 1017 quem
708 937 762 997 illa
775 946 893 998 terrene
909 939 1030 1016 requies
1045 958 1110 1017 my·
1166 936 1262 998 Celeb
1285 947 1314 998 et
1336 940 1434 1000 Joeue
1454 958 1527 1018 prae
1549 937 1678 998 caeteris
1700 934 1854 1010 addebant,

416 1024 492 1085 stice
514 1023 703 1105 significarit.
726 1025 815 1085 Hauc
832 1027 911 1084 euim
927 1024 1011 1084 Deus
1026 1025 1111 1085 nobis
1165 1023 1256 1084 facile
1278 1045 1344 1085 eam
1367 1036 1493 1098 terrem,
1520 1022 1657 1103 adjutore
1679 1031 1710 1083 et
1731 1024 1854 1103 propitio

416 1112 553 1193 promisit
566 1111 597 1170 in
608 1110 757 1171 Christum
774 1131 846 1171 vere
862 1110 1052 1171 credentibus
1066 1119 1110 1172 at·
1165 1111 1242 1185 Deo,
1258 1111 1387 1172 obtineri
1402 1130 1499 1192 posse
1516 1111 1573 1173 cui
1588 1110 1720 1171 sermoni
1731 1109 1853 1189 populus

416 1200 522 1279 quein
545 1218 580 1257 ee
603 1196 665 1258 ode
688 1198 961 1278 perseverantibus.
985 1198 1034 1259 De
1050 1217 1112 1279 qua
1165 1197 1242 1258 adeo
1256 1196 1345 1258 fidem
1362 1220 1421 1260 non
1433 1197 1546 1271 babuit,
1561 1206 1595 1257 ut
1605 1197 1696 1257 etiam
1709 1193 1854 1276 lapidibus

415 1285 610 1369 promissione
628 1287 757 1365 seqitur:
1165 1287 1334 1364 opprimere
1348 1286 1464 1347 vellent
1477 1304 1538 1356 eos,
1560 1304 1580 1344 e
1594 1282 1702 1362 quibus
1721 1282 1796 1343 haee
1808 1301 1853 1343 eu·

460 1376 488 1437 2.
514 1372 641 1434 Etenim
669 1381 699 1433 et
725 1372 815 1433 nobis
840 1376 1026 1433 nuntiatum
1054 1379 1109 1446 eat,
1164 1371 1296 1432 diebant
1318 1368 1853 1442 Hiceensuscoectioreeeevidetur,

414 1458 681 1539 quemadmodum
705 1466 734 1520 et
756 1460 827 1518 illis.
851 1460 990 1538 Explicet
1009 1459 1110 1535 polli-
1165 1478 1200 1518 eo
1223 1458 1305 1537 quod
1329 1459 1555 1538 exploratorum
1576 1457 1709 1516 maxima
1731 1475 1801 1536 pars
1820 1455 1855 1515 le

415 1548 607 1621 citationem,
625 1565 716 1625 quam
732 1544 858 1605 dixerat
881 1546 916 1607 lu
932 1545 1049 1606 Graeco
1065 1547 1110 1606 sio
1163 1554 1251 1624 geter
1273 1555 1379 1619 terreo,
1402 1565 1491 1626 quam
1509 1566 1527 1605 a
1545 1543 1700 1605 fertilitate
1724 1540 1855 1602 laudere

414 1631 628 1693 adverbium:
659 1635 789 1695 Etenim
814 1650 920 1692 sumne
947 1634 1110 1708 eoonpeli·
1164 1642 1247 1703 rant,
1271 1653 1340 1692 mon
1363 1631 1548 1705 detraxisse,
1576 1628 1718 1691 dicendo:
1751 1630 1855 1704 Terre,

414 1723 489 1796 toti,
505 1722 585 1781 sicto
601 1726 630 1780 et
644 1721 705 1795 illi,
728 1720 786 1779 boc
801 1728 860 1780 est:
884 1719 962 1779 Nam
978 1728 1009 1779 et
1024 1720 1110 1780 nobis
1164 1738 1261 1797 quum
1278 1722 1494 1792 lustravimus,
1519 1719 1654 1780 devoret
1666 1716 1855 1776 teotmeore

414 1806 538 1868 suetum
564 1814 609 1868 est
634 1805 852 1886 Evangelium,
878 1807 963 1867 nobie
990 1825 1111 1886 quoque
1163 1824 1235 1866 snos
1256 1816 1329 1879 ete,
1352 1815 1386 1866 ut
1409 1804 1535 1884 proinde
1557 1824 1660 1865 eorum
1682 1822 1784 1865 sermo
1803 1801 1856 1862 diei

415 1894 495 1955 bona
510 1902 542 1952 ot
556 1892 636 1953 laeta
657 1894 799 1955 nuntiata
814 1902 891 1965 eunt,
915 1893 1108 1972 quemadmo·
1163 1912 1223 1952 uon
1239 1895 1335 1970 possit
1350 1892 1554 1970 Evangelium
1576 1890 1671 1952 tuisse
1692 1891 1784 1968 juxte
1798 1907 1856 1950 eeu·

414 1979 485 2040 dum
499 1977 569 2051 illie,
584 1979 699 2041 seilicet
710 1979 845 2061 patribus
862 1980 980 2051 uostris,
996 1977 1032 2038 de
1045 1982 1107 2059 qui·
1162 1981 1287 2041 tentiam
1301 1978 1540 2061 praecedentem

414 2067 471 2127 bus
486 2066 517 2127 in
531 2067 592 2127 fine
614 2086 678 2147 cap.
695 2064 916 2148 praecedentis.
939 2065 1109 2129 Similitudo
1204 2066 1328 2127 Rectius
1339 2086 1409 2148 ergo
1422 2063 1662 2146 completisque,
1678 2062 1759 2144 Syro
1771 2063 1853 2123 etiem

417 2153 554 2213 consistit
577 2153 608 2213 in
630 2172 744 2233 genere
764 2153 835 2215 boui
857 2153 962 2213 nuntii.
985 2153 1062 2213 Nam
1078 2155 1110 2214 in
1163 2151 1382 2232 adstipulante,
1409 2172 1463 2233 per
1485 2169 1661 2213 sennonem
1683 2150 1855 2212 auditionis

415 2239 517 2321 specle
540 2259 649 2319 magna
672 2238 840 2301 differentia
861 2249 922 2315 est,
948 2238 1008 2301 illis
1031 2242 1109 2301 enim
1163 2240 1366 2320 intelligemus
1395 2258 1562 2301 sermonem
1586 2236 1743 2310 auditum,
1774 2254 1856 2317 quen

415 2326 550 2389 πυτίαι
570 2326 630 2387 tuit
652 2348 688 2388 ac
710 2327 855 2407 promitte
877 2329 998 2408 requies
1016 2346 1108 2406 quee-
1163 2324 1307 2387 videlicet
1327 2326 1496 2399 audierunt,
1517 2327 1584 2388 Deo
1603 2343 1658 2405 per
1673 2325 1783 2385 bioeeu
1796 2340 1856 2404 pre

415 2412 483 2475 dam
499 2412 589 2493 hujus
609 2412 737 2488 saeculi3
760 2411 848 2475 nobis
872 2423 973 2474 autem
988 2415 1109 2494 requies
1164 2413 1310 2487 mittente,
1331 2434 1363 2475 se
1379 2412 1616 2474 introducturum
1635 2430 1687 2471 eos
1703 2412 1736 2473 in
1754 2419 1857 2471 terren

415 2500 509 2561 multo
524 2499 640 2561 felicior
654 2500 792 2581 posthoc
808 2501 968 2575 saeculum,
983 2500 1110 2579 ideoque
1164 2498 1312 2560 chanun
1327 2510 1356 2560 et
1370 2501 1503 2579 requiem
1522 2501 1553 2560 iu
1568 2519 1604 2559 ea
1622 2497 1770 2558 daturum
1793 2493 1856 2557 cut·

415 2585 510 2648 mulio
536 2587 636 2647 minus
660 2584 851 2667 negligenda.
892 2586 1016 2647 Pbraeis
1043 2589 1110 2661 ieta,
1164 2596 1274 2665 pantur
1300 2589 1393 2660 enim,
1419 2585 1500 2666 quod
1523 2586 1715 2666 promissioni
1740 2581 1856 2645 divinas

417 2692 478 2753 qua
490 2672 707 2749 eocncettecrt
718 2672 867 2747 dicuntur,
879 2671 987 2753 quibus
997 2672 1111 2734 laetum
1164 2672 1275 2732 fuerint
1289 2671 1444 2744 increduli,
1464 2692 1544 2752 quae
1560 2672 1720 2752 promissio
1735 2692 1798 2733 nou
1810 2688 1856 2752 ptr

417 2758 533 2839 eliquid
550 2760 753 2833 annuntietur,
777 2757 850 2820 alibi
865 2778 989 2840 quoque
1002 2762 1110 2840 reperi·
1165 2759 1379 2839 exploratores,
1403 2759 1456 2820 sed
1471 2780 1527 2839 per
1540 2759 1657 2834 Mosen,
1672 2756 1799 2819 divinae
1813 2776 1856 2818 ro

415 2854 465 2907 tur
479 2847 510 2906 in
525 2847 619 2908 sacris
633 2845 738 2922 literis,
753 2853 787 2906 ut
800 2844 908 2907 Mettis.
925 2848 975 2907 11.
991 2853 1022 2907 et
1035 2845 1112 2906 Luc.
1164 2846 1290 2906 luntatis
1306 2847 1508 2926 interpretem,
1523 2846 1584 2908 illie
1599 2844 1681 2906 tecte
1694 2843 1805 2907 iuerat

418 2935 462 2994 'ln
479 2935 643 3011 Ponperee
658 2933 932 3012 eoonpeliaontnr,
948 2942 980 2994 et
994 2934 1112 3014 ilieg.
1209 2937 1283 2995 Non
1298 2934 1454 2994 admistus
1474 2934 1550 3011 fidei
1568 2952 1606 2995 ee
1627 2936 1677 3009 iis,
1701 2952 1786 3011 quoe
1801 2950 1857 2992 ee·

418 3019 467 3082 18.
480 3019 641 3082 meandum
654 3019 752 3082 Lxx.
763 3042 770 3081 ε
782 3021 1032 3098 Evonpelinetur
1044 3023 1114 3082 Do-
1167 3021 1304 3083 dierunt.
1328 3019 1448 3082 Graece
1469 3030 1502 3080 et
1524 3021 1665 3101 Syriaco:
1688 3022 1764 3082 Non
1779 3037 1858 3081 com·

417 3108 524 3168 minos
538 3124 625 3169 mena
638 3124 706 3183 ree,
727 3107 757 3169 id
773 3115 828 3182 set,
849 3106 960 3169 bonum
974 3110 1114 3169 nuntium
1167 3107 1430 3183 mirmandam,
1447 3110 1504 3185 qui
1515 3108 1698 3169 andierunt
1722 3103 1791 3168 Nec
1802 3103 1859 3166 ullo

420 3193 558 3274 accipiet.
1167 3193 1254 3255 modo
1271 3193 1392 3256 Graeca
1407 3195 1485 3256 verti
1500 3203 1642 3275 possunt:
1663 3212 1702 3256 ee
1716 3196 1767 3270 iis,
1784 3208 1860 3273 quot

462 3280 525 3343 Sed
540 3299 607 3342 non
625 3282 753 3361 profuit
774 3282 839 3342 illis
859 3298 961 3342 sermo
976 3280 1115 3343 unditus.
1169 3282 1353 3343 andierunt.
1376 3280 1466 3343 Unde
1489 3302 1549 3342 uon
1569 3283 1714 3343 immerito
1731 3281 1858 3362 suspice·

418 3367 557 3430 Auditus
583 3389 642 3428 non
669 3368 858 3449 perticipium
889 3376 934 3429 est
959 3367 1114 3448 praeteriti
1168 3379 1216 3429 tur
1235 3368 1363 3438 Bibere,
1390 3366 1588 3449 depravatam
1610 3387 1679 3429 esee
1699 3367 1861 3430 scribarum

417 3454 566 3534 temporis,
590 3453 671 3536 quod
691 3456 787 3536 primo
803 3455 901 3516 fronte
918 3454 1043 3528 videtur,
1059 3452 1114 3516 sed
1166 3456 1287 3516 inscitie
1308 3462 1442 3515 nostram
1464 3458 1649 3530 versionem,
1676 3471 1861 3536 quacumque

417 3560 527 3603 nomeu
548 3542 675 3620 genitivi
698 3560 793 3614 casus,
817 3541 932 3604 Graece
949 3534 1060 3621 ἀκοῆς,
1084 3542 1115 3603 id
1167 3543 1283 3602 ratione
1301 3541 1332 3601 id
1354 3541 1504 3603 acciderit.
1528 3542 1598 3603 Huc
1620 3543 1711 3604 etiam
1729 3542 1857 3602 iaeitve

418 3635 466 3688 est
492 3625 668 3688 auditionis.
707 3627 795 3708 Quae
820 3649 882 3690 vox
908 3629 989 3708 opud
1014 3628 1114 3690 Lxx.
1167 3638 1215 3690 tus
1230 3628 1329 3701 lectio,
1351 3648 1432 3707 quae
1456 3628 1595 3709 estapud
1612 3629 1861 3709 Augustinemin

417 3712 592 3793 Scriptores
616 3715 793 3795 interpretes
815 3714 879 3776 iere
903 3735 956 3795 per
979 3724 1114 3795 metouy·
1168 3718 1293 3796 exposit
1321 3714 1430 3776 Pselm.
1457 3718 1523 3776 li:
1546 3717 1620 3777 Non
1643 3724 1863 3796 contempero-

417 3799 508 3862 miam
524 3808 685 3880 usurpetur
700 3821 754 3879 pro
769 3820 802 3862 re
817 3800 930 3875 audita,
955 3801 984 3862 id
1000 3812 1046 3862 est
1061 3823 1114 3881 pre
1166 3811 1216 3864 tna
1230 3803 1306 3881 fidei
1321 3820 1438 3875 eornm,
1462 3806 1518 3880 qni
1533 3803 1729 3866 obedierunt.
1753 3803 1810 3865 Est
1823 3811 1861 3864 ts·

417 3903 565 3961 sermone,
580 3886 668 3960 ieme,
685 3888 866 3964 narratione,
890 3897 923 3949 ut
935 3890 999 3951 Jee.
1018 3890 1067 3951 53.
1084 3898 1115 3951 et
1167 3909 1234 3950 meu
1257 3891 1288 3950 iu
1305 3887 1422 3950 Greeeo
1446 3889 1589 3951 nonnulle
1610 3892 1743 3952 varietas
1767 3885 1877 3972 quoad¹

416 3971 584 4036 tton.10.:
602 3975 1114 4054 Qniscrediditonditniaostro?
1167 3978 1294 4057 priorem
1317 3984 1440 4055 partem.
1475 3978 1553 4039 Nem
1576 3974 1813 4057 Obryeostomns
1827 3994 1860 4038 es

416 4057 528 4121 Pselm.
556 4063 642 4122 illa
670 4061 718 4124 Ab
741 4063 907 4124 auditione
932 4065 1020 4124 molo
1046 4083 1115 4126 non
1167 4062 1862 4145 caeteriGraeoicommentetoresleguntrnoe

415 4145 556 4224 iimtbit5
578 4145 657 4208 nob.
673 4149 719 4208 ib:
746 4150 892 4224 Domine,
916 4151 1029 4212 audiui
1051 4171 1113 4212 en-
1167 4151 1352 4224 commistis,
1370 4159 1404 4210 nt
1419 4149 1523 4213 eodem
1540 4171 1620 4224 casu,
1636 4153 1736 4233 quiin
1748 4151 1862 4215 Gneo

417 4231 570 4294 ditionem
596 4241 703 4308 tuom,
732 4243 761 4296 et
783 4238 883 4297 timrei.
907 4236 1112 4299 Veruntamen
1166 4236 1360 4297 accusativus
1376 4244 1427 4308 est,
1446 4238 1593 4316 jungetur
1607 4257 1673 4298 cum
1688 4240 1862 4319 pronomina

416 4318 565 4382 interdum
578 4321 698 4400 proprie
709 4323 861 4404 accipitur,
874 4331 908 4384 ut
920 4322 1031 4383 Pselm.
1047 4328 1112 4386 lt:
1166 4325 1240 4398 illis,
1265 4332 1295 4383 et
1309 4324 1423 4403 pariter
1442 4332 1563 4403 regetur
1578 4344 1596 4383 a
1611 4325 1706 4387 verbo
1729 4327 1861 4406 profuit

417 4405 459 4469 In
474 4404 591 4468 auditu
606 4409 696 4468 auris
711 4407 862 4471 obediunt
876 4411 964 4484 mibi,
982 4418 1012 4470 et
1026 4410 1111 4472 Rom.
1167 4408 1281 4471 Eadem
1312 4409 1418 4481 lectio,
1447 4417 1567 4488 roperta
1599 4412 1630 4471 in
1660 4411 1861 4494 compluribus

417 4491 484 4555 10.=
511 4491 608 4556 Fides
629 4511 667 4554 en
689 4495 824 4573 onditu,
854 4497 984 4558 onditna
1006 4504 1111 4558 eutem
1168 4495 1290 4558 Graecis
1313 4495 1468 4557 codicibus
1490 4497 1629 4570 Roberti,
1652 4496 1745 4560 bodie
1768 4499 1861 4560 estin

414 4595 475 4656 per
492 4579 623 4642 uerbum
640 4579 763 4642 Cis-isti.
788 4581 885 4644 Priori
908 4581 996 4643 ruodo
1015 4602 1112 4644 sermo
1165 4582 1266 4643 bibliis
1285 4584 1394 4664 rogiis3
1416 4583 1486 4644 item
1508 4583 1590 4665 apud
1611 4584 1745 4646 Febrem
1764 4594 1797 4646 et
1810 4583 1860 4646 cr·

416 4661 579 4728 seditionis
596 4663 675 4728 idem
687 4675 739 4739 ost,
756 4666 836 4750 quod
853 4689 951 4731 sermo
967 4671 1111 4731 narratio-
1162 4672 1308 4748 jetenum.
1347 4671 1446 4749 Quam
1477 4668 1714 4753 chrysostomus
1744 4669 1860 4754 quidem

414 4749 472 4824 uit,
493 4749 524 4814 id
548 4758 608 4826 set,
633 4753 854 4834 exploratorum
878 4757 1052 4817 narratione
1074 4756 1110 4818 ed
1165 4757 1206 4816 ite
1221 4757 1353 4837 exponit,
1375 4764 1409 4816 ut
1431 4776 1499 4818 non
1520 4760 1697 4820 commistos
1718 4760 1795 4835 tides·
1814 4759 1859 4831 iis,

477 4833 700 4916 maletus,
724 4839 849 4904 duorum
865 4843 1033 4924 praecipue,
1056 4842 1111 4905 Oe·
1165 4845 1221 4921 qni
1244 4845 1427 4919 audierunt,
1455 4843 1535 4904 dicet
1559 4844 1691 4926 intelligi
1713 4843 1812 4908 Oeleb
1834 4851 1861 4904 et

597 4941 624 4988 e.
646 4923 722 4990 Oum
735 4931 825 5002 anim,
840 4927 1111 4992 utbebeturNum.
1164 4929 1271 5005 Josus,
1294 4930 1374 5011 quod
1389 4951 1449 4992 nou
1465 4949 1534 4992 sese
1547 4932 1720 4994 nuenarius
1734 4953 1802 4995 oum
1816 4939 1859 4991 tn·

390 4851 597 5203 'c
610 5013 776 5078 eommunia
791 5023 870 5078 suet
888 5014 1111 5098 exploratorum
1165 5017 1391 5088 multuantibns
1414 5035 1471 5080 nec
1491 5017 1617 5080 eandem
1639 5038 1707 5082 eum
1730 5018 1858 5081 multitu·
