4442 5825
389 571 465 643 420
710 630 712 638 Ι
910 559 1142 617 commanitis
1159 560 1190 617 rt
1207 560 1274 616 GAP.
1293 560 1319 617 u

387 740 504 804 daicnm
527 758 673 815 errorem,
699 759 736 800 ac
761 746 867 801 eontra
892 736 1001 800 docere
1027 737 1084 801 Ju·
1137 739 1204 802 Nee
1218 740 1386 814 haereticis,
1401 741 1474 822 qnia
1488 760 1550 801 non
1564 737 1606 802 de
1620 736 1806 821 omm‘bassgit

389 828 484 891 daem
498 826 617 901 fideles,
639 828 729 888 ouius
752 827 906 906 praecepti
921 836 1084 906 transgres-
1138 830 1281 908 peccatis,
1297 826 1351 888 sed
1367 837 1482 888 tantum
1498 826 1538 887 de
1549 828 1810 909 umgruaiuaibm

390 918 521 989 sionem,
537 916 655 975 etiamsi
670 922 792 975 caetera
806 915 905 974 omnis
919 923 1085 984 serventur,
1139 924 1367 994 praeceptorum
1384 914 1478 994 legis;
1507 923 1542 975 nt
1564 924 1635 977 ante
1658 913 1762 977 dictem
1773 920 1811 975 α

389 1005 463 1065 satia
489 1021 557 1063 esee
582 999 622 1062 ad
647 999 842 1061 amittendum
864 1000 1029 1079 justitiam,
1055 1008 1087 1058 et
1139 1003 1229 1062 Patet
1248 1005 1387 1081 insuper,
1408 1001 1490 1063 male
1511 1001 1615 1082 colligi
1639 1021 1676 1063 ea
1698 1002 1825 1063 mess·

389 1089 596 1151 incurrendam
618 1107 746 1169 poenam
768 1105 822 1147 seu
847 1086 1084 1147 maledictionem
1139 1088 1249 1162 tentia,
1264 1087 1361 1168 qnod,
1377 1090 1428 1171 qui
1445 1108 1534 1149 unum
1553 1088 1630 1171 legis
1646 1098 1817 1169 praccepta·

389 1177 481 1257 legis3
505 1186 538 1235 ut
553 1175 610 1236 lroc
624 1180 722 1256 ipsum
738 1174 812 1233 velit
826 1173 979 1247 Jacobus,
1003 1170 1087 1253 qnod
1139 1175 1373 1254 transgreditur,
1400 1176 1490 1236 etiam
1505 1175 1635 1237 aliorum
1652 1177 1777 1237 omnium
1787 1176 1817 1235 fl

388 1274 458 1345 post
478 1262 584 1323 Mosen
611 1262 726 1323 Paulus
751 1260 812 1321 illis
838 1260 955 1321 verbis:
982 1260 1085 1322 Mole-
1139 1271 1349 1341 transgressor.
1388 1265 1502 1343 Aperte
1516 1264 1597 1324 enim
1612 1261 1819 1342 significante

389 1352 490 1415 dictate
505 1353 629 1426 omnis,
657 1351 713 1428 pei
734 1366 803 1409 mors
813 1351 1029 1424 permanserit
1049 1350 1087 1408 irs
1139 1357 1200 1408 tam
1226 1348 1323 1428 legem
1347 1351 1461 1411 serrem
1481 1369 1585 1430 posse,
1614 1367 1675 1411 nno
1698 1356 1819 1429 ercepup

389 1437 552 1512 omnibns,
589 1456 670 1515 quoe
694 1439 814 1512 sertpta
839 1441 914 1495 suut
939 1437 975 1496 iss
1005 1434 1087 1494 libro
1140 1436 1184 1496 sio
1212 1435 1367 1508 nimirum,
1396 1444 1431 1496 ut
1457 1436 1605 1498 adversae
1631 1436 1750 1517 reliqua
1773 1452 1820 1502 ιΙ

389 1525 481 1601 leue,
497 1533 534 1585 stt
546 1526 651 1602 faeiat
666 1543 720 1597 eo,
741 1521 810 1582 Gal.
827 1525 855 1583 3.
872 1541 911 1583 ex
925 1521 1015 1582 Deut.
1032 1522 1083 1581 27.
1140 1532 1289 1601 peccetur.
1324 1522 1460 1583 Tametsi
1483 1526 1679 1585 semmimnm
1703 1525 1756 1596 sit,
1775 1521 1821 1585 bet

397 1626 400 1631 ’
430 1612 489 1673 Hie
501 1611 669 1676 intellectus
680 1608 783 1669 multia
795 1610 886 1668 etiem
897 1609 966 1671 aliis
978 1609 1087 1689 placet,
1140 1628 1211 1668 caan
1226 1610 1343 1690 reliqua
1366 1610 1481 1670 servari
1502 1630 1564 1671 non
1583 1628 1677 1691 posse
1691 1608 1820 1682 munda

389 1718 426 1760 ae
451 1698 540 1760 nobis
566 1716 687 1779 quoqne
712 1694 864 1777 probatur.
904 1695 964 1757 Ubi
986 1706 1087 1756 tamon
1140 1696 1193 1776 qui
1209 1699 1395 1758 necessarius
1414 1705 1462 1757 est
1483 1696 1522 1757 ad
1546 1696 1771 1777 promerendam
1786 1695 1821 1759 si·

391 1784 625 1858 observandum,
659 1783 823 1846 dictionem
852 1785 997 1844 omnium
1028 1801 1088 1843 uon
1140 1793 1200 1842 tam
1215 1796 1383 1856 aeternam,
1409 1785 1440 1845 id
1456 1792 1505 1844 est
1519 1802 1559 1845 ex
1574 1786 1714 1847 caritate.
1748 1780 1820 1867 (Μ

389 1891 481 1953 posse
494 1873 604 1952 exponi
619 1870 826 1941 distributive,
847 1879 897 1944 ut,
913 1871 966 1951 qui
981 1872 1013 1931 in
1028 1888 1087 1929 nno
1140 1869 1207 1930 vult
1223 1871 1373 1950 expositio
1388 1871 1423 1931 B.
1439 1873 1615 1950 Augustini.

389 1959 529 2033 offendit,
554 1959 672 2020 dicatur
692 1958 792 2017 omnia
813 1964 844 2016 et
859 1957 976 2036 singula
991 1966 1086 2018 trans·
1186 1961 1235 2016 11.
1259 1960 1321 2036 Qui
1335 1960 1419 2019 enim
1435 1958 1536 2019 dieite
1559 1960 1634 2022 Non
1656 1958 1819 2021 modam

388 2065 526 2126 gressus,
543 2057 595 2106 aut
610 2059 644 2107 ut
658 2043 729 2108 talis
744 2044 930 2124 puniendum
957 2044 1008 2105 sed
1025 2043 1086 2104 col·
1140 2046 1205 2121 ris‚·
1228 2043 1310 2106 disit
1325 2053 1370 2105 etr
1394 2047 1466 2105 Non
1482 2046 1612 2107 occidas.
1635 2045 1773 2108 Probstis
1784 2052 1818 2107 d

388 2133 514 2205 lective,
541 2134 613 2214 qnia
634 2132 777 2194 videlicet
800 2131 1017 2211 transgreditur
1044 2129 1086 2191 le·
1141 2139 1173 2190 et
1208 2130 1371 2192 declaratio
1408 2135 1578 2194 sententiae
1623 2132 1817 2217 praecedente¹

389 2238 475 2301 gem,
498 2239 575 2302 qnae
599 2230 645 2281 est
658 2218 798 2280 collectio
819 2223 950 2278 omnium
966 2237 1085 2297 praece
1141 2216 1302 2296 Ejusdem,
1317 2220 1429 2300 inquit,
1445 2219 1636 2298 legislatoris,
1651 2235 1744 2301 atque
1756 2220 1816 2300 ιβ

392 2319 519 2389 prorum.
552 2308 670 2369 denisi
685 2308 729 2367 sic
745 2304 912 2383 intelligas,
939 2305 1088 2366 sententia
1141 2303 1209 2365 dem
1236 2305 1310 2386 legis
1336 2306 1411 2367 baec
1432 2315 1502 2366 sunt
1523 2316 1698 2388 praecepta.
1734 2302 1815 2387 Quoti-

391 2414 491 2456 seeum
507 2396 572 2474 ipsa
586 2392 741 2476 pugnabit.
778 2392 857 2452 Nam
880 2393 1030 2475 quomodo
1045 2402 1087 2453 to·
1141 2411 1271 2473 cumque
1296 2412 1367 2472 ergo
1390 2394 1469 2473 legis
1491 2407 1685 2476 praeceptum
1706 2394 1817 2465 nivea

390 2490 454 2544 tam
480 2482 577 2560 legem
601 2483 762 2553 observat,
788 2498 849 2541 uno
864 2491 1009 2561 excepto,
1034 2481 1089 2561 qui
1141 2479 1331 2540 etinDcum
1347 2499 1469 2560 peccas,
1496 2490 1526 2541 et
1542 2483 1573 2543 in
1597 2483 1714 2562 legem.
1740 2491 1818 2562 ἀμ

389 2588 458 2631 rcus
474 2578 518 2629 est
533 2570 779 2649 transgressionis
795 2570 925 2628 omnium
938 2577 968 2629 st
984 2568 1087 2648 singu·
1141 2566 1198 2626 boc
1214 2568 1404 2627 constitueris
1426 2568 1549 2630 divinae
1571 2569 1651 2650 legis
1674 2579 1816 2650 tram

390 2654 510 2717 lorum?
1141 2673 1198 2714 sor.
1221 2653 1290 2714 Hoc
1304 2656 1385 2714 enim
1400 2663 1462 2727 est,
1477 2655 1559 2735 qnod
1574 2658 1728 2737 aequitare

432 2744 479 2805 tiit
504 2743 597 2820 igitur
622 2742 671 2801 bic
697 2758 818 2801 sensus:
853 2740 929 2820 Qui,
960 2741 1088 2803 caeteris
1185 2739 1277 2818 Quod
1305 2743 1332 2800 si
1360 2759 1429 2802 nors
1458 2744 1689 2819 moechaberis,
1722 2740 1817 2803 mite

390 2829 535 2900 muratis,
563 2846 655 2888 unum
681 2825 915 2904 transgreditur,
943 2848 1011 2889 reus
1041 2834 1090 2886 est
1142 2834 1265 2899 cutm,
1280 2828 1387 2904 fuctus
1401 2847 1433 2889 es
1448 2835 1663 2906 trumuressor
1677 2831 1757 2906 lepis
1780 2828 1816 2889 la·

391 2917 484 2982 totius
510 2913 588 2993 legis
612 2935 672 2976 non
698 2925 853 2982 servatae,
884 2925 914 2974 et
940 2915 1088 2977 obnoxius
1141 2913 1297 2975 ferendum
1312 2914 1471 2995 relinquit:
1497 2925 1527 2978 et
1539 2919 1683 2994 proinde
1697 2919 1817 2980 umal!

392 3021 526 3083 poenae,
546 3021 627 3081 queo
643 3001 912 3079 transgressoribus
928 3003 1005 3082 legis
1021 3021 1088 3063 con·
1142 3019 1222 3062 reus.
1246 3001 1326 3061 Hinc
1342 3004 1416 3062 satis
1432 3013 1576 3083 apparet,
1592 3004 1768 3085 Apostolum
1778 3002 1819 3066 h·

391 3092 494 3151 stituta
510 3099 572 3160 est,
599 3088 629 3148 id
652 3098 701 3149 cst
715 3097 858 3148 aeternas
873 3090 1089 3150 maledictioni.
1141 3088 1211 3149 bere
1226 3107 1279 3166 pro
1295 3087 1419 3162 iisdem,
1443 3102 1497 3152 aut
1516 3100 1598 3151 certe
1621 3112 1677 3172 pro
1692 3085 1833 3173 scupea

393 3174 519 3238 Sensum
536 3176 614 3235 lrunc
629 3173 763 3236 ostendit
777 3174 823 3245 id,
839 3175 921 3254 quod
936 3175 1022 3247 infru,
1038 3194 1088 3235 ve·
1142 3195 1210 3235 sese
1221 3177 1483 3254 consequentibus,
1496 3196 1563 3238 esse
1576 3186 1833 3256 wemmam·

391 3261 438 3322 lut
449 3262 644 3342 explicando,
660 3262 786 3322 dicitur:
802 3262 966 3324 Fautores
981 3271 1089 3322 trous·
1143 3263 1218 3337 lepis
1227 3304 1237 3336 ,
1265 3269 1296 3322 et
1310 3280 1372 3322 esse
1386 3281 1476 3324 reum
1494 3267 1639 3327 omnium
1648 3288 1660 3343 ,·
1688 3274 1770 3347 prout
1780 3279 1833 3326 ter.

391 3367 515 3425 pressos
528 3351 604 3424 lepis
611 3372 623 3426 ,·
648 3370 685 3411 ac
700 3367 755 3427 por
770 3347 844 3408 illud
860 3349 968 3427 probat
981 3350 1089 3411 Hiero·
1142 3349 1243 3427 perius
1259 3350 1429 3428 expositum
1445 3358 1499 3410 est
1533 3351 1641 3412 Potest
1655 3359 1833 3431 nuncupo-2

392 3434 755 3583 remeet-..tlte
771 3435 999 3583 restite
1021 3455 1089 3582 rr·
1141 3434 1448 3584 rurestri
1472 3436 1833 3603 ..rt

416 3565 424 3581 ⁰
1447 3567 1457 3597 r

393 3606 565 3681 strandum,
591 3627 672 3688 qnae
693 3607 732 3670 ad
747 3609 966 3689 Hieronymum
985 3608 1091 3669 scribit
1142 3610 1178 3667 irs
1194 3608 1339 3669 omuibus
1354 3618 1409 3669 etc.
1448 3608 1538 3672 Unde
1553 3610 1661 3673 eodem
1679 3612 1742 3674 loco
1756 3607 1833 3673 Duri

394 3695 580 3774 Augustinus
595 3696 626 3756 in
642 3696 738 3774 Epist.
750 3704 929 3766 memorate,
945 3694 1030 3755 Beda
1043 3714 1089 3755 re·
1142 3696 1298 3755 teronomii
1314 3696 1404 3756 etium
1420 3694 1546 3757 dicitur:
1562 3699 1765 3773 Maledictus,
1776 3693 1827 3775 td

392 3790 514 3863 petente
528 3784 558 3843 in
574 3791 747 3854 comment,
767 3800 890 3860 quornm
907 3800 1024 3842 summa
1038 3789 1090 3853 est,
1140 3782 1221 3858 fecit
1234 3781 1378 3857 sculptile
1393 3789 1423 3842 et
1438 3785 1619 3862 conflatit03
1642 3787 1819 3856 mutem

394 3887 476 3940 eum,
492 3871 548 3947 qui
562 3870 598 3929 irs
612 3886 679 3930 uuo
695 3869 848 3948 offendit,
875 3887 942 3929 esse
958 3870 1090 3928 omnium
1143 3871 1198 3944 qui
1212 3885 1280 3928 uon
1302 3870 1441 3929 bosseret
1461 3878 1585 3945 putrem
1609 3891 1703 3935 mum
1724 3823 1833 3944 etat-l

393 3974 493 4030 reunr,
523 3957 597 4036 quis
619 3965 724 4017 contra
749 3957 906 4017 caritatem
931 3955 1019 4027 iacit,
1051 3973 1090 4015 ex
1142 3962 1220 4015 trem
1227 3978 1239 4031 ,·
1266 3963 1297 4015 et
1320 3957 1362 4015 ita
1384 3956 1424 4016 de
1448 3956 1524 4017 eliis.
1545 3956 1631 4019 ricc
1653 3958 1721 4021 ideo
1738 3957 1833 4022 tull

395 4060 455 4122 qua
470 4051 533 4102 tota
549 4041 598 4102 lex
614 4043 724 4121 pendet
739 4050 771 4101 et
785 4041 964 4123 Prophetae.
994 4043 1088 4114 Nom,
1142 4043 1249 4102 eudem
1264 4050 1317 4101 sut
1338 4042 1476 4121 aequalis
1496 4042 1687 4123 significatur
1709 4021 1833 4128 omnini

393 4128 509 4205 inquit,
538 4137 651 4189 mersto
677 4129 714 4207 pit
743 4132 885 4190 omnium
915 4146 1003 4203 reus,
1034 4131 1090 4205 pei
1142 4136 1391 4206 transgressorum
1420 4128 1611 4208 maledictio;
1649 4133 1705 4196 sed
1732 4129 1822 4195 aad!

393 4223 507 4275 contra
537 4215 625 4275 ilium
654 4218 751 4294 facit,
790 4218 827 4277 irs
855 4234 920 4293 quo
947 4216 1090 4293 penderit
1142 4223 1257 4275 tantum
1288 4214 1452 4276 seeundum
1482 4236 1576 4296 geum
1607 4215 1819 4284 meldicae*

393 4305 512 4364 omerio.
1142 4299 1219 4360 Nam
1240 4302 1271 4361 in
1296 4301 1423 4380 speciali
1449 4323 1565 4383 poenae
1586 4315 1675 4368 erant
1701 4308 1824 4370 dvm

435 4388 510 4451 dem
524 4407 561 4448 cx
574 4388 620 4447 bis
635 4395 725 4467 patet,
748 4386 924 4467 Apostolum
940 4386 1089 4449 «Iacobum
1142 4407 1196 4467 pro
1212 4385 1387 4447 diversitate
1401 4393 1683 4469 transgressionum.
1809 4405 1818 4426 ·

395 4475 452 4537 boc
473 4475 540 4537 loco
562 4494 616 4535 nec
631 4474 739 4535 Stoicis
761 4475 959 4554 patrocinari,
979 4475 1087 4553 perite·
1187 4477 1235 4535 12.
1258 4475 1309 4536 Sic
1323 4476 1510 4551 loquimini,
1526 4485 1557 4538 et
1571 4481 1616 4540 sic
1628 4482 1738 4560 ferite,
1751 4484 1816 4540 in*

394 4573 454 4626 tem
470 4572 660 4643 peecatorum
682 4560 922 4634 adstruentibus,
945 4580 1002 4621 nec
1017 4561 1087 4622 bae·
1141 4579 1235 4637 quom
1260 4580 1322 4638 per
1346 4563 1443 4637 iepem
1470 4565 1627 4628 libertatis
1651 4567 1823 4645 iusim

392 4651 509 4721 reticie,
535 4649 708 4711 tollentibus
723 4647 881 4707 discrimen
897 4657 1087 4726 pcccatorum
1136 4649 1288 4722 judicari.
1325 4648 1500 4712 Doctrinem
1529 4656 1731 4733 superiorem,

392 4737 561 4798 mortalium
593 4746 623 4795 et
650 4733 822 4796 venialium.
871 4734 940 4793 Nou
971 4734 1087 4806 Stoicis,
1140 4743 1205 4794 erat
1218 4734 1255 4794 de
1270 4737 1441 4815 acceptione
1455 4758 1668 4817 personarum,
1683 4761 1719 4802 eo

393 4825 538 4903 quianon
554 4821 625 4882 dicit
649 4817 694 4897 (ut
708 4821 787 4882 bene
808 4820 969 4900 respondet
984 4822 1086 4901 dugu·
1139 4821 1274 4900 generali
1292 4821 1513 4899 admonitione,
1535 4845 1598 4908 qua
1621 4838 1730 4892 umen.
1781 4817 1784 4824 ¹

393 4906 514 4983 umus),
529 4908 696 4985 aequaliter
711 4927 779 4968 ease
792 4927 893 4980 reem,
913 4908 1011 4988 quiin
1027 4928 1086 4968 nno
1139 4908 1218 4967 riam
1235 4910 1330 4989 aperit
1349 4908 1501 4973 doctrinae
1523 4917 1665 4994 sequenti
1679 4913 1719 4978 de

393 4995 533 5070 offendit,
558 5002 591 5056 et
606 4997 659 5074 qni
673 4996 705 5055 in
718 4994 794 5068 alio,
817 4994 867 5054 vel
887 4997 918 5055 in
940 4994 1086 5075 pluribus.
1139 4996 1286 5075 operibus
1321 4997 1690 5078 Incipientesjadieori,
1809 5001 1811 5006 ’
