4442 5825
389 611 466 679 312
908 599 1144 656 memmimus
1160 599 1192 654 m
1210 599 1277 654 ctt’.
1295 599 1336 654 xe

390 782 507 856 ipeiue,
524 797 593 838 cum
610 779 757 856 albuuin
772 785 908 855 optasset
922 779 995 839 illoc
1006 795 1083 853 pcr-
1138 776 1208 836 dum
1225 777 1283 850 ait,
1297 776 1402 836 marito
1418 776 1542 856 quaeri,
1564 784 1666 837 utrum
1682 795 1733 856 pre
1746 776 1814 850 iun

390 867 481 942 darc,
507 885 537 927 oc
552 867 657 939 calvo,
683 864 801 943 sities-i
821 868 981 941 potuisset.
1015 865 1084 925 Hoc
1138 864 1197 923 Dei
1220 864 1260 923 sit
1281 862 1466 934 babendum,
1495 862 1578 943 quod
1599 862 1714 943 Jepbte
1732 862 1814 936 filiun,

390 959 496 1013 autem
520 954 588 1013 eine
610 969 697 1013 nova
725 952 922 1012 revelatione
951 952 1084 1011 tutetur
1137 969 1214 1030 quae
1229 949 1306 1030 patri
1328 950 1468 1023 occurrit,
1493 948 1617 1023 occidit,
1644 968 1712 1010 eum
1732 951 1815 1010 seia·

390 1040 520 1102 licitam.
553 1038 639 1099 Haec
663 1036 716 1097 illa
740 1047 771 1099 et
792 1038 881 1118 plura
901 1040 932 1099 in
956 1036 1084 1099 eandem
1137 1037 1317 1096 molaturum
1333 1035 1399 1096 Deo
1416 1034 1448 1095 id
1469 1039 1622 1109 vovisset,
1646 1034 1726 1117 quod
1746 1037 1815 1098 aire

390 1127 577 1198 sententiam,
593 1123 722 1185 adducto
739 1125 828 1184 etiam
841 1126 979 1203 exemplo
995 1123 1083 1185 Elea·
1138 1122 1243 1184 deuoti
1256 1121 1295 1183 de
1309 1122 1424 1203 proelio
1447 1123 1555 1183 victori
1577 1124 1715 1203 primitus
1733 1143 1816 1184 oecu-

390 1215 467 1286 aeri,
496 1213 585 1273 uuiua
614 1211 742 1272 militum
767 1210 871 1272 Judae
897 1210 1084 1280 Macbabaci,
1138 1211 1232 1270 riseet.

384 1285 458 1380 squi,
477 1307 511 1358 ut
524 1299 603 1360 vires
626 1297 742 1358 hostilis
757 1300 907 1358 exercitus
922 1297 1084 1378 frangeret,
1182 1295 1242 1357 Sed
1265 1315 1332 1355 cum
1359 1294 1532 1374 hujusmodi
1555 1297 1736 1357 sacrificium
1756 1295 1816 1357 deri·

391 1388 456 1448 acie
471 1393 625 1466 penetrata
647 1383 739 1445 subiit
760 1393 894 1445 ventrem
918 1384 1085 1466 elephantis
1139 1391 1227 1462 ptura
1242 1402 1391 1461 nusquam
1403 1382 1475 1443 alibi
1488 1381 1604 1461 probet,
1620 1382 1725 1443 multis
1735 1391 1818 1443 auten

390 1473 559 1554 praecipui,
575 1490 702 1551 eumque
719 1470 866 1543 confodit,
887 1479 918 1531 et
932 1472 970 1532 ab
987 1492 1021 1530 eo
1037 1490 1084 1530 ca·
1139 1470 1216 1530 locis
1232 1470 1394 1550 improbet,
1415 1468 1499 1550 velut
1514 1470 1644 1529 immane
1659 1479 1690 1531 et
1704 1470 1818 1550 impium,
1841 1475 1842 1483 ’

390 1558 480 1620 dante
495 1577 656 1639 oppressus
680 1566 739 1631 est,
763 1560 807 1616 uti
830 1557 941 1638 legitur
959 1557 1085 1619 lMacb.
1140 1577 1199 1638 quo
1214 1556 1264 1616 rel
1281 1557 1410 1615 maxime
1431 1565 1538 1634 gentes
1562 1557 1637 1616 iram
1652 1557 1714 1618 Dei
1729 1576 1842 1636 prore:

391 1648 419 1706 6.
454 1643 602 1724 Quamvis
624 1645 702 1704 enirn
725 1646 801 1716 aiut,
829 1647 881 1724 qui
902 1644 1013 1706 lactum
1029 1643 1086 1703 boc
1140 1644 1252 1719 corint,
1267 1644 1366 1722 sitqtm
1380 1646 1469 1703 unius
1482 1640 1818 1723 Abrabaepririlagiun,
1840 1635 1842 1731 l

390 1729 625 1813 reprehendant,
641 1729 797 1810 Scriptura
813 1741 912 1792 teman
928 1733 971 1792 ita
985 1731 1085 1803 relert,
1140 1730 1219 1811 quod
1235 1729 1426 1790 obedientiae
1441 1728 1616 1809 probandae
1631 1750 1725 1790 cauea
1734 1732 1825 1808 juset·

390 1826 425 1878 ut
438 1817 565 1879 laudere
580 1817 726 1877 videntur.
751 1817 929 1878 Ambrosius
941 1828 1020 1878 certe
1034 1816 1085 1876 lib.
1140 1828 1188 1878 est
1202 1817 1269 1877 Deo
1287 1815 1379 1876 filium
1397 1815 1568 1887 immolare,
1591 1835 1650 1876 uec
1672 1825 1769 1877 tamen
1781 1835 1818 1878 er·

394 1910 422 1966 1.
439 1905 487 1966 off.
503 1925 567 1983 cap.
584 1905 635 1964 40.
650 1905 809 1983 magnifico
825 1904 1028 1977 commendat,
1051 1923 1087 1962 ac
1140 1905 1225 1984 sequi
1241 1905 1409 1984 permissus,
1424 1923 1462 1962 na
1477 1901 1545 1963 iude
1561 1905 1633 1983 quis
1649 1903 1726 1963 alius
1738 1922 1828 1969 exerr.

393 1993 460 2071 ejus
492 1989 586 2049 verba
620 1989 695 2069 legit
720 1991 857 2051 Ecclesia
883 1992 914 2050 in
940 1992 1028 2052 Dom.
1059 1995 1085 2050 1.
1140 1991 1222 2071 plum
1231 1988 1717 2069 capercthomicidalissacrificii:
1732 2007 1817 2071 pam·

393 2076 498 2139 Octob.
522 2075 623 2156 Quare
636 2085 667 2136 et
677 2075 851 2157 Sampsouie
862 2076 986 2150 lactum,
998 2078 1087 2138 etiam
1141 2085 1220 2138 carte
1232 2075 1454 2155 probabilitatis
1467 2085 1513 2135 est
1523 2078 1555 2136 in
1566 2076 1623 2137 hac
1634 2079 1817 2157 respondent

394 2163 576 2226 revelatione
597 2170 747 2237 cessante,
773 2167 882 2245 poterit
904 2164 960 2224 bac
982 2163 1087 2224 eadem
1141 2166 1182 2225 Et
1208 2164 1345 2244 quamvis
1371 2163 1562 2241 Augustinus
1595 2165 1627 2223 in
1652 2164 1720 2224 loco
1745 2166 1818 2223 citato

393 2253 510 2313 ratione
529 2251 673 2310 excusari.
1141 2250 1214 2310 nibil
1229 2249 1364 2322 definiat,
1387 2249 1460 2311 alibi
1476 2258 1591 2322 umen,
1618 2249 1677 2311 bac
1699 2249 1737 2311 de
1751 2265 1823 2312 retr·

434 2337 592 2411 Rcetutut
607 2336 1087 2418 quaestionem,quaedeJapbte
1142 2338 1278 2417 professo
1302 2335 1469 2412 disserens,
1492 2355 1599 2416 nempe
1622 2357 1652 2417 q.
1676 2339 1728 2398 49.
1749 2332 1823 2416 erptr'

392 2434 544 2498 movetur,
561 2423 764 2503 expediemus.
799 2424 890 2498 Sunt,
907 2427 958 2504 qui
974 2421 1087 2483 fuctum
1140 2425 1164 2485 J
1166 2423 1302 2496 ndicum,
1325 2426 1356 2484 in
1371 2423 1428 2483 hoe
1442 2424 1619 2505 propensior
1639 2433 1701 2497 est,
1723 2431 1755 2484 ut
1766 2440 1817 2485 cce·

393 2511 459 2591 ejus
483 2518 629 2571 excusent
656 2529 711 2589 per
739 2512 953 2591 ignorantiam,
979 2518 1014 2568 ut
1036 2511 1087 2589 qui
1142 2521 1223 2583 seat,
1249 2510 1363 2589 dephte
1377 2509 1608 2583 malerovisse,
1636 2511 1819 2591 etpsjurin·

393 2606 529 2678 putaret,
552 2616 586 2656 sa
608 2595 755 2675 religione
770 2600 850 2670 voti,
874 2597 953 2677 quod
970 2596 1088 2670 lecerat,
1141 2597 1254 2678 plesse,
1270 2597 1351 2676 quod
1367 2606 1508 2675 voverat3
1529 2605 1675 2677 recteque
1690 2599 1820 2667 nomem

394 2683 568 2744 adstrictum
595 2682 632 2742 ed
659 2682 751 2744 filium
777 2683 995 2745 immolandam.
1038 2683 1089 2744 sic
1142 2685 1186 2757 id,
1217 2683 1298 2764 quod
1329 2683 1453 2757 dicitur,
1482 2682 1595 2744 iactum
1626 2684 1722 2746 inisse
1748 2690 1820 2763 cupa

396 2770 473 2830 enim
490 2769 528 2829 ad
545 2768 700 2828 illamait:
726 2774 848 2846 Aperui
870 2791 902 2831 os
925 2788 1027 2831 mcum
1044 2770 1089 2829 ad
1143 2791 1210 2831 eum
1237 2771 1374 2850 spiritum
1400 2771 1537 2845 Domini,
1563 2770 1751 2833 referendum
1769 2774 1819 2830 ed

395 2858 588 2931 Dominam,
616 2864 646 2916 ct
660 2855 752 2917 uliud
764 2858 872 2936 facere
887 2876 954 2920 non
967 2864 1088 2936 potero.
1145 2879 1204 2919 nou
1227 2857 1266 2918 ad
1292 2867 1410 2932 votum,
1437 2858 1519 2939 quod
1542 2857 1630 2932 iecit,
1658 2857 1711 2919 sed
1733 2857 1768 2920 ad
1785 2870 1821 2928 nt

396 2944 499 3026 Quare
521 2943 591 3004 lieet
612 2942 725 3004 iactum
746 2946 826 3023 ejus,
852 2947 950 3025 inquit
971 2944 1090 3018 Bibere,
1144 2944 1733 3027 quaaadversushosteslortitergeseit
1747 2937 1820 3025 Quod

395 3029 582 3110 probandum
598 3052 657 3091 uon
674 3032 727 3104 sit,
754 3033 870 3092 animus
892 3042 993 3093 tamen
1014 3034 1091 3111 pius,
1132 3041 1175 3092 ,οἱ
1188 3030 1355 3110 anetauue
1368 3033 1397 3093 iu
1410 3052 1477 3092 eum
1489 3033 1588 3094 locum
1599 3033 1734 3095 ecribeuc
1744 3025 1820 3094 ard!J

395 3126 425 3179 et
439 3117 607 3196 religiosus,
627 3124 657 3177 et
670 3117 753 3177 fortis
770 3117 917 3193 adDeum
933 3117 1091 3179 colendum
1145 3118 1287 3179 advertit.

395 3204 459 3265 luit.
475 3205 520 3263 Ac
533 3203 640 3284 probat
651 3206 826 3265 auctoritate
838 3205 1027 3283 Hieronymi,
1041 3224 1090 3263 cu·
1188 3207 1291 3287 Qtrarc
1306 3207 1408 3285 potins
1423 3226 1489 3266 cum
1504 3206 1538 3266 Β.
1551 3207 1674 3267 Tbcma
1685 3203 1818 3267 diceri!

392 3290 442 3370 jus
451 3289 644 3352 indecentiae
657 3311 721 3371 cap.
734 3291 1093 3353 incommutatae
1145 3292 1304 3365 videbitur,
1320 3312 1386 3353 eum
1399 3311 1541 3373 peccasse
1554 3292 1678 3372 quidem
1686 3291 1815 3359 hocta

396 3376 503 3438 verba:
521 3378 1091 3457 QuodsiJeplttcabtulitfiliameuam
1146 3379 1199 3439 sed
1220 3380 1406 3459 poenitentia
1428 3389 1581 3460 peccatum
1606 3380 1748 3453 diluisse,
1767 3379 1813 3440 l!

396 3466 552 3542 viraiacm
566 3466 651 3538 Dco,
679 3468 946 3542 consacrificium
956 3468 1091 3542 placuit,
1146 3468 1286 3545 scriptum
1302 3467 1425 3527 nonsit.
1458 3467 1545 3529 Vixit
1568 3469 1647 3527 euim
1670 3475 1813 3548 praetem

304 3620 316 3629 ⁴.
396 3551 450 3612 scd
479 3553 607 3612 animas
634 3551 802 3629 afferentis.
839 3550 928 3612 Addo
955 3551 1092 3631 ejusdem
1147 3555 1240 3614 anuis.
1275 3552 1343 3631 Quo
1359 3563 1494 3633 tempore
1518 3553 1636 3614 discere
1650 3555 1814 3634 poenitur

397 3638 574 3718 Hieronymi
609 3637 733 3698 alterum
763 3637 877 3711 locum,
911 3641 963 3718 qni
991 3649 1035 3699 est
1062 3639 1092 3699 in
1147 3638 1316 3700 cerdatibus
1333 3659 1372 3700 ex
1388 3640 1471 3719 lega,
1494 3660 1584 3719 quarn
1601 3642 1664 3701 rint
1679 3638 1826 3720 invent

398 3724 534 3806 Epistola
560 3724 599 3785 ad
625 3722 799 3786 Juliaunm:
826 3727 959 3801 Jeplrtc,
988 3727 1091 3806 iuquit,
1146 3728 1244 3786 invisa
1259 3726 1327 3786 Deo
1344 3726 1490 3805 ejusmodi
1511 3728 1667 3788 sacrificia

396 3810 510 3873 obtrrlit
538 3814 692 3888 virainem
714 3813 833 3888 filiam,
862 3820 891 3872 ct
913 3813 1030 3873 idcirco
1056 3814 1092 3873 in
1188 3815 1245 3873 Est
1259 3822 1359 3874 autem
1375 3813 1465 3892 hujus
1478 3814 1664 3875 difficultatis
1676 3822 1707 3874 at
1720 3812 1823 3874 dna·

397 3902 636 3959 eneruauerunt
662 3908 844 3961 sanctourm
875 3899 915 3959 ab
942 3901 1092 3976 Apostolo
1146 3900 1228 3959 lotio.
1266 3900 1382 3960 Dicunt
1402 3902 1479 3961 enim
1502 3900 1636 3961 Hebraei
1661 3902 1816 3981 incaptum

396 3989 537 4061 partitur.
582 3985 693 4046 Verum
722 3995 883 4067 utcumque
920 4006 952 4046 se
982 3987 1093 4049 babeat
1145 3986 1260 4065 Jcphte
1290 3986 1380 4047 filiam
1407 3986 1502 4047 luisse
1528 3988 1596 4048 Deo
1624 3987 1754 4048 oblatam
1773 3995 1818 4044 rer

396 4071 574 4151 Hieronymi
604 4074 767 4142 sententia,
804 4094 864 4134 nou
897 4073 1015 4133 videtur
1043 4073 1092 4133 hic
1145 4082 1240 4132 morte
1256 4075 1402 4151 corporis,
1417 4074 1493 4134 sicut
1508 4073 1713 4136 offerebantur
1727 4083 1821 4155 pem,

398 4178 477 4219 error
493 4160 693 4219 conscientiae
715 4161 790 4220 satis
813 4161 915 4220 valere
937 4159 975 4220 ad
1000 4179 1091 4220 axcu·
1146 4158 1199 4220 sed
1214 4179 1249 4218 co
1266 4160 1370 4233 modo,
1386 4179 1445 4240 quo
1461 4160 1578 4221 licitum
1593 4171 1678 4236 erut,
1696 4158 1816 4230 mona

398 4245 542 4306 sationem
557 4243 645 4319 lecti,
672 4246 814 4307 videlicet
837 4245 1020 4308 reclamante
1039 4268 1090 4306 no·
1144 4247 1212 4308 Deo
1239 4245 1350 4318 offerri,
1381 4247 1495 4308 scilicet
1521 4249 1744 4309 consecratione
1764 4237 1821 4325 ψ’

396 4331 510 4412 &sima
540 4330 607 4411 lege
637 4331 741 4393 divina
770 4333 856 4394 simul
886 4341 917 4394 et
946 4332 1091 4393 naturali:
1146 4334 1214 4394 dam
1230 4331 1268 4391 ad
1283 4335 1342 4393 Dei
1357 4334 1486 4406 cultum,
1509 4354 1591 4413 quae
1613 4327 1815 4415 quonium,¹

397 4417 471 4481 Nea
487 4418 611 4479 occider.
1147 4417 1292 4479 vocabilis
1321 4427 1401 4493 erat,
1439 4423 1530 4482 etiam
1560 4441 1642 4482 mors
1670 4440 1743 4483 voce

436 4503 512 4570 ,Alia
533 4506 687 4583 responsio
715 4512 777 4579 est,
804 4504 835 4566 id
858 4505 897 4565 ab
920 4524 954 4565 eo
978 4504 1091 4565 luctum
1145 4505 1219 4565 Lar.
1235 4506 1303 4579 ult,
1321 4520 1380 4567 taur
1396 4506 1434 4567 dc
1449 4508 1586 4582 bomine,
1601 4527 1693 4589 quam
1708 4493 1816 4586 defi

397 4589 503 4656 latenti
518 4590 648 4672 quadarn
666 4592 808 4652 instinctu
821 4610 856 4652 ac
866 4593 956 4672 jussu
981 4592 1090 4653 divino.
1145 4592 1299 4672 Siquidem
1316 4602 1346 4653 et
1361 4592 1466 4668 hodic,
1487 4596 1539 4674 qui
1555 4594 1660 4656 relicto
1674 4589 1817 4657 cremba

396 4678 481 4741 Dicit
502 4677 769 4757 euimflcriptura,
796 4677 847 4738 ubi
870 4676 908 4739 de
931 4686 1001 4739 voto
1026 4679 1091 4757 ejus
1144 4688 1223 4738 totos
1254 4680 1321 4740 Deo
1347 4682 1571 4761 manciparunt,
1598 4682 1709 4744 mortui
1732 4671 1815 4743 αὖ

397 4762 545 4842 loquitur,
569 4764 693 4841 tadum
710 4782 769 4824 cecc
792 4782 886 4841 asper
908 4784 978 4826 eum
994 4767 1091 4841 epiri-
1145 4765 1288 4827 dicuntur.
1330 4766 1606 4847 Quumqucmboc
1620 4770 1704 4839 loco,
1729 4767 1823 4845 defi?

398 4856 467 4911 tum
488 4851 629 4910 Domini.
663 4850 763 4929 Quam
786 4854 962 4913 sententiam
986 4853 1090 4932 Angu-
1144 4854 1272 4930 agimus,
1288 4854 1373 4915 nulle
1388 4856 1492 4915 mortis
1506 4856 1637 4934 meuti03
1657 4849 1817 4919 aedtffl

398 4931 494 4997 atinus
509 4935 559 4997 lib.
577 4941 604 4997 1.
620 4935 658 4999 de
676 4938 754 4999 civit.
771 4938 844 5009 Dei,
867 4958 932 5019 cap.
949 4940 1008 5012 21,
1027 4960 1091 5000 uon
1145 4940 1264 5000 dieitur:
1283 4942 1327 5002 Εἰ
1340 4943 1419 5020 [ecit
1433 4944 1480 5016 ci,
1495 4943 1577 5003 sicut
1592 4949 1744 5019 coum,
1756 4945 1818 5020 ς..

398 5021 519 5105 quidam
533 5023 696 5103 approbet,
711 5021 764 5086 sed
778 5027 809 5086 iu
822 5023 921 5088 medie
937 5024 1089 5108 relinquit,
1142 5027 1312 5103 temerabat
1337 5032 1454 5091 viram
1486 5028 1600 5112 Itaque
1621 5031 1715 5113 jura
1733 5025 1818 5095 td
