4442 5825
437 602 509 672 cqc
1052 592 1286 653 summimus

435 774 524 833 stiam
546 769 704 846 dedistis,
731 773 909 849 gravissime
924 771 1124 853 redarguendi
1222 774 1265 836 Et
1280 793 1313 835 os
1326 790 1435 835 eorum
1450 773 1597 851 loquitur
1611 771 1762 849 superea
1790 768 1864 829 lists

434 867 526 939 atque
547 858 692 938 puniendi
715 867 784 920 sunt
806 861 903 938 impii3
926 861 1062 920 nimimm
1087 859 1124 921 de
1180 858 1646 941 codieeslaguutzsuperbiam3
1664 856 1721 918 sed
1733 856 1867 917 meliores:

435 945 578 1017 omnibus,
594 944 764 1025 quacdure,
781 948 1002 1019 contumeliose,
1019 948 1125 1007 irreve-
1179 948 1314 1024 superba
1326 991 1336 1021 ,
1371 947 1554 1026 suffragante
1576 946 1718 1007 editione
1740 943 1867 1003 Romans

435 1041 537 1093 rentes
560 1031 705 1092 adversus
727 1030 878 1092 Christum
901 1033 1061 1093 Dominum
1084 1033 1125 1093 lo·
1180 1033 1297 1094 Graece
1323 1052 1444 1113 quoque
1471 1042 1532 1092 est:
1570 1024 1756 1110 ὑπέρογκα,
1782 1028 1871 1089 idest

436 1121 497 1180 eati
512 1118 630 1178 fuerint.
661 1118 847 1180 Generaliter
869 1121 926 1180 hoc
940 1139 959 1178 a
975 1119 1127 1199 Propheta
1180 1120 1314 1195 tumida,
1331 1120 1474 1196 superbo.
1491 1121 1560 1180 Vox
1572 1118 1694 1192 mdem,
1711 1135 1791 1197 quae
1801 1114 1869 1193 apud

436 1206 550 1266 dietum
566 1214 610 1264 est
625 1205 663 1264 de
678 1206 729 1279 iis,
754 1208 806 1285 qui
824 1209 853 1265 iu
869 1207 1019 1267 Christum
1034 1205 1128 1266 verba
1180 1207 1314 1278 Petrum,
1330 1206 1381 1266 ubi
1396 1227 1451 1266 uos
1468 1204 1612 1285 legimus:
1628 1205 1781 1282 Superos
1796 1205 1869 1262 enim

432 1293 585 1372 jactarunt
597 1293 874 1371 injuriosa3quales
888 1294 1032 1372 imprimis
1043 1290 1128 1352 tuere
1181 1296 1335 1355 vanitatis
1360 1294 1520 1370 loquentes
1545 1300 1599 1352 ete.
1647 1292 1747 1364 Cum,
1778 1291 1871 1368 iuquit,

434 1378 561 1452 dudaei,
584 1397 709 1457 quonum
731 1380 761 1438 iu
784 1398 850 1437 eum
870 1378 1074 1458 blasphemias
1097 1385 1129 1437 et
1181 1400 1274 1441 coeno
1298 1398 1417 1440 suarum
1441 1378 1639 1459 cupiditatum
1666 1396 1737 1438 sese
1755 1375 1872 1456 turpiter

434 1464 601 1536 maledicta,
626 1466 690 1525 sivo
712 1474 940 1525 conversantem
964 1485 1028 1524 cum
1043 1465 1126 1544 ipsis,
1180 1466 1345 1538 involvant,
1369 1476 1476 1540 tamen,
1492 1474 1525 1525 nt
1538 1465 1716 1526 habeantur
1730 1464 1762 1523 iu
1777 1464 1871 1540 pretio,

435 1553 500 1612 sive
515 1550 691 1630 pendentem
707 1553 738 1611 iu
754 1571 851 1625 cruce,
868 1553 969 1631 legere
985 1559 1031 1611 est
1046 1549 1128 1631 apud
1179 1554 1273 1615 verba
1294 1554 1437 1614 tumentia
1461 1560 1493 1614 et
1514 1552 1682 1630 magnilica
1709 1550 1872 1629 loquuntur.

435 1637 657 1716 Evangelistcs.
689 1638 803 1716 Quales
826 1641 896 1698 item
912 1639 1075 1700 Simoniani
1096 1645 1128 1696 et
1180 1639 1249 1700 Hoc
1272 1638 1422 1720 quomodo
1445 1646 1592 1718 competat
1615 1641 1649 1698 iu
1678 1636 1873 1698 Gnostiaoss

437 1723 589 1797 Gnostici,
611 1724 703 1785 multa
726 1725 764 1785 de
786 1723 906 1786 Christo
929 1725 1009 1785 falsa
1030 1733 1062 1783 et
1084 1725 1126 1783 iu·
1179 1726 1283 1787 schola
1306 1727 1434 1788 Simonis
1457 1734 1584 1797 exortos,
1609 1726 1640 1784 iu
1667 1723 1873 1785 commentario

436 1810 529 1891 digua
555 1813 827 1887 comminiscentem
859 1821 893 1872 ut
918 1831 997 1873 vere·
1017 1807 1054 1869 de
1080 1811 1126 1869 eia
1181 1812 1263 1874 Petri
1286 1812 1467 1873 declaratum
1486 1822 1541 1872 est
1579 1811 1730 1887 Superba
1746 1805 1872 1870 muuudi

436 1917 525 1977 supra
548 1896 657 1958 dixerit
679 1899 714 1957 B.
734 1897 838 1970 Judas,
861 1898 942 1977 quod
966 1897 1127 1956 Dominum
1180 1901 1212 1959 in
1248 1899 1428 1976 superbiam
1459 1900 1577 1959 occasio
1615 1898 1676 1956 luit
1707 1916 1748 1958 ex
1782 1895 1872 1956 verbu

437 1985 583 2045 Christum
613 1985 760 2063 negarint.
806 1984 884 2044 Vide
913 1984 1127 2063 expositionem
1180 1986 1291 2046 Psalm.
1315 1990 1380 2048 16.:
1411 1987 1454 2046 Et
1476 2002 1509 2045 os
1533 2003 1643 2045 eorum
1669 1984 1814 2045 locamus
1838 1987 1873 2041 ast

436 2070 518 2132 illins
540 2070 607 2130 loci.
638 2069 699 2130 Our
715 2083 814 2130 autem
830 2071 924 2131 dicat:
948 2078 1127 2148 peccatores
1181 2073 1373 2149 superbiam.

437 2159 547 2234 impii,
582 2165 611 2216 et
636 2177 696 2218 nou
722 2158 908 2237 simpliciter:
937 2165 1127 2234 peccatores,
1223 2163 1378 2223 Mirantes
1404 2176 1558 2236 personas
1586 2165 1741 2233 quaestus
1779 2173 1873 2216 eausa

434 2246 498 2324 jam
521 2252 604 2322 patet
626 2263 665 2304 ex
688 2245 904 2322 superioribus,
930 2247 1002 2325 quia
1021 2264 1080 2304 uon
1096 2245 1129 2303 iu
1181 2248 1300 2308 Mirari
1319 2263 1483 2324 personas,
1506 2254 1565 2317 est,
1588 2243 1660 2305 ficta
1684 2241 1873 2304 admiratione

438 2350 539 2393 omues
562 2339 731 2411 peccatores
750 2332 825 2392 haec
841 2331 986 2392 dicuutur.
1018 2329 1127 2391 Obser·
1180 2324 1304 2394 laudare
1330 2334 1480 2406 homines,
1506 2333 1687 2411 praesertim
1714 2329 1826 2390 divitas
1848 2336 1873 2387 st

437 2416 567 2478 vandum
583 2417 720 2496 denique,
736 2421 825 2479 etism
841 2419 871 2477 iu
882 2418 939 2479 hoc
950 2418 1034 2479 brevi
1047 2417 1129 2477 testi·
1182 2428 1339 2499 potentes,
1365 2421 1465 2499 iisqne
1492 2419 1638 2478 assentari
1668 2435 1774 2476 coram
1801 2423 1831 2473 st
1849 2414 1874 2472 ia

437 2506 538 2565 monio
555 2504 750 2585 Prophetico,
773 2526 810 2566 ex
832 2507 928 2585 prima
950 2506 1130 2581 antiquitate
1181 2505 1270 2567 iacie.
1288 2506 1322 2566 ld
1335 2513 1434 2565 autem
1447 2503 1600 2565 iaciebant
1610 2511 1764 2579 quaestus
1775 2517 1871 2572 saum,

438 2591 564 2672 prolato,
587 2593 744 2652 veritatem
760 2591 904 2665 obtinere,
928 2589 1008 2670 quod
1023 2590 1129 2649 Petrus
1182 2597 1255 2666 sive,
1277 2604 1313 2653 ut
1327 2601 1374 2653 est
1389 2594 1420 2651 in
1436 2591 1569 2654 Graeco:
1592 2581 1760 2666 ὠφελείας
1782 2579 1872 2665 χάριν,

436 2676 600 2757 Apostolus
634 2678 671 2737 de
697 2677 815 2738 Christo
845 2677 937 2750 dicit,
966 2676 1034 2736 Aet.
1064 2677 1129 2737 10.:
1181 2682 1328 2741 utilitatis
1349 2681 1475 2756 qratia3
1498 2697 1558 2738 nou
1584 2675 1710 2756 quidem
1733 2673 1873 2755 publicas,

438 2767 522 2826 Huic
558 2783 666 2826 omnes
701 2766 880 2841 Prophetae
917 2766 1130 2825 testimonium
1183 2766 1238 2827 sed
1259 2786 1331 2827 suae
1354 2776 1445 2845 atque
1468 2765 1613 2843 privatae
1643 2761 1684 2823 Id
1705 2763 1773 2841 Jam
1795 2779 1874 2841 supra

436 2852 610 2929 perhibent.
642 2851 706 2911 Nec
728 2852 848 2925 mirum,
872 2848 1131 2931 quandoquidem
1183 2853 1277 2927 dixit,
1312 2871 1409 2914 amore
1441 2849 1587 2911 mercedis
1611 2849 1745 2909 Balaam
1773 2848 1872 2908 effusos

439 2941 570 2999 omnium
581 2938 799 3018 Prophetarum
812 2958 920 3019 scopus
933 2938 1129 2999 estChristus.
1182 2940 1285 3002 fuisse.
1322 2940 1451 2999 Pulchre
1478 2958 1514 2999 ac
1540 2938 1628 2997 nimis
1655 2955 1731 2996 vere
1754 2931 1874 3015 quadrat

485 3028 532 3087 16.
563 3026 608 3086 Hi
629 3034 703 3087 sunt
725 3033 985 3100 murmuratores,
1013 3042 1132 3102 queru-
1183 3028 1256 3088 haec
1272 3047 1342 3107 pura
1357 3029 1387 3087 iu
1400 3025 1581 3095 seductores,
1596 3023 1708 3084 dassia
1719 3022 1762 3085 ds
1773 3020 1874 3083 talibas

439 3115 507 3175 tou.
533 3112 625 3174 Redit
646 3112 685 3173 ad
707 3111 913 3193 depingendos
928 3112 1098 3173 seductores
1114 3129 1133 3168 a
1183 3122 1340 3175 attestante
1355 3132 1419 3193 esp.
1438 3116 1481 3175 3.:
1511 3111 1634 3187 Popute
1657 3127 1760 3184 meus,
1782 3111 1872 3187 quite

439 3200 570 3262 moribus
584 3199 744 3261 etstudiis.
759 3201 1131 3275 Murmuratoresaque·
1184 3202 1308 3263 beatum
1335 3201 1466 3274 dicunt,
1492 3200 1554 3274 ipsi
1580 3204 1610 3257 te
1636 3196 1875 3272 decipiuut,st

438 3289 554 3349 rulosis
569 3296 714 3349 commate
729 3286 934 3367 distinguendi
949 3295 1025 3347 suut.
1053 3284 1132 3345 Nam
1186 3292 1269 3349 uiam
1284 3304 1444 3364 qressuum
1459 3294 1589 3347 suorum
1605 3284 1781 3358 dissiparat.
1803 3285 1873 3344 Pes»

440 3368 642 3454 μεμψίμοιροι,
658 3375 795 3451 queruli,
811 3394 865 3435 seu
877 3375 1046 3450 querulosi,
1063 3370 1131 3430 sub·
1183 3394 1263 3437 sorra
1289 3372 1363 3454 quid
1383 3375 1415 3433 iu
1438 3371 1598 3451 scripturis
1618 3369 1791 3448 signifieat,
1816 3386 1873 3428 ean

440 3464 572 3523 stantiae
588 3463 713 3542 capitur.
739 3462 993 3522 Murmuratores
1007 3478 1058 3519 eos
1080 3476 1131 3517 vo·
1185 3464 1249 3543 quis
1272 3463 1424 3537 accipere,
1446 3461 1610 3535 respicere,
1634 3457 1758 3516 mirari
1774 3471 1875 3533 perso·

440 3557 496 3621 cst,
515 3569 575 3610 nou
589 3547 734 3610 adsersus
748 3547 855 3620 Deum,
878 3555 913 3607 ut
934 3547 1057 3626 quidam
1080 3564 1132 3604 ex·
1184 3568 1261 3611 mum
1285 3548 1400 3620 dicitur,
1423 3546 1608 3626 explicatum
1629 3551 1679 3602 est
1701 3562 1720 3601 a
1741 3539 1876 3604 natust

440 3645 556 3715 ponunt
572 3633 650 3712 (nam
668 3635 797 3696 maxime
811 3634 872 3693 Dei
889 3634 1017 3694 cultores
1034 3630 1133 3691 videri
1186 3634 1261 3697 illud
1281 3634 1367 3694 Rom
1390 3635 1436 3693 2.:
1466 3635 1539 3693 Non
1561 3631 1645 3691 enim
1676 3637 1721 3690 est
1745 3630 1876 3705 aeesptit

440 3720 568 3799 volunt),
590 3722 644 3785 sed
666 3724 811 3783 adversus
826 3721 1030 3782 Ecclesiarum
1046 3736 1132 3798 prae·
1185 3738 1393 3799 personarum
1416 3718 1505 3795 apud
1528 3719 1642 3778 Deum.
1675 3714 1875 3797 Siquidsasia

440 3812 562 3890 positos,
576 3830 702 3890 quorum
713 3808 920 3887 gubernationi
932 3807 1044 3887 passim
1053 3802 1133 3884 apud
1186 3806 1357 3887 hujusmodi
1378 3806 1450 3866 locis
1471 3825 1525 3885 pro
1544 3820 1707 3881 persona,
1735 3812 1801 3863 tam
1825 3798 1876 3860 llo

439 3896 544 3958 fideles
567 3896 742 3972 detrahuut;
769 3905 803 3954 ut
828 3906 860 3955 at
886 3894 975 3955 hodie
997 3891 1134 3952 videmus
1185 3896 1295 3967 braice,
1306 3912 1396 3973 quam
1408 3892 1530 3965 Graece,
1542 3888 1726 3951 vocabulum
1739 3882 1878 3969 estquod

440 3983 607 4046 haereticos
629 3983 739 4045 iacere.
778 3983 966 4061 ῼιιιιιιὶοιοι
992 3982 1077 4050 item,
1101 3977 1133 4036 id
1185 3983 1301 4061 (aciem
1318 3998 1372 4039 sou
1387 3980 1511 4040 vultum
1526 3975 1693 4055 signifieat.
1710 3974 1879 4037 Itadictun

441 4080 499 4143 est,
521 4091 654 4132 morosos
669 4089 705 4131 ae
721 4068 865 4142 difficiles,
888 4087 1015 4148 quorum
1031 4064 1133 4127 volun·
1188 4078 1235 4129 est
1250 4068 1326 4129 Lev.
1345 4069 1409 4127 19.:
1433 4066 1506 4127 Non
1521 4062 1701 4125 eornideres
1711 4077 1878 4141 perseum

441 4160 497 4218 tati
511 4177 673 4238 numquam
688 4157 825 4218 satisfist.
865 4153 956 4234 Quod
979 4154 1067 4212 etiam
1089 4152 1133 4209 in·
1187 4157 1350 4232 pauperis,
1365 4153 1568 4212 neehouores
1583 4149 1712 4211 vultum
1727 4150 1879 4227 potentin

441 4244 540 4324 teiligi
564 4253 666 4324 potest
691 4243 729 4304 de
755 4241 944 4323 querimoniis
975 4239 1134 4299 adversum
1189 4261 1279 4320 quum
1291 4242 1454 4316 inutroque
1462 4237 1592 4299 membro
1600 4236 1774 4298 Hebraico:
1781 4234 1879 4313 pieni

442 4333 640 4413 praepositos.
654 4329 849 4390 Oscumenius
861 4321 1057 4407 μεμψίμοιρον
1069 4344 1136 4386 eum
1189 4329 1319 4390 Graece:
1335 4317 1508 4403 πρόςωπον,
1523 4325 1653 4403 legatur.

442 4421 671 4500 iuterpretatur,
693 4419 748 4493 qui
769 4435 892 4492 semper
912 4415 1015 4476 studet
1030 4429 1137 4475 omues
1235 4418 1282 4475 17.
1317 4414 1378 4472 Vos
1400 4419 1517 4486 autem,
1540 4411 1711 4486 corisum,
1738 4423 1881 4471 memoras

442 4507 592 4567 cauillari
607 4513 636 4567 et
652 4505 789 4565 dicteriis
804 4504 963 4564 incessere.
1189 4508 1283 4562 estote
1306 4498 1489 4570 verborum,
1513 4516 1596 4575 quae
1618 4496 1794 4573 praedicta
1818 4500 1882 4557 sati

486 4595 665 4656 Secundum
683 4591 840 4652 desideria
855 4608 914 4650 sua
929 4587 1137 4649 ambulantes.
1190 4589 1229 4648 ab
1242 4585 1402 4663 Apostolis
1414 4587 1548 4646 Domini
1557 4587 1663 4645 mssrt
1675 4582 1881 4649 Juuetostt

443 4682 526 4755 Susa,
549 4680 578 4740 id
595 4690 640 4740 est
656 4676 797 4739 earnalia.
835 4676 967 4736 Notatur
980 4674 1058 4734 euim
1074 4692 1137 4732 car·
1190 4676 1280 4736 Nunc
1294 4672 1399 4733 fideles
1413 4671 1557 4744 hortatur,
1580 4680 1617 4732 ut
1631 4665 1787 4733 memores
1801 4670 1881 4731 moni

444 4766 522 4827 nslis
545 4786 648 4827 eorum
668 4776 699 4826 et
714 4764 908 4844 voluptuaria
924 4763 1003 4833 vita,
1026 4760 1140 4840 quippe
1190 4771 1288 4822 torum
1303 4759 1555 4840 Apostolicorum,
1570 4758 1630 4820 sibi
1646 4768 1782 4821 aveant
1795 4758 1831 4819 sb
1844 4758 1882 4824 iit

445 4857 501 4931 qui
515 4856 653 4929 qratiam
667 4855 728 4914 Dei
739 4849 976 4928 transferebant
990 4850 1025 4908 irs
1041 4847 1139 4906 luxu·
1191 4866 1317 4929 qnorum
1333 4865 1429 4906 mores
1450 4844 1622 4925 descripsit
1657 4846 1824 4927 Subiungit
1841 4862 1882 4903 ss

444 4943 539 5013 riam,
556 4948 595 5011 et,
615 4948 648 4999 ut
663 4940 769 4999 Petrus
784 4938 926 5016 loquitur,
942 4935 1139 5009 voluptatem
1191 4944 1252 4996 tem
1275 4934 1499 4994 vetustissimae
1522 4932 1718 5013 Prophetiae
1739 4930 1881 5016 Apostoir

446 5027 670 5090 semimarem
684 5025 748 5086 diei
762 5024 898 5085 delicias.
1191 5042 1256 5084 rum
1271 5021 1458 5095 monitiones,
1474 5018 1558 5103 quod
1573 5028 1659 5086 esset
1668 5020 1780 5087 hasam
1792 5032 1879 5085 reru
