4442 5825
388 572 462 641 tlt
904 565 1270 623 couusurrrursurcrr.
1288 565 1316 621 u.

389 742 579 824 expresserit,
589 749 755 817 eontentue,
765 745 903 823 exemplo
914 745 1085 826 vulgariore
1105 742 1110 811 Ι
1137 746 1305 823 lineariter
1327 764 1368 820 se,
1391 763 1431 806 ne
1453 744 1522 826 quie
1544 764 1582 806 ex
1606 742 1665 805 tte
1685 742 1800 804 otiorad

389 848 467 902 rem,
495 827 533 889 de
558 848 619 908 qne
645 829 770 909 agebat,
797 830 975 895 deelarame
1009 835 1086 912 Quia
1137 833 1305 895 dilectionis
1313 851 1412 892 vaona
1424 850 1550 912 regnum
1562 831 1623 893 eibi
1632 828 1803 912 pollieerett.

388 918 494 994 serat,
521 917 565 976 ait
586 915 776 995 Augustinus
802 917 842 979 ad
863 920 1085 1000 Hieronymum
1180 922 1208 981 t.
1230 921 1291 981 Vor
1302 927 1408 980 autem
1420 921 1642 982 extorioraetis
1649 934 1806 996 pauperet.

390 1001 532 1074 scribens,
548 1003 622 1080 eligii
637 1004 766 1065 divitem
782 1006 939 1068 adsedem
954 1009 1085 1070 tortoris
1136 1007 1173 1068 Id
1190 1013 1250 1069 est:
1274 1010 1470 1084 contemptui
1490 1005 1660 1082 habuistis,
1683 1000 1808 1087 queit

389 1091 566 1166 Ecclesiae,
593 1099 772 1168 contempto
797 1112 941 1172 paupere
961 1098 1084 1158 irretra-
1137 1103 1201 1156 oet:
1229 1092 1321 1175 Quod
1347 1095 1467 1155 minime
1491 1094 1636 1174 oportuit.
1668 1092 1810 1172 Διμ

389 1180 486 1239 etiore
512 1185 608 1255 atque
630 1181 809 1240 sanctiore?
840 1179 929 1262 Quod
952 1202 1025 1243 vero
1046 1180 1085 1242 ad
1136 1189 1199 1243 turn
1227 1180 1287 1242 tale
1312 1190 1374 1242 eet:
1411 1181 1483 1241 Nou
1512 1190 1585 1242 eunt
1615 1174 1811 1251 eontrmai.

390 1283 549 1326 consessus
564 1273 596 1325 et
609 1265 811 1328 salutetionea
833 1267 1025 1348 quotidianae
1041 1276 1083 1328 at·
1137 1289 1214 1350 quos
1230 1268 1314 1330 Deus
1326 1268 1416 1349 elegit
1426 1265 1466 1328 ed
1477 1267 1563 1347 regni
1577 1267 1627 1329 ani
1639 1265 1813 1341 eoneortiur

389 1353 473 1427 tinet,
496 1353 522 1412 ei
537 1351 650 1426 inillis,
671 1363 705 1414 ut
725 1352 768 1428 fit,
792 1355 900 1416 divitee
921 1376 996 1436 pree
1011 1373 1083 1438 peu·
1137 1358 1223 1436 atqui
1248 1374 1402 1437 pauperes
1427 1354 1485 1415 hee
1515 1353 1668 1415 electione
1696 1350 1813 1430 tigna

392 1438 516 1521 peribue
526 1438 716 1514 honorentur,
733 1449 785 1501 aet
796 1442 916 1504 veniale
928 1451 1084 1524 peceatum
1138 1450 1183 1502 eet
1196 1443 1296 1520 Deus3
1319 1463 1379 1503 non
1401 1449 1472 1502 sunt
1492 1442 1583 1520 igitur
1606 1440 1652 1503 illi
1667 1438 1751 1501 robis
1763 1456 1813 1507 en,-

390 1534 443 1601 est,
459 1525 529 1587 dum
544 1526 672 1587 humano
689 1529 820 1607 quodem
832 1530 942 1592 affeetu
953 1529 993 1591 ad
1008 1529 1083 1590 divi·
1138 1528 1297 1591 temnendi.

389 1614 447 1674 tiae
471 1612 600 1675 babetur
622 1622 790 1695 respuetus3
813 1627 866 1677 aut
885 1618 1000 1679 nulium
1015 1636 1083 1698 pso·
1180 1618 1295 1679 Nonae
1310 1616 1424 1677 divites
1442 1633 1503 1692 per
1525 1617 1710 1693 potentiam
1723 1612 1813 1690 oppii·

390 1710 500 1776 ratum,
515 1702 708 1781 eispeetetur
723 1705 755 1763 in
770 1703 871 1778 divite,
888 1706 971 1786 quod
985 1711 1086 1786 potest
1137 1711 1230 1766 munt
1258 1705 1334 1765 voa?
1368 1703 1429 1763 Alii
1455 1711 1593 1763 vertunt:
1628 1699 1811 1778 tymetia.

390 1787 506 1850 divitiis
520 1787 596 1849 bene
610 1790 664 1863 uti,
692 1790 776 1851 etad
791 1790 848 1852 hoe
869 1793 1015 1854 invitatur
1030 1791 1085 1853 tali
1137 1798 1283 1853 exerrent
1297 1795 1333 1853 ire
1348 1809 1425 1866 voe,·
1441 1788 1494 1850 sod
1509 1789 1619 1851 eodem
1636 1806 1737 1851 eenau.
1754 1784 1812 1847 Ῥὺ

390 1875 512 1936 honorie
535 1875 729 1937 exhibitione
763 1876 844 1938 Nam
871 1879 941 1940 eine
962 1888 1085 1960 peceato
1138 1878 1212 1959 qnid
1241 1880 1320 1940 enim
1349 1877 1499 1958 eignifioet
1530 1876 1658 1939 verbnm
1689 1874 1813 1938 Gne-

389 1962 422 2024 id
437 1962 503 2023 fieri
520 1981 616 2044 posse,
639 1965 711 2025 sutis
733 1973 839 2044 aperte
860 1966 1010 2046 signifieat
1024 1967 1084 2028 An·
1137 1957 1460 2028 καταδυναστεύουσιν.

390 2053 530 2132 gostinus
545 2052 578 2110 in
592 2050 734 2130 Epistola
752 2062 917 2113 memorata
932 2055 982 2113 29.
1180 2055 1224 2116 Er
1238 2055 1300 2131 ipsi
1315 2053 1450 2114 tratum
1462 2072 1516 2115 eor
1527 2051 1571 2112 ad
1582 2050 1733 2126 juditia?
1752 2048 1810 2125 1η

435 2140 464 2200 t.
486 2138 621 2213 Audite,
646 2139 766 2216 fratrer
792 2143 854 2200 mei
882 2141 1084 2201 dilectissimi.
1138 2138 1270 2202 Graeoe:
1293 2129 1388 2214 αὐτοὶ,
1406 2139 1487 2221 quod
1503 2139 1553 2199 hio
1566 2138 1678 2200 melius
1694 2135 1811 2200 vetur

390 2225 512 2288 Excitet
524 2227 728 2301 attentionem,
744 2235 1087 2307 ostensurusapersona
1137 2229 1244 2303 iidem,
1269 2227 1398 2301 seilicet,
1423 2225 1542 2287 divites.
1576 2224 1620 2286 Ut
1642 2233 1673 2286 et
1695 2225 1725 2285 in
1743 2236 1821 2283 m.

390 2314 532 2397 pauperie
547 2321 578 2374 et
593 2312 707 2387 divitis,
723 2334 814 2394 quem
825 2336 885 2376 uon
897 2317 936 2376 eit
949 2315 1002 2376 ille
1014 2333 1087 2393 prae
1138 2316 1274 2395 proxime
1296 2316 1441 2395 eoquenti.
1465 2312 1606 2375 Alterum
1629 2316 1821 2393 argumenta?

391 2401 449 2462 isto
471 2400 716 2462 contemnendus.
746 2401 847 2462 Utitur
869 2413 969 2463 eutem
993 2410 1086 2462 erote·
1139 2423 1158 2463 a
1183 2403 1287 2464 divitis
1313 2421 1458 2482 persona,
1487 2420 1545 2480 quo
1572 2399 1722 2468 ostendit.
1745 2412 1821 2477 qu

392 2491 490 2561 matie,
513 2486 552 2548 ad
568 2487 814 2568 exaggerandam
837 2488 911 2550 faeti
925 2489 1086 2569 indignite-
1140 2492 1200 2552 sint
1222 2488 1331 2550 diriter
1354 2489 1469 2549 bonore
1493 2487 1629 2566 indigni,
1655 2492 1754 2567 utpote
1769 2480 1821 2543 ba·

392 2584 461 2650 tem,
477 2576 632 2655 iuquiens:
1140 2587 1217 2639 trum
1234 2594 1437 2657 oppreeeores.
1469 2575 1623 2654 Loquitur
1646 2566 1821 2635 minati

435 2664 550 2724 Nonae
566 2664 654 2723 Deae
679 2664 772 2739 eiepit
791 2682 950 2740 pauperes
973 2666 1008 2724 ia
1031 2664 1088 2723 boe
1140 2664 1253 2725 vitibus
1283 2662 1483 2737 Christianis,
1511 2664 1556 2722 uti
1586 2661 1667 2723 bene
1701 2652 1821 2745 omna,

393 2750 526 2825 mundo,
550 2749 662 2811 diuites
676 2751 713 2811 irs
735 2750 820 2827 tide?
845 2749 975 2812 Graece:
999 2751 1088 2810 Parr-
1142 2751 1324 2833 Geigueeus.
1353 2750 1446 2822 Nam,
1467 2757 1502 2808 nt
1525 2768 1619 2829 supra
1640 2750 1821 2808 monebunt

391 2855 484 2916 perer
498 2836 613 2899 maadi
627 2838 729 2913 bajas.
753 2837 792 2897 Et
804 2856 908 2899 senene
921 2846 976 2911 eet,
993 2839 1087 2897 Deum
1141 2847 1195 2913 eet,
1208 2836 1404 2918 reprehendit
1414 2854 1475 2910 eos,
1490 2835 1530 2895 ed
1543 2855 1620 2916 qnos
1632 2832 1768 2914 scribito
1789 2864 1791 2866 v

394 2925 525 3008 elegisre
547 2933 577 2984 et
599 2944 724 2985 vooaees
745 2945 893 3007 pauperes
914 2924 1002 3005 hujus
1025 2943 1087 2985 sae
1140 2928 1172 2987 in
1193 2925 1416 2986 Eeoloeiaetioie
1438 2924 1502 2984 euis
1525 2922 1731 2984 conventibus·
1751 2954 1769 2966 -ι
1801 2921 1809 2934 ’

394 3014 462 3087 onii,
477 3021 510 3073 ut
525 3013 637 3073 iaceret
650 3032 702 3074 eoe
716 3011 781 3085 fide,
798 3014 988 3093 eaeterisque
1004 3012 1089 3073 donie
1141 3022 1241 3074 rarent
1255 3010 1372 3085 divites,
1387 3013 1568 3090 contemptis
1585 3006 1768 3091 pauperibua
1813 3018 1818 3053 ²·

394 3099 604 3182 epiritualibus
624 3098 742 3161 divites.
777 3099 847 3160 Non
874 3100 955 3180 quod
979 3098 1088 3160 divites
1142 3100 1213 3160 illue
1236 3098 1294 3159 noli
1317 3097 1554 3159 admittebantur
1576 3096 1697 3159 fideles.
1733 3093 1776 3155 ste
1813 3125 1817 3131 ·

395 3188 485 3269 hujus
501 3185 614 3249 eaeouli
629 3188 861 3267 praetermiserit
875 3188 1013 3262 omniuo;
1037 3184 1089 3246 eed
1141 3186 1220 3248 inire
1234 3206 1301 3266 oep.
1317 3186 1346 3245 b.
1368 3186 1400 3245 iu
1422 3183 1532 3246 diriter
1554 3203 1665 3245 avaros
1688 3188 1771 3263 atque
1787 3210 1789 3226 2

395 3277 468 3357 quia
480 3295 498 3335 a
510 3274 694 3356 pauperibus
707 3273 862 3335 exordium
874 3273 972 3334 iecere
984 3273 1089 3344 voluit,
1138 3276 1234 3354 justos
1250 3272 1407 3345 invehitur,
1427 3280 1579 3352 tamquam
1597 3272 1628 3331 in
1642 3268 1736 3333 malos
1756 3275 1771 3316 b
1793 3285 1815 3311 ῠ

397 3371 429 3424 ut
437 3361 566 3424 divitum
574 3361 745 3440 superbiam
758 3363 942 3435 retunderet,
955 3369 986 3420 et
997 3357 1090 3439 (quod
1142 3363 1264 3423 stiunos.
1287 3360 1335 3420 De
1349 3360 1396 3420 bis
1417 3378 1489 3436 ergo
1512 3356 1603 3420 dicit:
1626 3358 1739 3420 Nonae
1757 3376 1769 3399 ’ἐ
1813 3359 1816 3362 ‘

396 3450 565 3512 aeoretioris
580 3442 779 3524 fnitconsilii)
803 3456 837 3509 nt
851 3447 1013 3527 Evangelii
1027 3446 1088 3507 iru·
1142 3457 1196 3523 tea,
1221 3445 1328 3528 opibus
1350 3447 1413 3508 euis
1433 3446 1546 3518 oonbsi,
1569 3463 1626 3507 vor
1641 3463 1705 3523 orep
1743 3486 1745 3489 -

396 3545 474 3599 etum
504 3547 599 3616 atque
629 3554 822 3614 progressum
853 3555 912 3595 non
942 3534 1091 3595 humente
1144 3543 1174 3596 et
1190 3535 1391 3615 pauperiores,
1415 3534 1466 3611 qui
1488 3533 1566 3593 inter
1581 3552 1637 3594 vos
1652 3539 1729 3606 eunt,

395 3624 549 3705 potentiae
570 3620 743 3703 praeeidiis,
770 3622 823 3682 eed
845 3623 950 3682 virtuti
973 3623 1090 3702 gratiae
1143 3622 1240 3683 debiti
1255 3620 1383 3699 alicujus
1406 3617 1444 3678 ed
1456 3617 1577 3699 judicis
1599 3637 1653 3680 eeu
1804 3620 1807 3625 ’

395 3712 493 3792 ipsine
531 3711 677 3770 eoiremue
717 3707 956 3769 adscribendum.
1002 3706 1091 3768 Unde
1144 3706 1291 3770 trahunt?
1314 3704 1478 3768 tribunalia
1502 3708 1579 3779 dieo,
1602 3725 1664 3767 nou
1799 3711 1801 3714 '

395 3797 511 3859 Paulus
537 3801 552 3856 l
578 3793 712 3856 Corinth.
739 3798 782 3854 1.:
818 3796 925 3857 Videte
947 3798 1091 3856 uacatio·
1144 3815 1213 3878 que,
1229 3793 1282 3856 sed
1295 3794 1430 3875 judicum
1443 3792 1619 3856 infidelium.
1635 3792 1715 3854 Nam
1767 3810 1775 3837 ··
1809 3858 1812 3861 ,

396 3903 467 3948 aem
491 3891 638 3959 vestram,
661 3883 791 3961 fratrer,
815 3886 892 3960 quia
914 3901 982 3944 moa
996 3882 1092 3943 multi
1145 3885 1210 3943 sire
1221 3902 1260 3943 ex
1271 3881 1400 3943 Judaei
1413 3882 1446 3942 iu
1457 3880 1648 3962 dieperaione
1664 3898 1712 3940 eo·

397 3974 557 4049 sapienter
571 3970 743 4031 seeundum
760 3988 898 4046 earnem,
916 3988 982 4032 aaa
998 3969 1092 4030 malti
1145 3971 1209 4031 sive
1225 3990 1261 4030 ex
1281 3967 1452 4049 gentilibue,
1476 3969 1530 4048 qui
1552 3986 1626 4027 eune
1648 3965 1791 4032 einim,
1807 4007 1811 4042 ,-

394 4067 550 4137 potentes,
574 4077 641 4120 aon
664 4057 758 4118 multi
779 4056 918 4134 aobiies;
941 4057 994 4117 sed
1010 4074 1092 4134 quoe
1145 4056 1290 4129 colebant,
1314 4058 1436 4135 propria
1458 4052 1626 4115 tribunalia
1640 4071 1725 4115 saar

399 4148 497 4207 atalia
511 4154 585 4207 suat
600 4145 724 4220 maadi,
743 4150 771 4203 et
786 4144 930 4221 infirma,
955 4151 984 4204 et
999 4148 1092 4220 ipno·
1146 4163 1301 4205 censerem
1321 4162 1379 4204 non
1401 4141 1568 4218 habebunt3
1592 4160 1630 4202 ae
1651 4137 1781 4222 prointh¹
1805 4186 1812 4197 ,

400 4233 477 4295 bilia
501 4233 618 4294 mundi
643 4239 673 4292 et
701 4233 969 4308 contemptibilia,
1002 4231 1094 4307 elepit
1146 4231 1287 4292 tabentur
1309 4231 1348 4291 ed
1365 4225 1483 4308 judiees
1499 4227 1647 4291 infideles.
1672 4221 1783 4309 Quadi

399 4322 495 4383 Deera.
518 4321 559 4381 Et
573 4318 726 4380 ooneludit
741 4317 796 4378 beo
811 4320 942 4380 ratione:
973 4320 1011 4379 Ut
1025 4336 1093 4379 aaa
1145 4317 1260 4380 Paulus
1272 4318 1361 4376 etiam
1373 4314 1547 4376 Corinthios
1559 4317 1698 4396 graviter
1729 4348 1750 4365 ι»
1798 4373 1800 4375 ,

398 4409 554 4485 otor-ieeur
577 4408 770 4468 omaieoaro
786 4408 1003 4482 incomperta
1019 4407 1092 4480 ejas.
1149 4402 1317 4466 lCoriutb.
1333 4404 1361 4463 6.
1394 4402 1453 4463 Por
1475 4400 1531 4463 hoe
1553 4411 1655 4464 antem
1681 4400 1777 4468 debat,
1804 4450 1809 4460 ,

443 4497 486 4558 Et
508 4494 655 4556 haereder
676 4495 785 4569 reperi,
806 4494 891 4570 qaod
913 4495 1095 4570 repromisit
1146 4491 1224 4553 male
1239 4489 1357 4552 audiret
1380 4487 1461 4569 apud
1480 4488 1620 4551 infideles
1638 4507 1743 4551 noman
1762 4496 1773 4529 t

399 4583 487 4645 Deae
501 4580 704 4658 dil-iaerrtibua
718 4581 773 4640 ae?
796 4579 864 4641 Hoo
880 4599 919 4643 ex
942 4580 1034 4660 priori
1048 4597 1093 4640 ee·
1147 4580 1295 4653 stianum3
1319 4575 1401 4657 quod
1424 4584 1454 4635 et
1476 4574 1592 4638 indicat
1607 4575 1725 4638 Paulus
1781 4591 1796 4635 ζ

400 4673 511 4751 quitur.
546 4670 607 4750 Qui
635 4669 713 4728 enim
741 4664 853 4728 divites
879 4675 949 4728 sunt
971 4667 1002 4726 in
1025 4664 1093 4739 fide,
1147 4666 1223 4726 loeo.
1245 4663 1304 4726 Sed
1320 4663 1576 4742 hioapertioribur
1589 4660 1751 4725 verhieid
1795 4732 1800 4735 ,

400 4756 490 4819 iidem
506 4765 575 4819 eunt
589 4754 837 4833 haeredesregui
853 4755 998 4825 eoelestia,
1014 4750 1095 4833 quod
1148 4750 1584 4831 aJaoobosigniioaturineo,
1598 4749 1683 4832 quod
1795 4743 1798 4750 ’

400 4844 486 4907 Dens
513 4843 649 4925 promitit
671 4843 702 4903 iu
729 4841 826 4921 ipsum
854 4839 1042 4902 erodentibus
1067 4846 1097 4901 et
1193 4841 1220 4900 7.
1251 4840 1367 4900 Nouae
1393 4839 1454 4914 ipsi
1480 4836 1704 4916 blasphemaret
1733 4866 1737 4879 ¹
1801 4891 1803 4898 .

400 4932 596 5014 sperantibus,
620 4930 778 5010 ipsumque
797 4925 1003 5008 diligentibus.
1026 4926 1095 4987 Nou
1149 4943 1276 5001 nornen,
1293 4925 1379 5003 qaod
1393 4926 1579 4987 invocatum
1597 4931 1643 4988 ert
1656 4939 1749 5003 rrrpae
1794 4979 1800 4995 .,

401 5026 502 5082 umen
517 5017 609 5081 dixit:
632 5013 1020 5091 matemautensem:
1045 5014 1096 5073 cii·
1149 5013 1218 5075 Non
1244 5014 1333 5074 aendt
1358 5013 1480 5093 proprie
1504 5010 1710 5095 blasphmoa
1733 5005 1761 5072 id
1787 5066 1791 5069 .
