<?xml version="1.0" encoding="UTF-8"?>
<!DOCTYPE html PUBLIC "-//W3C//DTD XHTML 1.0 Transitional//EN"
    "http://www.w3.org/TR/xhtml1/DTD/xhtml1-transitional.dtd">
<html xmlns="http://www.w3.org/1999/xhtml" xml:lang="en" lang="en">
 <head>
  <title>
</title>
<meta http-equiv="Content-Type" content="text/html;charset=utf-8" />
  <meta name='ocr-system' content='tesseract 3.04.00' />
  <meta name='ocr-capabilities' content='ocr_page ocr_carea ocr_par ocr_line ocrx_word'/>
</head>
<body>
  <div class='ocr_page' id='page_1' title='image "./guilielmiestiii01estigoog_0722.png"; bbox 0 0 4442 5825; ppageno 0'>
   <div class='ocr_carea' id='block_1_1' title="bbox 388 589 1297 666">
    <p class='ocr_par' dir='ltr' id='par_1_1' title="bbox 388 589 1297 666">
     <span class='ocr_line' id='line_1_1' title="bbox 388 589 1297 666; baseline -0.015 -9"><span class='ocrx_word' id='word_1_1' title='bbox 388 601 461 666; x_wconf 73' lang='grc'><strong>712</strong></span> <span class='ocrx_word' id='word_1_2' title='bbox 875 589 1109 644; x_wconf 70' lang='lat' dir='ltr'><strong>COMMENTARIUS</strong></span> <span class='ocrx_word' id='word_1_3' title='bbox 1127 590 1158 643; x_wconf 80' lang='lat' dir='ltr'><strong>ili</strong></span> <span class='ocrx_word' id='word_1_4' title='bbox 1175 590 1242 643; x_wconf 76' lang='lat' dir='ltr'><strong>CAP.</strong></span> <span class='ocrx_word' id='word_1_5' title='bbox 1259 589 1297 643; x_wconf 90' lang='lat' dir='ltr'><strong>lll.</strong></span> 
     </span>
    </p>
   </div>
   <div class='ocr_carea' id='block_1_2' title="bbox 386 764 1841 5113">
    <p class='ocr_par' dir='ltr' id='par_1_2' title="bbox 386 764 1831 1281">
     <span class='ocr_line' id='line_1_2' title="bbox 386 764 1829 846; baseline -0.003 -17"><span class='ocrx_word' id='word_1_6' title='bbox 386 769 454 829; x_wconf 81' lang='lat' dir='ltr'><strong>dect</strong></span> <span class='ocrx_word' id='word_1_7' title='bbox 468 767 532 827; x_wconf 82' lang='lat' dir='ltr'><strong>illie</strong></span> <span class='ocrx_word' id='word_1_8' title='bbox 546 766 685 826; x_wconf 76' lang='lat' dir='ltr'><strong>nomen?</strong></span> <span class='ocrx_word' id='word_1_9' title='bbox 707 765 772 825; x_wconf 88' lang='lat' dir='ltr'><strong>Nec</strong></span> <span class='ocrx_word' id='word_1_10' title='bbox 796 765 891 845; x_wconf 85' lang='lat' dir='ltr'><strong>Syrus</strong></span> <span class='ocrx_word' id='word_1_11' title='bbox 915 765 1080 846; x_wconf 87' lang='lat' dir='ltr'><strong>paraphra·</strong></span> <span class='ocrx_word' id='word_1_12' title='bbox 1133 773 1231 827; x_wconf 79' lang='lat' dir='ltr'><strong>sortes</strong></span> <span class='ocrx_word' id='word_1_13' title='bbox 1245 773 1396 839; x_wconf 79' lang='lat' dir='ltr'><strong>naturae,</strong></span> <span class='ocrx_word' id='word_1_14' title='bbox 1420 768 1438 825; x_wconf 80' lang='lat'>2</span> <span class='ocrx_word' id='word_1_15' title='bbox 1455 765 1523 826; x_wconf 79' lang='lat' dir='ltr'><strong>Pet.</strong></span> <span class='ocrx_word' id='word_1_16' title='bbox 1543 770 1571 825; x_wconf 88' lang='lat'><strong>1.</strong></span> <span class='ocrx_word' id='word_1_17' title='bbox 1597 764 1675 826; x_wconf 77' lang='lat' dir='ltr'><strong>Jem</strong></span> <span class='ocrx_word' id='word_1_18' title='bbox 1691 765 1717 824; x_wconf 88' lang='lat' dir='ltr'><strong>si</strong></span> <span class='ocrx_word' id='word_1_19' title='bbox 1732 766 1774 825; x_wconf 83' lang='lat' dir='ltr'><strong>ita</strong></span> <span class='ocrx_word' id='word_1_20' title='bbox 1785 764 1829 824; x_wconf 82' lang='lat' dir='ltr'><strong>ili</strong></span> 
     </span>
     <span class='ocr_line' id='line_1_3' title="bbox 387 852 1829 934; baseline -0.001 -20"><span class='ocrx_word' id='word_1_21' title='bbox 387 863 448 915; x_wconf 90' lang='lat' dir='ltr'><strong>stes</strong></span> <span class='ocrx_word' id='word_1_22' title='bbox 474 853 682 934; x_wconf 79' lang='lat' dir='ltr'><strong>praetermisit.</strong></span> <span class='ocrx_word' id='word_1_23' title='bbox 722 852 773 913; x_wconf 89' lang='lat' dir='ltr'><strong>Sic</strong></span> <span class='ocrx_word' id='word_1_24' title='bbox 800 855 877 912; x_wconf 89' lang='lat' dir='ltr'><strong>enim</strong></span> <span class='ocrx_word' id='word_1_25' title='bbox 904 853 1012 914; x_wconf 89' lang='lat' dir='ltr'><strong>habet:</strong></span> <span class='ocrx_word' id='word_1_26' title='bbox 1038 854 1082 914; x_wconf 85' lang='lat' dir='ltr'><strong>Et</strong></span> <span class='ocrx_word' id='word_1_27' title='bbox 1133 853 1194 913; x_wconf 88' lang='lat' dir='ltr'><strong>Dei</strong></span> <span class='ocrx_word' id='word_1_28' title='bbox 1209 854 1398 914; x_wconf 80' lang='lat' dir='ltr'><strong>nominamur</strong></span> <span class='ocrx_word' id='word_1_29' title='bbox 1420 872 1456 912; x_wconf 90' lang='lat' dir='ltr'><strong>ac</strong></span> <span class='ocrx_word' id='word_1_30' title='bbox 1478 861 1672 933; x_wconf 82' lang='lat' dir='ltr'><strong>reputamur,</strong></span> <span class='ocrx_word' id='word_1_31' title='bbox 1697 859 1730 909; x_wconf 86' lang='lat' dir='ltr'><strong>ut</strong></span> <span class='ocrx_word' id='word_1_32' title='bbox 1752 861 1779 912; x_wconf 89' lang='lat' dir='ltr'><strong>et</strong></span> <span class='ocrx_word' id='word_1_33' title='bbox 1800 854 1829 913; x_wconf 75' lang='lat' dir='ltr'><strong>ei</strong></span> 
     </span>
     <span class='ocr_line' id='line_1_4' title="bbox 387 939 1831 1021; baseline -0.003 -19"><span class='ocrx_word' id='word_1_34' title='bbox 387 942 500 1016; x_wconf 82' lang='lat' dir='ltr'><strong>videte,</strong></span> <span class='ocrx_word' id='word_1_35' title='bbox 523 958 619 1017; x_wconf 84' lang='lat' dir='ltr'><strong>quom</strong></span> <span class='ocrx_word' id='word_1_36' title='bbox 643 958 763 1016; x_wconf 70' lang='lat' dir='ltr'><strong>magno</strong></span> <span class='ocrx_word' id='word_1_37' title='bbox 783 947 826 1001; x_wconf 86' lang='lat' dir='ltr'><strong>cal</strong></span> <span class='ocrx_word' id='word_1_38' title='bbox 841 941 960 1001; x_wconf 83' lang='lat' dir='ltr'><strong>coritas</strong></span> <span class='ocrx_word' id='word_1_39' title='bbox 974 941 1083 1000; x_wconf 83' lang='lat' dir='ltr'><strong>Patria</strong></span> <span class='ocrx_word' id='word_1_40' title='bbox 1134 959 1200 999; x_wconf 87' lang='lat' dir='ltr'><strong>mne</strong></span> <span class='ocrx_word' id='word_1_41' title='bbox 1216 941 1274 1000; x_wconf 89' lang='lat' dir='ltr'><strong>Dei</strong></span> <span class='ocrx_word' id='word_1_42' title='bbox 1289 939 1359 998; x_wconf 88' lang='lat' dir='ltr'><strong>tilii:</strong></span> <span class='ocrx_word' id='word_1_43' title='bbox 1383 959 1575 1021; x_wconf 86' lang='lat' dir='ltr'><strong>consequens</strong></span> <span class='ocrx_word' id='word_1_44' title='bbox 1601 939 1697 999; x_wconf 82' lang='lat' dir='ltr'><strong>etiam</strong></span> <span class='ocrx_word' id='word_1_45' title='bbox 1714 946 1767 1010; x_wconf 75' lang='lat' dir='ltr'><strong>eet</strong></span> <span class='ocrx_word' id='word_1_46' title='bbox 1787 957 1831 998; x_wconf 86' lang='lat' dir='ltr'><strong>nos</strong></span> 
     </span>
     <span class='ocr_line' id='line_1_5' title="bbox 389 1025 1830 1106; baseline -0.002 -17"><span class='ocrx_word' id='word_1_47' title='bbox 389 1046 465 1105; x_wconf 76' lang='lat' dir='ltr'><strong>erpa</strong></span> <span class='ocrx_word' id='word_1_48' title='bbox 479 1045 548 1101; x_wconf 84' lang='lat' dir='ltr'><strong>noa,</strong></span> <span class='ocrx_word' id='word_1_49' title='bbox 570 1030 625 1103; x_wconf 83' lang='lat' dir='ltr'><strong>qai</strong></span> <span class='ocrx_word' id='word_1_50' title='bbox 647 1025 730 1103; x_wconf 75' lang='lat' dir='ltr'><strong>tilios</strong></span> <span class='ocrx_word' id='word_1_51' title='bbox 753 1029 879 1088; x_wconf 43' lang='lat' dir='ltr'><strong>&#39;vocavit</strong></span> <span class='ocrx_word' id='word_1_52' title='bbox 894 1046 962 1101; x_wconf 80' lang='lat' dir='ltr'><strong>nos,</strong></span> <span class='ocrx_word' id='word_1_53' title='bbox 987 1030 1082 1086; x_wconf 83' lang='lat' dir='ltr'><strong>ctiam</strong></span> <span class='ocrx_word' id='word_1_54' title='bbox 1135 1028 1178 1086; x_wconf 91' lang='lat' dir='ltr'><strong>ita</strong></span> <span class='ocrx_word' id='word_1_55' title='bbox 1193 1026 1339 1087; x_wconf 89' lang='lat' dir='ltr'><strong>nominari</strong></span> <span class='ocrx_word' id='word_1_56' title='bbox 1365 1035 1395 1085; x_wconf 92' lang='lat' dir='ltr'><strong>et</strong></span> <span class='ocrx_word' id='word_1_57' title='bbox 1409 1028 1543 1106; x_wconf 81' lang='lat' dir='ltr'><strong>reputari</strong></span> <span class='ocrx_word' id='word_1_58' title='bbox 1564 1027 1683 1106; x_wconf 84' lang='lat' dir='ltr'><strong>justos,</strong></span> <span class='ocrx_word' id='word_1_59' title='bbox 1708 1033 1742 1084; x_wconf 87' lang='lat' dir='ltr'><strong>nt</strong></span> <span class='ocrx_word' id='word_1_60' title='bbox 1757 1034 1830 1086; x_wconf 83' lang='lat' dir='ltr'><strong>atre</strong></span> 
     </span>
     <span class='ocr_line' id='line_1_6' title="bbox 386 1112 1831 1197; baseline -0.002 -21"><span class='ocrx_word' id='word_1_61' title='bbox 386 1117 464 1197; x_wconf 76' lang='lat' dir='ltr'><strong>{ecit</strong></span> <span class='ocrx_word' id='word_1_62' title='bbox 484 1132 551 1176; x_wconf 75' lang='lat' dir='ltr'><strong>nos.</strong></span> <span class='ocrx_word' id='word_1_63' title='bbox 585 1113 679 1175; x_wconf 88' lang='lat' dir='ltr'><strong>Porro</strong></span> <span class='ocrx_word' id='word_1_64' title='bbox 703 1115 892 1175; x_wconf 79' lang='lat' dir='ltr'><strong>commendat</strong></span> <span class='ocrx_word' id='word_1_65' title='bbox 917 1113 1083 1194; x_wconf 78' lang='lat' dir='ltr'>Apostolus</span> <span class='ocrx_word' id='word_1_66' title='bbox 1135 1133 1206 1173; x_wconf 81' lang='lat' dir='ltr'><strong>vera</strong></span> <span class='ocrx_word' id='word_1_67' title='bbox 1224 1114 1301 1192; x_wconf 88' lang='lat' dir='ltr'><strong>justi</strong></span> <span class='ocrx_word' id='word_1_68' title='bbox 1324 1115 1425 1183; x_wconf 84' lang='lat' dir='ltr'><strong>simne,</strong></span> <span class='ocrx_word' id='word_1_69' title='bbox 1450 1134 1563 1174; x_wconf 86' lang='lat' dir='ltr'><strong>acuon</strong></span> <span class='ocrx_word' id='word_1_70' title='bbox 1588 1112 1692 1173; x_wconf 88' lang='lat' dir='ltr'><strong>solum</strong></span> <span class='ocrx_word' id='word_1_71' title='bbox 1717 1114 1831 1193; x_wconf 84' lang='lat' dir='ltr'><strong>imputa·</strong></span> 
     </span>
     <span class='ocr_line' id='line_1_7' title="bbox 388 1199 1575 1281; baseline -0.003 -19"><span class='ocrx_word' id='word_1_72' title='bbox 388 1202 438 1264; x_wconf 86' lang='lat' dir='ltr'><strong>his</strong></span> <span class='ocrx_word' id='word_1_73' title='bbox 452 1201 555 1263; x_wconf 86' lang='lat' dir='ltr'><strong>verbis</strong></span> <span class='ocrx_word' id='word_1_74' title='bbox 570 1221 709 1279; x_wconf 86' lang='lat' dir='ltr'><strong>magnum</strong></span> <span class='ocrx_word' id='word_1_75' title='bbox 727 1200 804 1262; x_wconf 90' lang='lat' dir='ltr'><strong>illud</strong></span> <span class='ocrx_word' id='word_1_76' title='bbox 818 1201 878 1260; x_wconf 90' lang='lat' dir='ltr'><strong>Dei</strong></span> <span class='ocrx_word' id='word_1_77' title='bbox 895 1200 1083 1274; x_wconf 83' lang='lat' dir='ltr'><strong>beneficium,</strong></span> <span class='ocrx_word' id='word_1_78' title='bbox 1134 1201 1203 1272; x_wconf 85' lang='lat' dir='ltr'><strong>live,</strong></span> <span class='ocrx_word' id='word_1_79' title='bbox 1227 1202 1308 1281; x_wconf 86' lang='lat' dir='ltr'><strong>quod</strong></span> <span class='ocrx_word' id='word_1_80' title='bbox 1325 1199 1429 1260; x_wconf 83' lang='lat' dir='ltr'><strong>volunt</strong></span> <span class='ocrx_word' id='word_1_81' title='bbox 1444 1200 1575 1260; x_wconf 85' lang='lat' dir='ltr'><strong>sectarii.</strong></span> 
     </span>
    </p>

    <p class='ocr_par' dir='ltr' id='par_1_3' title="bbox 391 1286 1836 3280">
     <span class='ocr_line' id='line_1_8' title="bbox 391 1286 1832 1368; baseline -0.003 -18"><span class='ocrx_word' id='word_1_82' title='bbox 391 1289 429 1350; x_wconf 92' lang='lat' dir='ltr'><strong>de</strong></span> <span class='ocrx_word' id='word_1_83' title='bbox 445 1308 505 1367; x_wconf 90' lang='lat' dir='ltr'><strong>qno</strong></span> <span class='ocrx_word' id='word_1_84' title='bbox 522 1286 638 1349; x_wconf 84' lang='lat' dir='ltr'><strong>dixerat</strong></span> <span class='ocrx_word' id='word_1_85' title='bbox 660 1289 807 1368; x_wconf 85' lang='lat' dir='ltr'><strong>proxime:</strong></span> <span class='ocrx_word' id='word_1_86' title='bbox 832 1289 883 1349; x_wconf 78' lang='lat' dir='ltr'><strong>Ec</strong></span> <span class='ocrx_word' id='word_1_87' title='bbox 904 1291 972 1364; x_wconf 81' lang='lat' dir='ltr'><strong>ipro</strong></span> <span class='ocrx_word' id='word_1_88' title='bbox 988 1295 1084 1348; x_wconf 80' lang='lat' dir='ltr'><strong>aolus</strong></span> <span class='ocrx_word' id='word_1_89' title='bbox 1179 1288 1317 1364; x_wconf 79' lang='lat' dir='ltr'><strong>Propter</strong></span> <span class='ocrx_word' id='word_1_90' title='bbox 1340 1287 1551 1349; x_wconf 70' lang='lat' dir='ltr'><strong>tormentae</strong></span> <span class='ocrx_word' id='word_1_91' title='bbox 1576 1304 1650 1348; x_wconf 79' lang='lat' dir='ltr'><strong>nort</strong></span> <span class='ocrx_word' id='word_1_92' title='bbox 1667 1288 1832 1359; x_wconf 71' lang='lat' dir='ltr'><strong>nocitum,</strong></span> 
     </span>
     <span class='ocr_line' id='line_1_9' title="bbox 394 1372 1833 1454; baseline -0.003 -17"><span class='ocrx_word' id='word_1_93' title='bbox 394 1382 457 1454; x_wconf 84' lang='lat' dir='ltr'><strong>cet,·</strong></span> <span class='ocrx_word' id='word_1_94' title='bbox 473 1374 711 1454; x_wconf 86' lang='lat' dir='ltr'><strong>utintelligatur,</strong></span> <span class='ocrx_word' id='word_1_95' title='bbox 727 1375 818 1454; x_wconf 88' lang='lat' dir='ltr'><strong>quale</strong></span> <span class='ocrx_word' id='word_1_96' title='bbox 834 1384 863 1434; x_wconf 92' lang='lat' dir='ltr'><strong>et</strong></span> <span class='ocrx_word' id='word_1_97' title='bbox 878 1375 1083 1453; x_wconf 85' lang='lat' dir='ltr'><strong>qnantumeit.</strong></span> <span class='ocrx_word' id='word_1_98' title='bbox 1137 1377 1213 1452; x_wconf 79' lang='lat' dir='ltr'><strong>quia</strong></span> <span class='ocrx_word' id='word_1_99' title='bbox 1234 1394 1302 1438; x_wconf 79' lang='lat' dir='ltr'><strong>non</strong></span> <span class='ocrx_word' id='word_1_100' title='bbox 1324 1376 1415 1436; x_wconf 80' lang='lat' dir='ltr'><strong>novit</strong></span> <span class='ocrx_word' id='word_1_101' title='bbox 1436 1376 1531 1436; x_wconf 81' lang='lat' dir='ltr'><strong>Eam.</strong></span> <span class='ocrx_word' id='word_1_102' title='bbox 1554 1373 1595 1434; x_wconf 94' lang='lat' dir='ltr'><strong>In</strong></span> <span class='ocrx_word' id='word_1_103' title='bbox 1622 1372 1752 1436; x_wconf 75' lang='lat' dir='ltr'><strong>Graecia</strong></span> <span class='ocrx_word' id='word_1_104' title='bbox 1773 1392 1833 1433; x_wconf 87' lang='lat' dir='ltr'><strong>non·</strong></span> 
     </span>
     <span class='ocr_line' id='line_1_10' title="bbox 392 1460 1834 1540; baseline -0.002 -18"><span class='ocrx_word' id='word_1_105' title='bbox 392 1462 473 1522; x_wconf 88' lang='lat' dir='ltr'><strong>Nam</strong></span> <span class='ocrx_word' id='word_1_106' title='bbox 489 1480 527 1522; x_wconf 79' lang='lat' dir='ltr'><strong>ex</strong></span> <span class='ocrx_word' id='word_1_107' title='bbox 539 1463 606 1522; x_wconf 83' lang='lat' dir='ltr'><strong>Deo</strong></span> <span class='ocrx_word' id='word_1_108' title='bbox 622 1467 733 1523; x_wconf 76' lang='lat' dir='ltr'><strong>natum</strong></span> <span class='ocrx_word' id='word_1_109' title='bbox 748 1481 819 1539; x_wconf 82' lang='lat' dir='ltr'><strong>case,</strong></span> <span class='ocrx_word' id='word_1_110' title='bbox 836 1470 890 1534; x_wconf 74' lang='lat' dir='ltr'><strong>est,</strong></span> <span class='ocrx_word' id='word_1_111' title='bbox 907 1479 968 1522; x_wconf 83' lang='lat' dir='ltr'><strong>ease</strong></span> <span class='ocrx_word' id='word_1_112' title='bbox 981 1463 1084 1539; x_wconf 75' lang='lat' dir='ltr'><strong>fllium</strong></span> <span class='ocrx_word' id='word_1_113' title='bbox 1137 1460 1228 1522; x_wconf 89' lang='lat' dir='ltr'><strong>nuliis</strong></span> <span class='ocrx_word' id='word_1_114' title='bbox 1247 1462 1359 1540; x_wconf 86' lang='lat' dir='ltr'><strong>legitur</strong></span> <span class='ocrx_word' id='word_1_115' title='bbox 1373 1461 1508 1522; x_wconf 85' lang='lat' dir='ltr'><strong>secunda</strong></span> <span class='ocrx_word' id='word_1_116' title='bbox 1524 1480 1679 1540; x_wconf 87' lang='lat' dir='ltr'><strong>persona:</strong></span> <span class='ocrx_word' id='word_1_117' title='bbox 1705 1478 1771 1521; x_wconf 80' lang='lat' dir='ltr'><strong>noa</strong></span> <span class='ocrx_word' id='word_1_118' title='bbox 1784 1478 1834 1520; x_wconf 80' lang='lat' dir='ltr'><strong>no-</strong></span> 
     </span>
     <span class='ocr_line' id='line_1_11' title="bbox 391 1547 1834 1629; baseline -0.004 -18"><span class='ocrx_word' id='word_1_119' title='bbox 391 1550 462 1611; x_wconf 83' lang='lat' dir='ltr'><strong>Dei.</strong></span> <span class='ocrx_word' id='word_1_120' title='bbox 500 1549 593 1607; x_wconf 84' lang='lat' dir='ltr'><strong>Dico:</strong></span> <span class='ocrx_word' id='word_1_121' title='bbox 622 1551 722 1628; x_wconf 82' lang='lat' dir='ltr'><strong>Quale</strong></span> <span class='ocrx_word' id='word_1_122' title='bbox 750 1557 779 1609; x_wconf 86' lang='lat' dir='ltr'><strong>ct</strong></span> <span class='ocrx_word' id='word_1_123' title='bbox 804 1556 968 1627; x_wconf 82' lang='lat' dir='ltr'><strong>quantum.</strong></span> <span class='ocrx_word' id='word_1_124' title='bbox 1006 1548 1084 1607; x_wconf 89' lang='lat' dir='ltr'><strong>Nam</strong></span> <span class='ocrx_word' id='word_1_125' title='bbox 1138 1549 1185 1609; x_wconf 89' lang='lat' dir='ltr'><strong>vit</strong></span> <span class='ocrx_word' id='word_1_126' title='bbox 1201 1566 1264 1609; x_wconf 85' lang='lat' dir='ltr'><strong>ooe.</strong></span> <span class='ocrx_word' id='word_1_127' title='bbox 1280 1547 1322 1606; x_wconf 82' lang='lat' dir='ltr'><strong>At</strong></span> <span class='ocrx_word' id='word_1_128' title='bbox 1339 1550 1464 1627; x_wconf 89' lang='lat' dir='ltr'><strong>primam</strong></span> <span class='ocrx_word' id='word_1_129' title='bbox 1479 1567 1643 1629; x_wconf 86' lang='lat' dir='ltr'><strong>personam</strong></span> <span class='ocrx_word' id='word_1_130' title='bbox 1662 1547 1771 1626; x_wconf 87' lang='lat' dir='ltr'><strong>legunt</strong></span> <span class='ocrx_word' id='word_1_131' title='bbox 1785 1547 1834 1627; x_wconf 88' lang='lat' dir='ltr'><strong>pie·</strong></span> 
     </span>
     <span class='ocr_line' id='line_1_12' title="bbox 392 1627 1833 1716; baseline -0.003 -19"><span class='ocrx_word' id='word_1_132' title='bbox 392 1635 512 1697; x_wconf 87' lang='lat' dir='ltr'><strong>Graeca</strong></span> <span class='ocrx_word' id='word_1_133' title='bbox 541 1632 630 1695; x_wconf 91' lang='lat' dir='ltr'><strong>dictio</strong></span> <span class='ocrx_word' id='word_1_134' title='bbox 657 1629 795 1714; x_wconf 71' lang='grc' dir='ltr'><strong>ποταπὴν</strong></span> <span class='ocrx_word' id='word_1_135' title='bbox 828 1635 970 1695; x_wconf 86' lang='lat' dir='ltr'><strong>utrolibet</strong></span> <span class='ocrx_word' id='word_1_136' title='bbox 997 1627 1086 1695; x_wconf 91' lang='lat' dir='ltr'><strong>modo</strong></span> <span class='ocrx_word' id='word_1_137' title='bbox 1137 1635 1223 1716; x_wconf 86' lang='lat' dir='ltr'><strong>rique</strong></span> <span class='ocrx_word' id='word_1_138' title='bbox 1247 1632 1365 1695; x_wconf 90' lang='lat' dir='ltr'><strong>codices</strong></span> <span class='ocrx_word' id='word_1_139' title='bbox 1385 1633 1503 1709; x_wconf 86' lang='lat' dir='ltr'><strong>Graeci,</strong></span> <span class='ocrx_word' id='word_1_140' title='bbox 1527 1643 1563 1694; x_wconf 89' lang='lat' dir='ltr'><strong>ut</strong></span> <span class='ocrx_word' id='word_1_141' title='bbox 1587 1634 1684 1695; x_wconf 90' lang='lat' dir='ltr'><strong>etiam</strong></span> <span class='ocrx_word' id='word_1_142' title='bbox 1703 1634 1833 1712; x_wconf 82' lang='lat' dir='ltr'><strong>Augusti·</strong></span> 
     </span>
     <span class='ocr_line' id='line_1_13' title="bbox 393 1721 1836 1802; baseline -0.003 -18"><span class='ocrx_word' id='word_1_143' title='bbox 393 1725 467 1784; x_wconf 82' lang='lat' dir='ltr'><strong>verti</strong></span> <span class='ocrx_word' id='word_1_144' title='bbox 490 1730 605 1801; x_wconf 89' lang='lat' dir='ltr'><strong>potest:</strong></span> <span class='ocrx_word' id='word_1_145' title='bbox 629 1725 754 1800; x_wconf 78' lang='lat' dir='ltr'><strong>qualem</strong></span> <span class='ocrx_word' id='word_1_146' title='bbox 778 1732 809 1784; x_wconf 90' lang='lat' dir='ltr'><strong>et</strong></span> <span class='ocrx_word' id='word_1_147' title='bbox 830 1730 985 1799; x_wconf 76' lang='lat' dir='ltr'><strong>quantam</strong></span> <span class='ocrx_word' id='word_1_148' title='bbox 1002 1724 1087 1781; x_wconf 79' lang='lat' dir='ltr'><strong>cari·</strong></span> <span class='ocrx_word' id='word_1_149' title='bbox 1139 1742 1195 1781; x_wconf 92' lang='lat' dir='ltr'><strong>nus</strong></span> <span class='ocrx_word' id='word_1_150' title='bbox 1212 1730 1243 1783; x_wconf 89' lang='lat' dir='ltr'><strong>et</strong></span> <span class='ocrx_word' id='word_1_151' title='bbox 1257 1721 1352 1801; x_wconf 84' lang='lat' dir='ltr'><strong>Syme</strong></span> <span class='ocrx_word' id='word_1_152' title='bbox 1366 1723 1529 1802; x_wconf 80' lang='lat' dir='ltr'><strong>interpree3</strong></span> <span class='ocrx_word' id='word_1_153' title='bbox 1552 1731 1586 1781; x_wconf 91' lang='lat' dir='ltr'><strong>et</strong></span> <span class='ocrx_word' id='word_1_154' title='bbox 1602 1728 1769 1783; x_wconf 78' lang='lat' dir='ltr'><strong>contextae</strong></span> <span class='ocrx_word' id='word_1_155' title='bbox 1782 1723 1836 1798; x_wconf 79' lang='lat' dir='ltr'><strong>ipss</strong></span> 
     </span>
     <span class='ocr_line' id='line_1_14' title="bbox 394 1807 1835 1890; baseline -0.003 -20"><span class='ocrx_word' id='word_1_156' title='bbox 394 1817 500 1871; x_wconf 81' lang='lat' dir='ltr'><strong>tatem.</strong></span> <span class='ocrx_word' id='word_1_157' title='bbox 515 1810 630 1890; x_wconf 85' lang='lat' dir='ltr'><strong>Estque</strong></span> <span class='ocrx_word' id='word_1_158' title='bbox 643 1829 766 1871; x_wconf 87' lang='lat' dir='ltr'><strong>sensus:</strong></span> <span class='ocrx_word' id='word_1_159' title='bbox 779 1810 879 1871; x_wconf 83' lang='lat' dir='ltr'><strong>Etiam</strong></span> <span class='ocrx_word' id='word_1_160' title='bbox 893 1819 986 1888; x_wconf 87' lang='lat' dir='ltr'><strong>atque</strong></span> <span class='ocrx_word' id='word_1_161' title='bbox 998 1811 1087 1868; x_wconf 89' lang='lat' dir='ltr'><strong>etiam</strong></span> <span class='ocrx_word' id='word_1_162' title='bbox 1140 1829 1205 1869; x_wconf 89' lang='lat' dir='ltr'><strong>eam</strong></span> <span class='ocrx_word' id='word_1_163' title='bbox 1222 1810 1355 1889; x_wconf 83' lang='lat' dir='ltr'><strong>requirit.</strong></span> <span class='ocrx_word' id='word_1_164' title='bbox 1387 1807 1530 1870; x_wconf 80' lang='lat' dir='ltr'><strong>Continet</strong></span> <span class='ocrx_word' id='word_1_165' title='bbox 1551 1816 1661 1870; x_wconf 88' lang='lat' dir='ltr'><strong>antem</strong></span> <span class='ocrx_word' id='word_1_166' title='bbox 1682 1807 1758 1868; x_wconf 83' lang='lat' dir='ltr'><strong>haec</strong></span> <span class='ocrx_word' id='word_1_167' title='bbox 1777 1826 1835 1886; x_wconf 83' lang='lat' dir='ltr'><strong>pere</strong></span> 
     </span>
     <span class='ocr_line' id='line_1_15' title="bbox 395 1892 1833 1976; baseline -0.003 -19"><span class='ocrx_word' id='word_1_168' title='bbox 395 1898 534 1976; x_wconf 89' lang='lat' dir='ltr'><strong>cogitate,</strong></span> <span class='ocrx_word' id='word_1_169' title='bbox 558 1904 699 1976; x_wconf 87' lang='lat' dir='ltr'><strong>quantam</strong></span> <span class='ocrx_word' id='word_1_170' title='bbox 722 1898 875 1957; x_wconf 88' lang='lat' dir='ltr'><strong>caritatem</strong></span> <span class='ocrx_word' id='word_1_171' title='bbox 897 1897 982 1956; x_wconf 91' lang='lat' dir='ltr'><strong>nobis</strong></span> <span class='ocrx_word' id='word_1_172' title='bbox 1004 1896 1087 1956; x_wconf 92' lang='lat' dir='ltr'><strong>exhi·</strong></span> <span class='ocrx_word' id='word_1_173' title='bbox 1140 1898 1261 1956; x_wconf 86' lang='lat' dir='ltr'><strong>tacitam</strong></span> <span class='ocrx_word' id='word_1_174' title='bbox 1278 1895 1512 1956; x_wconf 78' lang='lat' dir='ltr'><strong>consolationem</strong></span> <span class='ocrx_word' id='word_1_175' title='bbox 1528 1895 1690 1972; x_wconf 76' lang='lat' dir='ltr'><strong>fidelinm3</strong></span> <span class='ocrx_word' id='word_1_176' title='bbox 1714 1915 1751 1955; x_wconf 84' lang='lat' dir='ltr'><strong>ac</strong></span> <span class='ocrx_word' id='word_1_177' title='bbox 1764 1892 1833 1954; x_wconf 87' lang='lat' dir='ltr'><strong>eidi·</strong></span> 
     </span>
     <span class='ocr_line' id='line_1_16' title="bbox 395 1980 1833 2062; baseline -0.005 -16"><span class='ocrx_word' id='word_1_178' title='bbox 395 1983 503 2055; x_wconf 83' lang='lat' dir='ltr'><strong>buerit,</strong></span> <span class='ocrx_word' id='word_1_179' title='bbox 527 1991 700 2062; x_wconf 88' lang='lat' dir='ltr'><strong>quantoque</strong></span> <span class='ocrx_word' id='word_1_180' title='bbox 719 1982 864 2043; x_wconf 88' lang='lat' dir='ltr'><strong>beneficio</strong></span> <span class='ocrx_word' id='word_1_181' title='bbox 880 2004 934 2043; x_wconf 89' lang='lat' dir='ltr'><strong>nos</strong></span> <span class='ocrx_word' id='word_1_182' title='bbox 957 1983 1089 2042; x_wconf 81' lang='lat' dir='ltr'><strong>affecerit</strong></span> <span class='ocrx_word' id='word_1_183' title='bbox 1141 1990 1235 2044; x_wconf 89' lang='lat' dir='ltr'><strong>ceret:</strong></span> <span class='ocrx_word' id='word_1_184' title='bbox 1259 1980 1329 2041; x_wconf 86' lang='lat' dir='ltr'><strong>Non</strong></span> <span class='ocrx_word' id='word_1_185' title='bbox 1349 1984 1468 2061; x_wconf 88' lang='lat' dir='ltr'><strong>mirum,</strong></span> <span class='ocrx_word' id='word_1_186' title='bbox 1491 1984 1518 2042; x_wconf 91' lang='lat' dir='ltr'><strong>ei</strong></span> <span class='ocrx_word' id='word_1_187' title='bbox 1542 1981 1662 2044; x_wconf 88' lang='lat' dir='ltr'><strong>mundo</strong></span> <span class='ocrx_word' id='word_1_188' title='bbox 1679 1982 1833 2042; x_wconf 74' lang='lat' dir='ltr'><strong>nondinae</strong></span> 
     </span>
     <span class='ocr_line' id='line_1_17' title="bbox 397 2067 1833 2150; baseline -0.004 -19"><span class='ocrx_word' id='word_1_189' title='bbox 397 2071 491 2131; x_wconf 83' lang='lat' dir='ltr'><strong>Pater·</strong></span> <span class='ocrx_word' id='word_1_190' title='bbox 506 2069 653 2143; x_wconf 86' lang='lat' dir='ltr'><strong>coelestis,</strong></span> <span class='ocrx_word' id='word_1_191' title='bbox 676 2077 712 2130; x_wconf 78' lang='lat' dir='ltr'><strong>nt</strong></span> <span class='ocrx_word' id='word_1_192' title='bbox 726 2069 786 2147; x_wconf 77' lang='lat' dir='ltr'><strong>{ilii</strong></span> <span class='ocrx_word' id='word_1_193' title='bbox 801 2071 906 2149; x_wconf 86' lang='lat' dir='ltr'><strong>ipsius,</strong></span> <span class='ocrx_word' id='word_1_194' title='bbox 929 2068 959 2130; x_wconf 93' lang='lat' dir='ltr'><strong>id</strong></span> <span class='ocrx_word' id='word_1_195' title='bbox 975 2079 1020 2129; x_wconf 90' lang='lat' dir='ltr'><strong>est</strong></span> <span class='ocrx_word' id='word_1_196' title='bbox 1036 2069 1090 2129; x_wconf 90' lang='lat' dir='ltr'><strong>filii</strong></span> <span class='ocrx_word' id='word_1_197' title='bbox 1141 2071 1195 2131; x_wconf 89' lang='lat' dir='ltr'><strong>filii</strong></span> <span class='ocrx_word' id='word_1_198' title='bbox 1210 2068 1279 2141; x_wconf 91' lang='lat' dir='ltr'><strong>Dei,</strong></span> <span class='ocrx_word' id='word_1_199' title='bbox 1300 2071 1355 2130; x_wconf 89' lang='lat' dir='ltr'><strong>aed</strong></span> <span class='ocrx_word' id='word_1_200' title='bbox 1371 2078 1473 2130; x_wconf 91' lang='lat' dir='ltr'><strong>contra</strong></span> <span class='ocrx_word' id='word_1_201' title='bbox 1489 2067 1741 2150; x_wconf 82' lang='lat' dir='ltr'><strong>contemptibiles</strong></span> <span class='ocrx_word' id='word_1_202' title='bbox 1755 2077 1833 2147; x_wconf 86' lang='lat' dir='ltr'><strong>atque</strong></span> 
     </span>
     <span class='ocr_line' id='line_1_18' title="bbox 397 2155 1834 2232; baseline -0.004 -13"><span class='ocrx_word' id='word_1_203' title='bbox 397 2158 460 2219; x_wconf 81' lang='lat' dir='ltr'><strong>Dei</strong></span> <span class='ocrx_word' id='word_1_204' title='bbox 466 2201 476 2231; x_wconf 91' lang='lat'><strong>,</strong></span> <span class='ocrx_word' id='word_1_205' title='bbox 499 2157 703 2232; x_wconf 84' lang='lat' dir='ltr'><strong>nominamur3</strong></span> <span class='ocrx_word' id='word_1_206' title='bbox 726 2178 787 2217; x_wconf 91' lang='lat' dir='ltr'><strong>non</strong></span> <span class='ocrx_word' id='word_1_207' title='bbox 810 2158 891 2216; x_wconf 89' lang='lat' dir='ltr'><strong>inani</strong></span> <span class='ocrx_word' id='word_1_208' title='bbox 916 2158 1008 2225; x_wconf 81' lang='lat' dir='ltr'><strong>titulo,</strong></span> <span class='ocrx_word' id='word_1_209' title='bbox 1036 2155 1091 2216; x_wconf 84' lang='lat' dir='ltr'><strong>sed</strong></span> <span class='ocrx_word' id='word_1_210' title='bbox 1143 2156 1242 2232; x_wconf 79' lang='lat' dir='ltr'><strong>cxosi3</strong></span> <span class='ocrx_word' id='word_1_211' title='bbox 1264 2176 1333 2216; x_wconf 83' lang='lat' dir='ltr'><strong>nam</strong></span> <span class='ocrx_word' id='word_1_212' title='bbox 1357 2157 1423 2217; x_wconf 91' lang='lat' dir='ltr'><strong>ideo</strong></span> <span class='ocrx_word' id='word_1_213' title='bbox 1447 2156 1578 2217; x_wconf 87' lang='lat' dir='ltr'><strong>mundus</strong></span> <span class='ocrx_word' id='word_1_214' title='bbox 1603 2177 1669 2218; x_wconf 89' lang='lat' dir='ltr'><strong>non</strong></span> <span class='ocrx_word' id='word_1_215' title='bbox 1684 2157 1834 2223; x_wconf 81' lang='lat' dir='ltr'><strong>noritnoa,</strong></span> 
     </span>
     <span class='ocr_line' id='line_1_19' title="bbox 398 2238 1833 2323; baseline -0.003 -20"><span class='ocrx_word' id='word_1_216' title='bbox 398 2238 466 2303; x_wconf 87' lang='lat' dir='ltr'><strong>cum</strong></span> <span class='ocrx_word' id='word_1_217' title='bbox 481 2245 549 2323; x_wconf 90' lang='lat' dir='ltr'><strong>ipsa</strong></span> <span class='ocrx_word' id='word_1_218' title='bbox 564 2262 597 2303; x_wconf 87' lang='lat' dir='ltr'><strong>re</strong></span> <span class='ocrx_word' id='word_1_219' title='bbox 610 2245 778 2322; x_wconf 84' lang='lat' dir='ltr'><strong>conjuncto,</strong></span> <span class='ocrx_word' id='word_1_220' title='bbox 794 2244 888 2316; x_wconf 88' lang='lat' dir='ltr'><strong>idest,</strong></span> <span class='ocrx_word' id='word_1_221' title='bbox 904 2245 1014 2321; x_wconf 73' lang='lat' dir='ltr'><strong>attilii</strong></span> <span class='ocrx_word' id='word_1_222' title='bbox 1030 2245 1092 2305; x_wconf 85' lang='lat' dir='ltr'><strong>Dei</strong></span> <span class='ocrx_word' id='word_1_223' title='bbox 1142 2261 1198 2303; x_wconf 90' lang='lat' dir='ltr'><strong>nec</strong></span> <span class='ocrx_word' id='word_1_224' title='bbox 1216 2243 1320 2320; x_wconf 83' lang='lat' dir='ltr'><strong>diligit,</strong></span> <span class='ocrx_word' id='word_1_225' title='bbox 1337 2244 1407 2323; x_wconf 85' lang='lat' dir='ltr'><strong>quia</strong></span> <span class='ocrx_word' id='word_1_226' title='bbox 1421 2245 1528 2318; x_wconf 87' lang='lat' dir='ltr'><strong>Deum,</strong></span> <span class='ocrx_word' id='word_1_227' title='bbox 1552 2243 1644 2322; x_wconf 87' lang='lat' dir='ltr'><strong>cujus</strong></span> <span class='ocrx_word' id='word_1_228' title='bbox 1662 2242 1722 2304; x_wconf 82' lang='lat' dir='ltr'><strong>filii</strong></span> <span class='ocrx_word' id='word_1_229' title='bbox 1739 2258 1833 2312; x_wconf 81' lang='lat' dir='ltr'><strong>snmus,</strong></span> 
     </span>
     <span class='ocr_line' id='line_1_20' title="bbox 398 2328 1834 2410; baseline -0.005 -17"><span class='ocrx_word' id='word_1_230' title='bbox 398 2333 502 2393; x_wconf 77' lang='lat' dir='ltr'><strong>timue.</strong></span> <span class='ocrx_word' id='word_1_231' title='bbox 539 2329 639 2408; x_wconf 81' lang='lat' dir='ltr'><strong>Igitur</strong></span> <span class='ocrx_word' id='word_1_232' title='bbox 665 2333 725 2392; x_wconf 79' lang='lat' dir='ltr'><strong>Dei</strong></span> <span class='ocrx_word' id='word_1_233' title='bbox 751 2334 869 2391; x_wconf 80' lang='lat' dir='ltr'><strong>caritas</strong></span> <span class='ocrx_word' id='word_1_234' title='bbox 895 2331 1091 2410; x_wconf 84' lang='lat' dir='ltr'><strong>significatur,</strong></span> <span class='ocrx_word' id='word_1_235' title='bbox 1144 2331 1307 2403; x_wconf 74' lang='lat' dir='ltr'><strong>nocnerit,</strong></span> <span class='ocrx_word' id='word_1_236' title='bbox 1330 2351 1386 2391; x_wconf 89' lang='lat' dir='ltr'><strong>nec</strong></span> <span class='ocrx_word' id='word_1_237' title='bbox 1408 2329 1518 2410; x_wconf 79' lang='lat' dir='ltr'><strong>diligit</strong></span> <span class='ocrx_word' id='word_1_238' title='bbox 1541 2332 1614 2391; x_wconf 87' lang='lat' dir='ltr'><strong>Non</strong></span> <span class='ocrx_word' id='word_1_239' title='bbox 1638 2328 1834 2393; x_wconf 83' lang='lat' dir='ltr'><strong>debetantcn</strong></span> 
     </span>
     <span class='ocr_line' id='line_1_21' title="bbox 399 2413 1832 2499; baseline -0.002 -23"><span class='ocrx_word' id='word_1_240' title='bbox 399 2437 458 2499; x_wconf 87' lang='lat' dir='ltr'><strong>qua</strong></span> <span class='ocrx_word' id='word_1_241' title='bbox 473 2436 527 2476; x_wconf 91' lang='lat' dir='ltr'><strong>nos</strong></span> <span class='ocrx_word' id='word_1_242' title='bbox 542 2417 607 2497; x_wconf 92' lang='lat' dir='ltr'><strong>ipse</strong></span> <span class='ocrx_word' id='word_1_243' title='bbox 622 2416 729 2498; x_wconf 84' lang='lat' dir='ltr'><strong>diligit.</strong></span> <span class='ocrx_word' id='word_1_244' title='bbox 753 2415 847 2497; x_wconf 79' lang='lat' dir='ltr'><strong>Cujus</strong></span> <span class='ocrx_word' id='word_1_245' title='bbox 869 2426 970 2478; x_wconf 67' lang='lat' dir='ltr'><strong>umen</strong></span> <span class='ocrx_word' id='word_1_246' title='bbox 985 2419 1091 2477; x_wconf 76' lang='lat' dir='ltr'><strong>carita</strong></span> <span class='ocrx_word' id='word_1_247' title='bbox 1144 2417 1300 2479; x_wconf 88' lang='lat' dir='ltr'><strong>molestum</strong></span> <span class='ocrx_word' id='word_1_248' title='bbox 1317 2416 1402 2477; x_wconf 92' lang='lat' dir='ltr'><strong>uobis</strong></span> <span class='ocrx_word' id='word_1_249' title='bbox 1419 2436 1494 2488; x_wconf 87' lang='lat' dir='ltr'><strong>ease,</strong></span> <span class='ocrx_word' id='word_1_250' title='bbox 1510 2418 1535 2477; x_wconf 87' lang='lat' dir='ltr'><strong>ei</strong></span> <span class='ocrx_word' id='word_1_251' title='bbox 1550 2438 1615 2478; x_wconf 90' lang='lat' dir='ltr'><strong>non</strong></span> <span class='ocrx_word' id='word_1_252' title='bbox 1630 2415 1793 2498; x_wconf 82' lang='lat' dir='ltr'><strong>diligemur</strong></span> <span class='ocrx_word' id='word_1_253' title='bbox 1803 2413 1832 2473; x_wconf 82' lang='lat' dir='ltr'><strong>ab</strong></span> 
     </span>
     <span class='ocr_line' id='line_1_22' title="bbox 398 2502 1833 2586; baseline -0.003 -22"><span class='ocrx_word' id='word_1_254' title='bbox 398 2505 437 2564; x_wconf 89' lang='lat' dir='ltr'><strong>tis</strong></span> <span class='ocrx_word' id='word_1_255' title='bbox 458 2505 490 2564; x_wconf 91' lang='lat' dir='ltr'><strong>in</strong></span> <span class='ocrx_word' id='word_1_256' title='bbox 511 2503 599 2563; x_wconf 88' lang='lat' dir='ltr'><strong>nobis</strong></span> <span class='ocrx_word' id='word_1_257' title='bbox 624 2505 747 2565; x_wconf 83' lang='lat' dir='ltr'><strong>effectus</strong></span> <span class='ocrx_word' id='word_1_258' title='bbox 770 2513 815 2565; x_wconf 90' lang='lat' dir='ltr'><strong>eat</strong></span> <span class='ocrx_word' id='word_1_259' title='bbox 838 2525 874 2564; x_wconf 92' lang='lat' dir='ltr'><strong>ea</strong></span> <span class='ocrx_word' id='word_1_260' title='bbox 891 2505 1006 2576; x_wconf 80' lang='lat' dir='ltr'><strong>caritas,</strong></span> <span class='ocrx_word' id='word_1_261' title='bbox 1034 2524 1094 2584; x_wconf 88' lang='lat' dir='ltr'><strong>qua</strong></span> <span class='ocrx_word' id='word_1_262' title='bbox 1145 2505 1190 2577; x_wconf 87' lang='lat' dir='ltr'><strong>iis,</strong></span> <span class='ocrx_word' id='word_1_263' title='bbox 1207 2505 1258 2586; x_wconf 86' lang='lat' dir='ltr'><strong>qni</strong></span> <span class='ocrx_word' id='word_1_264' title='bbox 1275 2525 1331 2565; x_wconf 87' lang='lat' dir='ltr'><strong>nec</strong></span> <span class='ocrx_word' id='word_1_265' title='bbox 1347 2504 1443 2564; x_wconf 87' lang='lat' dir='ltr'><strong>Deum</strong></span> <span class='ocrx_word' id='word_1_266' title='bbox 1460 2503 1602 2584; x_wconf 86' lang='lat' dir='ltr'><strong>diligunt.</strong></span> <span class='ocrx_word' id='word_1_267' title='bbox 1628 2503 1684 2564; x_wconf 83' lang='lat' dir='ltr'><strong>Ita</strong></span> <span class='ocrx_word' id='word_1_268' title='bbox 1701 2502 1833 2564; x_wconf 81' lang='lat' dir='ltr'><strong>Dominus</strong></span> 
     </span>
     <span class='ocr_line' id='line_1_23' title="bbox 400 2589 1832 2672; baseline -0.002 -21"><span class='ocrx_word' id='word_1_269' title='bbox 400 2610 454 2651; x_wconf 90' lang='lat' dir='ltr'><strong>nos</strong></span> <span class='ocrx_word' id='word_1_270' title='bbox 470 2591 550 2670; x_wconf 90' lang='lat' dir='ltr'><strong>ipum</strong></span> <span class='ocrx_word' id='word_1_271' title='bbox 568 2589 738 2672; x_wconf 68' lang='lat' dir='ltr'><strong>diligimus,</strong></span> <span class='ocrx_word' id='word_1_272' title='bbox 755 2593 888 2672; x_wconf 83' lang='lat' dir='ltr'><strong>sineque</strong></span> <span class='ocrx_word' id='word_1_273' title='bbox 903 2601 984 2651; x_wconf 89' lang='lat' dir='ltr'><strong>certe</strong></span> <span class='ocrx_word' id='word_1_274' title='bbox 1001 2591 1094 2670; x_wconf 87' lang='lat' dir='ltr'><strong>ipsius</strong></span> <span class='ocrx_word' id='word_1_275' title='bbox 1146 2591 1184 2651; x_wconf 84' lang='lat' dir='ltr'><strong>ed</strong></span> <span class='ocrx_word' id='word_1_276' title='bbox 1207 2591 1371 2671; x_wconf 89' lang='lat' dir='ltr'><strong>discipulos</strong></span> <span class='ocrx_word' id='word_1_277' title='bbox 1388 2609 1465 2663; x_wconf 83' lang='lat' dir='ltr'><strong>euos,</strong></span> <span class='ocrx_word' id='word_1_278' title='bbox 1488 2590 1584 2653; x_wconf 87' lang='lat' dir='ltr'><strong>Joan.</strong></span> <span class='ocrx_word' id='word_1_279' title='bbox 1602 2593 1675 2651; x_wconf 79' lang='lat'><strong>14.:</strong></span> <span class='ocrx_word' id='word_1_280' title='bbox 1703 2592 1739 2653; x_wconf 85' lang='lat' dir='ltr'><strong>Si</strong></span> <span class='ocrx_word' id='word_1_281' title='bbox 1753 2607 1832 2649; x_wconf 82' lang='lat' dir='ltr'><strong>mua·</strong></span> 
     </span>
     <span class='ocr_line' id='line_1_24' title="bbox 399 2677 1832 2757; baseline -0.001 -21"><span class='ocrx_word' id='word_1_282' title='bbox 399 2677 454 2737; x_wconf 85' lang='lat' dir='ltr'><strong>filii</strong></span> <span class='ocrx_word' id='word_1_283' title='bbox 468 2698 526 2737; x_wconf 92' lang='lat' dir='ltr'><strong>non</strong></span> <span class='ocrx_word' id='word_1_284' title='bbox 542 2697 682 2738; x_wconf 74' lang='lat' dir='ltr'><strong>cassinus.</strong></span> <span class='ocrx_word' id='word_1_285' title='bbox 705 2677 834 2739; x_wconf 87' lang='lat' dir='ltr'><strong>Videtur</strong></span> <span class='ocrx_word' id='word_1_286' title='bbox 850 2687 950 2739; x_wconf 85' lang='lat' dir='ltr'><strong>autem</strong></span> <span class='ocrx_word' id='word_1_287' title='bbox 967 2679 1094 2757; x_wconf 85' lang='lat' dir='ltr'><strong>Aposto·</strong></span> <span class='ocrx_word' id='word_1_288' title='bbox 1147 2679 1205 2739; x_wconf 83' lang='lat' dir='ltr'><strong>dus</strong></span> <span class='ocrx_word' id='word_1_289' title='bbox 1220 2695 1275 2739; x_wconf 86' lang='lat' dir='ltr'><strong>vos</strong></span> <span class='ocrx_word' id='word_1_290' title='bbox 1297 2678 1374 2752; x_wconf 82' lang='lat' dir='ltr'><strong>odit,</strong></span> <span class='ocrx_word' id='word_1_291' title='bbox 1397 2680 1513 2752; x_wconf 83' lang='lat' dir='ltr'><strong>scitote,</strong></span> <span class='ocrx_word' id='word_1_292' title='bbox 1538 2680 1618 2755; x_wconf 80' lang='lat' dir='ltr'><strong>quio</strong></span> <span class='ocrx_word' id='word_1_293' title='bbox 1639 2698 1693 2739; x_wconf 84' lang='lat' dir='ltr'><strong>me</strong></span> <span class='ocrx_word' id='word_1_294' title='bbox 1709 2680 1832 2755; x_wconf 78' lang='lat' dir='ltr'><strong>priorem</strong></span> 
     </span>
     <span class='ocr_line' id='line_1_25' title="bbox 401 2764 1833 2844; baseline 0.001 -21"><span class='ocrx_word' id='word_1_295' title='bbox 401 2765 449 2823; x_wconf 90' lang='lat' dir='ltr'><strong>lue</strong></span> <span class='ocrx_word' id='word_1_296' title='bbox 463 2764 612 2844; x_wconf 70' lang='lat' dir='ltr'><strong>respicere</strong></span> <span class='ocrx_word' id='word_1_297' title='bbox 628 2765 665 2823; x_wconf 83' lang='lat' dir='ltr'><strong>ad</strong></span> <span class='ocrx_word' id='word_1_298' title='bbox 681 2766 855 2825; x_wconf 77' lang='lat' dir='ltr'><strong>vaticinium</strong></span> <span class='ocrx_word' id='word_1_299' title='bbox 872 2766 947 2825; x_wconf 87' lang='lat' dir='ltr'><strong>Hos.</strong></span> <span class='ocrx_word' id='word_1_300' title='bbox 967 2770 1010 2825; x_wconf 85' lang='lat'><strong>1.:</strong></span> <span class='ocrx_word' id='word_1_301' title='bbox 1035 2767 1094 2825; x_wconf 83' lang='lat' dir='ltr'><strong>Di·</strong></span> <span class='ocrx_word' id='word_1_302' title='bbox 1148 2766 1233 2826; x_wconf 77' lang='lat' dir='ltr'><strong>votis</strong></span> <span class='ocrx_word' id='word_1_303' title='bbox 1250 2764 1324 2825; x_wconf 81' lang='lat' dir='ltr'><strong>odio</strong></span> <span class='ocrx_word' id='word_1_304' title='bbox 1338 2764 1456 2824; x_wconf 71' lang='lat' dir='ltr'><strong>habau.</strong></span> <span class='ocrx_word' id='word_1_305' title='bbox 1479 2766 1519 2826; x_wconf 83' lang='lat' dir='ltr'><strong>Et</strong></span> <span class='ocrx_word' id='word_1_306' title='bbox 1530 2767 1659 2827; x_wconf 85' lang='lat' dir='ltr'><strong>iterum:</strong></span> <span class='ocrx_word' id='word_1_307' title='bbox 1677 2767 1765 2826; x_wconf 82' lang='lat' dir='ltr'><strong>Haec</strong></span> <span class='ocrx_word' id='word_1_308' title='bbox 1777 2781 1833 2824; x_wconf 73' lang='lat' dir='ltr'><strong>ote·</strong></span> 
     </span>
     <span class='ocr_line' id='line_1_26' title="bbox 402 2852 1833 2931; baseline -0.001 -16"><span class='ocrx_word' id='word_1_309' title='bbox 402 2859 490 2915; x_wconf 80' lang='lat' dir='ltr'><strong>cetur</strong></span> <span class='ocrx_word' id='word_1_310' title='bbox 511 2855 570 2914; x_wconf 84' lang='lat' dir='ltr'><strong>eis:</strong></span> <span class='ocrx_word' id='word_1_311' title='bbox 596 2852 675 2915; x_wconf 83' lang='lat' dir='ltr'><strong>Filii</strong></span> <span class='ocrx_word' id='word_1_312' title='bbox 697 2855 757 2914; x_wconf 82' lang='lat' dir='ltr'><strong>Dei</strong></span> <span class='ocrx_word' id='word_1_313' title='bbox 782 2855 922 2915; x_wconf 80' lang='lat' dir='ltr'><strong>viventia.</strong></span> <span class='ocrx_word' id='word_1_314' title='bbox 947 2852 1016 2913; x_wconf 88' lang='lat' dir='ltr'><strong>Hoc</strong></span> <span class='ocrx_word' id='word_1_315' title='bbox 1031 2861 1095 2914; x_wconf 90' lang='lat' dir='ltr'><strong>est:</strong></span> <span class='ocrx_word' id='word_1_316' title='bbox 1147 2857 1205 2915; x_wconf 78' lang='lat' dir='ltr'><strong>aia</strong></span> <span class='ocrx_word' id='word_1_317' title='bbox 1218 2852 1439 2931; x_wconf 72' lang='lat' dir='ltr'><strong>factmtoobu</strong></span> <span class='ocrx_word' id='word_1_318' title='bbox 1454 2861 1833 2930; x_wconf 68' lang='lat' dir='ltr'><strong>proparaomeameua,</strong></span> 
     </span>
     <span class='ocr_line' id='line_1_27' title="bbox 403 2939 1833 3020; baseline -0.001 -19"><span class='ocrx_word' id='word_1_319' title='bbox 403 2940 498 3001; x_wconf 80' lang='lat' dir='ltr'><strong>Erunt</strong></span> <span class='ocrx_word' id='word_1_320' title='bbox 513 2939 644 3010; x_wconf 76' lang='lat' dir='ltr'><strong>filiiDei</strong></span> <span class='ocrx_word' id='word_1_321' title='bbox 660 2941 798 3014; x_wconf 81' lang='lat' dir='ltr'><strong>viventis,</strong></span> <span class='ocrx_word' id='word_1_322' title='bbox 823 2948 856 3000; x_wconf 91' lang='lat' dir='ltr'><strong>ut</strong></span> <span class='ocrx_word' id='word_1_323' title='bbox 876 2962 920 3013; x_wconf 91' lang='lat' dir='ltr'><strong>eo,</strong></span> <span class='ocrx_word' id='word_1_324' title='bbox 944 2950 1094 3020; x_wconf 77' lang='lat' dir='ltr'><strong>tamquam</strong></span> <span class='ocrx_word' id='word_1_325' title='bbox 1149 2944 1225 3017; x_wconf 77' lang='lat' dir='ltr'><strong>quta</strong></span> <span class='ocrx_word' id='word_1_326' title='bbox 1241 2941 1491 3015; x_wconf 69' lang='lat' dir='ltr'><strong>araciunculam,</strong></span> <span class='ocrx_word' id='word_1_327' title='bbox 1507 2943 1563 3017; x_wconf 81' lang='lat' dir='ltr'><strong>qui</strong></span> <span class='ocrx_word' id='word_1_328' title='bbox 1575 2944 1665 3001; x_wconf 79' lang='lat' dir='ltr'><strong>misit</strong></span> <span class='ocrx_word' id='word_1_329' title='bbox 1677 2960 1736 3000; x_wconf 84' lang='lat' dir='ltr'><strong>me.</strong></span> <span class='ocrx_word' id='word_1_330' title='bbox 1752 2939 1833 3000; x_wconf 76' lang='lat' dir='ltr'><strong>liun-</strong></span> 
     </span>
     <span class='ocr_line' id='line_1_28' title="bbox 404 3026 1834 3108; baseline -0.001 -21"><span class='ocrx_word' id='word_1_331' title='bbox 404 3027 514 3107; x_wconf 85' lang='lat' dir='ltr'><strong>ineigni</strong></span> <span class='ocrx_word' id='word_1_332' title='bbox 545 3028 666 3087; x_wconf 89' lang='lat' dir='ltr'><strong>nomine</strong></span> <span class='ocrx_word' id='word_1_333' title='bbox 696 3026 843 3108; x_wconf 87' lang='lat' dir='ltr'><strong>appellari</strong></span> <span class='ocrx_word' id='word_1_334' title='bbox 873 3030 996 3108; x_wconf 88' lang='lat' dir='ltr'><strong>possint.</strong></span> <span class='ocrx_word' id='word_1_335' title='bbox 1045 3026 1096 3088; x_wconf 91' lang='lat' dir='ltr'><strong>Sic</strong></span> <span class='ocrx_word' id='word_1_336' title='bbox 1148 3029 1207 3088; x_wconf 82' lang='lat' dir='ltr'><strong>due</strong></span> <span class='ocrx_word' id='word_1_337' title='bbox 1222 3027 1375 3107; x_wconf 84' lang='lat' dir='ltr'><strong>accipitur,</strong></span> <span class='ocrx_word' id='word_1_338' title='bbox 1399 3034 1432 3086; x_wconf 90' lang='lat' dir='ltr'><strong>ut</strong></span> <span class='ocrx_word' id='word_1_339' title='bbox 1455 3029 1486 3087; x_wconf 92' lang='lat' dir='ltr'><strong>in</strong></span> <span class='ocrx_word' id='word_1_340' title='bbox 1507 3026 1773 3106; x_wconf 85' lang='lat' dir='ltr'><strong>praecedentibus,</strong></span> <span class='ocrx_word' id='word_1_341' title='bbox 1793 3043 1834 3105; x_wconf 86' lang='lat' dir='ltr'><strong>pre</strong></span> 
     </span>
     <span class='ocr_line' id='line_1_29' title="bbox 404 3112 1835 3195; baseline -0.001 -20"><span class='ocrx_word' id='word_1_342' title='bbox 404 3114 482 3175; x_wconf 91' lang='lat' dir='ltr'><strong>enim</strong></span> <span class='ocrx_word' id='word_1_343' title='bbox 511 3116 619 3192; x_wconf 90' lang='lat' dir='ltr'><strong>passim</strong></span> <span class='ocrx_word' id='word_1_344' title='bbox 646 3116 677 3175; x_wconf 92' lang='lat' dir='ltr'><strong>in</strong></span> <span class='ocrx_word' id='word_1_345' title='bbox 699 3114 860 3195; x_wconf 90' lang='lat' dir='ltr'><strong>Scripturis</strong></span> <span class='ocrx_word' id='word_1_346' title='bbox 883 3114 1095 3195; x_wconf 84' lang='lat' dir='ltr'><strong>prophetarum</strong></span> <span class='ocrx_word' id='word_1_347' title='bbox 1148 3112 1339 3175; x_wconf 86' lang='lat' dir='ltr'><strong>multitudine</strong></span> <span class='ocrx_word' id='word_1_348' title='bbox 1366 3134 1480 3187; x_wconf 90' lang='lat' dir='ltr'><strong>eorum,</strong></span> <span class='ocrx_word' id='word_1_349' title='bbox 1507 3116 1558 3194; x_wconf 87' lang='lat' dir='ltr'><strong>qui</strong></span> <span class='ocrx_word' id='word_1_350' title='bbox 1586 3136 1606 3175; x_wconf 92' lang='lat' dir='ltr'><strong>a</strong></span> <span class='ocrx_word' id='word_1_351' title='bbox 1627 3113 1752 3176; x_wconf 83' lang='lat' dir='ltr'><strong>Christo</strong></span> <span class='ocrx_word' id='word_1_352' title='bbox 1777 3118 1835 3173; x_wconf 80' lang='lat' dir='ltr'><strong>suut</strong></span> 
     </span>
     <span class='ocr_line' id='line_1_30' title="bbox 405 3201 1246 3280; baseline 0.001 -20"><span class='ocrx_word' id='word_1_353' title='bbox 405 3201 552 3280; x_wconf 81' lang='lat' dir='ltr'><strong>accipitur</strong></span> <span class='ocrx_word' id='word_1_354' title='bbox 567 3204 677 3261; x_wconf 82' lang='lat' dir='ltr'><strong>vocari</strong></span> <span class='ocrx_word' id='word_1_355' title='bbox 691 3205 821 3262; x_wconf 75' lang='lat' dir='ltr'><strong>tremine</strong></span> <span class='ocrx_word' id='word_1_356' title='bbox 836 3202 893 3261; x_wconf 83' lang='lat' dir='ltr'><strong>lroc</strong></span> <span class='ocrx_word' id='word_1_357' title='bbox 908 3209 966 3262; x_wconf 84' lang='lat' dir='ltr'><strong>aut</strong></span> <span class='ocrx_word' id='word_1_358' title='bbox 979 3202 1047 3275; x_wconf 85' lang='lat' dir='ltr'><strong>illo,</strong></span> <span class='ocrx_word' id='word_1_359' title='bbox 1064 3208 1097 3259; x_wconf 90' lang='lat' dir='ltr'><strong>ut</strong></span> <span class='ocrx_word' id='word_1_360' title='bbox 1148 3201 1246 3261; x_wconf 85' lang='lat' dir='ltr'><strong>alieni.</strong></span> 
     </span>
    </p>

    <p class='ocr_par' dir='ltr' id='par_1_4' title="bbox 404 3287 1839 4064">
     <span class='ocr_line' id='line_1_31' title="bbox 406 3287 1835 3363; baseline 0.001 -14"><span class='ocrx_word' id='word_1_361' title='bbox 406 3288 471 3350; x_wconf 90' lang='lat' dir='ltr'><strong>Jee.</strong></span> <span class='ocrx_word' id='word_1_362' title='bbox 497 3293 540 3348; x_wconf 90' lang='lat'><strong>1.:</strong></span> <span class='ocrx_word' id='word_1_363' title='bbox 577 3289 742 3349; x_wconf 77' lang='lat' dir='ltr'><strong>Voccbcra&#39;a</strong></span> <span class='ocrx_word' id='word_1_364' title='bbox 768 3291 879 3349; x_wconf 81' lang='lat' dir='ltr'><strong>civitae</strong></span> <span class='ocrx_word' id='word_1_365' title='bbox 900 3292 996 3363; x_wconf 77' lang='lat' dir='ltr'><strong>justi,</strong></span> <span class='ocrx_word' id='word_1_366' title='bbox 1023 3288 1097 3349; x_wconf 81' lang='lat' dir='ltr'><strong>urba</strong></span> <span class='ocrx_word' id='word_1_367' title='bbox 1192 3291 1221 3347; x_wconf 78' lang='lat'><strong>2.</strong></span> <span class='ocrx_word' id='word_1_368' title='bbox 1245 3288 1424 3361; x_wconf 65' lang='lat' dir='ltr'><strong>Cariammt‘,</strong></span> <span class='ocrx_word' id='word_1_369' title='bbox 1452 3305 1540 3348; x_wconf 77' lang='lat' dir='ltr'><strong>nunc</strong></span> <span class='ocrx_word' id='word_1_370' title='bbox 1561 3287 1625 3363; x_wconf 71' lang='lat' dir='ltr'><strong>tilii</strong></span> <span class='ocrx_word' id='word_1_371' title='bbox 1647 3290 1714 3350; x_wconf 82' lang='lat' dir='ltr'><strong>Dei</strong></span> <span class='ocrx_word' id='word_1_372' title='bbox 1734 3304 1835 3349; x_wconf 65' lang='lat' dir='ltr'><strong>umet</strong></span> 
     </span>
     <span class='ocr_line' id='line_1_32' title="bbox 407 3369 1838 3454; baseline -0.002 -20"><span class='ocrx_word' id='word_1_373' title='bbox 407 3376 517 3452; x_wconf 74' lang='lat' dir='ltr'><strong>fidelis,</strong></span> <span class='ocrx_word' id='word_1_374' title='bbox 534 3386 563 3435; x_wconf 92' lang='lat' dir='ltr'><strong>et</strong></span> <span class='ocrx_word' id='word_1_375' title='bbox 576 3395 640 3454; x_wconf 87' lang='lat' dir='ltr'><strong>cap.</strong></span> <span class='ocrx_word' id='word_1_376' title='bbox 655 3373 699 3435; x_wconf 80' lang='lat'><strong>7.:</strong></span> <span class='ocrx_word' id='word_1_377' title='bbox 722 3376 891 3435; x_wconf 80' lang='lat' dir='ltr'><strong>Vocabitur</strong></span> <span class='ocrx_word' id='word_1_378' title='bbox 903 3394 1019 3435; x_wconf 77' lang='lat' dir='ltr'><strong>nomen</strong></span> <span class='ocrx_word' id='word_1_379' title='bbox 1032 3380 1098 3448; x_wconf 71' lang='lat' dir='ltr'><strong>eiua</strong></span> <span class='ocrx_word' id='word_1_380' title='bbox 1150 3376 1271 3453; x_wconf 87' lang='lat' dir='ltr'><strong>Spectat</strong></span> <span class='ocrx_word' id='word_1_381' title='bbox 1295 3373 1352 3433; x_wconf 89' lang='lat' dir='ltr'><strong>hoc</strong></span> <span class='ocrx_word' id='word_1_382' title='bbox 1367 3394 1489 3454; x_wconf 88' lang='lat' dir='ltr'><strong>quoqne</strong></span> <span class='ocrx_word' id='word_1_383' title='bbox 1506 3392 1571 3434; x_wconf 84' lang='lat' dir='ltr'><strong>cum</strong></span> <span class='ocrx_word' id='word_1_384' title='bbox 1592 3376 1795 3454; x_wconf 81' lang='lat' dir='ltr'><strong>sequentibus</strong></span> <span class='ocrx_word' id='word_1_385' title='bbox 1805 3369 1838 3431; x_wconf 81' lang='lat' dir='ltr'><strong>ad</strong></span> 
     </span>
     <span class='ocr_line' id='line_1_33' title="bbox 408 3461 1838 3541; baseline -0.001 -17"><span class='ocrx_word' id='word_1_386' title='bbox 408 3461 607 3524; x_wconf 79' lang='lat' dir='ltr'><strong>Emmanuel.</strong></span> <span class='ocrx_word' id='word_1_387' title='bbox 632 3461 773 3521; x_wconf 86' lang='lat' dir='ltr'><strong>Similiter</strong></span> <span class='ocrx_word' id='word_1_388' title='bbox 795 3462 920 3541; x_wconf 84' lang='lat' dir='ltr'><strong>angelus</strong></span> <span class='ocrx_word' id='word_1_389' title='bbox 943 3462 980 3521; x_wconf 88' lang='lat' dir='ltr'><strong>ad</strong></span> <span class='ocrx_word' id='word_1_390' title='bbox 997 3462 1096 3538; x_wconf 89' lang='lat' dir='ltr'><strong>Virgi·</strong></span> <span class='ocrx_word' id='word_1_391' title='bbox 1150 3462 1381 3521; x_wconf 83' lang='lat' dir='ltr'><strong>consolationem</strong></span> <span class='ocrx_word' id='word_1_392' title='bbox 1398 3472 1428 3521; x_wconf 89' lang='lat' dir='ltr'><strong>et</strong></span> <span class='ocrx_word' id='word_1_393' title='bbox 1443 3461 1689 3523; x_wconf 82' lang='lat' dir='ltr'><strong>exhortationem</strong></span> <span class='ocrx_word' id='word_1_394' title='bbox 1710 3462 1838 3530; x_wconf 72' lang='lat' dir='ltr'><strong>fidelium,</strong></span> 
     </span>
     <span class='ocr_line' id='line_1_34' title="bbox 409 3547 1834 3629; baseline -0.002 -19"><span class='ocrx_word' id='word_1_395' title='bbox 409 3571 475 3611; x_wconf 87' lang='lat' dir='ltr'><strong>nom</strong></span> <span class='ocrx_word' id='word_1_396' title='bbox 487 3551 559 3610; x_wconf 86' lang='lat' dir='ltr'><strong>Luc.</strong></span> <span class='ocrx_word' id='word_1_397' title='bbox 575 3554 600 3608; x_wconf 89' lang='lat'><strong>1.</strong></span> <span class='ocrx_word' id='word_1_398' title='bbox 612 3571 617 3604; x_wconf 91' lang='lat'><strong>:</strong></span> <span class='ocrx_word' id='word_1_399' title='bbox 634 3550 677 3610; x_wconf 84' lang='lat' dir='ltr'><strong>Et</strong></span> <span class='ocrx_word' id='word_1_400' title='bbox 695 3550 856 3609; x_wconf 82' lang='lat' dir='ltr'><strong>vocabitur</strong></span> <span class='ocrx_word' id='word_1_401' title='bbox 872 3551 1025 3610; x_wconf 78' lang='lat' dir='ltr'><strong>Altis-simi</strong></span> <span class='ocrx_word' id='word_1_402' title='bbox 1041 3551 1098 3611; x_wconf 84' lang='lat' dir='ltr'><strong>Fi·</strong></span> <span class='ocrx_word' id='word_1_403' title='bbox 1150 3568 1188 3609; x_wconf 88' lang='lat' dir='ltr'><strong>ne</strong></span> <span class='ocrx_word' id='word_1_404' title='bbox 1203 3547 1396 3608; x_wconf 85' lang='lat' dir='ltr'><strong>succumbant</strong></span> <span class='ocrx_word' id='word_1_405' title='bbox 1412 3548 1441 3608; x_wconf 90' lang='lat' dir='ltr'><strong>in</strong></span> <span class='ocrx_word' id='word_1_406' title='bbox 1457 3547 1603 3608; x_wconf 83' lang='lat' dir='ltr'><strong>adversis.</strong></span> <span class='ocrx_word' id='word_1_407' title='bbox 1627 3549 1787 3629; x_wconf 79' lang='lat' dir='ltr'><strong>Quamvis,</strong></span> <span class='ocrx_word' id='word_1_408' title='bbox 1800 3548 1834 3607; x_wconf 86' lang='lat' dir='ltr'><strong>iu·</strong></span> 
     </span>
     <span class='ocr_line' id='line_1_35' title="bbox 406 3634 1837 3715; baseline -0.001 -19"><span class='ocrx_word' id='word_1_409' title='bbox 406 3638 486 3713; x_wconf 61' lang='grc' dir='ltr'><strong>ἤνις</strong></span> <span class='ocrx_word' id='word_1_410' title='bbox 504 3637 556 3715; x_wconf 91' lang='lat' dir='ltr'><strong>qui</strong></span> <span class='ocrx_word' id='word_1_411' title='bbox 572 3636 679 3714; x_wconf 85' lang='lat' dir='ltr'><strong>utique</strong></span> <span class='ocrx_word' id='word_1_412' title='bbox 691 3637 894 3714; x_wconf 86' lang='lat' dir='ltr'><strong>propriissime</strong></span> <span class='ocrx_word' id='word_1_413' title='bbox 906 3642 937 3696; x_wconf 91' lang='lat' dir='ltr'><strong>et</strong></span> <span class='ocrx_word' id='word_1_414' title='bbox 948 3634 1097 3714; x_wconf 85' lang='lat' dir='ltr'><strong>perfectis·</strong></span> <span class='ocrx_word' id='word_1_415' title='bbox 1152 3638 1227 3715; x_wconf 87' lang='lat' dir='ltr'><strong>qnit,</strong></span> <span class='ocrx_word' id='word_1_416' title='bbox 1251 3634 1361 3695; x_wconf 85' lang='lat' dir='ltr'><strong>mundo</strong></span> <span class='ocrx_word' id='word_1_417' title='bbox 1376 3634 1511 3715; x_wconf 85' lang='lat' dir='ltr'><strong>despecti</strong></span> <span class='ocrx_word' id='word_1_418' title='bbox 1533 3644 1565 3693; x_wconf 91' lang='lat' dir='ltr'><strong>et</strong></span> <span class='ocrx_word' id='word_1_419' title='bbox 1580 3635 1662 3696; x_wconf 91' lang='lat' dir='ltr'><strong>viles</strong></span> <span class='ocrx_word' id='word_1_420' title='bbox 1678 3636 1784 3708; x_wconf 87' lang='lat' dir='ltr'><strong>habiti,</strong></span> <span class='ocrx_word' id='word_1_421' title='bbox 1803 3645 1837 3695; x_wconf 84' lang='lat' dir='ltr'><strong>ta·</strong></span> 
     </span>
     <span class='ocr_line' id='line_1_36' title="bbox 406 3721 1839 3803; baseline 0 -22"><span class='ocrx_word' id='word_1_422' title='bbox 406 3726 479 3783; x_wconf 89' lang='lat' dir='ltr'><strong>simo</strong></span> <span class='ocrx_word' id='word_1_423' title='bbox 492 3725 550 3785; x_wconf 88' lang='lat' dir='ltr'><strong>Dei</strong></span> <span class='ocrx_word' id='word_1_424' title='bbox 561 3722 660 3783; x_wconf 86' lang='lat' dir='ltr'><strong>Filius</strong></span> <span class='ocrx_word' id='word_1_425' title='bbox 673 3732 724 3783; x_wconf 90' lang='lat' dir='ltr'><strong>est.</strong></span> <span class='ocrx_word' id='word_1_426' title='bbox 742 3723 822 3783; x_wconf 90' lang='lat' dir='ltr'><strong>Illud</strong></span> <span class='ocrx_word' id='word_1_427' title='bbox 834 3743 920 3803; x_wconf 88' lang='lat' dir='ltr'><strong>ergo:</strong></span> <span class='ocrx_word' id='word_1_428' title='bbox 938 3726 981 3784; x_wconf 85' lang='lat' dir='ltr'><strong>Et</strong></span> <span class='ocrx_word' id='word_1_429' title='bbox 991 3726 1097 3800; x_wconf 78' lang='lat' dir='ltr'><strong>simut,</strong></span> <span class='ocrx_word' id='word_1_430' title='bbox 1151 3724 1323 3784; x_wconf 85' lang='lat' dir='ltr'><strong>momeliam</strong></span> <span class='ocrx_word' id='word_1_431' title='bbox 1346 3742 1443 3796; x_wconf 79' lang='lat' dir='ltr'><strong>nunc,</strong></span> <span class='ocrx_word' id='word_1_432' title='bbox 1468 3723 1498 3781; x_wconf 88' lang='lat' dir='ltr'><strong>in</strong></span> <span class='ocrx_word' id='word_1_433' title='bbox 1519 3721 1577 3781; x_wconf 91' lang='lat' dir='ltr'><strong>hoc</strong></span> <span class='ocrx_word' id='word_1_434' title='bbox 1602 3724 1739 3797; x_wconf 85' lang='lat' dir='ltr'><strong>saeculo,</strong></span> <span class='ocrx_word' id='word_1_435' title='bbox 1761 3731 1839 3803; x_wconf 81' lang='lat' dir='ltr'><strong>atqua</strong></span> 
     </span>
     <span class='ocr_line' id='line_1_37' title="bbox 406 3808 1839 3889; baseline -0.001 -22"><span class='ocrx_word' id='word_1_436' title='bbox 406 3814 563 3872; x_wconf 86' lang='lat' dir='ltr'><strong>veritatem</strong></span> <span class='ocrx_word' id='word_1_437' title='bbox 584 3830 618 3869; x_wconf 87' lang='lat' dir='ltr'><strong>ac</strong></span> <span class='ocrx_word' id='word_1_438' title='bbox 642 3812 786 3871; x_wconf 86' lang='lat' dir='ltr'><strong>rationem</strong></span> <span class='ocrx_word' id='word_1_439' title='bbox 812 3809 945 3872; x_wconf 89' lang='lat' dir='ltr'><strong>declarat</strong></span> <span class='ocrx_word' id='word_1_440' title='bbox 967 3812 1097 3871; x_wconf 87' lang='lat' dir='ltr'><strong>nomina·</strong></span> <span class='ocrx_word' id='word_1_441' title='bbox 1151 3812 1227 3870; x_wconf 90' lang='lat' dir='ltr'><strong>inter</strong></span> <span class='ocrx_word' id='word_1_442' title='bbox 1250 3829 1407 3889; x_wconf 90' lang='lat' dir='ltr'><strong>pressuras</strong></span> <span class='ocrx_word' id='word_1_443' title='bbox 1422 3818 1451 3869; x_wconf 85' lang='lat' dir='ltr'><strong>ct</strong></span> <span class='ocrx_word' id='word_1_444' title='bbox 1467 3808 1638 3889; x_wconf 81' lang='lat' dir='ltr'><strong>opprobria,</strong></span> <span class='ocrx_word' id='word_1_445' title='bbox 1663 3830 1772 3871; x_wconf 78' lang='lat' dir='ltr'><strong>revera</strong></span> <span class='ocrx_word' id='word_1_446' title='bbox 1790 3809 1839 3887; x_wconf 71' lang='lat' dir='ltr'><strong>ple</strong></span> 
     </span>
     <span class='ocr_line' id='line_1_38' title="bbox 404 3895 1838 3979; baseline -0.003 -21"><span class='ocrx_word' id='word_1_447' title='bbox 404 3901 502 3959; x_wconf 88' lang='lat' dir='ltr'><strong>tionis.</strong></span> <span class='ocrx_word' id='word_1_448' title='bbox 526 3896 717 3959; x_wconf 88' lang='lat' dir='ltr'><strong>Undsetiam</strong></span> <span class='ocrx_word' id='word_1_449' title='bbox 732 3918 801 3957; x_wconf 90' lang='lat' dir='ltr'><strong>mox</strong></span> <span class='ocrx_word' id='word_1_450' title='bbox 818 3897 987 3979; x_wconf 84' lang='lat' dir='ltr'><strong>subjungit:</strong></span> <span class='ocrx_word' id='word_1_451' title='bbox 1006 3900 1098 3959; x_wconf 77' lang='lat' dir='ltr'><strong>Nunc</strong></span> <span class='ocrx_word' id='word_1_452' title='bbox 1152 3900 1213 3958; x_wconf 84' lang='lat' dir='ltr'><strong>Dei</strong></span> <span class='ocrx_word' id='word_1_453' title='bbox 1243 3915 1366 3971; x_wconf 72' lang='lat' dir='ltr'><strong>mmet,</strong></span> <span class='ocrx_word' id='word_1_454' title='bbox 1397 3899 1503 3978; x_wconf 83' lang='lat' dir='ltr'><strong>ntique</strong></span> <span class='ocrx_word' id='word_1_455' title='bbox 1532 3913 1586 3975; x_wconf 87' lang='lat' dir='ltr'><strong>per</strong></span> <span class='ocrx_word' id='word_1_456' title='bbox 1617 3899 1752 3975; x_wconf 83' lang='lat' dir='ltr'><strong>gratiam</strong></span> <span class='ocrx_word' id='word_1_457' title='bbox 1779 3895 1838 3956; x_wconf 77' lang='lat' dir='ltr'><strong>ado</strong></span> 
     </span>
     <span class='ocr_line' id='line_1_39' title="bbox 404 3985 1268 4064; baseline -0.007 -19"><span class='ocrx_word' id='word_1_458' title='bbox 404 3985 464 4061; x_wconf 69' lang='lat' dir='ltr'><strong>tlte·</strong></span> <span class='ocrx_word' id='word_1_459' title='bbox 480 3988 543 4047; x_wconf 82' lang='lat' dir='ltr'><strong>Dei</strong></span> <span class='ocrx_word' id='word_1_460' title='bbox 557 4003 673 4045; x_wconf 78' lang='lat' dir='ltr'><strong>eumue.</strong></span> <span class='ocrx_word' id='word_1_461' title='bbox 1151 3986 1268 4064; x_wconf 92' lang='lat' dir='ltr'><strong>ptionis.</strong></span> 
     </span>
    </p>

    <p class='ocr_par' dir='ltr' id='par_1_5' title="bbox 394 4069 1841 5113">
     <span class='ocr_line' id='line_1_40' title="bbox 446 4069 1839 4151; baseline -0.002 -19"><span class='ocrx_word' id='word_1_462' title='bbox 446 4072 487 4132; x_wconf 91' lang='lat' dir='ltr'><strong>Ut</strong></span> <span class='ocrx_word' id='word_1_463' title='bbox 513 4081 610 4132; x_wconf 88' lang='lat' dir='ltr'><strong>autem</strong></span> <span class='ocrx_word' id='word_1_464' title='bbox 637 4072 727 4151; x_wconf 88' lang='lat' dir='ltr'><strong>hujus</strong></span> <span class='ocrx_word' id='word_1_465' title='bbox 756 4071 894 4132; x_wconf 84' lang='lat' dir='ltr'><strong>beneficii</strong></span> <span class='ocrx_word' id='word_1_466' title='bbox 922 4069 1096 4150; x_wconf 85' lang='lat' dir='ltr'><strong>magnitudo</strong></span> <span class='ocrx_word' id='word_1_467' title='bbox 1194 4072 1237 4132; x_wconf 82' lang='lat' dir='ltr'><strong>Et</strong></span> <span class='ocrx_word' id='word_1_468' title='bbox 1258 4070 1404 4131; x_wconf 80' lang='lat' dir='ltr'><strong>nondum</strong></span> <span class='ocrx_word' id='word_1_469' title='bbox 1427 4071 1593 4147; x_wconf 80' lang='lat' dir='ltr'><strong>apparuit,</strong></span> <span class='ocrx_word' id='word_1_470' title='bbox 1620 4072 1705 4147; x_wconf 77' lang='lat' dir='ltr'><strong>quid</strong></span> <span class='ocrx_word' id='word_1_471' title='bbox 1727 4073 1839 4130; x_wconf 65' lang='grc' dir='ltr'>ιιιιιιιιι</span> 
     </span>
     <span class='ocr_line' id='line_1_41' title="bbox 402 4148 1840 4239; baseline -0.001 -20"><span class='ocrx_word' id='word_1_472' title='bbox 402 4159 596 4239; x_wconf 86' lang='lat' dir='ltr'><strong>percipiatur,</strong></span> <span class='ocrx_word' id='word_1_473' title='bbox 625 4161 720 4237; x_wconf 93' lang='lat' dir='ltr'><strong>primo</strong></span> <span class='ocrx_word' id='word_1_474' title='bbox 749 4158 958 4238; x_wconf 87' lang='lat' dir='ltr'><strong>cogitandum,</strong></span> <span class='ocrx_word' id='word_1_475' title='bbox 986 4167 1097 4239; x_wconf 87' lang='lat' dir='ltr'><strong>quanta</strong></span> <span class='ocrx_word' id='word_1_476' title='bbox 1151 4155 1266 4217; x_wconf 84' lang='lat' dir='ltr'><strong>Graece</strong></span> <span class='ocrx_word' id='word_1_477' title='bbox 1281 4156 1353 4216; x_wconf 87' lang='lat' dir='ltr'><strong>fuit:</strong></span> <span class='ocrx_word' id='word_1_478' title='bbox 1370 4149 1390 4214; x_wconf 84' lang='grc' dir='ltr'>ὅ</span> <span class='ocrx_word' id='word_1_479' title='bbox 1405 4174 1433 4215; x_wconf 86' lang='grc' dir='ltr'><strong>τι</strong></span> <span class='ocrx_word' id='word_1_480' title='bbox 1451 4148 1600 4234; x_wconf 76' lang='grc' dir='ltr'><strong>ἐσόμεθα,</strong></span> <span class='ocrx_word' id='word_1_481' title='bbox 1617 4158 1710 4235; x_wconf 78' lang='lat' dir='ltr'><strong>quod</strong></span> <span class='ocrx_word' id='word_1_482' title='bbox 1724 4161 1840 4229; x_wconf 78' lang='lat' dir='ltr'><strong>erimus,</strong></span> 
     </span>
     <span class='ocr_line' id='line_1_42' title="bbox 402 4241 1841 4322; baseline 0 -18"><span class='ocrx_word' id='word_1_483' title='bbox 402 4263 450 4305; x_wconf 90' lang='lat' dir='ltr'><strong>ras</strong></span> <span class='ocrx_word' id='word_1_484' title='bbox 474 4247 520 4316; x_wconf 90' lang='lat' dir='ltr'><strong>sit,</strong></span> <span class='ocrx_word' id='word_1_485' title='bbox 545 4264 611 4306; x_wconf 89' lang='lat' dir='ltr'><strong>esse</strong></span> <span class='ocrx_word' id='word_1_486' title='bbox 634 4247 799 4305; x_wconf 87' lang='lat' dir='ltr'><strong>naturalem</strong></span> <span class='ocrx_word' id='word_1_487' title='bbox 820 4246 913 4305; x_wconf 88' lang='lat' dir='ltr'><strong>filium</strong></span> <span class='ocrx_word' id='word_1_488' title='bbox 936 4246 1003 4305; x_wconf 86' lang='lat' dir='ltr'><strong>Dei.</strong></span> <span class='ocrx_word' id='word_1_489' title='bbox 1035 4244 1095 4304; x_wconf 86' lang='lat' dir='ltr'><strong>Sed</strong></span> <span class='ocrx_word' id='word_1_490' title='bbox 1149 4244 1207 4316; x_wconf 85' lang='lat' dir='ltr'><strong>vel,</strong></span> <span class='ocrx_word' id='word_1_491' title='bbox 1230 4246 1274 4304; x_wconf 88' lang='lat' dir='ltr'><strong>nti</strong></span> <span class='ocrx_word' id='word_1_492' title='bbox 1290 4243 1399 4304; x_wconf 88' lang='lat' dir='ltr'><strong>clarius</strong></span> <span class='ocrx_word' id='word_1_493' title='bbox 1418 4246 1506 4303; x_wconf 87' lang='lat' dir='ltr'><strong>vertit</strong></span> <span class='ocrx_word' id='word_1_494' title='bbox 1521 4244 1687 4304; x_wconf 81' lang='lat' dir='ltr'><strong>Erasmus:</strong></span> <span class='ocrx_word' id='word_1_495' title='bbox 1711 4246 1747 4305; x_wconf 86' lang='lat' dir='ltr'><strong>id</strong></span> <span class='ocrx_word' id='word_1_496' title='bbox 1766 4241 1841 4322; x_wconf 73' lang='lat' dir='ltr'><strong>qaod</strong></span> 
     </span>
     <span class='ocr_line' id='line_1_43' title="bbox 401 4330 1836 4412; baseline -0.001 -21"><span class='ocrx_word' id='word_1_497' title='bbox 401 4331 458 4392; x_wconf 89' lang='lat' dir='ltr'><strong>hoe</strong></span> <span class='ocrx_word' id='word_1_498' title='bbox 474 4353 539 4393; x_wconf 86' lang='lat' dir='ltr'><strong>cum</strong></span> <span class='ocrx_word' id='word_1_499' title='bbox 556 4352 613 4393; x_wconf 90' lang='lat' dir='ltr'><strong>nec</strong></span> <span class='ocrx_word' id='word_1_500' title='bbox 638 4331 732 4404; x_wconf 89' lang='lat' dir='ltr'><strong>nobis,</strong></span> <span class='ocrx_word' id='word_1_501' title='bbox 755 4353 812 4392; x_wconf 89' lang='lat' dir='ltr'><strong>nec</strong></span> <span class='ocrx_word' id='word_1_502' title='bbox 827 4331 951 4412; x_wconf 81' lang='lat' dir='ltr'><strong>angelis,</strong></span> <span class='ocrx_word' id='word_1_503' title='bbox 972 4351 1028 4392; x_wconf 88' lang='lat' dir='ltr'><strong>nec</strong></span> <span class='ocrx_word' id='word_1_504' title='bbox 1043 4330 1095 4392; x_wconf 88' lang='lat' dir='ltr'><strong>ulli</strong></span> <span class='ocrx_word' id='word_1_505' title='bbox 1147 4332 1255 4409; x_wconf 75' lang='lat' dir='ltr'><strong>futuri</strong></span> <span class='ocrx_word' id='word_1_506' title='bbox 1269 4349 1384 4393; x_wconf 75' lang='lat' dir='ltr'><strong>mmus.</strong></span> <span class='ocrx_word' id='word_1_507' title='bbox 1413 4330 1589 4391; x_wconf 84' lang='lat' dir='ltr'><strong>Caeterum:</strong></span> <span class='ocrx_word' id='word_1_508' title='bbox 1615 4333 1707 4407; x_wconf 78' lang='lat' dir='ltr'><strong>quod</strong></span> <span class='ocrx_word' id='word_1_509' title='bbox 1722 4335 1836 4403; x_wconf 72' lang='grc' dir='ltr'>ινιίιιιιι,</span> 
     </span>
     <span class='ocr_line' id='line_1_44' title="bbox 401 4417 1839 4498; baseline 0 -20"><span class='ocrx_word' id='word_1_510' title='bbox 401 4439 523 4498; x_wconf 84' lang='lat' dir='ltr'><strong>prorsus</strong></span> <span class='ocrx_word' id='word_1_511' title='bbox 553 4429 709 4480; x_wconf 79' lang='lat' dir='ltr'><strong>creaturae</strong></span> <span class='ocrx_word' id='word_1_512' title='bbox 747 4421 954 4480; x_wconf 90' lang='lat' dir='ltr'><strong>communicari</strong></span> <span class='ocrx_word' id='word_1_513' title='bbox 992 4420 1095 4497; x_wconf 87' lang='lat' dir='ltr'><strong>possit,</strong></span> <span class='ocrx_word' id='word_1_514' title='bbox 1148 4417 1259 4497; x_wconf 83' lang='lat' dir='ltr'><strong>legitur</strong></span> <span class='ocrx_word' id='word_1_515' title='bbox 1295 4417 1373 4497; x_wconf 87' lang='lat' dir='ltr'><strong>apud</strong></span> <span class='ocrx_word' id='word_1_516' title='bbox 1409 4417 1613 4497; x_wconf 84' lang='lat' dir='ltr'><strong>Augustinum</strong></span> <span class='ocrx_word' id='word_1_517' title='bbox 1654 4421 1688 4480; x_wconf 92' lang='lat' dir='ltr'><strong>in</strong></span> <span class='ocrx_word' id='word_1_518' title='bbox 1727 4427 1839 4480; x_wconf 78' lang='lat' dir='ltr'><strong>emanat</strong></span> 
     </span>
     <span class='ocr_line' id='line_1_45' title="bbox 401 4504 1840 4586; baseline 0.002 -23"><span class='ocrx_word' id='word_1_519' title='bbox 401 4509 586 4584; x_wconf 83' lang='lat' dir='ltr'><strong>proximam,</strong></span> <span class='ocrx_word' id='word_1_520' title='bbox 609 4506 689 4586; x_wconf 88' lang='lat' dir='ltr'><strong>quod</strong></span> <span class='ocrx_word' id='word_1_521' title='bbox 714 4508 858 4583; x_wconf 82' lang='lat' dir='ltr'><strong>praestari</strong></span> <span class='ocrx_word' id='word_1_522' title='bbox 881 4507 992 4584; x_wconf 88' lang='lat' dir='ltr'><strong>potnit,</strong></span> <span class='ocrx_word' id='word_1_523' title='bbox 1021 4504 1095 4566; x_wconf 83' lang='lat' dir='ltr'><strong>illud</strong></span> <span class='ocrx_word' id='word_1_524' title='bbox 1150 4504 1258 4564; x_wconf 86' lang='lat' dir='ltr'><strong>Psaim.</strong></span> <span class='ocrx_word' id='word_1_525' title='bbox 1278 4508 1326 4567; x_wconf 82' lang='lat'><strong>37.</strong></span> <span class='ocrx_word' id='word_1_526' title='bbox 1351 4504 1401 4566; x_wconf 91' lang='lat' dir='ltr'><strong>Sic</strong></span> <span class='ocrx_word' id='word_1_527' title='bbox 1416 4506 1508 4564; x_wconf 86' lang='lat' dir='ltr'><strong>ctiam</strong></span> <span class='ocrx_word' id='word_1_528' title='bbox 1523 4515 1691 4567; x_wconf 81' lang='lat' dir='ltr'><strong>verterunt</strong></span> <span class='ocrx_word' id='word_1_529' title='bbox 1707 4509 1840 4583; x_wconf 73' lang='lat' dir='ltr'><strong>interpres</strong></span> 
     </span>
     <span class='ocr_line' id='line_1_46' title="bbox 401 4589 1839 4675; baseline 0.001 -25"><span class='ocrx_word' id='word_1_530' title='bbox 401 4592 466 4665; x_wconf 80' lang='lat' dir='ltr'><strong>tuit,</strong></span> <span class='ocrx_word' id='word_1_531' title='bbox 489 4601 523 4653; x_wconf 91' lang='lat' dir='ltr'><strong>ut</strong></span> <span class='ocrx_word' id='word_1_532' title='bbox 537 4611 591 4672; x_wconf 89' lang='lat' dir='ltr'><strong>per</strong></span> <span class='ocrx_word' id='word_1_533' title='bbox 607 4593 732 4672; x_wconf 81' lang='lat' dir='ltr'><strong>gratiam</strong></span> <span class='ocrx_word' id='word_1_534' title='bbox 757 4611 810 4650; x_wconf 91' lang='lat' dir='ltr'><strong>nos</strong></span> <span class='ocrx_word' id='word_1_535' title='bbox 827 4592 994 4671; x_wconf 88' lang='lat' dir='ltr'><strong>adoptaret,</strong></span> <span class='ocrx_word' id='word_1_536' title='bbox 1014 4592 1093 4652; x_wconf 82' lang='lat' dir='ltr'><strong>tace·</strong></span> <span class='ocrx_word' id='word_1_537' title='bbox 1149 4589 1312 4652; x_wconf 82' lang='lat' dir='ltr'><strong>Clementis</strong></span> <span class='ocrx_word' id='word_1_538' title='bbox 1337 4600 1366 4652; x_wconf 89' lang='lat' dir='ltr'><strong>et</strong></span> <span class='ocrx_word' id='word_1_539' title='bbox 1381 4592 1587 4672; x_wconf 81' lang='lat' dir='ltr'><strong>Hieronymus</strong></span> <span class='ocrx_word' id='word_1_540' title='bbox 1611 4593 1643 4652; x_wconf 88' lang='lat' dir='ltr'><strong>in</strong></span> <span class='ocrx_word' id='word_1_541' title='bbox 1669 4596 1758 4675; x_wconf 83' lang='lat' dir='ltr'><strong>epist.</strong></span> <span class='ocrx_word' id='word_1_542' title='bbox 1780 4592 1839 4673; x_wconf 79' lang='lat' dir='ltr'><strong>Epi·</strong></span> 
     </span>
     <span class='ocr_line' id='line_1_47' title="bbox 398 4677 1840 4760; baseline 0 -23"><span class='ocrx_word' id='word_1_543' title='bbox 398 4689 503 4759; x_wconf 86' lang='lat' dir='ltr'><strong>retqne</strong></span> <span class='ocrx_word' id='word_1_544' title='bbox 517 4679 594 4739; x_wconf 88' lang='lat' dir='ltr'><strong>filios</strong></span> <span class='ocrx_word' id='word_1_545' title='bbox 614 4698 685 4738; x_wconf 88' lang='lat' dir='ltr'><strong>enos</strong></span> <span class='ocrx_word' id='word_1_546' title='bbox 702 4677 872 4756; x_wconf 82' lang='lat' dir='ltr'><strong>adoptivos,</strong></span> <span class='ocrx_word' id='word_1_547' title='bbox 897 4699 933 4738; x_wconf 86' lang='lat' dir='ltr'><strong>ac</strong></span> <span class='ocrx_word' id='word_1_548' title='bbox 948 4682 1032 4758; x_wconf 83' lang='lat' dir='ltr'><strong>regni</strong></span> <span class='ocrx_word' id='word_1_549' title='bbox 1049 4680 1095 4738; x_wconf 84' lang='lat' dir='ltr'><strong>eni</strong></span> <span class='ocrx_word' id='word_1_550' title='bbox 1148 4678 1252 4757; x_wconf 88' lang='lat' dir='ltr'><strong>phanii</strong></span> <span class='ocrx_word' id='word_1_551' title='bbox 1269 4679 1308 4740; x_wconf 86' lang='lat' dir='ltr'><strong>ad</strong></span> <span class='ocrx_word' id='word_1_552' title='bbox 1323 4680 1473 4741; x_wconf 88' lang='lat' dir='ltr'><strong>Joannem</strong></span> <span class='ocrx_word' id='word_1_553' title='bbox 1490 4678 1840 4760; x_wconf 75' lang='lat' dir='ltr'><strong>Hierosolymitannme</strong></span> 
     </span>
     <span class='ocr_line' id='line_1_48' title="bbox 398 4763 1838 4835; baseline 0.001 -11"><span class='ocrx_word' id='word_1_554' title='bbox 398 4764 552 4826; x_wconf 86' lang='lat' dir='ltr'><strong>haeredes.</strong></span> <span class='ocrx_word' id='word_1_555' title='bbox 587 4767 680 4827; x_wconf 88' lang='lat' dir='ltr'><strong>Tales</strong></span> <span class='ocrx_word' id='word_1_556' title='bbox 708 4775 806 4824; x_wconf 87' lang='lat' dir='ltr'><strong>autem</strong></span> <span class='ocrx_word' id='word_1_557' title='bbox 834 4763 914 4835; x_wconf 83' lang='lat' dir='ltr'><strong>lacit,</strong></span> <span class='ocrx_word' id='word_1_558' title='bbox 943 4764 1012 4824; x_wconf 82' lang='lat' dir='ltr'><strong>dom</strong></span> <span class='ocrx_word' id='word_1_559' title='bbox 1040 4785 1094 4825; x_wconf 90' lang='lat' dir='ltr'><strong>noe</strong></span> <span class='ocrx_word' id='word_1_560' title='bbox 1148 4784 1182 4824; x_wconf 91' lang='lat' dir='ltr'><strong>ee</strong></span> <span class='ocrx_word' id='word_1_561' title='bbox 1198 4784 1214 4824; x_wconf 92' lang='lat' dir='ltr'><strong>e</strong></span> <span class='ocrx_word' id='word_1_562' title='bbox 1232 4764 1348 4826; x_wconf 86' lang='lat' dir='ltr'><strong>Graeco</strong></span> <span class='ocrx_word' id='word_1_563' title='bbox 1373 4765 1529 4825; x_wconf 85' lang='lat' dir='ltr'><strong>translata.</strong></span> <span class='ocrx_word' id='word_1_564' title='bbox 1558 4767 1724 4831; x_wconf 79' lang='lat' dir='ltr'><strong>Diversum</strong></span> <span class='ocrx_word' id='word_1_565' title='bbox 1740 4778 1838 4829; x_wconf 74' lang='lat' dir='ltr'><strong>ester</strong></span> 
     </span>
     <span class='ocr_line' id='line_1_49' title="bbox 398 4851 1840 4935; baseline 0.006 -27"><span class='ocrx_word' id='word_1_566' title='bbox 398 4858 571 4929; x_wconf 84' lang='lat' dir='ltr'><strong>regenerat,</strong></span> <span class='ocrx_word' id='word_1_567' title='bbox 604 4855 745 4912; x_wconf 75' lang='lat' dir='ltr'><strong>maximo</strong></span> <span class='ocrx_word' id='word_1_568' title='bbox 775 4859 803 4911; x_wconf 80' lang='lat' dir='ltr'><strong>et</strong></span> <span class='ocrx_word' id='word_1_569' title='bbox 831 4856 972 4929; x_wconf 79' lang='lat' dir='ltr'><strong>pretioso</strong></span> <span class='ocrx_word' id='word_1_570' title='bbox 1003 4852 1095 4913; x_wconf 78' lang='lat' dir='ltr'><strong>nodia</strong></span> <span class='ocrx_word' id='word_1_571' title='bbox 1148 4861 1216 4923; x_wconf 89' lang='lat' dir='ltr'><strong>tem,</strong></span> <span class='ocrx_word' id='word_1_572' title='bbox 1233 4851 1313 4929; x_wconf 89' lang='lat' dir='ltr'><strong>quod</strong></span> <span class='ocrx_word' id='word_1_573' title='bbox 1330 4852 1483 4931; x_wconf 78' lang='lat' dir='ltr'><strong>Didymus</strong></span> <span class='ocrx_word' id='word_1_574' title='bbox 1500 4853 1594 4935; x_wconf 87' lang='lat' dir='ltr'><strong>legit:</strong></span> <span class='ocrx_word' id='word_1_575' title='bbox 1622 4857 1840 4933; x_wconf 75' lang='lat' dir='ltr'><strong>Nondumep-</strong></span> 
     </span>
     <span class='ocr_line' id='line_1_50' title="bbox 394 4938 1839 5019; baseline 0.003 -24"><span class='ocrx_word' id='word_1_576' title='bbox 394 4942 555 5013; x_wconf 79' lang='lat' dir='ltr'><strong>promissa</strong></span> <span class='ocrx_word' id='word_1_577' title='bbox 580 4938 719 5018; x_wconf 83' lang='lat' dir='ltr'><strong>largiens,</strong></span> <span class='ocrx_word' id='word_1_578' title='bbox 744 4958 797 5019; x_wconf 87' lang='lat' dir='ltr'><strong>per</strong></span> <span class='ocrx_word' id='word_1_579' title='bbox 819 4961 905 5019; x_wconf 83' lang='lat' dir='ltr'><strong>quae,</strong></span> <span class='ocrx_word' id='word_1_580' title='bbox 930 4938 1092 4998; x_wconf 80' lang='lat' dir='ltr'><strong>secunlum</strong></span> <span class='ocrx_word' id='word_1_581' title='bbox 1146 4942 1268 5014; x_wconf 77' lang='lat' dir='ltr'><strong>parate,</strong></span> <span class='ocrx_word' id='word_1_582' title='bbox 1285 4940 1370 5015; x_wconf 83' lang='lat' dir='ltr'><strong>quod</strong></span> <span class='ocrx_word' id='word_1_583' title='bbox 1381 4941 1490 5014; x_wconf 76' lang='lat' dir='ltr'><strong>aimus,</strong></span> <span class='ocrx_word' id='word_1_584' title='bbox 1508 4941 1540 5001; x_wconf 92' lang='lat' dir='ltr'><strong>id</strong></span> <span class='ocrx_word' id='word_1_585' title='bbox 1555 4952 1613 5018; x_wconf 79' lang='lat' dir='ltr'><strong>eet,</strong></span> <span class='ocrx_word' id='word_1_586' title='bbox 1626 4966 1684 5005; x_wconf 88' lang='lat' dir='ltr'><strong>noa</strong></span> <span class='ocrx_word' id='word_1_587' title='bbox 1697 4965 1762 5007; x_wconf 86' lang='lat' dir='ltr'><strong>esse</strong></span> <span class='ocrx_word' id='word_1_588' title='bbox 1773 4943 1839 5004; x_wconf 78' lang='lat' dir='ltr'><strong>filios</strong></span> 
     </span>
     <span class='ocr_line' id='line_1_51' title="bbox 396 5025 1838 5113; baseline 0.006 -29"><span class='ocrx_word' id='word_1_589' title='bbox 396 5025 666 5106; x_wconf 85' lang='lat' dir='ltr'><strong>participationem,</strong></span> <span class='ocrx_word' id='word_1_590' title='bbox 682 5026 861 5104; x_wconf 72' lang='lat' dir='ltr'><strong>efficiamur</strong></span> <span class='ocrx_word' id='word_1_591' title='bbox 873 5028 1004 5087; x_wconf 74' lang='lat' dir='ltr'><strong>divinoe</strong></span> <span class='ocrx_word' id='word_1_592' title='bbox 1016 5045 1092 5087; x_wconf 83' lang='lat' dir='ltr'><strong>con·</strong></span> <span class='ocrx_word' id='word_1_593' title='bbox 1147 5025 1221 5102; x_wconf 74' lang='lat' dir='ltr'><strong>Dei,</strong></span> <span class='ocrx_word' id='word_1_594' title='bbox 1242 5025 1319 5106; x_wconf 61' lang='lat' dir='ltr'><strong>:ruod</strong></span> <span class='ocrx_word' id='word_1_595' title='bbox 1336 5036 1432 5086; x_wconf 89' lang='lat' dir='ltr'><strong>tamen</strong></span> <span class='ocrx_word' id='word_1_596' title='bbox 1445 5046 1572 5092; x_wconf 86' lang='lat' dir='ltr'><strong>sensum</strong></span> <span class='ocrx_word' id='word_1_597' title='bbox 1586 5032 1683 5095; x_wconf 83' lang='lat' dir='ltr'><strong>habet</strong></span> <span class='ocrx_word' id='word_1_598' title='bbox 1699 5031 1838 5113; x_wconf 73' lang='lat' dir='ltr'><strong>haudqu-</strong></span> 
     </span>
    </p>
   </div>
   <div class='ocr_carea' id='block_1_3' title="bbox 0 0 2251 5825">
    <p class='ocr_par' dir='ltr' id='par_1_6' title="bbox 0 0 2251 5825">
     <span class='ocr_line' id='line_1_52' title="bbox 0 0 2251 5825; baseline 0 0"><span class='ocrx_word' id='word_1_599' title='bbox 0 0 2251 5825; x_wconf 95' lang='lat' dir='ltr'><strong> </strong></span> 
     </span>
    </p>
   </div>
  </div>
 </body>
</html>
