4442 5825
396 565 472 647 titt
781 634 785 639 ,
928 559 1162 616 comanus
1178 559 1210 615 ru
1228 559 1294 615 crs.
1312 561 1343 615 x.

395 758 480 811 nam,
506 735 556 797 sol
577 735 648 819 quia
670 757 730 799 uon
749 737 887 810 moritur,
914 734 946 796 id
972 746 1093 799 estnon
1146 738 1317 820 praefectus
1333 745 1378 799 est
1390 735 1542 811 Christus,
1558 738 1727 818 interpretat

396 824 545 897 aboletur,
566 822 714 905 quomodo
731 828 797 900 sia,
822 843 901 904 quae
917 822 1047 886 ducebat
1062 827 1092 884 in
1147 826 1286 887 alesiam:
1317 828 1405 904 Quae
1434 824 1562 900 domna,
1594 825 1708 906 inquit,

395 920 485 972 vetus
509 911 747 984 tubernaculum,
774 930 834 973 uua
857 931 923 972 oum
942 911 1092 992 legalibus
1145 931 1214 987 nos,
1228 912 1318 974 idest
1331 911 1461 973 fidelium
1474 909 1643 973 multitudo.
1666 912 1727 975 tic<

396 1000 506 1061 extrita
520 1007 566 1059 est
581 1009 609 1058 et
623 1006 755 1074 mortua,
779 997 834 1059 sed
857 1016 976 1078 semper
990 1006 1093 1059 manet
1146 998 1184 1061 ab
1215 1019 1252 1059 ea
1282 1017 1424 1080 separare
1454 999 1585 1061 intendit
1613 997 1726 1060 Bcolss

342 1113 344 1116 ⁴
396 1105 432 1147 ae
454 1084 520 1146 sola
542 1085 648 1146 sufficit
672 1083 897 1147 introducendis
920 1085 951 1146 iu
974 1083 1092 1145 coelum
1146 1086 1231 1147 coelo
1247 1095 1437 1165 regnantem,
1463 1104 1524 1147 nno
1547 1085 1627 1147 enim
1649 1086 1727 1148 nomi

395 1171 652 1233 omnibnsolsctis
669 1175 811 1252 usquein
825 1172 915 1233 mem
930 1171 1052 1233 saeculi.
1145 1192 1215 1233 mus
1237 1173 1299 1233 Dei
1320 1173 1443 1233 ridetur
1470 1172 1726 1255 comprehendere

436 1259 503 1319 Par
523 1260 687 1335 velamen,
714 1259 748 1319 id
772 1267 819 1320 est
841 1276 969 1319 carnem
992 1276 1091 1321 snam.
1146 1259 1259 1321 Christi
1275 1278 1409 1340 regnum,
1425 1258 1630 1341 quodpertim
1644 1259 1727 1320 milit

396 1343 657 1425 Quemadmodum
684 1345 822 1426 pontiiex
844 1344 1012 1407 Aarouicus
1038 1365 1093 1426 per
1145 1349 1199 1407 tim
1214 1346 1387 1427 triumphet.
1410 1346 1493 1406 Huic
1511 1348 1626 1428 quippe
1640 1344 1727 1407 toti(

394 1432 493 1494 velum
509 1432 642 1495 intrabas
656 1434 688 1495 in
703 1432 823 1505 Sanam,
849 1431 928 1512 quod
943 1433 1093 1513 superiori
1146 1433 1317 1514 praelectus
1332 1442 1393 1506 est,
1408 1433 1486 1493 sicut
1501 1442 1533 1493 et
1546 1435 1639 1494 totins
1657 1441 1727 1493 estc

396 1521 496 1602 capite
508 1519 664 1583 dicebatur
676 1520 889 1581 velamentum
901 1520 1092 1581 secundnm.-
1190 1523 1239 1581 22.
1261 1520 1456 1582 Accedamus
1471 1539 1539 1581 cnm
1558 1538 1634 1581 aero
1649 1519 1727 1581 cord

393 1609 438 1669 ita
452 1604 591 1677 Christus
613 1625 667 1688 per
682 1625 802 1668 carnem
821 1625 907 1666 suam
922 1606 1046 1667 intravit
1060 1606 1092 1667 in
1145 1625 1217 1668 rum
1239 1624 1294 1667 cor
1316 1626 1397 1668 more
1420 1607 1596 1688 Scripturas
1618 1607 1727 1667 dicitur

395 1692 517 1767 coslum,
534 1702 567 1753 ut
582 1712 636 1774 per
647 1692 818 1774 hujusmodi
829 1694 997 1771 inpressum
1011 1694 1091 1753 viam
1146 1703 1227 1754 ctum
1239 1703 1270 1754 et
1282 1695 1440 1766 sincerum,
1449 1697 1497 1754 cui
1507 1694 1669 1774 opponitur
1682 1713 1728 1755 cor

394 1780 482 1842 nobie
493 1781 637 1854 initiaret,
648 1799 709 1860 qua
720 1799 773 1841 nos
785 1797 985 1861 sequemmur.
1007 1781 1090 1842 Caro
1146 1791 1178 1841 st
1193 1779 1321 1861 duplex,
1348 1800 1416 1841 cum
1433 1780 1515 1841 aliud
1538 1779 1727 1842 ostenditurt

396 1866 513 1931 Christi
527 1875 609 1927 recte
624 1887 678 1947 psr
690 1867 789 1928 volum
801 1865 994 1948 significatur,
1004 1869 1091 1946 -quie,
1106 1902 1109 1943 ,
1145 1886 1281 1928 sermone
1297 1877 1349 1929 aut
1363 1886 1462 1946 opero,
1478 1866 1563 1928 aliud
1578 1877 1703 1929 tenetur
1717 1866 1726 1928 i

395 1954 474 2016 sicut
495 1953 596 2016 velum
617 1954 771 2035 operiebat
792 1973 903 2014 arcuna
920 1953 1090 2024 sanctuarii,
1145 1956 1266 2016 tatione
1304 1955 1412 2035 Itaque
1427 1962 1562 2015 removet
1577 1955 1627 2015 bic
1651 1955 1727 2035 hyp<

396 2048 427 2101 st
448 2048 548 2102 tamen
570 2042 734 2122 ingressum
752 2040 824 2102 illuc
838 2039 1019 2120 praebebat,
1049 2041 1092 2100 ita
1146 2049 1176 2101 et
1191 2060 1299 2102 seusus
1315 2052 1376 2102 est:
1399 2040 1591 2103 Accedamus
1608 2039 1648 2102 ad
1665 2042 1727 2103 Dea

396 2146 464 2189 asro
480 2126 594 2189 Christi
610 2127 795 2211 diuinitatem
814 2127 931 2189 obtexit
946 2126 1089 2208 quodam·
1145 2129 1300 2188 tendamus
1324 2128 1489 2189 adSsncta
1511 2125 1594 2205 (nana
1616 2137 1727 2193 utrums

394 2213 502 2293 modo;
532 2214 648 2278 latebat
662 2216 741 2278 eninr
756 2217 788 2276 in
802 2214 918 2275 bomine
933 2214 1036 2289 Dous3
1062 2224 1092 2274 et
1145 2223 1205 2275 test
1220 2212 1405 2290 subaudiri),
1428 2233 1503 2296 pure
1519 2224 1548 2276 et
1564 2217 1684 2276 sincere
1700 2223 1727 2276 at

394 2311 496 2364 nmen
524 2321 577 2384 per
607 2321 674 2364 sam
704 2303 743 2364 ad
773 2300 871 2363 Deum
904 2300 1090 2363 adducimur.
1146 2304 1246 2364 auimo
1272 2301 1303 2363 id
1326 2310 1469 2382 agentes,
1496 2301 1578 2384 quod
1602 2303 1727 2364 exterius

395 2388 464 2471 Quo
480 2392 626 2470 pertinet,
650 2389 732 2470 quod
754 2391 786 2450 in
806 2396 899 2450 morte
914 2387 1025 2449 Christi
1039 2407 1089 2449 vs·
1145 2398 1251 2450 temus.
1494 2413 1496 2418 ·

394 2477 457 2539 lum
479 2476 584 2557 templi
605 2478 730 2539 scissum
757 2485 804 2537 est
828 2476 859 2535 in
881 2473 958 2536 duas
980 2485 1090 2556 partes,
1188 2476 1231 2537 In
1264 2475 1469 2554 plenitudine
1498 2475 1580 2555 lldci.
1626 2475 1727 2536 Pleni

393 2564 498 2625 Mauh.
515 2564 584 2639 27„
607 2564 679 2644 qnia
694 2564 847 2636 nimirum,
871 2581 961 2622 carne
976 2560 1091 2623 Christi
1145 2559 1264 2622 Graeca
1277 2556 1491 2641 πληροφορίᾳ,
1515 2582 1607 2643 qnam
1623 2564 1727 2624 certitu

393 2660 588 2733 permantum
604 2652 772 2724 conscissa,
795 2657 897 2731 patere
912 2650 1013 2729 coepit
1027 2647 1090 2709 adi·
1144 2647 1195 2710 alii
1214 2651 1454 2728 interpretantur.
1492 2648 1589 2730 supra
1611 2669 1680 2729 cap.
1696 2652 1725 2712 6.

394 2746 444 2800 tus
459 2740 491 2799 in
507 2735 632 2798 coelum.
667 2736 781 2817 Quaeri
797 2745 914 2817 posset,
940 2736 1091 2816 quomodo
1145 2735 1212 2797 dem
1229 2735 1346 2797 Graeca
1361 2756 1437 2799 voce
1452 2735 1593 2816 legimns:
1622 2739 1727 2814 explet

395 2844 474 2886 nunc
489 2822 590 2884 selum
607 2823 720 2886 Paulus
742 2825 955 2904 interpretetur
970 2842 1091 2884 earnem
1146 2822 1177 2883 id
1194 2832 1242 2883 est
1257 2822 1473 2903 plenitudinem
1489 2824 1562 2904 spei.
1597 2822 1727 2904 Vide,q

395 2910 523 2986 Christi,
546 2930 637 2994 quam
659 2914 760 2991 capite
778 2908 971 2992 praecedenti
994 2922 1090 2972 osten·
1145 2919 1216 2973 sunt
1230 2931 1249 2971 a
1263 2909 1351 2972 nobis
1366 2920 1516 2973 snuouta.
1551 2909 1667 2972 Sensus
1683 2920 1727 2972 est

395 2997 495 3062 dimus
511 3018 549 3059 ex
570 3008 670 3060 mente
692 2997 827 3077 eiusdem
843 2995 983 3078 Apostoli
1007 3016 1091 3077 prae·
1146 2997 1539 3079 plenacartissimnquelide
1551 3000 1727 3078 promissori

394 3085 551 3168 murano
571 3083 664 3146 fuisso
686 3105 740 3166 per
761 3084 997 3147 tabernaculum.
1031 3083 1091 3145 sed
1146 3085 1267 3147 Fidelis
1281 3091 1325 3144 est
1340 3087 1423 3145 esaim
1432 3129 1443 3160 ,
1467 3085 1511 3146 uti
1526 3104 1596 3145 mox
1611 3087 1727 3167 sequitu

395 3174 436 3236 ad
450 3172 508 3235 boc
522 3171 727 3252 respondimus
742 3192 777 3234 so
788 3174 853 3253 ipso
866 3172 942 3245 loco,
961 3180 1091 3231 tractau·
1144 3174 1300 3248 promisit.

395 3267 442 3321 tes
457 3260 511 3322 illa
525 3259 636 3319 verba:
655 3261 715 3321 Per
729 3258 1093 3337 ampliaretpsrsectius
1189 3257 1341 3334 Adspcrai
1362 3258 1460 3319 cordo
1482 3277 1503 3319 a
1526 3261 1723 3320 conscientie

394 3346 647 3409 tabernaculum.
1146 3352 1176 3409 et
1190 3346 1292 3405 ablati
1313 3364 1428 3423 corpus
1448 3363 1534 3423 aqna
1556 3346 1692 3407 manda.

437 3437 489 3496 21.
512 3435 555 3495 Et
583 3433 776 3496 sacedotem
810 3450 964 3509 maantam
997 3449 1092 3508 saper
1146 3430 1185 3493 ad
1201 3433 1391 3512 aspersiones
1413 3441 1443 3491 et
1466 3431 1637 3493 ablutiones
1654 3431 1726 3514 lega

396 3521 527 3584 domam
543 3521 612 3582 Dei.
634 3519 753 3582 Pendet
772 3520 850 3581 baec
865 3537 935 3601 pars
950 3537 968 3578 a
981 3518 1091 3578 verbo:
1146 3519 1191 3578 lut
1206 3526 1310 3599 typos,
1337 3519 1448 3599 quibus
1463 3519 1536 3593 ista,
1562 3518 1600 3579 ds
1623 3539 1688 3599 qua
1704 3519 1727 3580 ls

394 3608 560 3680 babentes,
583 3616 615 3668 et
629 3625 735 3668 sensus
751 3614 811 3668 est:
836 3605 931 3679 Item,
958 3624 1026 3665 cum
1041 3603 1091 3664 ba·
1146 3606 1279 3686 aspersio
1296 3613 1325 3665 st
1341 3606 1455 3667 ablutio
1471 3604 1674 3686 praefigurata
1689 3609 1727 3668 sit

395 3692 519 3757 bmmus
539 3693 722 3756 mcerdotem
745 3712 886 3772 magnum
907 3692 1092 3771 praelectum
1146 3712 1206 3774 que
1232 3694 1410 3753 memoravit
1436 3711 1502 3771 cap.
1532 3694 1691 3773 praeced,
1719 3714 1727 3776 Ι

396 3781 499 3844 domui
521 3781 594 3854 Dei,
625 3780 682 3840 hoc
708 3788 772 3854 est,
804 3776 974 3853 Christum,
1003 3795 1092 3858 quem
1146 3778 1347 3858 baptismata,
1377 3777 1487 3840 deiude
1518 3780 1720 3860 aspersiones.

394 3867 482 3929 Deus
508 3867 666 3929 constituit
690 3886 781 3949 super
799 3873 893 3927 totam
915 3863 1091 3937 Ecclesiam,
1146 3866 1200 3946 qui
1215 3866 1246 3926 in
1263 3866 1421 3946 posteriori
1436 3865 1567 3926 membro
1591 3876 1727 3946 putenti

395 3973 475 4035 quae
491 3964 537 4016 sst
551 3953 656 4016 domus
671 3954 748 4033 ejus.
781 3951 924 4033 Intellige
942 3950 1091 4012 mcerdo-
1145 3951 1205 4012 lum
1245 3952 1394 4032 respicere
1433 3952 1471 4014 ud
1507 3952 1605 4013 locum
1636 3953 1727 4016 Ecca

395 4049 456 4102 tem
472 4040 571 4102 adbuc
590 4050 728 4121 agentem
750 4060 802 4113 es,
826 4058 904 4120 quae
927 4037 1092 4099 sacerdotis
1146 4037 1322 4118 Effundam
1339 4057 1435 4114 snper
1458 4058 1513 4101 aos
1533 4058 1652 4117 aquam
1678 4056 1727 4103 ms

394 4135 479 4202 sunt,
494 4127 526 4188 id
542 4135 595 4201 est,
611 4148 730 4190 carnem
744 4146 844 4200 suam,
861 4127 893 4186 in
909 4145 970 4205 qua
984 4143 1092 4206 passus
1146 4132 1175 4186 et
1195 4124 1433 4188 mundabimini
1455 4125 1494 4186 ab
1518 4125 1665 4189 omnibns
1691 4130 1727 4192 in

394 4224 456 4289 est,
473 4214 573 4276 adbuc
587 4214 758 4276 offerentem
774 4212 874 4285 Patri,
895 4221 926 4273 et
940 4211 971 4272 in
985 4231 1022 4271 ea
1036 4231 1091 4292 pro
1145 4214 1260 4274 mentis
1275 4215 1394 4274 vestris.
1417 4212 1477 4275 scd
1492 4214 1594 4273 uerius
1614 4213 1727 4278 arbitro

394 4302 481 4376 uobis
498 4301 758 4382 interpellantem,
772 4298 921 4379 deniquo,
941 4298 994 4380 qui
1010 4297 1092 4378 apud
1146 4300 1226 4371 dixi,
1250 4301 1282 4360 in
1297 4309 1427 4380 unoque
1442 4318 1509 4362 esse
1524 4299 1711 4364 allusionem
1724 4329 1727 4359 a

394 4389 516 4452 Patrem
533 4390 634 4450 omnia
648 4389 760 4470 possit,
777 4397 811 4447 ut
823 4387 873 4447 cui
887 4386 977 4446 Pater
993 4385 1092 4445 omnia
1145 4387 1294 4447 semoniae
1310 4385 1394 4467 legis.
1419 4387 1501 4447 Tota
1516 4388 1595 4448 enim
1612 4386 1727 4450 based

396 4474 514 4538 dederit
539 4475 570 4536 in
593 4495 707 4536 manus.
744 4473 830 4535 idem
858 4472 935 4534 enim
961 4470 1028 4532 vult
1054 4492 1092 4533 ea
1146 4472 1317 4534 exhortatio
1344 4474 1478 4535 continet
1505 4474 1725 4555 expositionem

395 4583 482 4644 pars:
498 4580 593 4640 snper
604 4562 733 4626 domam
746 4563 815 4622 Dei.
840 4559 925 4620 llaec
937 4566 1036 4618 autem
1052 4557 1091 4617 ab
1145 4558 1214 4622 dam
1229 4559 1424 4639 allegoricam
1440 4579 1558 4633 eorum,
1585 4578 1668 4642 quae
1692 4561 1727 4626 ds

396 4648 543 4732 Apostolo
562 4647 701 4711 dicuntur
722 4646 762 4709 ad
785 4643 975 4708 excitandam
995 4652 1024 4706 et
1039 4663 1090 4705 au·
1145 4646 1301 4726 pontifics,
1328 4655 1358 4708 et
1379 4648 1503 4721 sanctis,
1530 4654 1561 4708 et
1582 4666 1727 4713 mmor

395 4736 524 4818 gandam
541 4738 571 4798 in
584 4733 648 4797 suis
659 4734 809 4798 Hebraeis
822 4731 969 4793 fiduciam.
991 4730 1090 4794 Thea
1145 4733 1246 4813 perlue
1269 4733 1355 4795 dixit.
1391 4734 1442 4795 Ita
1463 4735 1605 4795 nimirum
1625 4735 1718 4798 etiarn

395 4823 557 4905 phylactus
583 4823 712 4883 domam
743 4821 806 4883 Dei
833 4817 950 4880 mavult
975 4816 1091 4879 coelum
1145 4818 1236 4879 tando
1263 4819 1365 4894 docet,
1393 4840 1430 4881 ac
1458 4820 1534 4900 logis
1559 4821 1675 4900 ligures
1702 4841 1727 4888 ac

395 4908 543 4991 intelligi,
558 4908 613 4971 sed
628 4910 710 4989 prior
722 4906 873 4989 expositio
889 4913 1091 4966 consentanea
1144 4906 1356 4982 Accedamus,
1393 4908 1508 4987 inquit,
1543 4909 1666 4985 aspersi
1696 4929 1727 4976 εε

396 5005 442 5058 est
466 4995 632 5078 apostolo,
658 4996 712 5084 qui
734 5014 799 5078 cap.
824 4996 852 5056 a
874 4991 1011 5067 domum,
1042 4993 1091 5052 cui
1143 4997 1337 5057 conamentio
1359 4994 1464 5070 mala,
1490 4992 1594 5056 idest
1616 4997 1727 5078 emund
