4442 5825
846 596 1302 651 mnrsroammseameos
1773 607 1795 674 9

365 771 500 831 oblivisci
539 770 584 831 Et
608 771 731 832 iterum:
759 771 992 848 Bsaclioentioc
1019 781 1049 833 ct
1099 793 1185 833 mum
1207 772 1358 834 Hebraeis
1383 791 1451 834 esse
1473 774 1614 849 invisum,
1636 780 1797 856 propterea

361 860 584 918 communionis
598 858 698 918 molita
714 857 862 920 obliciaci-
885 859 973 938 Quae
988 879 1048 919 om·
1103 859 1186 939 quod
1200 859 1279 940 legis
1295 859 1508 932 observantias,
1523 879 1599 940 quae
1615 860 1672 933 illi,
1694 879 1795 942 qnam-

359 947 398 1004 ria
419 946 451 1003 in
467 943 613 1022 Epistola
627 943 667 1004 ad
681 944 833 1006 Βοιιιαηος
856 965 920 1026 cap.
938 947 987 1005 12.
1003 946 1049 1005 sic
1101 946 1148 1007 vis
1170 946 1201 1007 in
1217 945 1368 1007 Christum
1391 945 1559 1020 eredentes,
1580 947 1731 1009 mordicus
1746 946 1796 1007 ad·

357 1032 526 1090 efferuntur:
544 1031 625 1091 Cum
641 1029 787 1091 omaibtss
796 1033 975 1092 bominibus
986 1050 1048 1107 po·
1100 1032 1159 1092 huc
1174 1032 1353 1106 retinebant,
1377 1031 1539 1111 abrogatae
1554 1052 1623 1095 esse
1639 1053 1693 1115 per
1707 1032 1796 1094 chri·

357 1137 411 1176 omn
443 1116 606 1177 babentes.
644 1116 806 1178 Oberiwtc
830 1119 1049 1194 fraternitatis
1101 1127 1179 1179 etum
1202 1118 1329 1179 doceret
1354 1118 1548 1197 Quantopere
1567 1121 1647 1181 enim
1662 1119 1796 1180 Hebraei

355 1206 483 1262 invicem
508 1203 685 1278 dilipcntes.
713 1204 974 1279 Hospitalitatem
1000 1222 1049 1264 sc·
1101 1203 1300 1283 inerintlegis
1315 1204 1523 1277 aemnlatores,
1538 1225 1666 1285 mmque
1681 1204 1720 1267 ob
1735 1227 1797 1266 rem

355 1296 478 1349 occsa.
507 1289 749 1350 Necessitatibass
765 1298 946 1372 commossem
963 1308 1049 1351 com·
1101 1291 1198 1351 Paulo
1216 1290 1404 1352 vehementer
1415 1289 1536 1364 infensi,
1550 1289 1639 1353 docet
1650 1294 1794 1354 Actorum

354 1378 561 1436 manicantes.
577 1375 626 1435 Sic
641 1383 673 1435 et
683 1375 760 1436 illud
771 1375 906 1454 ejusdem
919 1396 984 1455 esp.
999 1378 1047 1437 13.
1101 1378 1232 1450 historia,
1248 1379 1422 1457 praesertim
1438 1396 1503 1456 cap.
1521 1378 1570 1437 st.
1599 1377 1704 1439 Altera
1718 1378 1796 1439 ratio

355 1466 418 1524 Sint
434 1479 542 1521 meaos
556 1463 624 1522 aisse
640 1465 782 1522 everius
796 1465 937 1523 contemti
950 1482 1049 1538 pecc·
1102 1473 1165 1536 est,
1188 1463 1262 1543 quia
1282 1463 1395 1524 Paulus
1420 1482 1481 1523 non
1500 1462 1716 1536 Hebraeorum,
1742 1463 1796 1525 sed

354 1551 499 1622 recubus,
523 1547 625 1607 simile
645 1556 694 1607 est
708 1548 746 1620 ei,
767 1548 849 1627 quod
872 1551 914 1609 ait
931 1553 947 1609 1
966 1551 1047 1610 Tim.
1102 1551 1234 1629 gentium
1247 1547 1425 1630 Apostolum
1440 1568 1477 1609 ac
1491 1549 1668 1627 magistrum
1680 1569 1713 1610 se
1728 1569 1795 1629 pro·

355 1640 378 1696 6.
405 1633 572 1694 Habentes
597 1634 751 1695 cltmmsc
772 1642 802 1694 ct
826 1635 938 1712 quibas
960 1643 1048 1713 tepo-
1101 1635 1251 1708 iitebatur‚
1273 1643 1307 1694 ut
1321 1636 1407 1695 Rem.
1425 1639 1483 1708 11„
1505 1633 1573 1696 Gal
1590 1637 1619 1695 2.
1634 1635 1698 1696 ati
1715 1635 1796 1699 Tim.

356 1740 431 1794 mas,
448 1722 498 1779 bis
513 1723 655 1780 connati
668 1739 783 1782 sumas.
1104 1726 1131 1782 1.
1154 1720 1288 1801 Ideoque
1309 1721 1408 1782 noluit
1426 1740 1480 1804 pro
1503 1739 1586 1781 more
1600 1723 1645 1783 sic
1660 1722 1796 1801 incipere

391 1807 526 1867 Possent
548 1812 580 1866 et
597 1805 678 1866 aliae
698 1808 828 1869 rationes
850 1806 906 1868 buc
928 1808 1047 1883 adferri,
1101 1806 1283 1887 Epistulam:
1299 1807 1412 1869 Paulus
1425 1806 1598 1887 Apostolus,
1613 1805 1666 1868 sed
1681 1807 1797 1888 absque

358 1893 402 1952 scd
425 1911 509 1972 quse
531 1891 616 1952 diota
638 1900 723 1966 sunt,
747 1891 865 1954 abunde
887 1894 1046 1955 sufficiunt
1101 1894 1189 1954 titulo
1205 1891 1317 1954 nudam
1333 1912 1486 1973 exponere
1507 1892 1683 1954 doctrinam.
1706 1893 1796 1956 Unde

359 1978 429 2038 llam
444 1977 527 2058 quod
544 1978 668 2058 quidam
687 1988 933 2057 argumententur
948 2001 987 2043 ex
1002 2000 1048 2055 eo,
1102 1990 1134 2039 et
1149 1982 1179 2040 in
1195 1979 1253 2039 fine
1267 1978 1423 2058 Epistolae
1440 1979 1524 2040 velut
1537 1998 1693 2052 excuuns,
1714 1980 1796 2060 qnod

359 2064 431 2143 quod
446 2065 527 2125 baec
541 2064 684 2142 Epistola
705 2066 797 2126 hebet
811 2067 842 2125 in
856 2067 915 2126 tine
930 2069 1048 2148 signum
1101 2065 1140 2125 ad
1156 2085 1208 2126 eos
1230 2068 1391 2145 scripserit,
1414 2085 1541 2147 quorum
1556 2065 1721 2145 Apostolus
1735 2086 1797 2128 non

359 2151 444 2221 Pauli,
467 2151 509 2211 de
531 2169 593 2229 que
617 2153 682 2230 ipse
704 2152 837 2212 meminit
860 2151 1001 2214 2Thess.
1018 2158 1046 2216 3.
1101 2161 1173 2225 erat,
1184 2152 1325 2212 solatium
1337 2159 1435 2224 vocat,
1447 2173 1507 2212 nou
1518 2150 1694 2213 decaniam.
1707 2153 1796 2228 Repo

360 2238 465 2296 scilicet
480 2238 601 2314 gratiae
616 2239 825 2315 precationem,
850 2239 916 2298 loco
931 2238 1046 2300 valedi·
1101 2257 1167 2312 vos,
1185 2238 1291 2316 inquit,
1304 2238 1433 2316 semaco,
1449 2247 1485 2298 ast
1496 2239 1655 2315 Mentis
1666 2239 1796 2299 umbem

360 2325 455 2383 ctionis
478 2320 677 2402 adscriptam,
703 2345 763 2384 non
788 2324 863 2384 adeo
887 2327 1046 2387 convincit.
1100 2327 1215 2384 solatii.
1237 2325 1367 2385 Etenim
1386 2327 1559 2401 perpaucis
1574 2327 1686 2399 scripsi
1701 2324 1797 2385 vobis.

360 2411 424 2469 Erat
445 2409 527 2468 enim
549 2407 608 2469 lrce
634 2411 754 2486 signum
775 2410 806 2470 in
829 2411 965 2472 omnibus
981 2412 1046 2492 qni·
1101 2411 1238 2471 Tertiam
1258 2412 1403 2471 rationem
1427 2409 1502 2469 banc
1526 2409 1686 2486 adjiciunt:
1714 2409 1795 2488 Quo·

361 2494 416 2555 dem
438 2493 532 2555 Pauli
549 2494 708 2573 Epistolis,
729 2504 763 2556 ut
785 2497 810 2555 si
832 2516 894 2575 qua
906 2497 1047 2577 Epistola
1100 2499 1180 2556 niam
1201 2497 1279 2555 enim
1297 2498 1325 2557 in
1342 2496 1399 2556 bac
1414 2493 1554 2574 Epistola
1569 2495 1677 2556 Jeeum
1692 2493 1796 2577 appel-

362 2581 453 2640 idnon
476 2579 613 2652 haberet,
635 2583 762 2642 sciretur
777 2582 866 2642 Pauli
889 2603 947 2642 nou
969 2602 1046 2644 esee.
1099 2582 1217 2643 laturus
1240 2590 1306 2642 erat
1328 2582 1506 2662 Apostolum
1529 2581 1723 2642 confessionis
1745 2601 1796 2641 no·

362 2669 463 2726 ltnon
487 2674 555 2725 erat
569 2669 600 2726 in
615 2666 698 2739 solie,
720 2666 868 2748 siquidem
890 2678 921 2728 ct
936 2670 971 2729 B.
988 2671 1045 2730 Pe·
1099 2677 1186 2738 strea
1210 2668 1307 2728 noluit
1329 2671 1396 2748 ipse
1417 2689 1450 2729 ee
1469 2669 1555 2728 initio
1571 2668 1699 2728 Paulum
1715 2668 1794 2746 Apo-

362 2764 412 2812 trna
426 2754 557 2833 priorem
581 2772 667 2812 suam
681 2755 847 2833 Epistolam
863 2756 980 2834 gratiae
995 2759 1046 2817 im·
1078 2786 1079 2790 ,
1099 2755 1209 2815 stolam
1225 2756 1387 2826 nominare,
1410 2774 1449 2815 ne
1471 2754 1622 2814 videretur
1644 2774 1679 2814 se
1699 2755 1796 2826 ipsum

363 2841 523 2918 precatione
546 2839 708 2899 concludit
732 2839 792 2901 Sed
814 2860 893 2901 nunc
911 2840 950 2901 ad
966 2843 1045 2922 obJe·
1100 2842 1129 2900 in
1159 2840 1261 2921 aliqua
1291 2848 1376 2921 parte
1406 2860 1473 2901 cum
1499 2839 1618 2901 Christo
1649 2838 1795 2911 conferre,

362 2930 463 2987 stiones
478 2926 567 2986 initio
581 2927 695 3006 poeitae
710 2926 953 3007 respondeamus.
1099 2948 1188 3007 quem
1210 2929 1300 2988 etiam
1326 2929 1441 3006 angelis
1463 2928 1706 2988 excellentiorem
1729 2945 1794 2987 esse

395 3012 439 3072 Ad
463 3014 595 3091 primam
607 3013 788 3089 respondent
805 3014 950 3088 nonnulli,
967 3015 1044 3076 Pau·
1098 3014 1252 3075 docuerat.
1268 3014 1335 3073 Has
1350 3034 1452 3073 omues
1468 3015 1600 3074 rationes
1616 3015 1716 3093 attigit
1727 3009 1793 3073 cle

362 3098 411 3158 lem
425 3118 480 3159 suo
497 3118 582 3158 more
597 3099 750 3178 scripsisse
762 3119 869 3160 nomen
881 3119 966 3160 suum
980 3122 1046 3162 com
1098 3121 1183 3160 mens
1192 3100 1280 3160 Alex.
1290 3099 1503 3179 inlib.hypot.‚
1515 3098 1798 3177 cujusverbareiert

362 3186 535 3246 salutatione
562 3186 595 3245 in
620 3187 768 3267 principio
794 3187 968 3266 Epistolae,
994 3187 1047 3248 sed
1099 3186 1212 3247 Euseb.
1228 3185 1299 3245 hist.
1308 3184 1359 3245 lib.
1372 3188 1400 3246 6.
1412 3206 1476 3265 cap.
1495 3190 1543 3245 ll.
1559 3185 1689 3246 Easdem
1705 3185 1795 3245 ratio·

350 3280 457 3349 'poates
479 3279 535 3330 aut
557 3272 727 3351 interpretis
750 3280 801 3333 aut
824 3274 989 3347 scribarum
1004 3276 1046 3335 iu·
1099 3292 1153 3332 nee
1164 3274 1289 3353 sparsim
1304 3273 1440 3332 invenire
1448 3282 1494 3331 eet
1508 3271 1590 3351 apud
1606 3270 1682 3331 alios
1696 3279 1795 3330 aucto·

361 3360 431 3418 ouria
450 3359 624 3418 evanuisse.
646 3357 705 3420 Sed
728 3378 808 3419 vana
831 3360 905 3419 milri
928 3359 1047 3421 videtur
1099 3378 1157 3429 res,
1170 3360 1344 3419 nominatim
1364 3358 1444 3437 apud
1457 3358 1580 3418 Hieron.
1594 3359 1625 3417 in
1637 3365 1796 3417 comment

362 3444 426 3503 isac
448 3445 641 3522 conjectura,
663 3463 730 3503 cum
752 3448 948 3505 vetustissimi
970 3446 1046 3507 Scri·
1100 3445 1140 3505 ad
1156 3443 1223 3505 Gal.
1240 3464 1306 3523 cap.
1325 3448 1352 3504 1.
1366 3452 1396 3503 et
1412 3446 1442 3503 in
1458 3442 1564 3513 catal,
1580 3442 1631 3502 ubi
1644 3442 1683 3501 de
1699 3441 1795 3502 Paulo

363 3542 453 3608 ptores
467 3549 529 3590 nou
548 3531 635 3591 aliter
656 3531 783 3608 legerint
805 3540 898 3611 atque
913 3531 989 3592 adeo
1004 3540 1046 3592 te·
1101 3532 1174 3610 agit.
1189 3531 1267 3590 Item
1283 3529 1364 3609 apud
1377 3528 1614 3599 Theodoram,
1630 3526 1795 3607 Theophy·

362 3625 467 3677 santur
495 3618 595 3695 ipsum
618 3616 747 3676 Parrlum
769 3638 877 3678 nomen
899 3638 984 3678 suum
1005 3625 1047 3676 ta·
1101 3618 1211 3677 lactum
1234 3625 1264 3676 et
1283 3616 1498 3677 Oecumeninm
1520 3617 1551 3676 in
1574 3616 1635 3676 euis
1658 3614 1698 3674 ad
1722 3614 1799 3674 bano

361 3706 459 3762 coisse.
476 3701 576 3763 Aliam
589 3705 815 3782 responsionem
831 3703 929 3765 adfert
944 3712 1049 3764 auctor
1102 3703 1267 3782 Epistolsm
1291 3704 1457 3782 prooemiis.
1483 3702 1545 3763 Sed
1560 3711 1628 3782 post
1644 3700 1719 3761 baec
1735 3719 1795 3759 om·

360 3789 547 3868 praefationis
562 3788 719 3867 cujusdem
735 3790 920 3869 Hieronymo
936 3790 1047 3850 adscri-
1101 3792 1168 3860 uia,
1195 3810 1233 3848 an
1255 3810 1328 3850 vera
1350 3791 1426 3848 ratio
1452 3790 1582 3848 omissae
1606 3787 1797 3848 salutationis

360 3886 423 3953 pac
452 3877 484 3935 in
513 3875 593 3935 banc
619 3876 793 3954 Epistolam.
826 3877 859 3937 si
885 3884 1049 3955 propterea
1102 3883 1155 3948 est,
1178 3875 1261 3953 quod
1283 3875 1356 3935 lraec
1380 3874 1519 3954 Epistola
1541 3876 1652 3952 scripta
1675 3885 1722 3933 est
1745 3891 1799 3953 per

360 3962 441 4021 Pauli
457 3982 520 4022 non
537 3970 589 4031 est,
613 3963 716 4039 inquit,
740 3962 822 4039 quod
837 3963 926 4022 Pauli
942 3982 1049 4023 nemen
1102 3960 1221 4021 modum
1236 3961 1314 4031 libri,
1336 3981 1396 4021 non
1412 3982 1466 4040 per
1480 3959 1600 4020 modum
1617 3956 1796 4039 Epistolee?

359 4046 596 4128 nonpracierst3
612 4047 884 4125 organulliueerit
901 4067 965 4109 cum
983 4048 1047 4109 nul·
1102 4046 1193 4108 Unde
1218 4049 1248 4106 in
1270 4046 1329 4106 fine
1356 4046 1444 4107 dicit:
1475 4049 1602 4107 Etenim
1629 4047 1799 4122 perpaucis

358 4133 409 4193 ios
424 4153 535 4194 nomen
550 4133 662 4193 babeat
677 4133 707 4192 in
723 4134 820 4193 titulo.
844 4133 957 4196 Verum
974 4135 1049 4195 haec
1102 4136 1214 4208 scripsi
1229 4133 1326 4206 vobis,
1350 4134 1431 4212 quod
1448 4133 1486 4193 de
1502 4132 1642 4211 Epistola
1658 4152 1718 4192 non
1735 4137 1799 4191 erat

359 4220 508 4300 responsio
527 4221 624 4296 magis
645 4216 746 4298 lepida
769 4240 858 4298 quam
880 4220 977 4281 solida
993 4229 1047 4279 est.
1103 4218 1242 4290 dicturus,
1259 4238 1326 4278 cum
1343 4220 1382 4278 sit
1397 4218 1537 4299 Epistola
1553 4217 1680 4298 prolixa.

358 4304 423 4365 lion
437 4306 516 4365 enirn
532 4304 678 4365 satisfacit
693 4314 879 4384 argumento,
899 4306 982 4385 quod
996 4325 1048 4386 pe·
1147 4304 1195 4364 Ad
1215 4305 1378 4364 secundam
1399 4305 1601 4383 objectionem
1625 4304 1712 4364 multi
1737 4312 1797 4362 tam

359 4392 473 4452 labatur
493 4410 533 4451 ex
556 4390 776 4453 consuetudine
790 4392 891 4463 Pauli,
914 4395 968 4472 qui
989 4411 1048 4450 om·
1101 4394 1505 4469 veteresquamrecentiores
1513 4390 1705 4469 respondent,
1720 4389 1798 4446 banc

360 4477 441 4539 nibus
466 4476 537 4537 attis
558 4476 710 4555 Epistolis
735 4498 842 4538 nomen
868 4497 953 4538 suum
981 4498 1049 4538 curn
1102 4478 1272 4555 Epistolam
1302 4478 1452 4537 Hebraico
1482 4497 1500 4535 a
1530 4477 1625 4536 Panlo
1655 4476 1797 4551 scriptam

362 4563 531 4624 mousom
560 4563 710 4642 praefigit
761 4565 869 4644 Itaque
897 4564 946 4625 vel
976 4563 1050 4623 haec
1102 4584 1176 4636 esee,
1199 4565 1229 4624 in
1245 4584 1305 4644 qua
1327 4564 1432 4643 lingua
1454 4571 1486 4622 nt
1507 4564 1611 4624 nativa
1626 4581 1661 4620 ac
1676 4559 1799 4638 propria

363 4647 441 4709 Pauli
462 4669 523 4710 non
546 4650 612 4719 erit,
636 4649 687 4711 vel
709 4648 812 4728 aliqua
835 4649 989 4711 reddenda
1005 4658 1051 4709 est
1102 4650 1195 4710 multo
1211 4648 1301 4710 fuerit
1316 4650 1512 4751 eloquentior,
1528 4668 1616 4750 quam
1632 4648 1662 4705 in
1679 4645 1798 4720 aliens·

364 4738 435 4806 ratio,
458 4756 512 4798 cur
526 4738 558 4796 in
572 4735 632 4795 bac
648 4735 714 4796 sola
736 4755 844 4796 nomen
867 4756 954 4796 suum
976 4738 1048 4795 omi·
1102 4744 1138 4794 ut
1157 4735 1282 4815 proinde
1304 4738 1410 4795 mirum
1433 4754 1493 4796 non
1516 4736 1563 4805 sit,
1589 4734 1615 4791 si
1636 4731 1711 4792 baec
1734 4732 1799 4810 ejus

365 4823 432 4883 serit.
1101 4822 1242 4901 Epistola
1258 4830 1395 4881 caeterae
1411 4840 1513 4881 omues
1529 4826 1635 4879 ornatu
1651 4820 1796 4880 sermonis

399 4906 492 4989 Igitur
513 4909 595 4968 ratio
618 4906 729 5010 triplex
743 4928 763 4966 a
777 4906 930 4968 veteribus
953 4909 1047 4987 aeeig-
1101 4928 1136 4965 ac
1163 4906 1237 4986 styli
1263 4906 1415 4986 elegantia
1441 4912 1571 4984 superet.
1607 4906 1719 4967 Verum
1742 4922 1797 4963 nos

366 5002 447 5056 ustor.
470 4995 551 5068 Una,
575 4994 652 5073 quia
675 4992 789 5053 sciebat
803 4993 916 5055 Paulus
940 5013 1048 5057 nomen
1100 5013 1140 5053 an
1155 4993 1306 5056 Hebraico
1323 4994 1434 5071 scripta
1447 4991 1613 5071 aliquando
1628 4990 1759 5065 inerit,
1750 5009 1793 5053 tu·
