4442 5825
723 585 1345 644 nummumssrnosrms.21.22.
1683 590 1757 661 345

353 766 509 841 adnuunt3
530 772 567 825 ut
587 772 812 845 argumentetur
830 762 1006 844 Gajetenus.
1060 763 1156 826 verba
1177 784 1238 824 non
1254 762 1325 843 legi.
1359 763 1449 837 Sunt,
1471 762 1526 843 qui
1547 772 1701 825 moumunt
1719 761 1760 824 ud

353 849 522 933 ‚utprotnds
550 852 595 913 sio
625 854 839 933 intorpretatur
860 850 938 913 lruno
966 851 1007 913 lo·
1061 851 1290 924 revolutionem,
1305 848 1359 911 sed
1374 849 1460 911 nulls
1475 852 1665 912 noosssitute
1700 850 1759 911 Fe·

353 958 399 1013 ιι,
412 940 500 1021 quasi
513 939 629 1009 Moses,
650 947 737 1012 tuno,
753 937 875 1018 queudo
891 938 940 999 lex
957 938 1007 1000 da·
1061 938 1130 999 oilis
1145 941 1223 999 onim
1240 947 1269 998 et
1285 946 1423 1019 promptu
1437 940 1591 1018 responsio
1608 946 1662 1011 ost,
1677 938 1759 1017 Apo-

353 1036 416 1099 our.
439 1045 500 1088 non
521 1044 594 1087 rere
607 1025 700 1087 fuerit
714 1027 843 1099 territus,
866 1026 921 1087 sed
945 1027 1007 1087 uni·
1062 1025 1169 1086 stolum
1192 1026 1268 1086 baso
1289 1025 1402 1086 hebere
1424 1044 1464 1085 ex
1486 1026 1647 1085 traditione
1668 1025 1760 1104 mejo-

353 1114 423 1175 mdo
437 1111 581 1194 populum
591 1115 783 1192 perterritum
793 1132 846 1172 suo
859 1112 1008 1193 exemplo,
1062 1133 1142 1186 rum,
1169 1111 1319 1193 quomodo
1342 1113 1464 1191 cognite
1485 1110 1618 1174 hshsbet
1639 1112 1761 1173 nomino

353 1201 586 1262 murmoraverit
609 1198 658 1274 id,
679 1200 762 1280 quod
782 1200 853 1261 olim
877 1200 1009 1279 sibiipsi
1064 1220 1218 1279 magorum
1234 1200 1420 1272 Pharaonis,
1436 1199 1548 1260 eTim.
1564 1204 1594 1263 3.

353 1286 480 1360 rideret,
506 1285 628 1367 quando
654 1288 795 1368 apperuit
820 1288 846 1347 ei
869 1286 956 1347 Deua
978 1287 1009 1347 in
1105 1287 1207 1366 Atque
1227 1286 1295 1347 hino
1317 1285 1472 1359 discimus,
1501 1287 1594 1347 etim
1620 1287 1761 1365 antiquos

353 1374 396 1437 tu
431 1375 605 1453 Tamquam
631 1372 758 1436 dioerot:
789 1374 856 1451 Ego
883 1391 1008 1454 qnoque
1064 1372 1167 1434 fideles
1182 1374 1278 1434 mults
1298 1372 1356 1433 tide
1378 1372 1471 1452 digna
1493 1393 1549 1454 per
1568 1371 1761 1435 traditionem

353 1460 478 1542 qundo
492 1462 656 1523 exterritus
670 1461 714 1522 tui
729 1469 761 1521 et
775 1459 1008 1536 tremebundus,
1063 1461 1235 1540 uooepisse,
1259 1479 1339 1540 quoe
1353 1461 1463 1540 scripta
1477 1480 1538 1522 non
1553 1468 1652 1534 orant,
1677 1467 1709 1519 nt
1723 1479 1762 1521 no

364 1558 464 1609 tumen
484 1549 656 1628 supervixi,
682 1569 739 1611 neo
761 1548 924 1628 quidquam
940 1547 1011 1607 muli
1063 1548 1207 1608 mirentur
1227 1546 1409 1620 adversarii,
1436 1550 1467 1607 in
1486 1547 1624 1608 Eoolesia
1647 1545 1761 1608 Christi

353 1655 420 1697 rsus
434 1654 516 1711 eumq
550 1654 644 1717 quere
666 1644 696 1696 et
718 1655 773 1696 vos
789 1635 880 1695 nolito
897 1636 1010 1694 timere.
1064 1643 1184 1714 praeter
1211 1654 1312 1696 eaoros
1338 1635 1431 1694 libros
1457 1633 1668 1695 traditionibus
1694 1653 1761 1695 esse

353 1742 418 1785 non
440 1732 559 1796 antem,
588 1721 709 1800 quando
731 1723 817 1783 Deus
839 1724 868 1783 ei
891 1724 921 1783 in
936 1721 1010 1782 roto
1064 1722 1172 1782 looum.
1202 1720 1519 1796 JoennosOnlvinus,
1541 1721 1762 1802 nequidquam

353 1813 470 1891 punit,
496 1809 668 1869 exterritum
683 1807 793 1882 fuisse,
808 1810 917 1888 liquet,
940 1809 1011 1889 quio
1065 1809 1127 1869 tole
1148 1809 1234 1869 fateri
1256 1819 1395 1889 cogetur,
1420 1808 1592 1886 hujusmodi
1614 1825 1761 1869 oommeu·

353 1899 425 1977 gitur
455 1895 652 1957 abscondisse
679 1896 786 1958 luoiern
818 1916 919 1971 susm,
955 1914 1012 1955 nso
1064 1905 1127 1956 tum
1154 1896 1212 1957 huo
1236 1895 1382 1957 adduxit:
1407 1896 1513 1958 ldoson
1539 1917 1600 1958 non
1623 1897 1683 1967 sni,
1707 1892 1762 1955 sed

353 2004 402 2045 sus
423 1986 563 2065 npioore
592 1991 696 2045 oontre
716 1983 832 2056 Deum,
859 1982 958 2043 Exod.
981 1982 1010 2041 3.
1065 1982 1169 2063 populi
1190 1986 1311 2044 nomine
1333 1985 1375 2043 sio
1395 1983 1545 2056 locutum,
1572 1984 1656 2062 cujus
1681 2002 1762 2042 men·

353 2070 401 2135 rdo
411 2072 442 2133 8.
455 2069 628 2151 Stephanus
644 2072 712 2131 Aot.
730 2072 774 2130 7.;
794 2071 1011 2148 Treruefuotus
1065 2070 1136 2130 duta
1151 2074 1237 2150 quusi
1254 2072 1455 2131 intomuntius
1481 2071 1521 2132 ad
1536 2071 1637 2131 Duum
1653 2069 1762 2129 relere-

353 2166 415 2221 tom
431 2158 535 2221 Moses
542 2202 554 2233 ,
570 2159 682 2238 inquit,
698 2176 767 2221 non
779 2158 919 2218 audebat
934 2174 1011 2218 oon·
1064 2159 1133 2229 but,
1157 2160 1257 2236 utqui
1273 2165 1354 2218 esset
1367 2156 1463 2218 veluti
1479 2177 1636 2218 oommune
1651 2176 1684 2216 os
1700 2175 1762 2216 om-

353 2246 461 2307 terrra
1065 2247 1157 2305 nium.
1182 2246 1312 2305 Primum
1329 2245 1386 2304 hoo
1401 2253 1568 2305 commento
1588 2265 1649 2304 non
1663 2251 1763 2325 potest

353 2332 485 2395 dodillo
495 2331 633 2410 cajetani
646 2333 801 2412 responsio
813 2330 947 2392 violenta
957 2339 1010 2402 est,
1064 2333 1195 2411 effugere
1225 2331 1386 2404 Celsinus,
1416 2331 1497 2412 quod
1527 2333 1639 2393 metuit
1683 2329 1763 2391 Num

353 2438 452 2501 eoque
466 2420 564 2479 textui
576 2427 735 2498 repugnet.
758 2419 827 2479 Non
840 2421 916 2478 enim
930 2416 1011 2495 apud
1065 2422 1130 2480 sivo
1152 2419 1255 2498 populi
1279 2420 1412 2491 nomino,
1439 2420 1506 2479 sius
1529 2439 1585 2479 suo
1600 2418 1704 2479 Moses
1719 2417 1763 2479 ita

353 2506 488 2569 mlum
511 2507 604 2565 utitur
619 2506 720 2566 Moses
736 2505 836 2565 vorbis
851 2514 904 2565 aut
919 2506 1010 2584 perti·
1065 2506 1184 2566 loeutus
1200 2515 1261 2578 est,
1284 2527 1343 2566 non
1359 2514 1460 2566 tame-n
1481 2505 1638 2567 ostendere
1653 2505 1764 2581 poterit

353 2594 404 2669 i'n,
419 2613 502 2674 qnae
516 2602 640 2673 possent
654 2592 870 2654 uooommoduri
885 2592 922 2652 ed
939 2602 1010 2652 tern-
1066 2592 1229 2665 Calvinus,
1256 2592 1306 2652 ubi
1330 2592 1471 2672 seriptum
1494 2593 1549 2666 ait,
1575 2591 1633 2653 hoo
1656 2592 1764 2653 Mosen

353 2700 365 2743 ι
378 2680 595 2763 proeteritum,
617 2677 722 2761 qualis
745 2688 815 2739 sunt
834 2678 914 2759 opud
931 2679 1012 2739 Leti·
1065 2680 1188 2741 dixisss.
1220 2681 1324 2761 Quare
1352 2680 1394 2740 sio
1420 2699 1542 2760 quoque
1568 2678 1764 2740 traditionem

353 2788 380 2831 a:
406 2770 580 2829 exterritus
595 2774 625 2827 et
646 2770 867 2845 tremefactus,
892 2765 1011 2826 addito:
1065 2775 1227 2848 agnoscet,
1253 2786 1375 2827 neeesse
1392 2777 1446 2827 ost.
1480 2765 1601 2827 Deinde
1623 2765 1763 2827 frivolum

353 2874 378 2918 ιι
394 2864 451 2917 aut
464 2855 537 2933 [αἱς
562 2853 617 2916 sod
640 2857 767 2916 assumit
788 2856 921 2924 nomine,
945 2873 1011 2914 oum
1065 2855 1156 2935 plene
1172 2862 1232 2927 est,
1252 2853 1332 2934 quod
1348 2852 1455 2917 odiost
1478 2855 1546 2916 Non
1562 2856 1640 2915 enim
1655 2854 1765 2915 Mosen

353 2944 402 3006 rho
432 2942 627 3002 substantivo
657 2943 826 3020 praesentis
852 2941 1011 3021 temporis:
1065 2941 1230 3022 Apostolus
1246 2941 1406 3002 introducit
1417 2952 1570 3021 tamquam
1583 2940 1701 3023 aliquid
1719 2940 1763 3002 di·

353 3021 450 3108 pqu(
476 3021 538 3106 εἶμι
564 3020 616 3088 καὶ
641 3021 800 3107 ἔντρομος.
838 3027 926 3106 Quae
952 3049 1012 3088 non
1065 3038 1182 3091 oentem
1204 3031 1325 3089 nomino
1347 3029 1465 3110 populiq
1494 3028 1547 3090 sed
1571 3028 1711 3090 distincto
1727 3028 1765 3090 de

353 3129 418 3190 ter,
440 3136 535 3197 quum
558 3115 598 3176 de
620 3125 752 3195 tempore
777 3116 929 3194 praesenti
945 3134 1010 3194 pos·
1065 3125 1190 3194 utroque
1206 3116 1346 3194 loquitur,
1364 3122 1445 3195 prius
1461 3115 1499 3177 de
1515 3115 1636 3197 populo,
1653 3114 1764 3177 deindo

353 3215 380 3266 st
406 3202 549 3282 intelligi.
591 3203 656 3265 Neo
680 3202 847 3283 quidquem
873 3201 1011 3262 velutin
1065 3202 1102 3264 de
1117 3202 1218 3278 Morsu
1246 3204 1333 3282 quasi
1350 3202 1444 3263 dieat:
1472 3204 1542 3264 Nou
1557 3204 1652 3286 solum
1670 3221 1763 3282 popu-

353 3293 495 3354 madum
524 3290 603 3349 ratio
633 3287 783 3369 Cujetnni.
821 3288 907 3349 Nihil
932 3290 1011 3349 enim
1065 3291 1112 3350 lus
1136 3290 1310 3369 perterritus
1337 3288 1393 3350 fuit
1418 3289 1575 3350 horrendis
1599 3290 1658 3350 illis
1677 3290 1764 3363 visis,

353 3377 468 3453 ιΙιιἸιοι,
498 3395 560 3458 quo
585 3378 684 3437 minua
708 3376 819 3457 aliquis
846 3377 953 3436 timens
976 3395 1011 3435 eo
1065 3396 1168 3437 uorum
1194 3377 1285 3436 etism
1310 3376 1426 3450 Moses,
1459 3376 1535 3437 adeo
1562 3377 1697 3457 quidem,
1731 3385 1765 3437 nt

353 3463 530 3528 nebnndus
545 3475 610 3524 tum
625 3483 675 3538 se,
699 3473 761 3524 tum
781 3463 859 3523 elios
875 3462 1011 3522 exhorte·
1068 3463 1194 3524 diceret:
1210 3465 1393 3525 Exterritus
1407 3482 1474 3526 sum
1489 3471 1518 3523 et
1530 3463 1764 3524 tremebundus

353 3553 420 3614 ¹ad
443 3571 507 3614 non
526 3549 709 3623 timendum,
731 3552 819 3612 siouti
842 3547 949 3609 lenisse
970 3548 1010 3608 le·
1108 3550 1271 3611 (laetorum
1287 3551 1450 3623 Lutherus,
1476 3558 1507 3609 et
1528 3552 1553 3611 si
1576 3552 1627 3631 qui
1651 3550 1703 3611 elii
1725 3569 1765 3611 ex

353 3649 423 3704 atur
449 3637 649 3711 Philistheoi,
677 3638 791 3717 reeg.
817 3638 863 3710 4.,
890 3634 1011 3717 quondo
1065 3638 1122 3697 hoo
1152 3635 1218 3697 looo
1249 3637 1419 3699 convollere
1448 3638 1581 3699 nituntur
1608 3637 1765 3717 Epistoluu

353 3729 482 3799 dierunt,
501 3745 603 3787 noum
618 3725 740 3786 Domini
761 3723 882 3784 allatum
900 3742 966 3783 osse
983 3725 1012 3783 in
1065 3726 1283 3799 auctoritatem,
1291 3734 1443 3805 temqusm
1453 3725 1572 3786 oitentis
1581 3724 1765 3805 apocrypha,

353 3825 411 3876 m
425 3812 646 3876 Hebraeorum.
673 3810 770 3872 Juxtr
787 3831 875 3890 quem
892 3810 1012 3870 modum
1065 3832 1125 3872 non
1154 3810 1274 3884 vident,
1304 3831 1337 3873 se
1362 3814 1428 3891 pari
1463 3814 1577 3873 rufinus
1608 3810 1764 3873 detrahere

353 3918 594 3981 mpossemus,
609 3899 716 3958 Mosen
729 3897 840 3978 populo
853 3899 1012 3977 perterrito
1065 3898 1214 3978 Epistolis
1242 3898 1281 3959 ad
1307 3898 1498 3960 Timotheum
1533 3897 1700 3967 secundae,
1734 3906 1767 3960 et

358 3985 558 4060 motato,
584 4005 650 4046 oum
672 3986 885 4064 deprecaretur
906 4003 1012 4044 vorem
1065 3984 1168 4047 Jndne
1182 3985 1334 4067 Apostoli,
1358 3988 1388 4047 in
1411 3986 1521 4066 quibus
1536 3985 1637 4046 itidem
1652 3986 1767 4066 ulique,

353 4074 470 4138 rbem
484 4073 554 4144 Dei,
571 4071 699 4134 dixisse:
714 4074 784 4148 Epo
799 4090 922 4149 quoque
936 4090 1012 4147 per·
1066 4093 1146 4151 quse
1160 4083 1231 4135 sunt
1246 4086 1330 4134 extra
1345 4093 1488 4135 canonem
1503 4073 1698 4153 Scripturas,
1719 4092 1764 4134 ro·

353 4165 444 4224 ritus
457 4179 529 4222 aum
543 4178 583 4221 oo
596 4159 840 4238 tremebundus,
857 4166 1012 4221 verunta-
1065 4158 1209 4221 teruntur.
1233 4160 1298 4219 Nos
1312 4162 1415 4240 itaque
1425 4179 1580 4240 negemus,
1597 4162 1766 4241 quidquem

353 4269 384 4312 ιι
403 4249 509 4311 nolite
530 4250 650 4308 umere.
693 4248 734 4309 Ut
755 4250 840 4308 enim
859 4246 1013 4324 probaret
1065 4247 1169 4307 horum
1185 4248 1394 4328 apocryphum
1410 4267 1493 4321 esse,
1509 4245 1563 4306 sed
1576 4250 1677 4309 omnio
1691 4246 1766 4308 dioi-

353 4355 384 4414 ι,
406 4338 499 4398 nouit
513 4335 601 4396 Deus
614 4341 669 4394 eto.
1065 4352 1132 4393 mus
1149 4334 1309 4414 ejusmodi,
1333 4354 1411 4415 ques
1434 4333 1514 4395 fidoli
1537 4334 1687 4412 majorum
1706 4343 1765 4394 tre·

353 4422 718 4502 &Thomususpioetuq
733 4420 912 4499 Apostolum
925 4440 1012 4481 usum
1066 4419 1182 4483 ditione
1205 4442 1258 4501 per
1286 4441 1391 4484 manus
1420 4419 1460 4482 ad
1480 4420 1645 4500 Apostolos
1668 4439 1766 4502 usquo

353 4509 498 4583 alitara,
524 4516 559 4569 ut
579 4507 729 4589 loquitur,
754 4506 786 4568 id
806 4515 852 4570 est
872 4507 932 4568 ulis
946 4528 1011 4569 ver·
1066 4506 1170 4569 delate
1184 4508 1314 4571 fuorunt.

353 4615 395 4660 ιο
408 4597 597 4677 Scripturas,
612 4615 703 4676 quam
718 4613 773 4657 nos
788 4615 848 4655 non
859 4594 1013 4656 habemus.
1109 4597 1160 4657 22.
1182 4596 1244 4658 Sed
1263 4598 1430 4657 accesso
1453 4596 1498 4657 ud
1511 4596 1592 4658 Sion
1614 4601 1763 4655 orontem.

363 4683 425 4748 hoe
439 4682 502 4745 diei
525 4701 586 4743 uon
608 4690 721 4763 potest
758 4682 836 4742 Nom
851 4682 1012 4761 Apostolo·
1064 4681 1153 4743 Hero
1168 4683 1264 4744 ultera
1287 4702 1356 4762 pars
1371 4692 1419 4745 est
1433 4681 1680 4757 comparationis,
1704 4701 1766 4760 qua

353 4791 375 4834 ι
395 4778 536 4852 temporo
555 4790 617 4832 non
642 4769 785 4831 exstabat
806 4769 867 4829 elia
889 4790 929 4831 ex
950 4769 1012 4830 Ho-
1060 4770 1125 4848 jum
1141 4769 1239 4843 dooet,
1255 4790 1387 4850 quonum
1403 4789 1457 4850 por
1471 4767 1558 4830 fidem
1573 4769 1767 4844 accesserint,

353 4879 401 4924 no
415 4857 538 4922 Gneus
550 4858 651 4920 verrio
673 4864 794 4938 prester
810 4856 926 4932 Lxx,
952 4876 1012 4937 qua
1064 4855 1121 4917 hoo
1138 4865 1198 4930 est,
1223 4856 1260 4917 ed
1282 4878 1373 4937 quam
1395 4857 1565 4937 pertineant
1580 4856 1766 4929 sooietutem,

353 4967 401 5010 ιι
420 4953 576 5028 perpetuo
597 4942 763 5025 Apostolus
785 4945 879 5004 utitur·
898 4945 931 5006 in
955 4943 1013 5005 heo
1064 4952 1096 5005 ot
1120 4945 1169 5005 oui
1194 4945 1304 5026 populo
1330 4945 1391 5005 sint
1420 4944 1592 5025 aggregeti,
1625 4944 1766 5005 nimirum

353 5031 461 5100 mh
482 5031 742 5109 Communem,
756 5029 837 5115 opud
851 5030 921 5096 illos
934 5030 1012 5095 lineo
1064 5031 1195 5117 tiliorum
1217 5032 1289 5118 nori
1310 5032 1490 5118 tostumsuti.
1524 5029 1595 5114 Quo
1622 5030 1766 5095 banetido
