4442 5825
780 606 941 662 tristatas
959 607 977 661 l.
996 607 1084 662 satit
1100 606 1235 664 tottam.
1270 609 1353 662 vtae.
1372 611 1397 662 2.
1730 615 1800 682 713

359 801 451 863 pnam
466 781 607 846 alienum.
630 783 756 846 Atrero
773 793 893 846 nostrae
908 784 1054 859 leetiouis,
1115 787 1169 862 Ut,
1192 806 1263 849 eam
1286 789 1495 863 apparuerit,
1524 786 1694 848 babeamus
1716 786 1802 864 {idu-

359 887 438 950 puae
461 869 527 932 soh
540 869 630 932 bodie
648 879 757 944 exstat,
780 879 840 932 tam
865 873 896 932 iu
919 871 1054 946 Graecis,
1108 876 1206 949 mam,
1234 882 1263 935 et
1285 892 1353 934 noa
1378 874 1622 953 confundamur
1645 874 1685 934 ab
1709 894 1744 934 eo
1767 879 1803 935 ia

359 975 452 1036 pnam
465 958 496 1018 iu
507 957 625 1018 Latinis
641 957 801 1030 codicibus,
817 958 865 1018 hio
877 978 982 1020 sensus
993 967 1054 1020 est:
1108 961 1252 1022 adveatu
1264 964 1337 1036 ejas.
1353 961 1451 1042 Magis
1464 969 1561 1021 autem
1571 957 1700 1034 Christo,
1715 982 1803 1042 quam

359 1044 452 1105 Ursae
475 1043 613 1125 quidem,
636 1045 741 1125 iuquit,
763 1045 823 1121 tilii
845 1046 907 1107 Dei
928 1065 1054 1124 sumum
1108 1048 1186 1122 Deo,
1203 1048 1280 1109 solet
1295 1050 1327 1109 in
1342 1047 1504 1128 Scripturis
1517 1047 1802 1109 attribuiadveutus

359 1131 411 1191 red
427 1134 507 1207 qaid
519 1132 627 1209 futuri
641 1135 748 1206 umus,
772 1132 802 1192 id
818 1140 863 1192 est
886 1153 976 1212 quem
990 1134 1052 1212 glo·
1108 1134 1148 1195 ad
1155 1135 1314 1214 judicium,
1331 1142 1361 1193 et
1370 1136 1521 1216 apparitio
1535 1153 1587 1194 seu
1599 1132 1802 1195 manifestatio

359 1217 448 1290 desi,
477 1237 629 1300 quamque
654 1218 753 1291 beati,
779 1238 870 1299 quam
898 1221 996 1280 auimo
1024 1235 1055 1281 et
1108 1222 1278 1302 injudicio,
1301 1229 1423 1301 propter
1438 1221 1563 1282 fonnem
1578 1220 1748 1293 humanam,
1772 1223 1802 1282 in

359 1321 486 1383 sarpere
500 1306 708 1380 consummati,
733 1304 764 1366 id
787 1307 932 1367 noudum
949 1324 1054 1384 appa·
1110 1328 1171 1389 qua
1188 1311 1293 1370 reniet
1308 1317 1339 1368 et
1353 1309 1509 1389 apparebit
1531 1307 1669 1368 omuibus
1685 1309 1801 1388 conspi-

359 1394 441 1465 νῆ,
468 1414 509 1455 ua
533 1392 620 1454 uobis
648 1390 785 1470 quidem,
812 1394 863 1472 qui
891 1413 970 1454 naue
996 1412 1055 1470 per
1109 1415 1184 1456 enus
1201 1395 1403 1475 etgleriosus.

359 1478 456 1540 taem
471 1480 682 1554 ambulamus,
705 1487 735 1540 et
752 1498 820 1542 aaa
832 1500 893 1557 per
911 1485 1054 1557 speeiem,
1151 1483 1261 1561 Itaque
1286 1502 1393 1543 seusus
1420 1490 1480 1543 est:
1508 1481 1639 1561 Quando
1667 1478 1803 1542 Christus

359 1563 465 1628 lGor.
484 1568 513 1628 b.
530 1564 698 1647 Apparebit
714 1574 811 1627 antem
828 1576 960 1647 tempore
974 1567 1053 1629 iutu-
1108 1571 1265 1649 apparebit
1280 1570 1310 1629 in
1326 1569 1430 1648 gloria,
1452 1578 1524 1629 tune
1539 1570 1630 1629 stiam
1646 1569 1804 1648 apparebit

359 1671 409 1714 ιο
424 1653 641 1726 retributionis,
656 1674 716 1714 nou
730 1652 818 1714 uobis
832 1653 937 1729 solum,
952 1675 1055 1715 verum
1110 1655 1149 1729 id,
1173 1655 1254 1736 quod
1269 1675 1324 1716 uos
1341 1658 1457 1728 erimus,
1480 1657 1534 1737 qui
1549 1656 1579 1716 in
1595 1674 1663 1715 sum
1679 1654 1801 1715 eredidi-

359 1746 384 1799 st
409 1742 472 1801 toti
494 1739 613 1812 mundo,
636 1739 757 1819 quaudo
779 1739 818 1800 de
838 1740 923 1801 nobis
945 1740 1054 1802 dicturi
1110 1762 1184 1804 mus.
1201 1742 1351 1803 Consonat
1363 1743 1604 1804 huieiutelleetui
1617 1741 1700 1802 loeus
1711 1743 1803 1822 paulo

359 1836 429 1887 mut
445 1829 540 1908 impii,
563 1826 644 1908 quod
660 1826 845 1906 praedictum
860 1829 969 1906 legitur
984 1829 1055 1909 Sap.
1110 1839 1181 1890 aute
1197 1831 1306 1890 citatus
1322 1829 1387 1890 cot.
1404 1832 1450 1890 3.:
1475 1831 1554 1891 Oeam
1579 1830 1719 1891 Christus
1741 1849 1802 1906 ap-

359 1914 399 1974 i.:
426 1916 478 1975 Hi
491 1922 575 1988 suat,
598 1931 676 1991 quos
694 1914 861 1976 babuimus
876 1916 1056 1992 aliquando
1107 1920 1267 1993 paruerit,
1291 1926 1367 1978 tuac
1390 1924 1419 1976 et
1441 1935 1495 1977 vos
1517 1916 1712 1992 apparebitis
1732 1936 1803 1977 eum

359 2007 389 2062 're
406 2001 561 2062 derisam.
578 2003 807 2063 Nosiaserrsoti
820 2003 1056 2064 eitamillerum
1110 2007 1179 2081 ipso
1205 2007 1242 2064 ia
1262 2007 1375 2081 pieria.
1415 2001 1477 2064 sed
1504 2012 1535 2064 et
1560 2005 1737 2081 interpretes
1763 2002 1802 2063 ad

359 2089 619 2150 tristimabomus
633 2091 808 2163 insoniam,
827 2097 857 2149 et
872 2090 968 2166 {taem
983 2091 1056 2151 illo·
1112 2090 1267 2151 Christum
1279 2091 1429 2167 refernut3
1446 2091 1551 2169 Syrus,
1562 2089 1633 2149 dnm
1647 2092 1689 2149 ita
1702 2091 1803 2151 vertite

359 2193 434 2236 'rem
448 2179 519 2238 sine
533 2177 661 2236 bonore.
693 2178 782 2250 Eeee,
798 2176 957 2252 quomodo
972 2196 1056 2237 eom·
1111 2180 1232 2239 Scimus
1248 2187 1365 2253 autem,
1389 2196 1460 2238 eam
1477 2180 1543 2253 ipse
1558 2177 1716 2237 revelatus
1730 2178 1804 2254 sue·

359 2267 470 2325 maort
492 2270 567 2324 suat
592 2264 677 2323 inter
698 2262 781 2338 filios
804 2264 872 2323 Dei.
903 2262 1057 2325 Praesenti
1110 2268 1154 2324 rit
1161 2287 1172 2341 ,·
1199 2266 1402 2344 Hieronymus
1426 2266 1458 2324 ia
1478 2263 1617 2337 Epistola
1640 2263 1804 2343 Itpipbauii

360 2369 427 2411 ouo
443 2349 544 2410 simile
559 2357 606 2409 est
620 2348 695 2409 illud
712 2349 774 2408 Col.
791 2350 837 2409 3.:
865 2352 938 2410 Vita
955 2358 1058 2411 vestra
1111 2350 1298 2432 supradicta:
1321 2354 1473 2413 Novimus
1488 2357 1605 2425 autem,
1627 2353 1716 2426 quia,
1732 2369 1803 2410 eam

359 2445 399 2498 ert
414 2436 605 2498 abseoadim
617 2454 687 2497 oum
701 2437 823 2503 Obristo
834 2439 872 2499 irs
882 2439 959 2498 Deo.
978 2438 1057 2499 Cam
1110 2439 1165 2500 ille
1179 2441 1338 2500 revelatus
1359 2440 1479 2514 fuerim·
1502 2439 1572 2498 item
1596 2436 1803 2497 Tertullianus

359 2531 473 2586 restem
490 2524 632 2585 cauam
654 2526 845 2600 apparuerit
859 2526 926 2583 vito
942 2532 1057 2601 vestro,
1110 2525 1177 2586 loeo
1200 2528 1284 2605 prius
1304 2528 1405 2596 citato,
1426 2523 1518 2595 Beda,
1541 2522 1758 2584 Carthusisuus
1774 2532 1805 2583 et

359 2620 438 2673 asne
467 2618 497 2670 et
522 2628 577 2672 vor
603 2610 801 2686 apparebitis
830 2629 900 2671 essm
927 2613 996 2688 ipso
1021 2616 1058 2675 irs
1111 2613 1162 2673 alii
1177 2614 1208 2672 in
1224 2613 1449 2673 commentariis.
1472 2610 1569 2681 Adde,
1586 2611 1669 2690 qnod
1684 2629 1740 2670 use
1758 2630 1804 2670 sa·

359 2700 479 2770 rios-iu.
501 2696 603 2777 Atque
618 2697 675 2758 hoe
691 2706 743 2770 est,
768 2696 849 2776 quod
864 2699 1014 2778 sequitur:
1112 2702 1152 2760 tis
1164 2698 1320 2759 commode
1333 2706 1430 2778 potest
1441 2697 1546 2758 referri
1559 2695 1596 2756 ad
1609 2696 1702 2758 illud:
1719 2698 1804 2775 quod

398 2787 546 2859 samm,
571 2786 735 2861 quoniam,
761 2803 832 2845 eum
856 2787 1056 2861 apparuerit,
1112 2789 1237 2846 erimm.
1259 2786 1337 2846 Nam
1351 2785 1598 2866 appararequod
1611 2785 1729 2857 erimus,
1745 2806 1804 2846 nen

359 2873 480 2934 amsa
498 2873 537 2933 m·
552 2874 686 2949 trimam·
709 2874 861 2950 quoniam
883 2873 1058 2934 videbimus
1111 2882 1156 2934 est
1170 2893 1270 2946 rausa,
1285 2892 1337 2934 eur
1352 2871 1465 2934 similes
1482 2870 1602 2933 Christe
1617 2872 1726 2950 simus3
1750 2872 1802 2933 sed

359 2963 461 3033 Eum,
477 2961 570 3019 menti
581 2967 632 3019 est.
657 2958 790 3021 Grasee:
807 2962 927 3021 Scimus
939 2968 1056 3035 autem,
1111 2963 1259 3041 apparitio
1282 2968 1313 3021 st
1335 2960 1486 3021 adventus
1503 2958 1615 3019 Christi
1637 2979 1729 3021 eausa
1748 2959 1804 3020 erit

359 3047 460 3127 praed,
476 3049 503 3107 si
518 3050 716 3123 appnmserit.
739 3048 780 3108 Et
793 3045 850 3106 hoe
864 3045 953 3107 modo
969 3049 1059 3109 vertit
1111 3055 1231 3109 nostrae
1241 3047 1473 3127 glorificationis,
1486 3056 1804 3127 quamexspsetamus.

359 3144 512 3213 nterpres
528 3131 699 3207 Clementis,
715 3142 745 3193 et
760 3134 833 3213 legit
846 3133 1058 3195 Tertullianus
1110 3136 1191 3197 Hine
1216 3136 1373 3214 aptissime
1400 3134 1525 3194 dieitur:
1556 3134 1634 3194 Cam
1663 3135 1806 3197 Christus

359 3222 439 3285 ibro
456 3219 496 3280 de
510 3230 667 3281 resurreet
679 3224 785 3293 earnis,
802 3241 867 3301 eap.
880 3223 930 3284 23.
945 3223 1056 3283 Verum
1110 3225 1318 3299 apparuerit,
1341 3223 1458 3282 similes
1480 3222 1523 3283 Ei
1546 3224 1673 3296 erimus,
1696 3221 1728 3283 id
1750 3228 1805 3294 est,

359 3307 515 3393 partieuls
528 3311 556 3368 si
570 3329 630 3369 nou
653 3308 819 3370 dubitantis
842 3316 897 3381 est,
919 3309 972 3369 sed
989 3329 1057 3389 sup·
1111 3308 1361 3370 eoulormabimur
1376 3329 1430 3370 seu
1447 3308 1697 3387 configurabimur
1712 3308 1757 3370 illi
1773 3310 1805 3369 iu

359 3395 502 3477 ponentis
518 3395 559 3467 id,
575 3394 656 3476 quod
671 3398 738 3457 siue
750 3394 939 3457 dubitatione
954 3416 1057 3457 verum
1111 3397 1224 3477 gloria3
1251 3395 1501 3476 quemadmodum
1528 3396 1665 3474 loquitur
1689 3395 1804 3457 Paulus

359 3493 423 3559 ως
448 3490 486 3541 nt
499 3481 572 3542 alibi
588 3502 689 3563 saepe,
710 3481 793 3543 velut
807 3482 935 3543 Malaeb.
954 3488 997 3544 1.:
1023 3485 1059 3545 si
1112 3483 1175 3545 col.
1193 3489 1220 3547 3.
1238 3491 1268 3544 et
1282 3482 1359 3543 Phil.
1378 3489 1405 3545 3.
1436 3482 1503 3542 Erit
1518 3490 1616 3544 autem
1632 3502 1728 3545 sermo
1743 3482 1803 3564 ple·

359 3578 462 3649 pater
477 3587 533 3644 epo
547 3588 628 3644 snm,
651 3571 706 3631 abi
721 3577 765 3630 est
779 3572 882 3631 bonor
898 3572 1006 3633 mass?
1030 3577 1059 3630 et
1111 3573 1177 3631 nior
1191 3569 1247 3632 hoe
1270 3578 1371 3649 paeto:
1396 3571 1476 3632 Cam
1498 3575 1688 3645 apparuerit
1711 3572 1804 3633 Obri-

359 3663 384 3722 ri
416 3658 579 3718 Dominus
604 3674 659 3732 epo
691 3676 778 3732 rum,
809 3658 864 3718 ubi
894 3666 937 3719 est
962 3661 1070 3720 timor·
1111 3666 1186 3733 etus,
1208 3666 1285 3719 teme
1306 3661 1403 3718 etiam
1425 3658 1594 3733 apparebit
1601 3703 1611 3733 ,
1639 3658 1726 3736 qaod
1746 3677 1806 3721 uos

359 3744 478 3807 meare?
511 3743 661 3823 Quocirca
686 3744 782 3824 Syrus
808 3765 929 3826 quoque
954 3748 1057 3806 vertit:
1112 3749 1244 3820 erimus,
1271 3763 1384 3821 nempe
1410 3745 1496 3821 quod
1521 3747 1550 3805 ei
1572 3747 1688 3805 similes
1710 3754 1805 3823 atque

359 3852 434 3896 rum
451 3835 652 3908 apparuerit.
1112 3834 1291 3910 conformes
1304 3835 1431 3892 erimus.

402 3917 576 3998 Quaeritur
593 3928 705 3991 sutem,
726 3938 787 4000 quo
809 3917 996 3981 referendum
1020 3921 1060 3979 sit
1155 3919 1216 3981 Sed
1230 3919 1379 4001 quemodo
1403 3917 1538 3979 similes?
1560 3917 1654 3979 Haud
1673 3919 1804 3993 dubium,

359 4005 490 4069 rer-bum
506 4008 708 4083 apparuerit,
730 4025 800 4066 unm
816 4005 855 4066 ad
871 4006 945 4067 illud
959 4008 1057 4086 proxi·
1112 4009 1184 4088 quin
1200 4016 1232 4068 et
1247 4025 1377 4086 corpore,
1394 4013 1423 4066 et
1433 4007 1540 4066 anima.
1562 4006 1639 4066 Nam
1655 4016 1685 4066 et
1701 4026 1803 4067 seeun-

359 4112 460 4156 mum:
482 4093 567 4169 qaod
582 4095 709 4169 erimus,
725 4101 758 4152 ut
773 4113 867 4153 sermo
882 4093 1060 4173 suppleatur
1112 4092 1182 4155 dum
1199 4096 1329 4154 animam
1353 4092 1432 4153 beati
1449 4094 1569 4167 erimus,
1592 4102 1622 4154 et
1644 4093 1804 4155 seeundum

359 4200 418 4244 roe
431 4188 537 4259 paeto:
555 4179 705 4241 Nondum
718 4185 883 4257 apparuit,
897 4181 982 4257 qaod
994 4184 1057 4241 eri·
1112 4201 1221 4259 eorpus
1262 4180 1404 4261 gloriosi,
1445 4180 1535 4257 juxta
1581 4180 1804 4241 similitudinem

359 4284 441 4331 mser.
465 4268 587 4328 Scimus
603 4274 721 4342 ostem,
745 4267 841 4344 qaod,
865 4286 935 4327 eam
952 4287 1057 4345 oppa·
1112 4266 1233 4338 Christi,
1249 4269 1356 4347 eapitis
1373 4268 1476 4328 nostri.
1500 4267 1610 4327 Verum
1626 4266 1664 4329 de
1680 4287 1804 4348 corpore

359 4356 466 4419 uaerit
488 4352 528 4424 id,
553 4355 632 4433 quod
656 4356 775 4426 erimus,
799 4355 914 4415 similes
929 4357 971 4416 Ei
994 4358 1057 4414 eri·
1111 4356 1233 4415 videtur
1262 4374 1369 4416 seusus
1400 4373 1469 4413 esse
1498 4355 1676 4433 germanior.
1725 4354 1803 4415 Nam

359 4459 449 4515 naeu
475 4460 512 4499 an
537 4459 608 4500 vero
631 4440 671 4500 ad
693 4444 806 4516 Deum,
834 4443 905 4521 quia
928 4439 1057 4502 dixerat:
1110 4442 1225 4503 Paulus
1241 4443 1320 4503 bauo
1331 4438 1555 4502 similitudinem
1570 4441 1703 4502 declarat
1717 4462 1804 4502 rosa·

359 4533 455 4590 verne
481 4527 541 4602 alis·
564 4530 625 4588 Dei
650 4547 776 4605 sumum
799 4549 838 4589 au
865 4528 995 4608 denique
1018 4528 1057 4590 ad
1111 4527 1183 4589 bulo
1200 4529 1314 4608 gloriae
1328 4525 1490 4589 attributae
1505 4528 1629 4608 corpori,
1650 4534 1716 4590 utl
1737 4528 1804 4589 (lor.

359 4617 522 4681 lhrirtam
545 4622 703 4675 venturam
725 4613 937 4694 adjudicium.
967 4614 1058 4696 Quod
1112 4616 1231 4689 15.‚de
1254 4614 1538 4696 eorporeloqueus:
1561 4616 1806 4678 &minatoria

359 4703 482 4766 artium
508 4702 637 4761 maxime
660 4701 817 4781 probabile
839 4712 892 4762 est.
926 4702 1003 4762 Nam
1027 4711 1058 4764 et
1111 4705 1319 4779 ipaebititote,
1341 4709 1448 4778 serpet
1467 4703 1503 4763 ia
1524 4703 1640 4779 plorio,
1664 4709 1693 4762 et
1713 4703 1804 4783 paulo

359 4792 391 4852 le
407 4788 512 4868 primo
528 4789 593 4867 ejus
608 4788 742 4849 adventu
759 4796 864 4868 postea
878 4788 959 4861 dicit,
979 4809 1056 4850 vers.
1111 4798 1193 4870 post:
1219 4792 1329 4870 Qualis
1345 4791 1490 4863 eoelestis,
1507 4789 1588 4849 tales
1602 4797 1631 4849 et
1645 4791 1805 4867 toricatos,-

358 4880 400 4938 i.:
420 4877 468 4937 Et
481 4878 575 4949 eritis,
591 4878 668 4952 quia
682 4877 742 4936 lile
753 4878 919 4953 apparuit,
937 4885 972 4936 nt
981 4896 1057 4953 pee-
1111 4886 1143 4936 et
1157 4877 1235 4938 Phil.
1254 4879 1299 4937 3.:
1325 4877 1536 4951 salvotorem,
1562 4877 1669 4954 iuquit,
1695 4896 1804 4955 exspe-

359 4970 430 5024 nm
441 4968 554 5022 rsostra
566 4963 698 5023 tolleret.
724 4964 765 5023 lit
776 4963 832 5022 snb
844 4963 933 5024 tinem
947 4964 1055 5042 eapitis
1110 4972 1232 5025 eramus
1244 4966 1419 5026 Dominum
1432 4971 1576 5025 nostram
1589 4967 1702 5026 Jertrm
1712 4965 1805 5026 Obri-

359 5049 524 5132 aperiens
540 5047 578 5110 (le
593 5048 725 5111 seerrndo
739 5051 804 5131 ejus
816 5050 947 5112 adventu
965 5050 1055 5111 dixit:
1109 5059 1203 5129 stam,
1220 5055 1275 5134 qai
1290 5052 1480 5133 reformabit
1491 5069 1605 5128 corpas
1616 5052 1804 5114 hamilitatis
