4442 5825
605 643 771 699 eristum
786 645 828 700 411
844 645 1009 701 mustus.
1026 645 1110 699 12118.
1129 645 1172 700 st.
1184 646 1226 699 28.
1566 653 1637 720 281

371 815 468 894 gurda,
489 818 569 877 sicut
591 838 656 898 cap.
673 820 702 880 6.
728 818 790 881 set
809 841 890 901 quae
944 822 1032 882 etiam
1056 843 1075 882 a
1090 821 1217 883 Graecis
1236 821 1518 882 commentatoribus
1545 822 1638 902 expli-

371 904 471 963 statim
486 915 656 986 quaeretur.
943 918 1051 968 catam.
1074 908 1200 968 Monent
1215 911 1302 978 enim,
1324 906 1544 969 observandum
1560 928 1637 982 esse,

371 992 390 1049 ·'s
412 993 606 1066 aemulatio,
633 1012 715 1069 quas
741 1011 889 1055 consunt-
944 993 1193 1073 quemadmodum
1223 992 1390 1074 Apostolus
1413 996 1515 1074 ignem
1542 997 1637 1056 veluti

371 1077 575 1140 adversarior.
591 1077 725 1141 Graece:
742 1084 797 1158 qui
812 1099 889 1141 con·
944 1083 1129 1154 animaverit,
1146 1083 1298 1163 vitamque
1309 1091 1339 1141 et
1350 1082 1431 1142 vires
1446 1084 1476 1140 ei
1492 1081 1638 1156 tribuerit,

371 1181 396 1238 r,
416 1164 466 1225 vel
486 1168 585 1246 potius
607 1175 812 1243 comesturus,
834 1169 889 1227 de·
943 1169 996 1248 qui
1010 1170 1105 1229 instar
1128 1169 1262 1229 irritatas
1284 1168 1367 1228 ierac
1388 1168 1594 1248 apprehendat
1608 1177 1640 1229 et

379 1258 423 1311 sst
432 1252 642 1314 adversmios.
658 1253 794 1314 Refertur
809 1257 890 1314 enim
943 1255 1068 1317 devoret
1081 1255 1234 1331 inimicos3
1251 1265 1284 1316 ut
1295 1256 1375 1315 sitin
1386 1255 1488 1315 verbis
1501 1255 1640 1334 Apostoli

381 1356 441 1399 nou
455 1338 494 1397 sd
504 1340 764 1402 aemulationem.
788 1343 890 1420 Atque
942 1344 1163 1423 prosopopoeia
1186 1342 1345 1421 quaedam,
1368 1360 1436 1400 oum
1458 1342 1639 1402 Hebraismo

371 1434 452 1485 extus
464 1427 670 1487 commentarii
681 1427 888 1487 Ambrosiani:
943 1428 1063 1488 latente.
1100 1426 1180 1489 Nam
1212 1428 1362 1490 Hebraeis
1391 1428 1490 1488 selare
1519 1427 1639 1501 dicitur,

371 1517 497 1573 usuras.
536 1514 726 1592 suffragatur
752 1523 783 1574 et
808 1514 889 1592 Syra
943 1515 995 1594 qui
1023 1514 1129 1575 dolore
1155 1522 1186 1575 et
1212 1516 1316 1593 justae
1342 1513 1463 1577 ultiouis
1489 1512 1638 1575 desiderio

371 1616 524 1678 numquam
551 1620 604 1680 pro
629 1601 755 1681 vulgata
777 1602 889 1660 iaciunt
943 1609 1146 1661 commovetur
1170 1622 1225 1681 pro
1251 1602 1339 1663 honis
1364 1601 1509 1663 adversus
1534 1602 1639 1662 malos.

371 1685 399 1744 :ii
420 1684 613 1760 Graecorum,
637 1686 844 1766 chrysostomi
860 1696 890 1747 et
942 1687 1091 1767 Exempla
1116 1686 1285 1768 frequentia
1311 1697 1381 1749 sunt
1408 1690 1438 1750 in
1464 1687 1638 1768 Scripturis.

371 1773 430 1831 scti.
452 1772 546 1834 Porro
566 1774 651 1834 locus
674 1776 730 1835 iste
751 1775 887 1836 bifariam
944 1774 1032 1834 Unde
1049 1784 1079 1835 et
1092 1774 1178 1834 Deus
1200 1774 1314 1837 zelotes
1332 1784 1458 1835 vocatur
1473 1774 1570 1836 lixod.
1586 1777 1638 1835 20.

389 1857 470 1917 velut
479 1860 545 1938 jam
561 1870 631 1921 ante
647 1860 788 1923 indicavi.
813 1860 886 1941 Qni-
942 1870 971 1920 et
983 1864 1033 1923 34.
1056 1861 1107 1923 Sic
1125 1863 1214 1939 igitur
1230 1864 1327 1940 ignem
1343 1862 1442 1923 veluti
1457 1863 1543 1941 fingit
1555 1862 1637 1942 Apo-

371 1943 406 2005 de
414 1948 517 2025 poeuis
529 1949 709 2027 purgatoriis
725 1949 887 2028 accipiunt3
942 1947 1037 2008 stolus
1052 1948 1201 2009 sehntem
1226 1969 1280 2026 pro
1303 1949 1400 2028 gloria
1414 1951 1482 2022 Dei,
1504 1959 1536 2009 et
1550 1950 1639 2028 quasi

371 2034 528 2093 inustione
553 2043 683 2095 aeterna.
717 2035 888 2095 &cundum
942 2034 1093 2095 dolentem
1119 2054 1155 2095 ac
1180 2035 1384 2097 vindicantem
1410 2037 1477 2113 ejus
1503 2036 1637 2114 injurias.

371 2137 438 2183 utus
458 2129 520 2181 est:
552 2121 613 2200 Qui
640 2120 700 2181 fide
723 2122 818 2181 semel
839 2141 886 2181 au·
942 2121 1024 2182 Alibi
1052 2140 1125 2182 vero
1146 2140 1163 2180 e
1186 2141 1330 2184 converso
1357 2122 1504 2202 legimus:
1530 2125 1637 2197 ignem

371 2203 440 2285 lapsi
455 2206 568 2268 inerint
583 2210 614 2267 in
629 2208 735 2287 gravia
752 2218 887 2286 peccata,
941 2210 1000 2267 zali
1022 2209 1137 2281 diuini,
1160 2219 1192 2268 ut
1214 2208 1324 2269 Enoch
1339 2209 1390 2269 36.
1412 2217 1445 2269 et
1459 2206 1591 2287 Sophos.
1609 2213 1637 2269 1.

371 2312 374 2345 ι
394 2293 520 2353 terribile
539 2294 688 2374 judicium
712 2295 779 2367 Dei,
805 2294 887 2377 quod
941 2307 973 2354 et
984 2299 1011 2357 3.
1027 2296 1077 2355 Ex
1092 2314 1153 2372 qno
1168 2295 1320 2373 suspirari
1335 2296 1403 2374 quis
1419 2304 1529 2374 possm,
1545 2297 1637 2355 etiam

371 2378 486 2440 othanc
498 2381 600 2454 vitam,
616 2383 734 2443 etiamsi
751 2383 887 2444 conversi
941 2381 1120 2462 Aposurlnrn
1128 2382 1170 2441 ita
1180 2383 1353 2461 scripsisse:
1365 2371 1417 2439 sui
1424 2371 1524 2456 πυρὸς
1532 2374 1637 2459 ζήλου,

374 2468 508 2544 peccatis.
531 2467 697 2529 Servantur
721 2470 799 2531 enim
822 2470 886 2548 igni
941 2477 970 2529 ct
985 2472 1069 2544 mnis
1083 2469 1154 2542 aeli,
1171 2466 1318 2529 videlicet
1333 2469 1529 2545 asportatio.
1557 2468 1636 2529 Nam

371 2582 380 2623 ν,
393 2555 442 2632 qni
463 2561 507 2613 est
522 2554 685 2615 aemulatio
701 2576 754 2616 sen
770 2576 886 2638 reprae·
941 2565 968 2616 et
990 2556 1105 2626 Lxx,
1132 2572 1207 2634 quos
1235 2554 1365 2616 libenter
1390 2554 1524 2615 imitatur
1545 2554 1637 2633 hujus

371 2640 496 2717 ‚uaedam
520 2640 600 2702 illins
622 2643 717 2722 ignis,
743 2645 795 2723 qni
818 2664 886 2704 con·
940 2644 1097 2722 Epistulae
1119 2643 1253 2722 scriptor,
1276 2641 1359 2720 apud
1381 2641 1564 2720 sophoniam
1585 2642 1636 2701 iis

372 2726 420 2799 ios,
440 2728 535 2789 idest
556 2729 633 2808 ignia
648 2732 772 2791 aeterni.
795 2729 886 2810 Quod
940 2730 1006 2791 dem
1021 2730 1123 2791 verbis
1137 2732 1243 2805 iponem
1260 2729 1321 2789 asli
1335 2737 1557 2809 expresserunt

371 2811 450 2893 llige,
473 2815 532 2874 nisi
552 2835 606 2895 per
628 2826 826 2895 spontaneam
837 2819 886 2896 ju·
982 2819 1032 2878 Ex
1054 2817 1173 2877 dnobus
1191 2816 1328 2877 sensibus
1349 2817 1522 2876 memoratis
1544 2814 1638 2895 eligat

371 2901 586 2975 stisiactionem,
602 2923 670 2983 qus,
686 2903 756 2964 dum
771 2906 886 2980 vivunt,
938 2904 1049 2978 lector,
1075 2914 1176 2966 utrum
1203 2902 1302 2980 volet;
1324 2902 1397 2964 mihi
1424 2904 1573 2982 posterior
1597 2900 1637 2962 sd

373 2997 495 3069 peccata
507 3009 562 3050 sus
573 2990 737 3065 vindicent,
753 2992 887 3053 terribile
940 2993 1114 3070 scripturae
1129 2992 1261 3072 phrasim
1276 2991 1371 3070 magis
1387 2989 1506 3051 videtur
1520 3009 1636 3052 accom-

371 3076 500 3136 isaeeuli
516 3076 664 3155 judicium
679 3080 884 3157 praeveniant.
939 3079 1086 3141 modatus.
1104 3078 1239 3140 liundem
1250 3078 1377 3155 adjuvat
1387 3079 1496 3138 mentio
1507 3077 1636 3152 jaotctt,

371 3181 428 3224 sum
457 3164 585 3243 probant
611 3185 649 3226 ex
675 3167 750 3244 ipsis
776 3166 885 3227 verbis.
937 3166 1019 3247 qnod
1049 3187 1113 3246 cap.
1141 3167 1169 3226 6.
1205 3175 1329 3226 vocatur
1363 3174 1526 3227 aeteruum.
1566 3166 1636 3245 Quo

372 3248 470 3310 henna
492 3273 552 3312 non
568 3260 616 3313 est
630 3252 791 3313 aemulatio
808 3254 887 3332 ignis
939 3255 1028 3314 etiam
1044 3251 1110 3312 loco
1126 3252 1235 3331 legitur
1247 3252 1440 3312 comminatio
1455 3251 1634 3311 combustio·

371 3356 382 3396 s
407 3340 628 3418 consumpturi3
662 3339 715 3400 sed
742 3342 819 3401 sicut
844 3342 888 3402 ibi
940 3341 993 3413 uis,
1017 3359 1097 3420 quae
1119 3340 1262 3419 reprobos
1284 3347 1413 3419 maneat.
1440 3337 1547 3417 Ignem
1561 3357 1636 3399 vero

382 3423 553 3496 adversarii,
579 3427 621 3486 ita
647 3435 694 3487 est
720 3429 785 3507 ipse
806 3429 886 3507 ignis
939 3447 1115 3508 corporeum
1130 3426 1267 3487 hocloco
1284 3425 1420 3504 intelligi,
1443 3444 1502 3485 non
1517 3424 1635 3485 dubita·

371 3530 381 3571 s
402 3531 591 3587 consumens,
617 3513 649 3573 id
671 3523 725 3587 est,
752 3516 885 3595 affligens
939 3534 1021 3591 mns;
1044 3516 1125 3574 sicut
1138 3523 1170 3573 et
1184 3514 1263 3586 alibi,
1288 3533 1356 3574 cum
1376 3512 1416 3572 de
1437 3510 1635 3592 poenudam-

371 3618 388 3659 s.
420 3601 461 3659 At
484 3601 516 3659 in
538 3602 720 3680 purgatorio,
748 3600 800 3661 ubi
825 3622 886 3663 uon
939 3610 1079 3662 natorum
1093 3600 1246 3680 Scriptura
1268 3600 1397 3679 loquqns
1419 3603 1525 3676 ignem
1541 3599 1633 3659 nomi·

371 3687 444 3759 sarii,
463 3685 518 3747 sed
534 3685 589 3746 tilii
603 3697 729 3761 tantum,
745 3697 790 3749 est
805 3688 885 3749 illius
938 3697 1000 3761 not,
1023 3698 1057 3748 nt
1078 3686 1185 3748 Mauh.
1209 3690 1238 3750 b.
1265 3688 1312 3748 18.
1335 3689 1394 3760 25,
1421 3690 1439 3747 2
1463 3686 1573 3747 Thess
1598 3689 1635 3758 1.‚

371 3773 477 3833 rsarios
501 3777 706 3836 consumentis
722 3776 885 3837 aemulatio
939 3777 1033 3855 Apoc.
1052 3776 1100 3836 19.
1118 3776 1167 3837 20.
1183 3784 1214 3835 et
1229 3776 1280 3836 21.
1307 3773 1378 3855 Qus
1400 3773 1439 3834 de
1461 3793 1494 3834 re
1517 3775 1634 3852 egimus

371 3860 435 3922 :udo
450 3859 608 3941 quaedam,
630 3862 668 3922 ob
684 3883 802 3944 poenae
817 3882 883 3942 gra·
939 3882 977 3921 ex
993 3861 1127 3942 professo
1140 3863 1170 3922 iu
1182 3863 1212 3921 4.
1224 3861 1292 3923 dist.
1305 3866 1355 3923 44.
1378 3861 1489 3941 Itaque
1503 3859 1635 3920 lacessat

940 3947 1060 4010 Caluini
1077 3956 1285 4022 commentum,
1306 3950 1359 4027 qni
1380 3949 1479 4028 ignem
1495 3946 1633 4007 adverse·

371 4037 443 4097 usic
458 4044 630 4115 exponunt:
654 4035 715 4116 Qui
730 4037 761 4095 in
777 4038 886 4113 gravia
939 4039 1000 4096 rios
1022 4035 1233 4097 devoraturum
1255 4037 1379 4116 exponit
1394 4036 1558 4095 cruciatum
1572 4053 1634 4094 ma·

371 4125 512 4184 resentim
526 4123 555 4182 in
567 4124 757 4202 apostasiam,
773 4121 886 4183 inerint
940 4122 988 4184 lae
1014 4122 1231 4196 conscientiae,
1257 4130 1290 4183 et
1315 4141 1393 4202 qnae
1419 4120 1570 4201 'I'heologi
1596 4119 1636 4180 de

371 4210 489 4289 liquum
510 4210 554 4269 eis
575 4220 634 4284 est,
656 4218 690 4269 ut
712 4220 886 4289 exspectent
941 4212 1012 4289 igne
1026 4229 1171 4288 corporeo
1191 4208 1356 4289 disputant,
1378 4229 1433 4270 suo
1452 4229 1535 4270 more
1556 4206 1636 4268 false

371 4298 409 4357 lei
430 4297 581 4374 judicium
608 4298 639 4356 in
665 4298 773 4376 impios
798 4317 884 4358 exer·
940 4296 1051 4359 irridet
1074 4295 1169 4358 Nobis
1184 4315 1222 4359 ex
1245 4295 1374 4358 adverso
1396 4295 1531 4367 sufficiat,
1554 4293 1637 4375 quod

371 4384 492 4463 lignem
513 4383 671 4463 gehennae
693 4384 886 4458 saevientem,
940 4405 1004 4444 eam
1020 4384 1097 4463 iguis
1112 4383 1388 4463 interpretationem
1403 4383 1564 4444 orthodoxi
1576 4383 1634 4442 Pa·

371 4469 429 4542 bit,
452 4471 482 4531 id
498 4479 552 4542 est,
575 4470 764 4531 excruciabit
785 4492 886 4534 omnes
940 4481 1001 4531 tres
1013 4472 1077 4549 jam
1093 4469 1163 4531 olim
1179 4470 1209 4531 in
1225 4469 1357 4550 Origene
1372 4469 1558 4532 damnarunt

371 4558 481 4629 serios,
507 4577 634 4637 quorum
658 4561 690 4620 iu
713 4577 834 4619 numero
858 4568 888 4619 et
985 4558 1035 4618 28.
1059 4559 1193 4618 irritum
1208 4559 1278 4635 quia
1290 4559 1414 4635 facicm
1429 4559 1526 4634 lepem
1543 4556 1635 4628 Mori,

371 4651 467 4706 antur.
490 4643 653 4705 Sciendum
677 4655 723 4706 est
746 4647 832 4719 enim,
856 4648 887 4708 in
940 4648 1006 4705 sine
1021 4645 1092 4705 atta
1107 4647 1314 4706 minoratione
1335 4645 1456 4706 duobus
1472 4644 1520 4704 cal
1535 4641 1637 4702 trihus

371 4729 491 4792 baberi:
507 4722 560 4790 καὶ
572 4724 671 4806 πυρὸς
685 4727 791 4811 ζῆλος,
805 4733 887 4813 qnod
941 4732 1066 4794 testibua
1074 4735 1219 4794 moritur.
1234 4734 1368 4793 irritum
1377 4732 1511 4808 foriens,
1522 4728 1637 4791 Graece

371 4818 454 4880 ertit:
467 4821 591 4896 stipate
602 4820 807 4881 vetramcntiu.
823 4820 885 4881 Sed
941 4821 1147 4901 participium:
1171 4810 1342 4897 ἀθετήσας,
1363 4819 1464 4890 idest,
1488 4820 1544 4894 qui
1558 4817 1636 4874 irri-

371 4903 885 4982 rtalii‚Gnaeovocabnloretenro‚
941 4915 1007 4966 tom
1028 4909 1156 4985 feccrit,
1179 4911 1235 4983 qui
1257 4906 1404 4980 objecerit
1426 4905 1523 4980 tapam
1547 4903 1637 4965 Mori.

371 4991 510 5056 luerunt:
533 5000 563 5054 rt
576 4995 660 5069 iouis
674 4995 778 5071 zelus,·
795 4993 885 5074 idque
941 4994 1031 5074 Quod
1047 4995 1175 5073 intelligi
1198 5003 1297 5074 potest
1315 4991 1433 5052 duobus
1449 4990 1561 5052 modis:
1586 4989 1637 5051 rel

371 5100 428 5148 :aru
441 5078 527 5152 illins
541 5081 624 5152 vocis
639 5081 885 5163 significationem
939 5102 1031 5146 unum
1046 5079 1170 5163 aliquod
1184 5081 1261 5164 legis¹
1272 5086 1466 5164 praeceptum
1480 5074 1631 5153 violando,
