4442 5825
432 585 505 658 οη
757 600 760 609 -
953 577 1185 636 conuenturos
1202 579 1235 636 ur
1251 578 1317 636 cu.
1335 580 1354 635 1.

430 755 576 830 Thomas,
598 754 645 817 cui
663 752 774 816 dictum
788 754 846 817 tuit
861 777 879 817 a
893 755 1042 818 Domino:
1066 758 1126 819 Irt-
1177 775 1246 820 mos
1261 755 1300 817 ad
1315 758 1452 818 notitiam
1467 757 1563 819 Verbi
1578 755 1689 832 divini,
1706 756 1791 817 nobis
1805 756 1866 818 alio

429 845 482 924 fer
497 845 631 920 diuitum
655 851 745 903 tuum
760 845 829 919 buc,
853 852 883 905 ct
897 845 978 924 offer
993 864 1125 905 monum
1179 845 1231 926 qui
1254 863 1307 924 par
1328 854 1467 905 naturam
1494 846 1654 925 incogniti.
1690 844 1770 905 Nam
1795 846 1870 905 sicuti

430 939 532 1007 mam,
549 938 578 991 ct
590 933 677 990 mitta
688 933 724 993 io
736 931 820 992 lotus
830 950 946 1007 mcum,
962 932 1051 994 Joan.
1065 934 1125 1005 20,
1179 931 1301 992 verbum
1324 941 1456 992 nostrum
1483 930 1621 1011 procedit
1645 953 1666 992 a
1693 939 1811 1003 mente,
1837 933 1872 991 ita

431 1026 463 1080 et
477 1016 530 1078 alii
545 1016 697 1096 discipuli,
713 1017 824 1097 quibus
837 1018 929 1080 dixit:
945 1020 1081 1094 Palpotc
1096 1026 1126 1078 ct
1178 1018 1257 1081 Filio
1283 1018 1342 1077 Dei
1371 1037 1411 1078 ex
1436 1020 1551 1079 ratione
1571 1019 1668 1080 Verbi
1698 1020 1839 1097 competit
1858 1040 1873 1078 a

380 1146 383 1153 ·
430 1106 544 1167 videto.
557 1104 930 1185 Namquinpalpaverint,
942 1106 1055 1185 ambigi
1066 1125 1125 1166 non
1178 1105 1269 1166 Putre
1288 1105 1461 1182 procedere,
1483 1104 1567 1166 velut
1584 1126 1604 1166 a
1621 1113 1873 1182 morereretur,

430 1199 538 1272 potest,
562 1192 736 1271 praesertim
760 1190 798 1252 de
821 1192 958 1266 Thoma;
982 1211 1073 1272 quum
1089 1211 1126 1253 es
1180 1200 1212 1254 et
1251 1193 1339 1253 sicuti
1382 1191 1509 1252 verbum
1546 1199 1686 1254 nostrum
1725 1193 1873 1267 internum,

430 1296 480 1338 res
495 1286 559 1337 tota
573 1278 718 1339 divinitus
737 1278 875 1341 ordinata
889 1277 981 1340 fuerit
995 1277 1034 1338 ad
1049 1299 1126 1340 com·
1179 1280 1234 1339 etsi
1266 1299 1284 1337 a
1313 1287 1413 1340 mente
1437 1280 1620 1358 procedens,
1653 1280 1764 1340 intimo
1787 1288 1873 1340 umen

431 1362 616 1445 probandam
624 1367 850 1429 resurrectionis
862 1368 1029 1428 veritatem.
1046 1364 1124 1426 Con·
1180 1366 1211 1425 in
1245 1367 1310 1444 ipsa
1347 1374 1516 1445 permanet,
1552 1386 1610 1426 nec
1648 1365 1690 1426 ab
1727 1386 1763 1426 ea
1799 1386 1873 1445 sepa·

431 1459 598 1512 tractarunt
612 1470 680 1511 eum
696 1454 784 1514 etiam
802 1473 908 1514 manus
923 1455 1091 1532 impiorum,
1107 1473 1126 1511 a
1179 1454 1238 1512 rari
1265 1459 1379 1530 potest,
1408 1454 1449 1512 ita
1474 1453 1572 1512 Filius
1599 1454 1682 1526 Dei,
1714 1452 1873 1533 procedens

431 1538 541 1620 quibus
564 1547 684 1618 captus,
709 1540 931 1619 colaphizatus,
953 1539 1126 1620 flagellatus
1180 1558 1219 1600 ex
1234 1539 1332 1609 Patre,
1355 1540 1476 1599 intimus
1496 1540 1526 1597 in
1546 1540 1614 1617 ipso
1637 1548 1807 1618 permanet,
1826 1560 1873 1599 uec

431 1635 464 1687 et
485 1625 645 1685 crucifixus
672 1625 744 1704 fuit3
770 1627 824 1688 sed
847 1626 967 1688 abillis
992 1628 1123 1687 testimo·
1180 1626 1218 1686 ab
1235 1644 1270 1684 eo
1286 1624 1534 1704 separabilisest.
1557 1625 1695 1686 Rursum
1708 1628 1871 1686 sicutmen-

432 1713 514 1773 nium
530 1732 591 1772 non
606 1720 670 1772 erat
685 1714 853 1792 petendum.
1180 1713 1218 1771 tis
1240 1720 1361 1772 nostrae
1384 1711 1515 1784 verbum,
1540 1731 1601 1792 quo
1618 1733 1654 1773 se
1671 1714 1774 1793 ipsam
1796 1713 1872 1773 intel·

477 1798 610 1879 Quidam
633 1801 664 1859 in
685 1799 745 1861 bac
766 1811 851 1880 parte
873 1799 1060 1880 hyperbolen
1081 1798 1126 1859 fa·
1181 1798 1255 1879 ligit,
1267 1807 1313 1859 est
1327 1800 1420 1880 ipsius
1436 1798 1545 1858 mentis
1561 1801 1665 1879 imago
1682 1800 1826 1880 perlecta,
1839 1801 1874 1858 sic

365 1923 370 1932 ·
433 1886 534 1959 ciunt,
561 1887 649 1965 quasi
671 1895 786 1947 tantum
810 1887 865 1949 boc
886 1887 962 1948 velit
983 1886 1126 1960 Joannes,
1180 1885 1240 1946 Dei
1255 1886 1352 1946 Filius
1368 1893 1412 1945 est
1427 1883 1561 1965 perfecta
1585 1888 1689 1967 imago
1707 1887 1819 1947 Patris.
1840 1887 1873 1947 Et

433 1971 553 2034 diceus:
577 1974 749 2034 Etmanes
770 1983 898 2036 nostrae
913 1981 1127 2036 contrectave-
1181 1981 1223 2045 ut,
1246 1973 1313 2031 aliis
1336 1973 1610 2052 comparationibus
1633 1974 1770 2044 omissis,
1794 1992 1872 2033 uuam

433 2067 522 2133 runt,
545 2058 611 2131 boc,
634 2061 766 2139 inquam,
789 2062 870 2141 quod
892 2061 969 2122 dixit
983 2063 1014 2121 in
1029 2062 1127 2121 Evan-
1181 2059 1280 2119 adhuc
1294 2057 1444 2138 adjiciam,
1468 2079 1546 2138 quae
1561 2060 1722 2140 praesenti
1742 2060 1808 2121 loco
1823 2079 1871 2119 ser

434 2146 531 2226 gelio:
547 2148 590 2206 Et
604 2146 806 2208 tetimonio
820 2149 921 2224 nobie,
939 2147 1035 2222 idest,
1051 2149 1128 2207 inter
1181 2147 1258 2218 viat,
1288 2145 1436 2226 quomodo
1462 2145 1587 2207 verbum
1613 2149 1770 2209 internum
1801 2145 1871 2228 apud

433 2252 504 2310 uos3
528 2242 559 2291 ut
575 2233 761 2311 significetur
775 2234 935 2297 familiaris
951 2233 1045 2295 Verbi
1061 2254 1127 2294 cum
1180 2232 1316 2294 homines
1331 2232 1539 2292 manifestetur
1558 2254 1613 2312 per
1634 2235 1765 2295 verbum
1787 2244 1870 2295 exter-

433 2317 604 2380 bomiuibus
629 2323 822 2383 conversatio.
845 2322 959 2383 Verum
980 2341 1017 2382 ex
1041 2322 1128 2382 dictis
1181 2339 1268 2393 uum,
1296 2322 1336 2379 ita
1363 2329 1515 2380 aeteruum
1539 2321 1597 2379 Dei
1618 2321 1773 2394 Verbum,
1800 2320 1872 2380 Patri

435 2409 508 2467 satis
524 2418 660 2486 apparet,
675 2411 796 2489 proprie
810 2409 906 2470 fuisse
919 2410 1058 2471 locutum.
1083 2410 1129 2468 Ac
1182 2407 1325 2480 intimum,
1347 2409 1475 2468 innotuit
1495 2405 1668 2467 homiuibus
1693 2411 1724 2468 iu
1742 2418 1872 2488 tempore,

435 2513 509 2556 sane
523 2502 630 2555 testem
654 2492 786 2576 (qualem
800 2497 935 2558 Joannes
951 2496 1000 2556 bic
1014 2516 1047 2556 se
1062 2514 1128 2574 pro·
1182 2516 1240 2555 nou
1263 2494 1358 2553 solum
1382 2513 1435 2573 per
1457 2512 1547 2551 voces
1570 2494 1808 2573 Prophetarum,
1830 2496 1872 2574 qui

434 2576 548 2658 litetur)
577 2580 774 2664 hyperbolice
805 2585 1014 2658 testificantem
1045 2582 1129 2661 loqui
1183 2590 1339 2642 venturum
1354 2581 1385 2639 in
1401 2583 1765 2658 carnepraenuntiaruut,
1780 2600 1871 2641 verum

435 2689 495 2729 non
517 2670 662 2729 convenit
686 2669 754 2748 Quo
778 2672 870 2731 etiam
892 2684 1067 2749 argumento
1082 2687 1127 2728 re·
1183 2669 1281 2740 etiem,
1297 2675 1326 2726 et
1341 2668 1477 2738 maxime,
1499 2676 1605 2744 postea
1620 2687 1679 2745 per
1694 2677 1872 2747 assumptam

435 2754 501 2816 felli
515 2763 614 2836 potest
629 2774 730 2815 eorum
746 2758 984 2828 commentarius,
1008 2757 1059 2835 qui
1075 2773 1127 2815 au·
1182 2755 1301 2835 abipso
1320 2762 1455 2814 naturam
1477 2751 1647 2826 humanam,
1674 2755 1705 2813 in
1731 2775 1795 2834 qua
1809 2753 1870 2813 Ver·

437 2843 532 2903 ditum
558 2849 589 2902 et
611 2844 708 2903 visum
736 2843 827 2921 hujus
851 2843 910 2903 loci
933 2845 973 2904 ad
998 2849 1128 2902 mentem
1183 2839 1253 2901 bum
1279 2840 1380 2901 Patris
1406 2839 1476 2898 olim
1505 2839 1659 2899 invisibile
1695 2840 1811 2901 iactum
1835 2848 1872 2899 est

435 2948 489 2990 seu
505 2939 623 3009 partem
635 2928 852 2990 intellectivam
865 2930 1016 3006 referunt,
1032 2939 1065 2989 ut
1077 2948 1128 2988 au·
1181 2927 1318 3000 visibile,
1344 2944 1526 2986 conversans
1552 2934 1581 2985 et
1606 2926 1792 3008 colloquere
1815 2946 1872 2987 cum

436 3014 549 3076 divisse
571 3013 709 3076 dicantur
724 3016 873 3096 Apostoli,
893 3015 1128 3097 praenuntianti·
1181 3014 1359 3075 bominibus.
1376 3011 1436 3073 Sed
1453 3012 1491 3073 de
1501 3010 1559 3072 bec
1570 3031 1602 3072 re
1618 3013 1710 3091 plura
1722 3025 1753 3076 et
1765 3036 1803 3075 ex
1815 3034 1869 3095 pro

435 3102 493 3163 bus
518 3101 677 3181 Prophetis
703 3102 819 3163 vidisse
842 3103 914 3176 lide,
940 3102 1130 3184 perspexisse
1182 3100 1262 3161 fesso
1285 3100 1323 3160 ad
1339 3099 1406 3159 dist.
1424 3100 1474 3158 27.
1490 3097 1541 3157 lib.
1561 3104 1587 3157 1.
1603 3109 1683 3160 sent.
1710 3101 1775 3162 Ubi
1795 3104 1872 3161 etiam

436 3186 645 3268 intelligentia.
678 3190 746 3249 Non
772 3190 852 3250 euim
877 3188 1129 3259 animadvertunt,
1183 3187 1373 3259 ostendimus,
1397 3187 1454 3246 etsi
1469 3194 1529 3245 tam
1545 3184 1603 3257 bic,
1626 3206 1718 3266 quam
1737 3188 1872 3249 iulium·

435 3273 514 3335 banc
530 3295 549 3335 a
564 3275 684 3336 Jouuue
697 3275 795 3335 'scribi
817 3284 971 3356 tamqnam
987 3283 1066 3336 teste
1080 3292 1128 3333 eo·
1183 3273 1262 3354 gelio
1289 3283 1319 3333 et
1345 3271 1432 3344 alibi,
1455 3293 1509 3352 pro
1543 3271 1645 3333 Verbo
1668 3276 1772 3355 possit
1794 3277 1872 3335 etiam

436 3380 511 3435 rum,
535 3381 612 3441 quae
635 3381 701 3421 cum
724 3362 813 3422 sociis
833 3362 989 3442 apostolis
1013 3359 1131 3422 audivit
1184 3362 1275 3421 verti:
1298 3376 1416 3433 sermo,
1440 3357 1521 3437 quod
1536 3359 1686 3420 Erasmus
1702 3370 1735 3422 et
1750 3360 1806 3423 alii
1819 3359 1872 3441 qui·

438 3455 470 3508 et
483 3446 568 3509 vidit
589 3449 658 3510 Hoc
673 3448 750 3507 enim
764 3468 835 3508 mox
851 3448 950 3509 addit:
972 3450 1016 3509 Et
1034 3454 1130 3508 tecto·
1184 3446 1252 3508 dam
1273 3446 1403 3519 faciunt,
1429 3446 1488 3504 imo
1512 3453 1541 3503 et
1563 3444 1710 3524 vulgetur
1735 3450 1873 3529 interpres

438 3552 520 3595 mur.
544 3533 633 3596 Unde
644 3542 673 3595 et
685 3535 771 3613 ajunt
781 3533 819 3594 ad
832 3537 985 3615 principes
995 3532 1129 3595 Judaeo-
1183 3550 1421 3612 nonnumquam,
1450 3531 1556 3591 melius
1585 3538 1688 3595 temen
1720 3536 1874 3596 convenire

437 3638 503 3680 rum
529 3620 638 3681 Petrus
666 3630 697 3681 et
716 3621 864 3695 Joanues,
889 3619 956 3682 Act
983 3624 1029 3682 4.:
1056 3621 1130 3680 Non
1184 3618 1276 3679 Verbi
1292 3618 1470 3679 vocabulum
1486 3618 1528 3678 illi
1544 3617 1772 3696 simplicissimo
1787 3623 1872 3682 etin·

437 3709 522 3768 cutm
534 3725 712 3783 possumus,
736 3726 817 3785 quoe
836 3707 975 3769 uidimus
989 3714 1019 3767 ct
1033 3706 1130 3768 oodt·
1182 3706 1320 3766 mutabili
1347 3704 1407 3765 Dei
1428 3703 1537 3765 Verbo.
1567 3703 1766 3788 Quamquam
1792 3707 1873 3767 laten·

435 3795 549 3868 rimu,
564 3812 633 3856 nou
647 3794 745 3871 loqui.
1183 3790 1255 3853 dum
1276 3788 1338 3866 est',
1362 3790 1611 3871 significationem
1636 3790 1781 3855 Graecae
1802 3794 1873 3854 vocis

478 3880 528 3940 Dc
552 3881 644 3942 umbo
665 3884 759 3942 citae.
795 3880 932 3942 Verbum
952 3883 1037 3941 vitoe
1057 3899 1127 3941 uon·
1183 3870 1288 3956 λόγος,
1313 3885 1400 3959 prout
1422 3877 1560 3937 tribuitur
1576 3878 1636 3939 Dei
1661 3880 1756 3953 Filio,
1777 3880 1873 3941 Latina

433 3965 510 4026 nulli
546 3969 778 4048 interpretentur
809 3966 1028 4047 Evangelium,
1063 3969 1129 4027 aive
1181 3965 1284 4046 aliqua
1299 3964 1428 4025 dictione
1442 3984 1497 4024 nec
1516 3964 1591 4026 satis
1605 3969 1734 4046 proprie
1750 3965 1872 4049 exprimi.

435 4054 639 4133 evangelicam
660 4053 825 4116 doctrinam
840 4054 990 4115 vivificam
1005 4062 1037 4114 et
1050 4054 1128 4114 salu·
1181 4071 1237 4113 nec
1253 4053 1343 4131 plene
1358 4049 1443 4113 reddi
1458 4069 1555 4130 posse.

432 4144 535 4201 tarem.
558 4140 618 4202 Sed
641 4140 688 4201 bic
703 4160 809 4202 seusus
828 4159 889 4202 uon
904 4143 1041 4222 congruit
1059 4161 1127 4201 cum
1225 4140 1318 4199 Porro
1343 4138 1478 4217 Verbum
1501 4140 1587 4198 vitae
1610 4147 1745 4200 vocatur
1768 4137 1871 4220 duplici

431 4227 690 4306 praecedentibus.
711 4228 808 4308 Igitur
828 4228 959 4290 verbum
975 4232 1061 4288 vitoe
1083 4230 1125 4287 iu·
1180 4226 1312 4287 ratione:
1336 4232 1364 4285 et
1387 4226 1457 4306 quia
1471 4223 1603 4285 Verbum
1617 4226 1732 4286 vivens
1747 4236 1801 4300 est,
1821 4226 1871 4285 imo

430 4312 613 4394 telligamns,
636 4322 671 4374 ut
691 4314 744 4375 alii
767 4314 832 4376 iere
855 4334 971 4388 omnes,
994 4313 1054 4374 Dei
1073 4315 1125 4373 Fi·
1182 4314 1248 4393 ipsa
1263 4316 1343 4386 vita;
1367 4321 1397 4371 et
1420 4311 1490 4388 quia
1505 4310 1640 4371 Verbum
1663 4308 1870 4387 vivificumid

429 4397 514 4473 lium,
537 4401 671 4464 Verbum
692 4400 801 4474 Patris,
827 4399 865 4460 de
887 4422 946 4481 quo
970 4401 1126 4480 praeclare
1181 4408 1232 4471 cst,
1248 4401 1340 4460 vitam
1353 4395 1684 4458 ucsalutemadiereus
1697 4397 1868 4461 bominibus

430 4483 568 4548 Joannes
584 4491 668 4550 initio
685 4489 730 4549 sui
745 4487 915 4565 Evangelii,
931 4497 963 4546 et
976 4506 1078 4548 rursus
1094 4488 1125 4548 iu
1180 4484 1276 4546 Priori
1293 4484 1380 4545 modo
1404 4486 1468 4544 vita
1483 4492 1528 4543 cst
1543 4484 1761 4562 essentialiter,
1783 4494 1868 4567 poste

430 4568 489 4631 bac
504 4575 602 4653 Epist.
620 4578 648 4648 5,
666 4578 694 4635 7.
723 4574 814 4636 Unde
830 4582 921 4633 estet
939 4572 1015 4634 illud
1030 4574 1123 4654 Apoc.
1178 4574 1251 4633 riori
1266 4572 1432 4633 moraliter.
1456 4570 1585 4630 Videtur
1599 4581 1703 4632 autem
1722 4576 1866 4653 priormo

430 4658 481 4719 19.
497 4657 536 4719 de
552 4660 633 4720 Filio
649 4660 725 4721 Dei:
759 4663 899 4722 Vocatur
919 4678 1037 4722 nomen
1058 4666 1124 4736 ejus
1178 4657 1235 4718 dus
1257 4661 1306 4720 hic
1326 4658 1521 4738 significatus,
1544 4668 1581 4717 ut
1603 4663 1768 4739 sequeutia
1782 4659 1865 4721 decla·

432 4743 569 4806 Verbum
585 4747 655 4807 Dei.
1177 4756 1260 4821 rant3
1285 4766 1350 4809 cum
1365 4750 1501 4822 respectu
1516 4752 1617 4805 tamen
1632 4745 1674 4805 ad
1690 4747 1810 4809 modum
1824 4765 1864 4825 ptr

469 4832 604 4893 Vocatur
616 4842 714 4893 autem
723 4833 866 4905 Verbum,
875 4832 1005 4893 Graece:
1018 4826 1121 4908 λόγος,
1176 4834 1339 4894 steriorem.
1361 4832 1440 4892 Nam
1463 4839 1493 4888 ct
1516 4832 1682 4913 Evangelii
1707 4835 1810 4895 locus:
1833 4832 1864 4892 la

427 4919 633 4998 appellatione
647 4927 768 4999 sumpta
782 4939 802 4978 a
816 4918 910 4980 verbo
925 4919 1066 4994 humano,
1082 4938 1120 4980 ex
1175 4921 1245 4996 ipso
1267 4924 1336 4981 vita
1355 4926 1434 4992 erat,
1458 4925 1488 4977 et
1509 4921 1581 4979 vito
1601 4929 1674 4981 erut
1696 4923 1755 4985 luas
1776 4920 1863 4983 bosti-

427 5006 516 5083 cujus
530 5005 699 5087 cognitione
713 5005 808 5067 veluti
821 5026 910 5067 menn
927 5005 1057 5068 ducendi
1072 5023 1118 5066 eu·
1174 5025 1264 5081 uum,
1282 5007 1386 5068 eodem
1401 5001 1491 5067 modo
1506 5010 1681 5073 rectissime
1694 5007 1860 5090 intelligitu-
