4442 5825
441 609 516 677 ⁶02
822 616 824 623 ·
985 600 1352 658 murmurosum.
1368 603 1389 657 1.
1924 606 1926 693 l

441 776 512 838 inde
529 775 720 838 distinctione
742 795 819 857 opas
839 784 885 836 est
900 777 1055 839 vocabuli:
1078 778 1137 855 fir*
1192 778 1268 855 dem,
1283 778 1419 841 adhibita
1433 778 1498 839 euie
1519 777 1768 841 anmtatiomhne
1781 792 1876 861 quarta

440 867 582 926 miorem.
605 863 670 924 Ant
694 864 774 924 enim
796 864 912 924 ίίηιιιιω
932 863 1048 945 aliquid
1063 864 1135 927 dici·
1192 875 1244 928 aut
1266 867 1374 948 quinta
1393 866 1607 952 recognitione,
1629 873 1769 939 testatur,
1789 887 1875 929 sene

441 959 490 1012 tur
513 952 543 1010 in
559 970 599 1024 se,
621 952 693 1032 quia
714 950 895 1011 immobilem
917 950 1008 1012 habet
1027 954 1135 1012 verita·
1191 974 1343 1034 quaquam
1358 959 1605 1032 repugnaturum,
1627 953 1654 1013 ei
1670 955 1722 1014 cui
1735 955 1829 1035 magis
1841 975 1876 1016 er·

441 1046 517 1114 tem3
540 1057 600 1118 quo
614 1037 703 1098 modo
720 1057 806 1097 omne
822 1037 882 1097 Dei
898 1038 1021 1099 verbum
1038 1059 1137 1118 aequo
1190 1040 1288 1101 rideat
1296 1040 1462 1118 Augustini
1473 1056 1567 1119 super
1578 1039 1637 1101 hoc
1648 1039 1719 1101 loco
1731 1045 1877 1103 emtmtia

440 1125 557 1185 firmum
572 1133 627 1198 est,
649 1125 713 1186 siro
737 1143 792 1203 per
813 1143 917 1183 rocem
938 1125 969 1185 in
991 1133 1061 1185 aere
1076 1125 1135 1186 for·
1236 1129 1295 1189 Oui
1310 1127 1496 1205 benefacitis
1510 1127 1723 1188 attendentes.
1747 1128 1807 1189 eus
1820 1147 1878 1189 ecn-

441 1220 561 1284 matem,
587 1213 654 1272 eive
677 1231 731 1291 per
758 1231 791 1271 os
814 1209 1043 1290 Prophetarum,
1069 1214 1136 1273 sive
1191 1215 1365 1274 struendum
1381 1233 1447 1273 cum
1460 1214 1673 1289 munterte,
1689 1216 1878 1295 proqqun·

442 1318 496 1378 per
511 1299 724 1377 Apostolorum
748 1297 1002 1377 praedicationem
1027 1298 1066 1359 ad
1081 1319 1136 1359 nos
1190 1302 1329 1381 gostinus
1354 1317 1441 1359 serm.
1465 1302 1513 1360 ut
1537 1301 1578 1361 de
1601 1299 1743 1373 diversis,
1766 1309 1799 1361 et
1817 1301 1880 1362 alihi

440 1387 608 1465 perveniat
632 1386 694 1445 Aut
707 1385 836 1462 sinuum
858 1383 970 1444 dicitur
992 1387 1022 1446 in
1036 1394 1137 1446 monte
1191 1387 1280 1466 legit:
1306 1386 1512 1448 intendentes.
1536 1385 1619 1448 Ordo
1641 1397 1675 1448 et
1698 1406 1807 1449 sensus
1826 1396 1879 1448 eet:

440 1472 578 1546 hominis,
601 1471 633 1532 id
657 1480 704 1532 est
727 1480 849 1542 eertum,
873 1479 953 1532 certo
976 1472 1135 1551 cognitum.
1191 1474 1244 1534 Cui
1271 1474 1443 1553 prophetico
1473 1473 1603 1534 sermoni
1630 1472 1705 1534 dnm
1736 1473 1880 1535 attenditis

439 1558 584 1639 Itaqucd
597 1559 650 1619 uui
665 1559 778 1618 firmum
794 1577 832 1618 ao
846 1566 960 1618 certum
976 1567 1033 1631 est,
1049 1557 1136 1619 alteri
1188 1560 1319 1640 legendo
1345 1560 1566 1639 Prophetarum
1593 1558 1698 1637 lrhroe,
1727 1567 1761 1621 et
1785 1580 1823 1621 ox
1845 1562 1880 1623 eie

436 1644 565 1707 dubium
590 1655 620 1706 et
646 1648 801 1718 incertum,
827 1652 881 1704 aut
902 1646 1000 1705 miuus
1022 1655 1135 1706 certum
1189 1646 1351 1708 scrutando
1370 1648 1538 1721 veritatem,
1553 1645 1738 1709 benefacitis
1754 1656 1786 1707 et
1799 1647 1880 1709 saluti

440 1751 506 1793 osse
521 1741 627 1813 potest
1189 1743 1310 1794 restrae
1333 1733 1500 1794 consulitis.
1522 1733 1711 1794 Exhortatio
1732 1743 1783 1794 est
1796 1732 1880 1795 edu

484 1820 552 1880 Eoo
577 1821 669 1900 igitur
697 1818 787 1878 modo
817 1837 914 1879 sermo
944 1818 1135 1898 propheticus
1189 1821 1304 1901 gendes
1319 1820 1488 1900 Scripturas
1510 1821 1716 1901 propheticae,
1738 1821 1823 1901 quod
1836 1840 1880 1881 eae

440 1905 569 1968 ludaeis
592 1904 631 1966 ed
651 1903 802 1966 Christum
825 1907 978 1965 conversis
999 1916 1065 1966 erat
1086 1903 1135 1964 fir·
1190 1908 1284 1987 pluris
1309 1905 1450 1979 facerent,
1477 1916 1512 1967 ut
1535 1906 1651 1968 dictum
1679 1916 1738 1980 eet,
1765 1907 1880 1980 tudes,

440 1995 515 2053 mior
530 1992 704 2073 Apostolica
721 1994 780 2052 ista
795 1994 997 2063 attestatione,
1019 2011 1136 2070 exque
1188 1995 1309 2055 tametsi
1325 1996 1389 2073 jam
1410 1992 1588 2067 Christiani,
1613 2013 1709 2075 quern
1733 1993 1819 2055 dieta
1837 2001 1882 2054 aut

440 2079 620 2153 didicerant,
643 2078 854 2140 revelationem
878 2078 959 2139 illam
975 2077 1087 2138 iactam
1104 2080 1135 2140 in
1188 2083 1300 2161 scripta
1328 2081 1512 2158 Apostolica.
1549 2080 1640 2142 Unde
1671 2089 1702 2141 et
1730 2079 1882 2141 lendum

440 2173 542 2227 monte
568 2177 680 2228 sancto.
715 2169 790 2227 Erat
811 2166 890 2227 enim
914 2165 1134 2245 Prophetarum
1189 2169 1256 2228 Act.
1270 2170 1319 2227 17.
1335 2166 1622 2229 Thessalonicenses
1635 2167 1775 2247 qnidam,
1791 2168 1882 2248 quiet

441 2255 604 2314 auctoritas
619 2254 713 2315 inille
725 2254 837 2334 populo
850 2251 1049 2314 diuturnitate
1062 2261 1133 2314 tem·
1189 2256 1248 2333 ipsi
1273 2253 1385 2315 Judaei
1416 2262 1510 2328 erant,
1541 2255 1686 2332 quotidie
1714 2261 1882 2315 smitam

441 2341 523 2421 peris
546 2349 578 2401 et
598 2360 746 2402 consensu
768 2343 914 2419 majorum
937 2341 1054 2400 firmate
1071 2341 1135 2417 jam
1187 2343 1380 2418 Scripturas,
1404 2343 1510 2420 utique
1525 2342 1730 2422 propheticae,
1753 2343 1783 2402 ei
1803 2343 1882 2414 hoec,

442 2435 473 2487 et
486 2428 644 2503 roborate3
666 2438 727 2490 non
741 2430 814 2489 item
829 2428 991 2487 auctoritas
1007 2428 1134 2505 Apostc·
1187 2447 1268 2509 quae
1283 2449 1301 2488 a
1315 2427 1412 2488 Paulo
1435 2427 1595 2489 audierant
1614 2437 1646 2489 et
1668 2427 1732 2488 tide
1752 2429 1819 2507 jaun
1839 2447 1879 2488 eu·

441 2513 545 2589 lorum,
557 2535 639 2596 qnae
649 2535 755 2577 recens
767 2513 866 2575 adhuc
878 2524 948 2589 erat,
963 2534 999 2574 ac
1010 2512 1136 2594 proinde
1187 2523 1354 2595 saepserant,
1369 2517 1417 2576 ite
1432 2534 1462 2577 re
1477 2515 1637 2576 haherent

440 2601 571 2663 nondum
589 2609 673 2663 tanta
687 2622 754 2663 eum
777 2603 974 2663 veneratione
991 2601 1134 2678 suscipio
1230 2602 1362 2662 Utuntur
1383 2602 1440 2662 hoe
1462 2600 1529 2661 icoo
1544 2602 1678 2674 sectarii,
1700 2609 1738 2661 nt
1756 2601 1882 2683 probent,

440 2688 538 2750 batur.
560 2690 637 2750 Nam
653 2691 755 2770 stipsi
772 2688 910 2768 Apostoli
926 2708 1011 2749 suam
1027 2686 1135 2747 doctri·
1188 2688 1388 2749 exhortandos
1412 2707 1479 2749 esse
1501 2687 1608 2750 fideles
1623 2687 1664 2749 ad
1678 2688 1844 2750 lectionem
1855 2695 1880 2747 et

441 2796 509 2837 nem
539 2777 755 2838 confirmabant
790 2774 878 2835 dictis
909 2774 1134 2855 Prophetarum,
1189 2774 1320 2836 studium
1337 2775 1511 2856 scripturae
1526 2794 1639 2835 sacrae.
1664 2775 1879 2856 Quodnoecr

442 2864 573 2925 maxime
588 2866 704 2945 quoties
719 2883 785 2925 oum
799 2862 823 2924 J
824 2861 929 2924 ndaeis
944 2870 1077 2943 agerent
1187 2862 1311 2924 thodoxi
1325 2884 1387 2925 non
1397 2882 1542 2944 negemus
1554 2860 1594 2924 de
1604 2863 1642 2923 iis
1653 2861 1809 2936 fidelihus,
1823 2862 1879 2943 qai·

485 2949 578 3030 Igitur
604 2953 728 3024 Petrus,
751 2949 881 3013 Judaeis
902 2949 1039 3011 fidelibus
1064 2949 1134 3009 sori·
1187 2951 1244 3012 hus
1259 2951 1290 3012 id
1307 2950 1462 3028 expedire,
1484 2947 1567 3030 quod
1582 2950 1759 3029 Scripturas
1782 2948 1881 3029 lqaat

442 3038 524 3107 bens,
547 3047 581 3098 ut
603 3057 656 3099 eos
678 3041 708 3098 in
730 3036 790 3098 fide
812 3036 986 3097 Christiana
1005 3035 1135 3115 amplius
1189 3039 1381 3117 suipastoree
1393 3046 1423 3097 et
1433 3035 1560 3118 praelati
1569 3035 1793 3114 judicaverint.
1807 3034 1878 3096 Alie·

442 3124 591 3198 stabiliat,
621 3128 748 3205 primum
779 3124 899 3205 quidem
926 3130 1136 3185 commemorat
1189 3127 1241 3205 qui
1257 3132 1381 3197 constet,
1404 3124 1592 3204 experientia
1614 3124 1785 3185 meusim
1805 3129 1881 3193 treta

443 3231 548 3273 vocem
571 3214 673 3274 Patris
696 3211 823 3274 coelitus
847 3232 940 3291 super
955 3212 1064 3273 desum
1084 3208 1135 3269 de·
1189 3210 1354 3292 permultos
1371 3230 1447 3283 esse,
1468 3209 1579 3291 quibus
1603 3208 1636 3269 id
1657 3230 1720 3272 non
1744 3210 1881 3290 expediet

442 3300 566 3380 lapsam.
595 3302 708 3363 Verum
734 3321 794 3360 nen
821 3300 907 3360 aliter
937 3318 1001 3359 eam
1028 3295 1136 3377 probat
1188 3300 1287 3359 varias
1302 3297 1341 3359 ob
1361 3316 1478 3359 musae.

442 3385 599 3468 delapsam
624 3386 735 3459 inisse,
761 3406 850 3466 quam
876 3405 931 3446 suo
954 3395 984 3446 et
1010 3383 1136 3445 duorum
1233 3388 1330 3464 Queri
1349 3385 1499 3446 lacernae
1520 3384 1638 3445 lucenti
1658 3387 1697 3445 tre
1712 3385 1880 3461 ealiyiaoeo

442 3474 683 3553 coapostolorum
710 3474 885 3536 testimonio.
923 3471 1040 3551 Quare,
1069 3489 1136 3530 curn
1189 3472 1266 3533 loco.
1300 3470 1500 3552 Comparatur
1524 3471 1684 3550 Scriptura
1712 3471 1882 3551 prophetice

441 3561 557 3623 Judeei
578 3561 675 3642 pluris
696 3560 833 3623 iacerent
857 3559 979 3622 oracula
1001 3566 1135 3619 veterum
1189 3560 1332 3621 lucernae
1347 3577 1500 3631 emensae,
1523 3565 1560 3618 ut
1579 3555 1684 3618 luceat
1702 3560 1737 3619 in
1760 3558 1880 3620 obscuro

441 3648 672 3729 Prophetarum,
684 3668 776 3729 quem
787 3648 997 3708 attestationes
1005 3647 1135 3725 Aposto·
1189 3647 1273 3723 loc03
1290 3645 1459 3725 cujusmodi
1472 3654 1519 3705 eet
1530 3643 1666 3716 candela,
1682 3642 1748 3717 tax,
1764 3645 1880 3725 lampn.

443 3735 539 3797 lorum
555 3735 678 3809 Christi,
698 3736 871 3797 necessario
892 3730 1135 3813 subjungendum
1190 3734 1299 3814 quibus
1318 3733 1414 3793 noctis
1430 3731 1567 3792 tenebras
1582 3738 1754 3810 utcumque
1769 3731 1880 3794 &etati

442 3823 560 3903 putavit
572 3824 611 3885 de
622 3824 792 3904 Prophetis.
811 3820 861 3883 Ad
874 3840 1000 3902 quorum
1012 3816 1137 3899 proinde
1189 3840 1265 3881 mus.
1288 3820 1378 3893 Huic,
1389 3820 1520 3898 inquam,
1536 3826 1741 3897 comparatur,
1758 3818 1810 3882 rel
1820 3817 1882 3898 qa'n

341 3977 346 3989 ,
441 3913 620 3983 testimonia,
642 3920 797 3990 tamquam
819 3907 1026 3988 receptissima
1044 3914 1137 3985 atque
1189 3916 1284 3968 totum
1308 3905 1398 3985 hujus
1419 3908 1502 3967 vitae
1523 3914 1640 3983 tempus
1662 3923 1725 3966 nox
1741 3904 1881 3988 quaein

442 3999 615 4070 certissima,
630 4017 710 4059 nune
724 4017 776 4058 eos
790 3998 924 4058 remittit
949 3996 1029 4056 Huic
1050 3990 1137 4053 intel·
1189 4003 1244 4070 eet,
1260 4012 1392 4055 errorum
1407 4000 1437 4054 et
1451 3992 1640 4073 ignorantiae
1656 3993 1794 4056 tenehrie
1807 3988 1881 4053 aedi

443 4084 534 4145 lectui
570 4096 774 4146 consentanea
810 4084 914 4145 scribit
950 4081 1137 4160 Augustinus
1190 4102 1251 4161 qne
1267 4080 1457 4153 circumfusa,
1480 4081 1511 4139 in
1530 4096 1590 4159 qua
1612 4077 1744 4157 proinde
1759 4080 1881 4160 Scripta·

442 4191 527 4232 serm.
541 4171 591 4231 at.
607 4170 645 4232 de
661 4172 759 4233 serbis
771 4171 860 4231 Dom.
872 4190 937 4250 cap.
949 4171 990 4243 4,
1005 4168 1055 4228 ubi
1068 4186 1138 4245 pro:
1191 4188 1244 4229 ree
1259 4187 1364 4229 sacras
1378 4168 1487 4239 lumen,
1511 4184 1570 4245 quo
1594 4166 1769 4246 dirigimur,
1792 4165 1880 4228 edna

443 4259 628 4336 tinctorem,
655 4259 742 4337 legit:
769 4261 942 4319 certiorem.
973 4256 1013 4316 Et
1040 4263 1138 4333 urget,
1191 4255 1261 4316 dnm
1277 4261 1323 4316 eet
1337 4254 1549 4324 necessarium,
1564 4254 1881 4334 naeontingerarrm

443 4345 622 4425 Apostolum
638 4345 766 4407 dixisse:
790 4348 965 4419 certiorem,
989 4363 1048 4403 non
1072 4360 1138 4401 me·
1192 4351 1222 4403 et
1236 4341 1307 4403 labi.
1332 4342 1393 4421 Qui
1408 4340 1641 4401 commentarius
1656 4339 1880 4408 malumst

443 4434 572 4509 liorem
595 4452 660 4494 non
679 4436 855 4509 veriorem3
877 4432 997 4491 tametsi
1020 4447 1137 4509 eompa-
1188 4432 1277 4510 Juxta
1292 4447 1369 4504 qnos
1384 4427 1424 4501 id,
1448 4425 1528 4505 qnod
1543 4425 1581 4487 de
1602 4445 1745 4489 emmone
1768 4424 1880 4509 propte

443 4523 586 4582 rationem
609 4520 673 4581 illic
692 4520 878 4597 Augustinus
899 4517 999 4579 faeere
1020 4514 1140 4577 ridetur
1192 4518 1251 4576 tice
1267 4514 1316 4575 hic
1331 4516 1449 4588 dicitnr,
1464 4513 1503 4575 ed
1517 4513 1692 4575 universam
1707 4514 1880 4596 scripturn

442 4610 588 4669 sermonis
601 4608 768 4689 prophetici
780 4625 847 4667 cum
858 4624 934 4666 voce
946 4603 1072 4665 coelitus
1088 4601 1137 4662 de
1192 4622 1315 4676 sacrem,
1338 4604 1429 4663 etiam
1444 4599 1660 4681 Apostolicam,
1685 4621 1789 4683 aeque
1800 4606 1878 4684 pata

443 4696 513 4757 lete.
530 4696 624 4776 Quod
635 4704 708 4776 puto
721 4712 856 4755 nonesee
867 4693 964 4753 textui
976 4690 1139 4752 conforme.
1193 4691 1292 4771 Atque
1307 4689 1413 4750 eodem
1427 4689 1562 4749 referunt
1584 4686 1660 4748 illud
1675 4687 1792 4750 Peelm.
1810 4688 1879 4749 tlt:

443 4782 554 4845 Similis
577 4792 625 4845 eet
645 4782 729 4843 loeus
751 4780 833 4861 apud
856 4777 982 4841 eundem
998 4777 1138 4856 Augusti·
1194 4779 1342 4838 Lueerm
1354 4776 1489 4853 pedihus
1502 4776 1580 4834 meis
1593 4774 1730 4837 uerbum
1747 4776 1879 4850 tuimet

443 4890 515 4931 num
530 4879 614 4932 tract.
630 4871 682 4931 35.
699 4872 729 4930 in
744 4869 834 4930 doen.
859 4868 986 4929 Sensum
1000 4863 1080 4925 hunc
1096 4862 1137 4923 di·
1193 4865 1302 4925 lamere
1316 4865 1432 4924 emitis
1451 4863 1535 4922 meir.

444 4956 544 5018 lucide
565 4957 659 5019 tradit
677 4956 842 5036 Cejetanns
866 4955 897 5015 in
920 4952 1139 5014 commentario.
1237 4950 1306 5022 Vel,
1332 4948 1498 5011 seeundum
1524 4945 1612 5020 alios,
1639 4950 1717 5028 quia
1739 4948 1877 5028 eaipm
1923 4971 1926 5042 p

444 5043 617 5129 Sequmtnr
639 5053 670 5107 at
689 5045 758 5123 alti,
782 5043 856 5129 qaia
870 5048 902 5104 et
916 5041 1062 5104 uranus
1075 5047 1140 5102 ten·
1193 5038 1370 5120 prophetice
1390 5055 1474 5099 more
1487 5035 1631 5098 lucernae
1646 5036 1681 5099 ie
1696 5036 1827 5100 meere
1841 5048 1877 5093 ee
