4442 5825
752 597 916 654 ttlstottt
932 598 951 652 1.
967 594 1166 652 cuntulit
1201 594 1286 650 md.
1306 596 1345 650 to.
1365 594 1405 649 ll·
1725 592 1797 665 521

371 772 450 859 Quod
464 775 524 837 altr
539 777 603 859 (tasi
615 775 795 855 diffundo
809 775 1048 853 Non-popolus,
1100 771 1295 853 spiritualiter
1308 769 1442 832 advenas
1456 776 1488 832 st
1501 773 1684 853 peregrinos
1698 772 1796 848 idest,

371 864 403 924 ta
424 860 566 925 absolute
585 861 698 924 dictum
720 863 815 942 accipi
838 869 950 943 potest,
977 864 1051 941 quia
1101 860 1190 939 bujus
1212 856 1315 918 mundi
1337 857 1478 939 hospites,
1499 859 1552 939 qui
1566 859 1701 921 debeatis
1716 862 1798 941 cogi·

371 948 490 1031 populus
502 948 660 1029 dispersus
681 968 788 1010 revera
808 968 869 1009 non
886 956 934 1010 est
957 967 1048 1028 popu·
1101 954 1175 1020 tare,
1199 944 1272 1006 nihil
1294 943 1388 1018 vobis,
1412 946 1468 1005 etsi
1489 945 1566 1006 inter
1580 944 1716 1010 homines
1731 966 1797 1010 sae·

371 1040 415 1097 ua
435 1035 596 1114 Significat
616 1037 695 1097 euim
710 1036 767 1097 boc
781 1054 888 1096 nomen
903 1035 1050 1095 collectio·
1103 1033 1171 1093 culo
1198 1031 1318 1092 deditos
1343 1030 1517 1112 agentibus,
1548 1052 1704 1097 commune
1731 1052 1799 1096 esse

371 1140 425 1184 sn
450 1121 606 1184 bominum
635 1123 666 1183 in
702 1142 791 1183 unam
829 1121 1050 1203 rempublicam.
1103 1118 1212 1181 debere
1228 1138 1296 1178 cum
1316 1116 1473 1179 desideriis
1488 1128 1519 1179 et
1532 1122 1720 1183 vanitatibus
1734 1139 1798 1182 sae·

371 1208 463 1269 Potius
477 1218 578 1270 umen
589 1217 724 1290 apparet,
739 1228 780 1271 ex
791 1210 951 1289 posteriori
963 1228 1050 1269 mem·
1103 1207 1177 1282 culi3
1192 1204 1245 1265 sed
1257 1205 1364 1265 animis
1375 1213 1407 1265 et
1417 1204 1525 1267 studiis
1540 1225 1659 1288 semper
1673 1206 1799 1269 tendere

371 1298 413 1359 iro
426 1294 631 1377 supplendum
642 1316 725 1358 esse:
742 1298 810 1358 Dei.
834 1297 911 1356 Nem
926 1303 956 1357 et
970 1293 1052 1374 opud
1104 1294 1143 1354 ad
1156 1292 1314 1354 coelestem
1326 1292 1459 1372 patriam,
1476 1294 1613 1374 exemplo
1629 1303 1799 1357 sanctorum

371 1382 543 1463 Prophetam
572 1381 659 1443 Deus
687 1382 839 1463 loquitur:
875 1384 919 1444 Et
947 1382 1051 1442 dicem
1104 1379 1352 1451 Patriarcharum,
1375 1380 1437 1458 qui,
1459 1379 1644 1457 confitentes,
1667 1402 1699 1442 ee
1714 1399 1798 1463 pare·

371 1469 575 1547 licis-popule
585 1486 665 1530 mcc.
686 1470 800 1533 Sensus
811 1471 903 1550 igitur
914 1478 975 1529 eat:
990 1468 1052 1549 Qui
1105 1468 1206 1548 grimm
1222 1475 1253 1527 et
1266 1465 1398 1546 hospites
1414 1484 1481 1527 esse
1497 1486 1588 1546 super
1603 1476 1720 1542 terrani¹
1738 1467 1797 1548 sig·

371 1556 506 1617 maanus
527 1554 628 1616 fuistis
649 1575 709 1617 non
732 1556 791 1617 Dei
812 1556 955 1638 populus,
978 1557 1054 1636 quia
1104 1552 1277 1625 nificabant,
1293 1572 1324 1614 ec
1337 1555 1479 1629 posnam
1495 1555 1670 1632 inquirere,
1692 1556 1800 1636 utiquo

371 1660 464 1703 saram
487 1650 519 1703 at
540 1642 701 1704 salutarem
716 1644 776 1705 Dei
798 1661 956 1720 rerumque
978 1640 1051 1702 divi·
1105 1640 1274 1714 coelestem,
1293 1639 1371 1700 Heb.
1389 1643 1437 1700 11.

371 1746 467 1789 nrum
482 1730 621 1790 notitiam
636 1750 696 1790 non
710 1729 868 1800 habuistis,
883 1731 955 1808 quia
969 1749 1051 1789 men·
1149 1727 1313 1788 Abstinere
1330 1744 1383 1787 voa
1394 1746 1415 1786 a
1429 1728 1611 1789 carnalibus
1625 1728 1798 1790 desideriis.

371 1812 434 1875 data
446 1815 505 1876 Dei
521 1824 643 1897 propter
657 1816 835 1877 traditiones
847 1826 988 1896 paternas
1003 1813 1053 1892 (de
1106 1814 1238 1877 Graece:
1260 1814 1411 1875 abstinete
1432 1832 1452 1873 c
1467 1815 1651 1877 carnalibus
1673 1814 1797 1876 deside·

371 1902 472 1982 quun·
487 1922 554 1983 cap.
567 1900 680 1983 super.)
694 1904 778 1965 irrita
791 1903 916 1975 lecistis,
932 1904 1054 1983 insuper
1104 1903 1162 1962 riis
1175 1919 1229 1961 acu
1244 1902 1512 1978 concupiscentiis,
1537 1904 1658 1963 tametsi
1673 1900 1798 1982 quidam

371 1990 540 2069 atgeutium
555 1991 731 2071 corruptelis
745 2010 781 2051 ac
795 1990 1054 2070 superstitionibus
1105 1988 1216 2050 Graeci
1231 1986 1348 2048 codices
1364 2008 1432 2069 pro:
1450 1979 1618 2066 ἀπέχεσθε,
1634 1989 1799 2068 abstinete,
1845 2017 1851 2029 ·

372 2075 497 2157 'uapliciti
519 2074 637 2136 fuistis:
660 2095 748 2149 nunc,
771 2075 891 2137 cbristo
914 2096 969 2157 per
983 2094 1054 2137 suos
1104 2074 1229 2135 babent:
1257 2065 1440 2152 ἀπέχεσθαι,
1464 2074 1631 2152 οὸιοὲοονο,
1655 2075 1798 2157 quemad·

372 2160 526 2243 Apostolos
553 2164 583 2222 in
607 2181 697 2224 unum
720 2163 810 2224 fidem
836 2172 865 2223 et
886 2162 1053 2223 Ecclesiam
1105 2159 1223 2221 modum
1250 2170 1281 2221 et
1308 2161 1382 2240 legit
1408 2160 1549 2223 Clemens
1575 2160 1800 2223 Alexandrinus

373 2266 419 2309 sca
433 2249 600 2328 colligente,
616 2249 687 2310 iacti
702 2252 775 2310 estis
790 2250 919 2331 populus
934 2250 999 2310 Dei.
1106 2248 1157 2309 lib.
1173 2252 1201 2310 3.
1224 2247 1330 2309 Strom.
1354 2268 1419 2327 cap.
1444 2251 1473 2310 6.
1503 2248 1591 2329 Quae
1612 2248 1701 2311 lectio
1724 2268 1799 2310 sane

407 2338 468 2417 Qui
495 2354 564 2397 non
599 2340 757 2398 consecuti
792 2338 1053 2411 misericordium,
1106 2334 1290 2416 probabilior
1302 2343 1355 2396 est.
1380 2333 1531 2396 Cohaeret
1545 2338 1625 2398 enim
1641 2336 1798 2417 bseepsra

373 2438 449 2484 sesac
478 2430 586 2483 cuum
611 2424 861 2485 miaericordiom
886 2424 1052 2484 consecuti.
1106 2441 1174 2482 oum
1193 2421 1405 2501 praecedente:
1428 2430 1592 2501 tamquam
1611 2424 1754 2485 aduecua
1768 2430 1798 2484 ct

375 2506 585 2570 conmendatio
615 2520 663 2571 est
692 2512 858 2571 vocationis
894 2511 1054 2590 gratuitee.
1102 2511 1289 2587 pecorinus
1304 2510 1469 2585 abstinere,
1486 2518 1521 2569 ut
1534 2528 1640 2573 sensus
1655 2511 1712 2570 sit:
1740 2507 1799 2571 Ob

376 2594 490 2657 burun
518 2595 580 2675 Qui
596 2598 748 2677 quondam
763 2606 796 2659 et
810 2597 939 2657 antebac
954 2617 973 2657 ο
988 2596 1054 2656 Deo
1106 2616 1189 2657 secro
1204 2614 1267 2670 voa,
1283 2607 1325 2671 ut,
1348 2606 1501 2678 tamquam
1516 2596 1655 2660 advenae
1670 2607 1702 2659 et
1717 2616 1799 2676 pere·

377 2678 498 2745 derelicti
525 2683 625 2744 fuistis
655 2686 687 2744 in
711 2682 843 2745 tenebris
869 2684 1055 2763 ignorantiae
1107 2685 1184 2766 grini
1201 2684 1431 2745 inbocmundo
1447 2683 1578 2747 velutin
1595 2696 1676 2746 terra
1691 2682 1800 2759 aliena,

376 2778 500 2847 vestrae3
522 2789 604 2832 nunc
617 2790 672 2852 per
687 2772 755 2850 ejue
775 2770 1009 2831 misericordiam
1024 2777 1056 2831 et
1106 2771 1145 2833 ab
1168 2771 1204 2831 iis
1226 2771 1480 2853 concupiscendis,
1503 2791 1583 2853 qnae
1604 2769 1732 2832 mundus
1747 2769 1799 2831 ad·

377 2859 500 2935 patiam,
519 2879 581 2919 non
595 2866 693 2920 cutem
708 2858 816 2919 vestris
831 2859 954 2932 meritis,
977 2877 1056 2938 quoe
1107 2860 1229 2920 miratur
1254 2864 1284 2919 et
1310 2859 1508 2940 concupiscit,
1540 2859 1735 2936 abstineatis3
1766 2864 1801 2919 ut

376 2943 445 3004 uuila
459 2953 551 3018 erant,
575 2944 698 3007 adducti
713 2947 785 3006 estis
805 2943 844 3005 sd
858 2945 959 3006 lumen
974 2944 1056 3020 fidei,
1107 2955 1177 3007 aunt
1188 2945 1364 3027 voluptates,
1381 2966 1461 3025 opes,
1476 2946 1614 3007 bonores.
1630 2948 1706 3007 Nam
1718 2964 1800 3027 pere·

375 3033 554 3112 atusumpti
576 3031 614 3092 ad
638 3052 701 3093 eum
726 3032 910 3112 dignitatem,
934 3040 968 3091 nt
989 3034 1054 3093 sitis
1107 3034 1255 3113 grinorum
1281 3042 1312 3093 et
1337 3031 1520 3094 advenarum
1543 3042 1599 3109 ost,
1624 3031 1705 3093 baud
1731 3050 1800 3095 aese

374 3133 457 3196 genua
481 3119 623 3192 electum,
650 3128 680 3180 et
702 3130 839 3194 caetera,
864 3139 943 3199 quae
966 3139 1056 3199 supre
1107 3121 1230 3180 miseere
1244 3121 1373 3198 negotiis
1389 3121 1520 3180 civitatis
1534 3127 1589 3181 aut
1603 3120 1743 3200 regionis,
1766 3119 1798 3179 in

374 3208 613 3267 unnenoravia
1107 3226 1167 3288 qua
1191 3209 1425 3285 peregrinentur.
1460 3208 1615 3270 Cornelia
1641 3207 1799 3268 desiderio

408 3297 454 3353 11.
478 3293 652 3368 Uerissimi,
676 3293 800 3353 obsecro
820 3310 875 3353 vos
890 3302 1055 3370 tamquam
1107 3293 1245 3353 dicuntur
1263 3314 1282 3354 ο
1303 3312 1400 3367 earne,
1426 3293 1528 3355 idest
1551 3294 1800 3373 concupiscentia,

371 3377 502 3440 eduam
523 3387 552 3440 et
566 3383 764 3457 passerinus.
787 3378 880 3439 Redit
894 3377 933 3439 ad
949 3378 1054 3439 exhor·
1107 3399 1162 3440 sou
1177 3378 1279 3440 fomite
1295 3381 1421 3462 peccati,
1437 3401 1474 3441 ea
1490 3382 1521 3441 in
1537 3381 1623 3442 nobis
1638 3381 1799 3441 excitante.

371 3467 503 3526 tationem
526 3465 746 3548 aliquantisper
769 3468 975 3539 intermissum,
1002 3465 1053 3526 ed·
1109 3467 1155 3526 Ab
1171 3467 1210 3527 iis
1225 3475 1322 3530 autem
1345 3468 1503 3529 obstinere
1520 3469 1669 3546 jubemur,
1690 3486 1750 3527 non
1765 3473 1801 3525 ut

371 3569 494 3630 meus,
510 3562 544 3612 ut
558 3562 663 3614 tautae
679 3553 817 3635 dignitati
833 3573 906 3614 enee
923 3554 1054 3613 vocatio·
1107 3573 1230 3634 prorsus
1251 3557 1288 3616 iis
1311 3574 1475 3630 oereamus,
1498 3553 1580 3635 quod
1601 3555 1631 3614 in
1646 3553 1705 3613 hec
1718 3554 1801 3613 vitae

371 3639 702 3720 uis,dsquabuctenua‚
715 3649 819 3701 sancta
828 3643 1056 3701 conversatione
1107 3642 1299 3720 corruptione
1318 3640 1384 3702 fieri
1404 3661 1464 3702 nou
1479 3649 1591 3721 poteet3
1615 3638 1668 3700 sed
1690 3648 1724 3700 ut
1744 3658 1801 3701 uec

371 3726 570 3807 respondeant.
582 3728 724 3804 Obsecro,
733 3724 1053 3804 θιοοοοεπαρακαλῶ,
1106 3748 1208 3809 opere,
1223 3748 1278 3789 nac
1294 3748 1440 3789 consensu
1456 3748 1491 3789 ec
1505 3746 1674 3809 sequamur.

371 3813 440 3893 peod
456 3816 550 3875 etiam
565 3817 642 3875 verti
657 3823 773 3895 potest:
795 3813 957 3874 adhortor.
981 3815 1052 3875 Pro·
1151 3817 1240 3894 Quae
1275 3816 1417 3877 militant
1455 3817 1608 3877 aduersus
1644 3815 1798 3874 colmam.

371 3919 468 3962 umen
481 3919 548 3977 vos,
572 3900 651 3983 quod
666 3901 784 3963 Graece
800 3921 858 3960 uon
874 3902 1055 3980 exprimunt,
1108 3905 1243 3963 Animae
1271 3904 1390 3963 nomine
1415 3904 1479 3963 vita
1505 3912 1535 3963 et
1563 3901 1645 3961 salus
1673 3899 1800 3979 intelligi

371 3985 492 4048 tdditum
508 3987 545 4048 ab
561 3989 731 4069 interprete,
748 3986 797 4047 vel
812 3988 910 4067 potius
922 4009 941 4047 u
956 3987 1055 4050 scriba
1107 3989 1184 4048 solet
1206 3990 1235 4049 in
1259 3989 1432 4069 Scripturis.
1454 3990 1536 4050 Hinc
1557 3989 1703 4049 animam
1722 4003 1800 4063 pcr-

371 4075 520 4156 puepiam3
543 4095 610 4136 nam
637 4077 747 4137 necin
771 4075 909 4134 omnibus
933 4075 1052 4136 estLa-
1106 4075 1180 4135 dere
1204 4083 1232 4134 et
1253 4077 1398 4137 invenire
1424 4078 1535 4156 passim
1558 4077 1589 4135 in
1613 4072 1800 4155 Evangeliis.

371 4162 438 4222 inis.
473 4162 623 4223 Adversas
645 4170 675 4222 et
693 4165 897 4239 pereprinoa,
922 4161 1053 4223 Graece:
1105 4163 1202 4241 Igitur
1215 4164 1354 4222 militare
1369 4162 1507 4223 dicuntur
1522 4162 1680 4223 desideria
1694 4162 1801 4222 camis

371 4242 527 4328 παροίκους
556 4240 608 4309 καὶ
637 4242 868 4327 παρεπιδήμους
875 4271 887 4325 ,·
926 4268 1053 4327 querum
1105 4250 1257 4309 adversus
1277 4253 1437 4324 animem,
1466 4250 1555 4328 quia,
1579 4247 1801 4329 quantumlibet

371 4355 465 4396 ’ocum
486 4337 685 4415 posteriorem
705 4337 850 4415 interpres
874 4336 959 4395 initio
978 4336 1052 4415 lipi-
1107 4334 1246 4395 sensibus
1273 4338 1389 4396 animes
1414 4334 1500 4416 grata'
1525 4337 1585 4396 sint
1608 4344 1637 4394 et
1658 4332 1801 4415 jucunda,

371 4421 453 4483 tolae
466 4425 572 4482 vertit:
588 4423 750 4499 advenoa3
767 4423 883 4482 tametsi
900 4421 1051 4483 lercidem
1105 4432 1205 4483 temen
1234 4423 1359 4483 exitiele
1384 4421 1497 4483 bellum
1526 4423 1637 4482 bomini
1659 4420 1801 4494 inierunt,

371 4509 463 4570 mbae
485 4509 669 4588 significent,
693 4510 834 4570 videlicet
856 4528 918 4582 eos,
942 4510 994 4588 qui
1017 4520 1052 4570 ut
1105 4518 1211 4588 utpote
1222 4511 1303 4571 vitae
1314 4511 1381 4589 ejus
1391 4511 1543 4590 salutique
1555 4509 1714 4570 contraria.
1731 4506 1802 4568 Non

371 4595 516 4658 dventitii
542 4605 572 4655 et
597 4597 748 4677 peregrini
778 4606 997 4656 commorentur
1020 4597 1052 4656 in
1105 4598 1184 4657 euim
1200 4598 1291 4658 sentit
1308 4597 1479 4676 Apostolus,
1495 4616 1625 4677 pugnam
1641 4613 1710 4655 asae
1724 4595 1802 4654 inter

371 4683 455 4762 liquo
471 4681 548 4742 loco.
572 4682 688 4742 Alludit
711 4690 809 4742 alutem
826 4683 934 4743 Petrus
957 4682 995 4743 ad
1011 4681 1050 4755 id,
1105 4703 1223 4744 carnem
1246 4692 1278 4743 et
1300 4686 1436 4758 animem,
1460 4681 1628 4763 cujusmodi
1652 4689 1701 4740 est
1724 4682 1802 4741 inter

371 4768 434 4832 uod
451 4770 484 4828 in
497 4770 645 4850 principio
662 4767 752 4830 dixit:
772 4770 913 4830 odoenus
928 4770 1052 4846 dispcr-
1105 4772 1203 4847 iopam
1233 4771 1446 4833 memeromm
1480 4780 1508 4830 et
1544 4771 1643 4846 lcpcm
1674 4770 1799 4843 mentia,

371 4859 473 4934 ἱυπὼς
488 4855 666 4916 acsidicet:
682 4857 753 4930 Vos,
769 4855 1053 4936 quiestisedvcnae
1104 4857 1191 4918 Rom.
1217 4861 1254 4932 7.,
1281 4866 1335 4919 aut
1361 4861 1439 4920 iuter
1460 4877 1578 4918 curnem
1601 4864 1633 4916 et
1655 4855 1801 4936 spiritum,

370 4942 560 5025 inperatoria,
583 4950 716 5003 extorres
732 4950 843 5004 eterra
864 4952 984 5024 petrum
1001 4962 1052 5005 ve-
1105 4942 1174 5006 Gel.
1190 4945 1236 5022 b.;
1258 4964 1408 5026 nusquam
1422 4945 1502 5005 enim
1517 4944 1594 5031 baec
1608 4961 1709 5024 pugna
1724 4942 1801 5004 inter

371 5049 500 5106 rorum,
524 5029 667 5094 misrior
688 5037 720 5092 et
745 5031 871 5093 obsecro
896 5038 1052 5114 umquam
1105 5051 1226 5095 caruero
1247 5039 1279 5094 et
1296 5034 1425 5096 animam
1449 5032 1608 5098 inuitum
1631 5028 1688 5095 aad
1702 5048 1721 5088 a
1736 5046 1799 5093 car·
