4442 5825
397 605 472 676 240
918 599 1331 655 counnnmmsnorm.

395 776 561 858 propitiari,
583 773 695 836 ideireo
719 762 1021 852 patroparac'nai
1037 775 1088 834 ti·
1141 779 1215 839 tium
1231 778 1289 839 lide
1304 797 1340 838 ao
1355 776 1523 848 devotiobe,
1545 794 1605 834 non
1627 792 1729 855 apparo

397 865 471 937 lius,
497 883 552 944 per
572 864 807 940 assumptionom
829 864 927 922 earnis
950 863 982 922 in
1003 881 1088 922 man·
1142 863 1290 925 olendum.

395 951 465 1012 dnm
488 950 612 1010 veniens
635 945 702 1025 (seu
718 945 881 1026 venturus),
904 967 1024 1009 oausam
1043 950 1090 1008 soi
1184 953 1253 1012 Alia
1275 953 1430 1031 responsio
1450 958 1503 1021 est,
1528 966 1588 1008 non
1603 947 1729 1027 placuit

395 1036 543 1098 adventus
558 1056 613 1116 por
632 1035 814 1116 Prophetam
831 1034 972 1109 declarat,
988 1038 1031 1096 its
1046 1035 1087 1095 lo·
1142 1049 1245 1099 vetere
1260 1039 1409 1099 sacrificis
1424 1037 1474 1108 sie,
1491 1044 1525 1095 ut
1540 1036 1674 1096 omnium
1690 1034 1728 1094 ho:

395 1143 491 1204 quens
513 1122 551 1184 ad
567 1123 703 1184 Patrem:
730 1124 877 1185 Hostiam
901 1130 930 1182 at
953 1122 1089 1184 oblatio·
1141 1135 1263 1204 peceato
1289 1146 1344 1205 per
1367 1145 1405 1185 ea
1432 1123 1621 1195 tollerentur,
1648 1122 1729 1191 sive.

394 1229 467 1275 aem
478 1211 619 1271 saloim.
634 1211 734 1270 Loam
744 1219 791 1270 est
802 1209 912 1269 Parim.
927 1213 985 1280 39..
998 1229 1088 1289 quem
1142 1211 1220 1271 idem
1236 1221 1290 1284 est,
1313 1224 1348 1272 nt
1363 1212 1444 1270 Deus
1469 1210 1599 1269 humano
1614 1208 1724 1288 generi

395 1300 468 1358 uitat
491 1316 574 1357 mors
600 1316 653 1357 eno
676 1297 767 1375 juxta
792 1300 961 1357 versionem
987 1296 1087 1356 LXX.
1141 1299 1302 1359 ailiaretnr.
1326 1301 1369 1358 At
1384 1305 1503 1357 eontrm
1523 1296 1557 1356 Si
1571 1293 1719 1355 valebant

394 1381 455 1446 Ubi
478 1386 579 1444 statim
600 1385 735 1455 observa,
762 1382 945 1462 Prophetsm
969 1401 1088 1443 enums-
1141 1384 1181 1445 ad
1196 1385 1366 1464 aliquarum
1382 1384 1536 1444 bominum
1557 1381 1728 1460 tollendap

393 1490 460 1532 rare
475 1479 604 1552 quatuor
618 1489 732 1549 genera
746 1470 959 1530 sacrificiorum
974 1471 1088 1530 veteris
1142 1480 1266 1551 possent
1288 1476 1395 1551 utiquo
1414 1469 1612 1549 multiplicate
1634 1466 1728 1527 tande

393 1557 485 1637 logis:
501 1558 617 1618 soiliest
631 1559 776 1633 bostiam,
792 1567 824 1618 et
839 1558 1043 1630 oblationes,
1060 1565 1090 1615 et
1141 1560 1221 1617 nium
1253 1571 1377 1638 peecata
1407 1557 1524 1616 tollere.
1570 1555 1694 1615 Deinde
1723 1573 1729 1634 ι

393 1664 465 1706 mox
478 1644 746 1718 holocautomata,
763 1652 794 1704 et
805 1662 868 1721 pro
882 1651 1019 1720 peceato.
1040 1643 1089 1702 De
1140 1655 1268 1706 mentem
1281 1642 1422 1726 Apostoli
1437 1653 1494 1717 est,
1509 1650 1543 1702 nt
1554 1642 1606 1703 vol
1622 1643 1712 1701 ιιιιίιιι
1727 1663 1728 1716 j

393 1731 505 1812 quibus
523 1730 663 1791 omnibus
684 1733 784 1809 agitur
805 1733 837 1791 in
852 1733 999 1792 Levitico.
1021 1728 1088 1789 Dil·
1141 1733 1275 1793 remissio
1306 1730 1458 1792 sacrificiis
1490 1730 1548 1790 illis
1578 1729 1729 1788 attribuat

394 1817 494 1880 terunt
519 1825 619 1878 autem
640 1816 699 1876 boo
721 1816 827 1877 modo:
857 1816 919 1877 Per
945 1819 1088 1889 bostiam,
1141 1817 1220 1898 qnod
1238 1819 1320 1879 clare
1335 1826 1420 1897 putot
1435 1835 1474 1876 ex
1489 1813 1660 1875 antedictis.

394 1903 511 1966 Graece
525 1899 646 1979 tortor,
669 1904 755 1983 cujas
780 1904 847 1964 loeo
869 1904 966 1964 sabab
988 1912 1034 1965 est
1057 1905 1088 1962 in
1185 1905 1243 1964 Est
1259 1907 1350 1985 igitar
1365 1923 1439 1963 vera
1449 1903 1612 1983 responsio,
1629 1899 1715 1961 nulla

395 1990 871 2070 Hebraeo‚signifioaturviotima
884 1991 1087 2072 pacificorum,
1143 1991 1219 2071 legis
1242 1991 1405 2063 sacrificis,
1429 1990 1646 2069 oansoamque
1666 2004 1729 2048 esst

393 2096 447 2139 sou
460 2077 1086 2158 gratiaramsotionis3tametsiGensbrar·
1141 2080 1234 2150 neris,
1257 2092 1408 2158 quatenus
1431 2076 1552 2156 quidem
1575 2083 1662 2136 erant
1683 2075 1729 2153 eja

394 2163 451 2225 das
467 2172 561 2245 putat,
582 2164 641 2226 boo
663 2185 772 2227 nomen
795 2184 861 2226 esse
877 2183 1033 2224 commune
1048 2162 1088 2223 ad
1141 2166 1209 2226 Deo
1224 2166 1334 2245 pisaits
1349 2165 1461 2238 fuisss3
1477 2183 1533 2224 neo
1548 2165 1691 2242 uniquam
1706 2181 1727 2241 p

393 2254 513 2313 terbum
537 2262 569 2312 et
582 2257 720 2332 quartam
742 2270 849 2331 genus.
870 2252 930 2313 Per
951 2252 1088 2312 oblatio·
1141 2251 1285 2334 prodesse
1301 2251 1499 2329 adjustitiam
1523 2249 1572 2309 vel
1588 2248 1628 2310 ad
1644 2250 1729 2309 ullan

392 2358 476 2415 nem,
490 2337 607 2400 Graece
617 2331 802 2417 προςφορὰν,
816 2337 967 2399 Hebraios
977 2339 1088 2400 mtata
1142 2343 1203 2399 tiae
1218 2348 1341 2418 partem.
1365 2339 1513 2416 Loquitur
1525 2338 1604 2396 enim
1617 2337 1729 2416 Apostr

393 2420 490 2507 (quod
514 2425 567 2487 alii
589 2445 707 2488 martas
733 2423 884 2501 vertum),
909 2424 1089 2505 intelligitur
1142 2446 1180 2489 ex
1196 2436 1261 2486 tota
1285 2426 1351 2503 ejus
1371 2425 1582 2503 disputatione,
1605 2432 1729 2502 stqnet

392 2515 519 2594 quaevis
534 2515 763 2574 inanimatorum
777 2532 878 2573 rerum
894 2512 1015 2586 oblatio,
1037 2531 1087 2574 ve·
1142 2514 1355 2575 ssofifieiornm
1385 2513 1610 2572 enumeratione
1637 2519 1729 2572 oonstt

392 2598 440 2660 lut
460 2599 586 2674 similas,
604 2601 708 2672 thuris,
724 2619 846 2678 panum,
866 2601 1043 2681 lagenorum
1058 2607 1089 2658 ot
1141 2601 1296 2661 saorifieiis
1311 2599 1424 2660 veteris
1441 2596 1524 2677 legis,
1543 2617 1583 2659 ne
1597 2600 1667 2678 quis
1682 2598 1729 2658 hir

392 2687 597 2767 primitiarum,
619 2686 657 2747 (le
677 2686 789 2767 quibua
803 2687 900 2749 Lavit.
915 2688 961 2763 23
983 2684 1088 2746 atab-
1142 2689 1270 2747 ationem
1292 2694 1412 2746 moveat
1435 2683 1474 2744 de
1498 2686 1541 2757 iis,
1566 2704 1647 2764 quae
1666 2685 1729 2745 obtr

395 2773 530 2835 lotiones
558 2771 606 2833 blo
635 2772 791 2846 dieantur,
819 2792 898 2854 quaa
923 2772 1088 2853 Apostolus
1142 2774 1236 2846 Abel,
1258 2770 1411 2833 Abrabam
1434 2780 1527 2851 atque
1551 2771 1605 2831 alii
1633 2782 1706 2831 ants

392 2878 487 2940 snpra
508 2879 573 2940 asp.
597 2862 627 2922 b.
644 2862 673 2921 8.
688 2868 719 2921 et
734 2862 763 2923 9.
787 2862 910 2923 vaeavit
930 2853 1033 2939 δῶρα,
1057 2857 1089 2920 id
1142 2861 1190 2922 De
1205 2859 1316 2942 quibus
1339 2857 1411 2939 quid
1430 2858 1622 2919 sentiendum
1637 2861 1688 2933 sit,
1708 2858 1729 2937 ja

393 2954 440 3007 ast
461 2947 549 3008 doaa
570 2966 624 3007 sou
646 2965 790 3009 manera
820 2946 881 3008 Por
903 2948 1089 3009 holocauto-
1142 2947 1284 3029 predixi.
1310 2945 1414 3025 Igitur,
1438 2965 1497 3023 quo
1521 2965 1609 3005 sensu
1631 2948 1663 3007 in
1679 2964 1729 3025 sup

392 3041 494 3109 mata,
516 3053 595 3115 quas
610 3041 641 3094 st
653 3035 848 3109 holocausta,
871 3032 1088 3113 signitiaantur,
1142 3036 1200 3095 bns
1215 3034 1330 3093 dietum
1346 3042 1378 3091 st
1393 3031 1580 3112 explicatum
1595 3041 1654 3107 est,
1669 3034 1729 3109 teor

392 3138 472 3200 quas
486 3138 525 3181 ex
539 3120 723 3183 animrlibus
739 3128 802 3181 tota
817 3121 1035 3193 cremabantur,
1055 3128 1089 3179 nt
1142 3129 1239 3181 terem
1266 3119 1348 3180 nibil
1374 3118 1417 3177 od
1443 3120 1623 3198 perfectam
1650 3119 1729 3179 adds

393 3208 461 3285 ipsa
485 3206 634 3268 voeabula
659 3215 777 3269 sonant
810 3207 952 3286 Denique
973 3218 1087 3288 postte
1142 3216 1230 3269 vetar
1245 3213 1465 3267 testamentum
1487 3208 1584 3282 culpo
1605 3225 1676 3268 aaa
1695 3224 1729 3268 ut

391 3312 472 3353 mam
486 3292 651 3354 membrum
673 3315 712 3356 aa
726 3294 872 3355 uonfieia
894 3294 1088 3373 eomprehen·
1142 3311 1278 3356 manera
1300 3300 1329 3353 et
1351 3294 1477 3366 beatior,
1500 3310 1582 3369 quoe
1603 3293 1729 3355 mundo

393 3378 447 3453 dit,
461 3400 541 3459 qaas
556 3401 610 3460 pro
624 3382 756 3461 pereatis
770 3381 979 3455 offerebantur,
994 3378 1026 3441 itl
1042 3389 1090 3440 ost
1140 3401 1210 3458 pem
1230 3382 1420 3458 offerantur,
1444 3398 1512 3441 aon
1532 3399 1623 3456 posse
1641 3385 1729 3456 ,iaaett

392 3468 609 3547 propitiatoria.
1142 3472 1306 3529 seientiam
1319 3468 1496 3544 perfeetum
1510 3468 1618 3544 facere
1633 3470 1729 3528 seruit

1142 3555 1332 3632 impartibile
1347 3571 1420 3627 aare,
1442 3561 1480 3614 at
1496 3563 1665 3615 taurorum
1691 3560 1722 3615 st

435 3640 496 3702 sod
511 3659 579 3700 rum
602 3638 802 3700 haecomnia
815 3641 900 3700 Deus
919 3640 993 3719 ipss,
1017 3639 1090 3699 deta
1142 3661 1215 3703 ram
1230 3644 1388 3717 sanquine
1408 3648 1538 3716 peccota
1556 3642 1729 3717 auferente

393 3726 475 3806 lege,
505 3727 684 3797 instituerit,
709 3734 802 3803 atque
828 3727 920 3786 stiam
945 3725 1089 3786 miraculo
1143 3728 1209 3789 dem
1233 3730 1347 3788 ratione
1370 3746 1450 3787 nune
1475 3723 1528 3803 (erl
1550 3747 1673 3789 sensum
1690 3729 1729 3810 Ap

392 3814 470 3893 ignis
500 3812 628 3875 coelitus
654 3811 791 3885 demissi,
822 3832 881 3893 qno
912 3813 1088 3873 sacrificium
1143 3814 1253 3875 dieitur
1282 3816 1368 3876 Deus
1396 3814 1542 3873 sacrificis
1571 3813 1650 3894 legis
1684 3832 1728 3877 sto

393 3910 622 3972 oonsurneretur,
638 3898 862 3979 approbaverit,
876 3908 910 3959 ut
920 3900 1016 3959 Lavit
1030 3901 1089 3971 10„
1144 3904 1216 3981 qnia
1231 3902 1366 3963 nimirum
1383 3920 1437 3979 per
1452 3920 1499 3973 ea,
1515 3911 1668 3981 qnatenus
1685 3898 1726 3963 etl

394 3985 565 4060 1Par.21.‚
582 3988 601 4047 ἓ
617 3985 686 4046 Par.
705 3988 744 4058 7..
761 3987 993 4066 eranog.1e.;
1009 4006 1087 4046 onm-
1142 3991 1300 4068 pertinent,
1325 4007 1382 4048 neo
1404 3987 1542 4067 placator
1555 3989 1651 4059 Deus,
1674 4007 1729 4049 nes

393 4091 455 4152 que
468 4073 572 4134 David
594 4075 625 4134 in
640 4071 778 4149 Psalmis,
801 4094 879 4135 nune
902 4095 938 4135 ea
954 4094 987 4135 se
1002 4074 1085 4135 obtn·
1142 4094 1233 4155 qnam
1247 4094 1341 4136 verae
1355 4075 1524 4134 sanctitatis
1540 4075 1628 4136 nobis
1643 4076 1729 4158 impu

392 4158 466 4220 lisso
479 4158 570 4233 dieat,
591 4179 672 4220 nune
693 4158 847 4221 offerenda
863 4170 990 4222 voveat:
1014 4179 1086 4242 qno·
1452 4215 1484 4228 „

392 4244 480 4306 modo
496 4245 606 4308 dieitur
620 4248 704 4307 Deus
719 4265 757 4307 ea
770 4248 933 4308 noluisse?
948 4256 1087 4327 autquo·
1371 4213 1503 4274 Addam
1518 4215 1558 4275 B·
1573 4215 1610 4273 P·

391 4330 481 4393 modo
503 4336 533 4394 ei
551 4353 620 4395 aaa
640 4334 861 4410 placuerunt?
888 4333 1021 4414 Quidam
1042 4352 1086 4392 re·
1185 4335 1335 4395 Fortassis
1351 4336 1524 4416 propositae
1538 4336 1729 4415 quaestionir

391 4419 550 4500 spondent,
573 4419 626 4482 illa
640 4420 789 4482 sacrificia
812 4441 872 4482 non
890 4419 1034 4481 habuisse
1049 4438 1086 4481 ax
1141 4423 1169 4481 si
1192 4421 1322 4494 dicator,
1350 4421 1431 4500 qnod
1452 4420 1590 4482 Christus
1613 4422 1729 4483 Domin

391 4526 433 4579 se,
456 4509 537 4569 unde
552 4509 619 4569 Deo
634 4509 795 4589 placerent,
816 4507 871 4567 aad
892 4516 1007 4567 tantum
1024 4506 1087 4585 pla·
1141 4508 1193 4568 illa
1216 4507 1322 4568 rerba:
1346 4510 1495 4583 Noluisti,
1518 4520 1564 4569 et:
1587 4510 1663 4570 Noa
1686 4509 1729 4572 att

391 4596 487 4655 auisse
509 4615 547 4656 ex
570 4596 679 4656 rideat
701 4594 1086 4669 devotioneollorentinm3
1140 4603 1285 4670 caemar,
1311 4598 1509 4676 praenuntiet,
1535 4607 1720 4658 oesmturam

391 4678 504 4742 Christi
533 4701 606 4742 roro
636 4680 811 4741 sacrificium
841 4701 895 4760 par
924 4700 958 4742 se
988 4683 1086 4760 ipsum
1140 4683 1402 4755 eaorenronislem‚
1430 4691 1462 4743 et
1483 4701 1561 4763 quse
1587 4703 1641 4763 per
1664 4702 1729 4745 eam

389 4765 484 4829 fuisse
508 4768 576 4829 Deo
602 4775 768 4847 aoosptnrn
802 4767 914 4827 Veram
940 4769 1017 4829 hasa
1041 4788 1084 4827 re·
1140 4768 1347 4830 scribebantur
1373 4770 1536 4846 sacrifieia3
1559 4776 1719 4832 cessatura

389 4856 511 4934 sponsio
537 4874 659 4916 masam
684 4873 745 4913 non
772 4855 919 4927 eontinet,
949 4873 1003 4916 aar
1032 4854 1085 4916 illa
1141 4858 1239 4915 omnia
1260 4856 1335 4916 haee
1357 4857 1453 4935 ipsios
1476 4856 1618 4930 adventu,
1642 4858 1723 4919 sient

388 4942 492 5021 priora
501 4940 586 5004 Dens
597 4942 694 5014 nollo,
710 4938 741 5000 id
754 4948 799 5000 est
809 4940 946 5019 rejicere,
958 4940 1085 5002 diostor.
1139 4962 1255 5004 cessare
1278 4940 1379 5017 «lebet,
1402 4952 1563 5023 praesento
1585 4945 1726 5017 veritate,

389 5026 482 5109 Quod
501 5029 582 5112 anim
602 5026 887 5110 ploostatprodest
907 5048 946 5092 ax
960 5028 1085 5090 offeres·
1136 5029 1368 5111 praesignabat5
1391 5038 1498 5111 utpote
1517 5048 1599 5111 qnae
1621 5029 1729 5096 &inas
