4442 5825
809 593 1403 651 mmmusmmmmcmmcs
1759 604 1831 674 5&

380 767 542 844 ceordic<
556 768 660 858 ἑαυτῷ
681 766 754 842 τοὺς
777 763 952 850 ἀγγέλους,
980 773 1084 848 nebie-
1136 770 1236 832 Patris
1260 773 1301 834 ed
1315 770 1445 847 Filium,
1468 771 1591 834 Psalmo
1608 775 1695 837 loti:
1717 775 1796 838 Sede
1811 795 1833 836 o

380 866 442 926 etis
456 864 516 924 eibi
531 862 660 937 abaelis.
691 861 800 941 Itaquo
822 880 884 921 non
898 868 945 920 est
959 879 1083 921 sensns:
1136 859 1256 922 dextris
1284 861 1377 936 meis,
1408 860 1508 923 donec
1533 880 1656 939 ponam
1688 864 1834 925 inimicos

381 951 460 1012 (lum
486 952 554 1029 ipse
576 949 635 1009 sibi
657 948 835 1027 subiecisset
850 948 990 1027 angelos,
1014 945 1082 1007 sed:
1136 953 1207 1007 tuoe
1217 947 1388 1007 scabellum
1401 948 1522 1024 pedum
1533 955 1671 1010 tuorum.
1695 947 1784 1028 Quod
1802 959 1833 1012 et

381 1037 464 1100 Onm
479 1038 509 1098 ei
531 1034 661 1115 subjecti
675 1043 778 1096 essent
792 1033 909 1114 angeli,
933 1033 1084 1095 sciliceta
1136 1034 1266 1106 Paulus,
1292 1031 1330 1094 cd
1354 1034 1482 1097 eundem
1511 1035 1626 1095 Psalmi
1651 1036 1831 1097 versiculum

380 1125 453 1186 Deo
469 1123 569 1183 Patre.
592 1122 743 1202 Loquitur
759 1122 836 1182 enim
853 1121 1033 1200 Apostolus,
1049 1130 1084 1181 ut
1135 1121 1306 1201 respiciens,
1323 1119 1412 1182 docet
1428 1127 1445 1182 1
1459 1121 1527 1185 (ior.
1545 1123 1610 1183 15.:
1627 1123 1768 1199 Oportet,
1789 1123 1832 1184 in·

381 1210 500 1273 dictum
519 1216 580 1283 cst,
606 1208 644 1270 de
668 1205 790 1270 Christo
813 1205 975 1269 secundum
998 1216 1080 1268 uatu-
1136 1208 1208 1288 quit,
1223 1209 1315 1269 illum
1330 1227 1477 1284 repsere,
1495 1210 1595 1271 donec
1607 1217 1712 1285 ponat
1726 1229 1832 1272 omnes

381 1318 450 1360 ram
473 1296 650 1370 humanam,
674 1297 738 1370 cni,
763 1303 796 1353 ut
818 1296 848 1355 in
868 1295 990 1356 Christo
1011 1304 1082 1367 eret,
1135 1297 1282 1356 inimicos
1303 1296 1359 1357 aab
1383 1296 1516 1372 pedibus
1538 1303 1592 1356 etc.
1627 1296 1670 1355 At
1684 1315 1757 1357 vero
1772 1299 1833 1359 ista

381 1385 470 1446 Deus
495 1384 586 1444 Pater
608 1402 725 1445 omnem
754 1381 881 1462 subjecit
908 1390 1083 1456 creaturam,
1135 1381 1297 1459 subjectio,
1324 1382 1363 1443 de
1376 1402 1438 1462 qne
1452 1384 1562 1444 Petrus
1578 1384 1725 1462 loquitur,
1751 1382 1833 1445 inctc

381 1480 420 1533 ut
443 1472 508 1552 ipse
523 1468 663 1531 Christus
685 1470 772 1532 bomo
795 1469 932 1530 omnibus
947 1471 1084 1549 superior
1135 1468 1258 1548 quidem
1275 1479 1336 1541 est,
1362 1477 1506 1551 qnantum
1523 1472 1631 1531 attinet
1645 1468 1685 1530 ed
1700 1479 1832 1549 poteste-

382 1561 416 1620 in
433 1557 561 1618 dextera
575 1558 637 1619 Dei
651 1557 780 1618 sederet
817 1556 866 1616 Ita
881 1556 994 1616 Paulus
1015 1576 1081 1634 pns-
1134 1563 1193 1616 tem
1211 1554 1331 1617 Christo
1346 1557 1457 1617 bomini
1474 1556 1592 1630 datam,
1608 1556 1730 1637 quando
1753 1558 1832 1618 Ver'-

381 1646 442 1706 sim
472 1643 574 1719 docet,
605 1644 702 1703 Deum
731 1644 852 1703 Petrem
883 1644 982 1704 omnia
1004 1643 1081 1703 Filio
1135 1642 1209 1702 bum
1224 1661 1298 1705 coro
1319 1645 1443 1721 factum
1465 1651 1527 1718 est,
1554 1642 1584 1704 id
1607 1651 1654 1705 est
1676 1645 1707 1704 in
1722 1644 1832 1705 unione

380 1732 568 1808 subjecisse,
594 1731 682 1791 etiam
706 1729 858 1810 angelicos
882 1731 1022 1808 spiritns,
1049 1739 1083 1791 ut
1133 1730 1328 1810 hypostatice
1342 1730 1427 1792 verbi
1443 1751 1509 1792 cnm
1526 1751 1633 1808 cnrne;
1648 1750 1717 1791 nem
1733 1739 1765 1792 et
1779 1753 1830 1792 au·

382 1817 486 1880 ICor.
505 1819 568 1890 15„
594 1817 703 1896 Ephes.
729 1822 772 1889 1.,
798 1817 894 1878 Hebr.
919 1823 964 1894 23
990 1828 1020 1878 et
1042 1817 1081 1879 ed
1134 1817 1194 1897 geli
1208 1818 1458 1879 ministrabantei
1474 1817 1830 1891 edbncmortnli,ltlatth.

380 1907 458 1978 hoc,
474 1904 578 1966 iisdem
593 1906 625 1964 in
641 1903 731 1978 locis,
757 1903 850 1965 refert
864 1904 939 1965 illud
955 1905 1080 1967 Dauidi-
1134 1906 1162 1965 4.
1185 1903 1245 1965 Sed
1260 1904 1291 1965 in
1303 1906 1371 1985 ejus
1383 1906 1540 1985 potestatis
1551 1904 1671 1987 plenum
1684 1904 1828 1983 quodem·

382 2013 469 2054 cum:
486 1994 603 2055 Omnia
619 1992 775 2066 subjecisti
785 1992 842 2053 sub
854 1992 989 2068 pedibus
1003 1997 1080 2068 ejus,
1134 1990 1222 2050 modo
1245 2011 1330 2053 usum
1358 1992 1544 2054 introductus
1570 1990 1643 2065 init,
1671 2000 1829 2073 postquem

380 2080 497 2142 Pselm.
514 2078 543 2138 8.
1133 2077 1272 2139 ascendit
1294 2082 1326 2140 iu
1348 2080 1479 2151 coelum,
1501 2098 1636 2141 sessurus
1658 2078 1698 2139 ad
1722 2079 1826 2141 dexte·

426 2167 521 2227 Porro
548 2165 604 2226 snb
630 2164 802 2226 nominibus
829 2165 918 2226 trium
944 2164 1080 2228 ordinum
1132 2185 1195 2226 ram
1210 2165 1318 2239 Patris,
1334 2176 1446 2228 etcum
1462 2185 1497 2226 eo
1513 2166 1545 2226 in
1556 2175 1709 2227 ueternum
1721 2186 1828 2247 regna·

380 2253 602 2333 angelicorum,
619 2272 697 2332 quae
712 2252 763 2312 hic
776 2253 996 2331 exprimuntur,
1012 2252 1079 2314 reli·
1134 2261 1226 2312 turns.
1250 2255 1446 2329 Ampelontes
1463 2273 1585 2324 nomen,
1601 2254 1657 2312 etsi
1673 2273 1830 2314 commune

379 2359 459 2422 quoe
482 2342 571 2400 etiam
598 2359 700 2399 omnes
727 2339 960 2417 comprehensos
986 2341 1081 2401 voluit
1135 2340 1175 2399 sit
1190 2340 1327 2401 omnibns
1342 2342 1524 2419 incorporeis
1542 2339 1733 2411 substantiis,
1757 2359 1830 2418 qne·

380 2427 419 2490 B.
436 2427 562 2504 Petrus3
584 2434 617 2487 ut
633 2428 837 2506 principatus,
854 2427 1080 2501 dominationes,
1134 2435 1222 2488 tenus
1242 2446 1345 2488 omnes
1368 2429 1463 2488 nuntii
1477 2428 1539 2488 Dei
1559 2434 1628 2486 sunt
1649 2435 1677 2486 et
1700 2429 1831 2503 spirituc

378 2513 521 2585 thronos,
544 2533 621 2594 quos
637 2513 710 2573 niibi
726 2512 860 2574 nominet
875 2514 1006 2590 Paulus3
1030 2514 1079 2574 de·
1136 2513 1422 2590 administratorii,
1452 2513 1547 2576 Hebr.
1580 2518 1622 2586 1.,
1652 2513 1702 2574 hic
1730 2520 1830 2574 tamen

378 2602 474 2680 nique
490 2621 578 2662 omne
592 2620 715 2672 nomen,
741 2599 820 2677 quod
837 2601 1006 2661 nominatur
1020 2622 1080 2662 non
1134 2620 1223 2661 unum
1239 2610 1353 2663 certum
1370 2600 1503 2662 ordinem
1527 2600 1696 2680 siguificare
1710 2597 1832 2661 videtur

378 2687 479 2748 solum
495 2690 525 2748 in
537 2686 595 2747 hoc
606 2686 737 2758 saeculo,
752 2687 804 2746 sed
818 2689 907 2762 etiem
919 2689 949 2748 in
961 2687 1079 2764 sntnr03
1134 2689 1173 2749 nb
1189 2686 1256 2748 aliis
1272 2688 1460 2761 distinctum,
1486 2707 1574 2769 quem
1598 2686 1732 2749 infimum
1755 2688 1785 2746 in
1801 2690 1829 2749 3.

378 2776 462 2837 sieut
475 2774 553 2835 idem
569 2774 683 2834 Paulus
698 2775 742 2834 ait
757 2773 834 2853 Idph⁴
855 2779 881 2834 1.
1133 2774 1299 2836 hierarchis
1315 2776 1439 2837 coelesti
1453 2775 1527 2837 iacit
1541 2775 1715 2856 Dionysius.
1746 2772 1829 2852 Quo·

426 2862 476 2923 Au
498 2881 571 2922 vero
598 2860 890 2940 comprehenduntur
913 2863 1003 2923 etiem
1029 2861 1078 2923 ad·
1134 2859 1224 2922 modo
1238 2873 1338 2924 cutem
1359 2870 1529 2941 potestates
1551 2870 1582 2923 et
1598 2865 1730 2925 virtutes
1744 2860 1829 2922 difle-

378 2951 535 3010 versariue
550 2957 729 3030 potestates,
754 2947 783 3008 id
808 2958 853 3009 est
876 2949 947 3009 meli
968 2951 1078 3030 angeli,
1132 2957 1199 3011 rent
1214 2951 1291 3011 inter
1306 2971 1340 3012 se
1356 2960 1386 3011 et
1401 2952 1438 3012 eb
1461 2950 1530 3011 eliis
1551 2948 1724 3023 ordinibus,
1750 2950 1830 3009 idem

378 3055 442 3098 nou
458 3046 594 3117 epparet.
632 3038 708 3098 Nam
723 3034 841 3096 illorum
862 3036 994 3116 perfecte
1009 3037 1076 3097 snb·
1132 3037 1309 3117 Dionysius,
1330 3046 1358 3099 et
1373 3046 1442 3120 post
1455 3057 1524 3098 enm
1539 3037 1669 3098 Scholae
1684 3035 1830 3109 doctores,

374 3124 488 3203 jectio,
516 3131 602 3183 tanta
629 3123 758 3191 scilicet,
786 3130 820 3182 ut
845 3143 938 3203 reguo
965 3122 1076 3184 Christi
1131 3124 1295 3185 scribentes
1310 3127 1341 3187 in
1352 3126 1461 3188 librum
1475 3129 1503 3186 2.
1519 3133 1595 3186 sent.
1612 3123 1679 3184 dist
1693 3127 1730 3194 9.,
1743 3142 1828 3183 accu-

378 3230 488 3271 uocere
504 3211 630 3292 emplius
645 3230 705 3270 uon
724 3211 943 3287 permittentur,
958 3210 1076 3272 demum
1131 3220 1197 3272 reto
1222 3211 1424 3287 tradiderunt,
1450 3210 1489 3272 sd
1511 3231 1587 3292 quos
1612 3210 1755 3271 lectorem
1782 3228 1826 3270 re·

378 3297 482 3359 future
497 3306 544 3357 est
557 3298 588 3357 iu
605 3296 653 3357 die
671 3296 797 3377 judicii,
823 3296 985 3359 secundum
1002 3297 1077 3359 illud
1132 3298 1229 3359 mitto.

954 3504 1257 3519 m

833 3660 1029 3747 cestr
1076 3664 1385 3750 ddldldm

485 3829 619 3898 Christo
646 3833 748 3918 igitur
774 3851 873 3918 passo
900 3835 934 3898 in
962 3852 1078 3920 came,
1121 3839 1154 3900 et
1180 3854 1240 3901 vos
1268 3834 1384 3901 eadem
1413 3834 1616 3921 cogitatione
1645 3833 1827 3918 armamini,

380 3933 481 4023 quin,
519 3936 574 4022 qui
601 3954 718 4022 pessus
747 3942 798 4002 est
826 3939 858 4002 in
886 3956 1003 4020 carne,
1040 3936 1139 4004 desiit
1167 3958 1187 4005 a
1213 3940 1382 4026 peccatis,
1424 3939 1457 4004 2.
1486 3942 1523 4005 ut
1546 3940 1616 4023 jam
1643 3958 1710 4004 non
1737 3936 1828 4004 desi-

378 4037 484 4105 deriis
510 4039 697 4126 homiuum,
735 4040 794 4106 sed
821 4042 986 4108 voluntati
1014 4042 1097 4126 Dei,
1136 4043 1224 4131 quod
1251 4044 1413 4131 reliquum
1443 4048 1494 4109 est
1533 4042 1566 4109 in
1601 4060 1700 4108 cume
1735 4042 1830 4109 vivat

378 4144 551 4229 temporis.
607 4144 640 4210 3.
671 4143 801 4211 Sufficit
832 4146 916 4211 enim
952 4148 1170 4233 praeteritum
1211 4153 1341 4234 tempus
1378 4147 1420 4214 nd
1447 4148 1652 4215 voluntatem
1679 4147 1827 4233 gentium

378 4248 670 4314 consummandam
700 4249 770 4333 his,
800 4251 855 4337 qui
883 4249 1137 4318 ambulaverunt
1163 4251 1196 4317 in
1224 4252 1386 4338 luxuriis,
1415 4250 1601 4337 desideriis,
1628 4250 1829 4335 vinolentiis,

378 4351 698 4437 comessationibus,
735 4353 963 4440 potationibus
1000 4359 1034 4421 et
1069 4355 1197 4421 illicitis
1221 4355 1396 4443 ,idolorum
1424 4354 1581 4423 cultibus.
1635 4358 1669 4420 4.
1697 4355 1735 4421 In
1764 4374 1829 4442 quo

379 4454 586 4522 admirantur
621 4477 687 4523 non
722 4457 997 4525 concurrentibus
1032 4458 1129 4526 vobis
1164 4461 1196 4527 in
1233 4459 1372 4527 candem
1412 4460 1564 4527 luxuriae
1592 4458 1829 4544 contusionem,

377 4556 653 4647 blasphemantes
665 4553 700 4643 ¹).
757 4565 789 4629 5.
819 4561 885 4646 Qui
911 4563 1053 4631 reddent
1079 4564 1243 4632 rationem
1272 4566 1314 4651 ei,
1355 4566 1411 4653 qui
1436 4570 1573 4652 paratus
1601 4568 1653 4629 est
1675 4562 1828 4648 Judioure

376 4664 476 4731 vivos
503 4670 538 4730 et
564 4672 724 4732 mortuos.
780 4668 813 4731 6.
842 4667 985 4755 Propter
1022 4668 1085 4735 hoo
1123 4670 1209 4735 eninr
1247 4675 1282 4735 et
1308 4671 1446 4735 mortuis
1474 4667 1738 4753 evangelizatum
1766 4674 1829 4753 est,

377 4773 417 4835 ut
440 4768 634 4854 judicentur
662 4770 793 4858 quidem
823 4770 1004 4838 secuudum
1031 4773 1182 4840 homiues
1209 4775 1242 4840 in
1271 4794 1390 4859 cerne,
1425 4774 1542 4839 vivant
1569 4775 1679 4838 autem
1707 4790 1828 4838 secun-

379 4872 457 4940 dnm
486 4873 594 4941 Deum
623 4875 656 4939 in
684 4873 821 4962 Spiritu.
880 4878 912 4942 7.
941 4875 1094 4943 Omnium
1126 4882 1236 4955 autem
1263 4880 1336 4945 linis
1365 4877 1656 4968 appropinquavit.
1709 4875 1828 4943 Estote

377 5008 577 5019 ——-..----.
606 5012 696 5019 -----

483 5063 507 5133 ¹)
525 5069 579 5121 Ati.
598 5069 644 5133 13,
663 5071 704 5124 45.
