4442 5825
776 599 998 656 nrsnonensn
1017 576 1188 655 memnon
1215 598 1342 653 resse
1720 600 1797 670 m

371 773 564 854 tDvangelio
590 782 622 835 et
643 777 675 837 in
694 777 783 837 Actis
798 775 990 858 Apostoliois,
1013 784 1052 836 ut
1099 778 1167 856 gius
1183 775 1222 836 ab
1237 794 1274 836 ea
1288 771 1436 835 rendere.
1459 772 1501 832 Et
1520 769 1559 832 ad
1582 789 1649 831 eusn
1673 790 1795 832 sensum

371 863 485 922 inicum
507 860 548 922 ad
572 882 693 937 nomen,
708 866 773 923 sive
796 883 963 943 cognomen
986 865 1046 923 oni·
1100 863 1260 943 detorquet
1270 869 1385 923 tentum
1397 858 1588 921 Hebraioum.
1612 857 1674 919 Alii
1690 858 1798 919 volunt

371 949 426 1009 'tam
454 946 583 1010 inditum
608 948 764 1009 referatur.
801 951 893 1010 Porro
919 950 1046 1010 nominis
1073 960 1078 989 ¹
1099 951 1147 1011 bis
1162 957 1363 1031 praeceptum·
1373 947 1467 1007 luisse
1480 945 1629 1017 Abrahae,
1646 946 1795 1018 utexiret,

371 1034 502 1096 tunnam
530 1054 550 1095 a
579 1035 647 1096 Deo
678 1034 741 1097 dati
775 1036 884 1097 idcirco
914 1037 1048 1096 meminit
1099 1036 1322 1117 ipsnmqnebis
1341 1033 1528 1094 obedivisse:
1551 1034 1686 1113 primurn,
1709 1040 1742 1091 nt
1757 1028 1797 1091 de

371 1120 521 1201 lpostolns,
542 1123 685 1202 qnoniam
708 1121 809 1182 etheo
829 1123 868 1184 ad
891 1122 959 1184 lidci
980 1124 1047 1200 ejus
1100 1123 1145 1185 Ur
1160 1121 1390 1195 Chaldaeorum,
1413 1120 1481 1180 loco
1501 1118 1605 1193 natali,
1629 1139 1695 1179 cnm
1710 1126 1797 1198 patre

371 1207 636 1269 commeationem
659 1210 836 1289 pertinebat,
857 1211 919 1270 telo
939 1228 1046 1270 nomen
1100 1211 1198 1270 exiret
1213 1210 1243 1269 in
1255 1208 1376 1271 Chares
1390 1204 1644 1287 Mesopohmia03
1661 1205 1797 1287 quamvis

371 1297 560 1375 memisse.
590 1295 710 1357 Sensus·
727 1296 821 1376 igitur
839 1307 903 1357 est:
930 1297 970 1369 Is,
994 1296 1046 1375 qni
1099 1297 1188 1376 hujus
1214 1298 1369 1376 praecepti
1393 1293 1551 1375 Scriptura,
1571 1312 1632 1353 non
1653 1310 1798 1373 expresse

371 1389 476 1443 secatur
503 1381 673 1455 Abraham,
697 1381 759 1444 fide
784 1385 932 1444 excitatus
954 1390 1047 1462 atque
1099 1383 1281 1458 meminerit3
1304 1380 1451 1457 secundo,
1474 1389 1508 1441 nt
1529 1381 1635 1440 relicte
1657 1380 1795 1457 Mesopo·

371 1470 512 1547 hpulsns,
540 1488 601 1549 qun
625 1468 772 1530 credebat
797 1470 855 1530 Dei
881 1471 1046 1551 promissis,
1100 1472 1201 1543 umis,
1221 1479 1310 1549 patre
1329 1470 1394 1548 jam
1409 1476 1535 1541 mortno,
1559 1475 1675 1547 peteret
1689 1474 1798 1527 terram

371 1554 487 1617 dedicit
501 1557 531 1615 ci
545 1556 751 1636 praecipienti,
766 1565 801 1616 ut
812 1558 908 1617 exiret
919 1558 956 1617 de
968 1566 1048 1616 terra
1101 1555 1256 1617 Chsnsan.

371 1658 416 1715 Ι,
435 1644 465 1703 in
481 1660 551 1702 enm
574 1641 681 1716 locum,
704 1632 803 1724 quiem,
826 1645 905 1704 sicot
920 1645 1004 1705 Deus
1020 1642 1047 1703 ei
1144 1642 1204 1704 Sed
1236 1661 1302 1701 corn
1329 1639 1457 1722 duplicis
1477 1639 1622 1718 jussionis
1648 1639 1733 1700 nulla
1757 1640 1799 1699 sit

371 1731 544 1809 miserat,
566 1737 747 1807 accepturus
769 1740 836 1791 eret
859 1732 890 1791 in
910 1727 1045 1791 haeredi·
1101 1728 1182 1809 spnd
1205 1728 1311 1789 llosen
1333 1727 1523 1807 significatio,
1545 1736 1576 1787 ot
1597 1735 1721 1788 coactae
1739 1726 1799 1788 sint

371 1822 456 1889 htana,
482 1815 514 1876 id
538 1824 596 1888 est,
623 1818 840 1894 possessionem
862 1826 1047 1898 perpetuam,
1100 1816 1377 1896 interpretationes:
1401 1816 1466 1876 Exi
1488 1816 1527 1874 de
1549 1821 1636 1874 terro
1658 1822 1716 1875 tuu
1732 1822 1797 1887 ete,

371 1920 416 1963 au
433 1901 558 1981 quidem
580 1903 724 1981 ipsemet,
744 1902 799 1964 sed
822 1924 921 1965 nmen
944 1904 1048 1984 ipsius,
1102 1901 1132 1963 id
1149 1910 1202 1975 est,
1223 1903 1321 1962 animo
1345 1920 1410 1962 eam
1434 1900 1578 1981 relinque,
1605 1901 1655 1962 sel
1678 1902 1798 1980 longius

371 1988 432 2049 fit
445 1988 523 2049 inira
538 1988 718 2050 declaratur.
1102 1988 1173 2049 inde
1184 1988 1306 2049 recede:
1322 1989 1510 2061 crediderim,
1527 1987 1694 2049 solvendae
1706 2006 1798 2068 qnae·

401 2074 526 2156 Quaerit
540 2077 599 2137 hoc
612 2075 724 2137 locoB.
737 2076 881 2150 Thomas,
897 2074 1048 2158 quomodo
1101 2077 1207 2136 ationis
1227 2077 1306 2136 hanc
1329 2094 1397 2136 esse
1416 2078 1565 2136 rationem
1588 2079 1685 2155 megin
1709 2095 1798 2157 expe·

371 2160 507 2224 thaliam
532 2162 702 2224 obediverit
732 2166 833 2236 crire,
861 2162 893 2224 id
918 2172 978 2236 est,
1009 2181 1050 2222 ex
1102 2162 1206 2236 ditem,
1223 2181 1312 2242 qnam
1329 2165 1512 2223 incentiones
1529 2162 1652 2242 qnidam
1668 2161 1799 2236 tradant,

371 2258 517 2331 peecepto
544 2249 667 2310 Domini
697 2249 735 2311 de
765 2259 845 2311 terra
875 2268 932 2311 sna
960 2250 1050 2309 luerit
1103 2259 1137 2308 nt
1150 2248 1191 2323 id,
1208 2249 1287 2330 quod
1304 2248 1414 2311 (lenes.
1432 2251 1481 2309 12.
1497 2250 1616 2327 legitor,
1635 2249 1799 2310 Dominum

371 2352 510 2416 aprnsns3
541 2356 609 2397 cnm
630 2336 733 2397 Moses
757 2337 883 2411 scribat,
910 2336 1049 2397 eductum
1103 2335 1217 2398 dixisse
1232 2334 1271 2395 ad
1286 2335 1457 2397 Abraham:
1483 2337 1644 2412 Ecredere
1659 2338 1698 2396 de
1713 2344 1800 2396 terro

371 2420 430 2485 hle
450 2422 548 2485 faisse
573 2443 592 2485 a
618 2423 721 2484 Thare
753 2432 841 2504 patre
866 2444 935 2498 sito,
967 2421 1051 2485 nnlla
1102 2432 1160 2484 tuo
1176 2431 1205 2483 et
1227 2424 1265 2483 de
1288 2426 1479 2499 occansione
1501 2432 1569 2498 tuo,
1593 2431 1623 2483 et
1645 2424 1683 2483 ds
1705 2423 1800 2484 domo

371 2506 437 2571 tras
463 2512 617 2571 mentione
646 2510 793 2589 jussionis
824 2510 963 2585 divinoe,
992 2510 1050 2571 nisi
1100 2514 1207 2588 putris
1228 2513 1286 2585 tui,
1312 2530 1367 2590 per
1389 2510 1560 2590 hysterosin
1583 2530 1601 2569 a
1624 2511 1708 2572 Mose
1727 2512 1798 2571 scri·

371 2606 553 2676 mquam
581 2598 766 2677 migraverat
796 2598 826 2658 in
851 2598 959 2659 Heron
986 2599 1052 2658 sive
1103 2608 1185 2678 ptum
1210 2599 1265 2673 sit3
1291 2605 1394 2678 utpote
1420 2596 1533 2657 iactum
1551 2607 1624 2659 ante
1647 2617 1692 2670 ea,
1719 2616 1801 2679 qnae

374 2678 489 2757 heu,
512 2684 752 2764 Mesopotamiae
774 2686 941 2757 civitatem,
964 2694 1052 2764 patre
1104 2685 1241 2764 proxime
1266 2683 1449 2762 praecedunt
1472 2685 1503 2745 in
1525 2683 1587 2745 fine
1607 2685 1717 2765 ospitis
1741 2689 1799 2757 11.,

378 2764 466 2832 flam
494 2769 654 2845 defuneto,
679 2778 714 2829 nt
738 2770 844 2832 videre
870 2780 917 2831 est
940 2770 1051 2832 (lenes.
1103 2769 1224 2852 qnando
1246 2771 1363 2831 scilicet
1377 2771 1530 2831 Abrohum
1553 2790 1621 2831 oum
1644 2780 1730 2850 patre
1745 2789 1800 2832 sno

378 2858 450 2918 teat
461 2860 511 2920 12.
535 2856 753 2938 Quaestionem
762 2856 839 2919 hene
850 2860 946 2939 magis
961 2858 1051 2919 etiam
1103 2858 1202 2920 adhuc
1217 2866 1282 2919 erat
1302 2859 1332 2917 in
1348 2856 1514 2919 Chaldaea.
1540 2856 1636 2937 Cujus
1650 2860 1694 2920 rei
1710 2860 1798 2939 signi·

372 2941 519 3026 bplexam
530 2943 662 3005 reddunt
672 2945 705 3003 Β.
713 2944 858 3025 Stephani
868 2946 971 3018 verbe,
983 2946 1050 3006 Act.
1103 2945 1240 3006 licentiae
1255 2965 1348 3004 conse
1358 2939 1534 3006 v'ertendum
1550 2954 1660 3024 putant
1675 2946 1730 3005 hoc
1746 2957 1801 3006 unt

371 3029 398 3088 7.
415 3029 495 3091 Dicit
508 3033 606 3091 enim:
622 3032 725 3092 Deum
743 3035 930 3108 apparuisse
945 3031 1050 3093 Abra·
1104 3032 1193 3093 simili
1208 3031 1315 3093 modo:
1337 3032 1406 3093 Jam
1421 3052 1494 3093 vero
1518 3031 1636 3092 dixerat
1651 3034 1800 3094 Dominus

371 3113 428 3192 ha
441 3135 542 3194 patum
552 3119 659 3178 cdluo
673 3125 748 3178 esset
760 3120 796 3179 isa
807 3120 1049 3195 Mcsctpotumin,
1103 3119 1144 3179 ad
1159 3118 1287 3179 Abram:
1310 3118 1471 3194 Eqredere
1494 3127 1551 3178 etc.
1576 3119 1665 3198 Quae
1680 3139 1800 3200 respon·

371 3205 544 3281 mmm
570 3210 752 3265 moraretur
781 3209 817 3266 iss
844 3207 992 3282 Claram
1022 3213 1052 3265 ct
1104 3208 1150 3266 sio
1166 3206 1526 3266 consentaneaestetiom
1543 3208 1588 3276 iis,
1606 3225 1683 3283 quse
1696 3206 1801 3267 scribit

371 3287 532 3352 &tusae-
556 3291 676 3354 ustos
695 3298 927 3353 cnotuoetc
961 3294 1052 3353 Tune
1105 3293 1291 3371 Augustinus
1314 3313 1342 3371 q.
1364 3292 1414 3350 25.
1437 3311 1528 3371 snper
1550 3291 1667 3366 Gener,
1691 3313 1800 3372 agnos·

371 3391 435 3438 m
456 3380 568 3438 scitas
592 3377 632 3437 ds
653 3385 742 3438 uarat
763 3379 998 3441 Chaldaeorum
1022 3386 1052 3438 et
1104 3397 1175 3439 cens
1205 3379 1262 3440 hoc
1287 3378 1353 3439 loco
1383 3379 1680 3458 recapitulationem,
1710 3397 1800 3458 quam

371 3457 511 3524 Uest
531 3468 568 3525 ta
588 3465 728 3526 Ολωαπ.
750 3464 824 3525 Cum
840 3467 918 3527 enim
934 3464 1052 3525 Chaoan
1103 3474 1201 3538 vocat,
1216 3464 1531 3526 licetesmobsonrins
1548 3466 1688 3544 explicet
1704 3465 1809 3545 Igitur.

371 3559 438 3612 ut
466 3549 704 3632 Mesopotamiae
740 3552 869 3626 ciritae,
900 3549 1051 3634 qnomodo
1104 3551 1176 3612 liuic
1186 3561 1347 3633 praecepto
1359 3551 1451 3611 semel
1464 3550 1536 3610 dato
1547 3551 1691 3612 obediens
1703 3552 1799 3612 Abra·

371 3631 511 3698 ttnhn
538 3657 556 3700 e
584 3637 805 3718 Mesopotamia
840 3639 983 3720 migravit
1019 3639 1050 3698 in
1103 3639 1182 3712 hum,
1205 3652 1235 3699 et
1245 3641 1333 3718 juxte
1356 3636 1542 3700 voluntatem
1558 3639 1680 3698 Domini
1695 3639 1799 3718 paula·

371 3715 501 3784 han?
536 3723 584 3785 Aa
612 3743 729 3785 rursum
764 3726 913 3805 quomodo
943 3723 1051 3785 dicitur
1103 3727 1156 3786 tim
1178 3723 1254 3786 illud
1275 3726 1411 3805 implens,
1432 3727 1562 3804 primum
1586 3744 1652 3785 cnm
1674 3736 1801 3805 paterna

371 3809 464 3870 u'be
485 3808 528 3870 de
548 3822 630 3871 tem
644 3809 872 3887 Olsaldaeornm,
892 3821 1049 3894 postquam
1103 3810 1218 3872 familia
1233 3829 1371 3892 egressus
1386 3830 1404 3871 ο
1418 3809 1583 3885 Chaldaea,
1598 3812 1676 3872 abiit
1691 3812 1722 3872 in
1737 3811 1800 3872 llo-

371 3896 495 3976 „amu
515 3898 546 3958 ai
560 3897 649 3959 Dens
665 3899 697 3957 in
711 3897 935 3978 Mesopotamia,
958 3916 1050 3979 quum
1104 3901 1318 3980 sopotamiem3
1346 3897 1455 3958 deinde
1477 3908 1564 3978 petro
1586 3908 1710 3974 mortno,
1732 3919 1799 3980 pro·

371 3975 423 4054 h
443 3991 516 4045 ants
539 3983 716 4064 reliquisses
736 3982 939 4059 chaldaeam,
967 3993 1000 4043 nt
1020 3984 1051 4044 in
1103 4004 1228 4065 grossos·
1241 3994 1287 4044 est
1302 3987 1332 4044 in
1348 3993 1457 4044 terram
1474 3985 1630 4045 Ohenaan.

371 4061 604 4150 Unopotamiasa
618 4068 760 4132 veniret?
1147 4071 1224 4132 Nem
1234 4071 1373 4132 Abruhse
1386 4072 1487 4132 datum
1500 4069 1593 4131 fnisse
1604 4070 1801 4133 discendendi

404 4153 573 4236 Respondet
597 4157 632 4218 Β.
659 4156 809 4230 utem,
831 4175 899 4218 eum
920 4157 1052 4218 exivisse
1104 4168 1308 4238 praeceptum,
1324 4177 1391 4218 cnm
1406 4157 1505 4218 edhnc
1520 4159 1555 4218 in
1568 4157 1723 4220 Chaldaea
1737 4179 1798 4220 mo-

371 4233 569 4305 flalllnaldaea
591 4263 659 4304 cum
680 4251 774 4323 patre,
800 4242 855 4304 sed
880 4245 987 4304 iternm
1006 4262 1050 4302 re
1104 4253 1226 4317 rerunt,
1249 4246 1376 4306 innuunt
1396 4246 1485 4305 οίίοω
1502 4245 1555 4304 illo
1570 4246 1690 4306 Domini
1706 4246 1803 4307 verbs

371 4337 517 4403 unm,
540 4331 643 4410 utqui
663 4330 763 4391 animo
777 4329 908 4391 nondum
921 4331 1051 4411 patriam
1104 4330 1143 4390 ad
1159 4330 1320 4405 Abnham,
1336 4331 1446 4392 Genes.
1461 4332 1527 4391 le:
1543 4333 1614 4409 Epo
1629 4335 1799 4408 Dominus,

371 4411 536 4496 Qec
558 4417 701 4495 Atpatce
713 4425 842 4491 mortno,
857 4424 1052 4497 praeceptum
1103 4423 1160 4494 qut
1174 4418 1271 4480 eduxi
1285 4425 1315 4478 te
1330 4419 1369 4477 de
1390 4418 1435 4477 Ur
1449 4419 1693 4481 Chaldaeorum.
1730 4419 1800 4478 Non

371 4499 456 4564 clleo
474 4504 638 4584 eeaepiseer
659 4509 695 4563 ut
715 4503 771 4564 irat
792 4505 824 4566 in
846 4511 954 4564 terram
974 4501 1050 4563 cha·
1105 4505 1184 4564 enim
1200 4524 1306 4566 sensns
1321 4515 1384 4565 cst:
1402 4505 1546 4566 Liberavi
1561 4515 1591 4566 te
1608 4507 1645 4566 de
1660 4504 1799 4566 incendio

371 4597 443 4662 un,
462 4608 626 4670 nmquam
647 4587 791 4669 deinceps
814 4591 845 4650 in
861 4592 989 4670 patriam
1004 4609 1050 4650 rs·
1104 4591 1182 4670 ignis
1196 4588 1261 4671 (qui
1278 4589 1442 4651 Chaldaeis
1458 4591 1504 4652 Ur
1518 4588 1646 4666 dicitur),
1661 4593 1692 4651 in
1708 4610 1800 4670 quern

371 4681 505 4738 tunsus.
526 4675 644 4738 ΕΜ
665 4674 840 4738 etaliornm
863 4674 1050 4756 quorundam
1104 4675 1250 4739 Chaldaei
1266 4686 1297 4739 ts
1312 4680 1433 4738 mittere
1454 4678 1604 4750 volebant,
1626 4686 1660 4736 nt
1675 4677 1799 4756 quidem

371 4763 582 4841 micet
605 4761 737 4823 Limus
756 4772 864 4836 entem,
885 4782 976 4843 sopor
992 4760 1049 4822 Ge·
1103 4761 1357 4844 fabulosemagis,
1374 4765 1799 4844 qnomhistorioeexponnnt3

371 4849 450 4910 ἡ
471 4859 503 4910 et
515 4851 605 4911 Aeta
619 4849 761 4921 mitons,
783 4849 863 4924 dicit,
887 4848 1054 4922 Abraham,
1102 4849 1156 4910 scd
1171 4870 1277 4912 seosoa
1289 4852 1459 4930 hujusmodi
1475 4861 1533 4912 est:
1550 4853 1618 4931 ugo
1630 4858 1660 4911 te
1672 4853 1799 4913 evocavi

371 4936 722 5015 {minllmpotamia
736 4945 824 5010 esset,
836 4936 952 5014 jussum
967 4935 1051 4995 exire
1104 4945 1137 4997 st
1151 4936 1245 4998 eduxi
1260 4947 1421 5017 praecepto
1437 4958 1504 4999 meo
1520 4937 1558 4998 de
1574 4938 1618 4998 Ur
1629 4935 1805 5001 Chaldaeo·

371 5015 487 5086 lehre
500 5041 569 5098 aua,
582 5041 677 5104 qaam
685 5020 858 5103 reliquerat,
871 5020 972 5098 idest,
987 5019 1050 5083 lon·
1103 5042 1180 5098 rum,
1201 5023 1458 5086 urbenativitatis
1478 5033 1558 5087 tuae.
1581 5025 1706 5088 Constat
1720 5026 1804 5089 enim·
