4442 5825
780 624 1196 682 mnromssaaanrarm
1230 623 1403 681 amaea
1740 634 1814 706 tlt

377 822 434 883 rap.
449 807 497 877 3.,
517 804 646 884 loquens
661 802 699 864 de
714 801 974 865 tribulationibus:
998 803 1066 879 lpri
1118 819 1194 875 aaa,
1219 803 1304 879 quod
1326 802 1383 862 cub
1394 805 1580 876 iuramento
1592 805 1756 880 pollicitus
1770 811 1815 866 cet

376 893 451 953 otim
466 893 570 965 cciiii,
596 892 711 970 inquit,
737 890 823 968 quod
845 893 882 952 ia
896 891 954 949 boc
966 892 1065 966 periti
1115 889 1263 966 patribue
1276 892 1340 949 tute
1356 888 1530 963 Abrabam,
1547 889 1642 950 Icooc
1656 899 1686 951 ct
1700 891 1814 954 Jacob.

377 994 493 1053 mmet,
515 976 658 1057 Denique
672 996 778 1038 sensns
789 977 839 1038 hic
852 977 1005 1057 praesenti
1020 977 1062 1036 in·
1161 974 1317 1036 Caeterum
1332 974 1427 1034 molto
1446 977 1544 1055 magis
1559 994 1595 1036 ac
1610 979 1712 1038 verius
1728 975 1813 1039 Obri-

378 1063 474 1123 stituto
490 1063 621 1123 maxime
637 1070 682 1123 est
697 1063 916 1124 accommodus.
953 1063 1063 1140 Loqui·
1118 1062 1208 1122 stiani
1222 1080 1321 1137 penui
1335 1068 1410 1122 runt
1425 1063 1574 1134 electum,
1603 1064 1757 1142 quianon
1773 1061 1813 1123 ad

377 1158 416 1211 tur
428 1148 509 1210 enim
524 1148 633 1209 Petrus
652 1147 689 1209 de
704 1148 831 1211 ludaeis
847 1171 865 1210 a
880 1150 948 1210 Deo
962 1168 1063 1228 repro·
1117 1155 1262 1209 terreum
1279 1150 1512 1228 possessionem,
1528 1147 1582 1208 sed
1598 1148 1636 1209 ad
1653 1150 1814 1210 coelestem

377 1235 454 1296 batis.
493 1233 593 1314 Quam
621 1254 723 1296 eorum
748 1236 988 1315 reprobationem
1016 1233 1064 1295 hic
1117 1254 1155 1297 ex
1170 1244 1233 1294 toto
1248 1233 1398 1294 hominnm
1416 1254 1541 1314 genere,
1567 1244 1599 1295 et
1621 1236 1736 1315 absque
1749 1234 1813 1296 ullo

379 1339 476 1383 eurus
493 1322 627 1401 explicat
641 1341 678 1381 ea
691 1333 793 1402 parte,
817 1343 876 1403 qna
891 1321 1063 1383 dicuntura
1116 1323 1284 1382 meritorum
1299 1330 1455 1400 respectu,
1477 1330 1548 1382 sunt
1562 1321 1650 1381 electi
1667 1331 1698 1382 et
1712 1324 1813 1384 vocati

378 1406 586 1489 lleopermissi
608 1406 718 1469 cadere
741 1410 942 1488 inprecatam
958 1405 1060 1468 infide·
1116 1427 1135 1466 a
1159 1409 1243 1481 Deo,
1274 1407 1361 1486 quari
1387 1405 1467 1468 dieat
1493 1407 1672 1488 Apostolus:
1702 1407 1813 1486 Majori

379 1494 468 1555 tatia
507 1492 657 1555 Adierunt
680 1514 748 1555 enm
775 1494 941 1576 Didymus,
968 1492 1061 1554 Oeen·
1110 1495 1181 1573 jure
1205 1496 1237 1555 in
1263 1513 1317 1553 vos
1344 1503 1517 1574 competunt
1543 1513 1644 1555 omnes
1670 1492 1701 1554 hi
1723 1494 1813 1570 tituli,

380 1580 499 1654 uanius,
516 1579 699 1658 Geignaeus,
712 1580 1063 1654 Salmeronus,Lorinns,
1116 1598 1205 1660 quam
1236 1582 1268 1640 in
1290 1578 1375 1652 illoe,
1405 1582 1512 1661 quibus
1543 1580 1613 1640 olim
1643 1580 1811 1663 adscriptos

381 1666 444 1728 etin
458 1667 664 1727 notationibus
680 1669 743 1727 suis
758 1668 938 1729 Franciscns
953 1667 1061 1727 Lucas.
1114 1666 1210 1728 inisse
1225 1666 1363 1745 legimus.
1401 1666 1500 1727 Vocat
1514 1676 1614 1727 autem
1629 1686 1728 1743 penus
1743 1687 1810 1746 pro·

414 1755 441 1814 9.
469 1754 531 1814 Vot
559 1758 665 1814 outtm
696 1773 795 1831 pertua
824 1755 964 1815 electum.
1012 1751 1062 1812 Ad
1116 1762 1184 1834 pter
1198 1755 1454 1833 regenerationem
1474 1753 1587 1814 iactam
1610 1757 1641 1814 in
1662 1752 1811 1834 baptismo

380 1837 469 1901 bielno
484 1841 646 1901 orationem
663 1841 801 1913 reflectit,
818 1861 943 1922 quornm
958 1858 1062 1900 rursus
1116 1859 1154 1901 cu
1179 1842 1296 1901 armine
1328 1841 1566 1917 incorruptibili
1596 1860 1655 1917 prr
1679 1841 1810 1903 verbum

381 1926 517 2006 insignem
528 1925 701 1988 felicitatem
715 1926 906 2006 amplissimis
922 1926 1062 2006 epithetis
1116 1928 1193 2002 Dei,
1218 1924 1467 2006 quomadmodum
1483 1926 1560 1988 dixit
1575 1929 1673 2008 eapite
1689 1947 1811 2008 praece·

382 2031 408 2073 ac
428 2011 512 2073 velut
534 2013 715 2093 dignitatum
736 2014 830 2074 titulis
855 2013 1011 2095 praedicat
1034 2020 1063 2072 et
1116 2011 1207 2073 denti.

382 2098 564 2161 commendat.
600 2099 724 2161 Mirifice
753 2104 830 2161 eninr
859 2101 988 2180 assurgit
1013 2099 1063 2158 hic
1158 2101 1275 2176 iterate
1313 2100 1529 2162 sacerdotium.
1576 2100 1735 2180 Sumptnm
1772 2120 1812 2162 ex

381 2202 479 2262 termo,
509 2187 577 2267 qui,
608 2189 748 2266 quamvis
777 2189 884 2268 partim
914 2207 952 2248 ex
977 2186 1062 2246 Mose
1115 2185 1229 2259 verbie,
1259 2206 1339 2266 qnae
1369 2185 1453 2246 Deus
1479 2188 1572 2264 jussit
1600 2185 1640 2247 ad
1669 2187 1812 2267 populum

382 2268 543 2354 desumptus
558 2274 611 2346 sit,
627 2281 707 2334 totus
720 2282 816 2334 tamen
832 2293 928 2354 nsque
943 2271 981 2333 ad
997 2291 1061 2332 rer
1117 2271 1192 2344 dici,
1218 2272 1314 2334 ond.
1333 2276 1398 2345 19..
1424 2271 1515 2354 idque
1533 2275 1621 2350 juxte
1641 2277 1812 2336 versionem

381 2374 433 2419 tom
460 2363 508 2421 11.
545 2360 740 2440 apostolicam
772 2359 864 2420 refert
901 2380 937 2421 ac
967 2360 1064 2439 spirat
1115 2359 1227 2432 Lxx,
1243 2360 1295 2421 ubi
1311 2378 1365 2419 nos
1381 2358 1536 2433 habemur,
1562 2360 1722 2440 interprete
1737 2361 1810 2421 Hie·

380 2444 564 2524 najestatem.
586 2447 736 2508 Dicuntur
747 2455 846 2507 autem
859 2446 935 2508 baec
949 2446 987 2506 ad
1004 2445 1061 2507 Ju·
1116 2466 1256 2526 ronymo:
1283 2463 1417 2522 requam
1447 2446 1659 2521 cacerdotrrlc,
1685 2467 1740 2527 pro
1767 2466 1811 2520 eo,

380 2526 475 2606 beor,
489 2533 540 2594 vel
555 2532 650 2607 solos,
673 2532 723 2594 rel
738 2534 909 2613 praecipue.
946 2533 1060 2593 Notan-
1116 2533 1198 2615 qnod
1220 2535 1252 2595 in
1265 2532 1407 2594 Hebraeo
1429 2541 1490 2594 est:
1513 2552 1648 2610 ceptrum
1663 2533 1811 2594 sacerdo·

381 2612 437 2678 lum
459 2621 555 2693 enim,
582 2627 709 2701 quatuor
731 2620 880 2698 epitheta,
908 2638 988 2701 quae
1014 2618 1064 2679 hie
1116 2628 1193 2681 tam.
1221 2618 1309 2681 Unde
1325 2621 1481 2681 evanescit
1496 2627 1712 2700 argumentum,
1728 2618 1810 2699 qnod

381 2700 470 2766 ordine
493 2716 661 2787 ponuntur,
696 2707 728 2767 in
762 2707 857 2768 veteri
883 2713 1062 2768 testamento
1116 2727 1155 2769 ex
1170 2706 1225 2767 boe
1245 2708 1312 2767 loco
1335 2705 1450 2766 iaciunt
1472 2705 1608 2767 nonnulli
1628 2726 1682 2787 pro
1706 2705 1809 2767 discri-

381 2786 461 2851 ltisse
475 2792 623 2854 attributa
645 2792 756 2874 populo
772 2792 947 2866 lerailitioo,
973 2811 1062 2873 quem
1115 2795 1209 2866 mine,
1235 2791 1315 2874 quod
1331 2793 1521 2855 statuendum
1544 2803 1655 2874 putant
1669 2794 1747 2854 inter
1761 2813 1809 2855 sa·

380 2872 452 2939 liena
466 2878 505 2940 ed
520 2882 567 2941 sui
578 2879 691 2942 cultum
707 2883 906 2961 praecunctis
921 2878 1062 2962 gentibue
1115 2879 1274 2944 cerdotinm
1289 2891 1376 2942 vetus
1393 2888 1424 2941 et
1445 2901 1573 2955 novum,
1602 2878 1752 2956 dieentes,
1778 2880 1809 2941 in

378 2961 513 3046 elegerat,
529 2987 564 3027 ae
578 2967 636 3028 sibi
650 2967 829 3049 peculiarem
848 2968 970 3040 iecerat,
985 2966 1058 3027 mul·
1114 2970 1209 3030 veteri
1215 2976 1396 3030 testamento
1405 2970 1519 3047 regiam
1528 2976 1704 3048 potestatem
1712 2966 1810 3029 inisse

378 3050 467 3133 litque
494 3055 716 3134 praerogativis
745 3064 919 3131 ornaverat3
957 3055 1060 3133 itaque
1114 3055 1291 3116 sacerdotali
1312 3056 1513 3135 superiorem,
1537 3056 1611 3134 quia
1633 3056 1748 3116 dietum
1771 3056 1810 3115 sit

376 3153 435 3199 tere
452 3139 573 3220 quidem
590 3140 658 3216 illa,
670 3140 757 3219 juxta
772 3161 889 3203 sensnm
902 3137 1060 3215 literalem,
1113 3142 1144 3203 in
1170 3142 1290 3203 Exodo:
1320 3159 1455 3217 requam
1489 3142 1702 3220 eoccrdototc,·
1728 3160 1809 3201 nnnc

377 3226 574 3306 competebant
602 3226 646 3288 illi
675 3229 797 3309 populo.
846 3229 959 3289 Verum
989 3228 1061 3307 qnia
1113 3236 1212 3290 antem
1233 3227 1430 3290 sacerdotium
1455 3227 1549 3309 regali
1571 3235 1718 3308 potestate
1741 3246 1810 3287 esse

374 3318 471 3374 oraio
492 3317 529 3375 in
552 3313 659 3391 tipuro
685 3316 913 3393 contiaycbont
930 3315 1011 3389 illie,
1041 3318 1057 3374 1
1113 3318 1198 3395 prino
1229 3335 1263 3376 ao
1292 3318 1405 3395 potins,
1436 3318 1509 3395 quia
1533 3314 1642 3375 Petrus
1671 3332 1809 3375 sermone

374 3393 430 3461 (lor.
444 3402 502 3475 10,
513 3422 574 3461 non
586 3401 719 3476 dubium,
732 3405 806 3483 quin
817 3421 907 3463 sensu
919 3402 1055 3482 mystico,
1114 3422 1256 3464 converso
1266 3401 1362 3463 dicat:
1376 3402 1587 3463 secerdotium
1595 3402 1700 3478 creole
1707 3423 1720 3479 ,·
1732 3411 1806 3460 tam·

373 3501 458 3567 toque
469 3487 559 3568 longe
571 3487 744 3565 sublimiori,
761 3491 938 3551 conveniant
954 3486 1058 3548 eadem
1112 3508 1201 3569 quam
1217 3488 1277 3549 illic
1288 3489 1488 3551 sacerdotium
1504 3487 1595 3551 fuerit
1606 3489 1807 3549 accessorium

372 3574 475 3654 populo
491 3572 669 3636 Christiano.
1112 3596 1218 3655 regno,
1240 3574 1289 3636 bie
1304 3585 1402 3637 entem
1416 3596 1539 3656 regnum
1554 3577 1593 3637 sit
1607 3576 1806 3637 accessorium

404 3659 441 3722 ld
456 3662 549 3742 igitur
564 3669 624 3736 est,
651 3661 732 3741 qnod
747 3663 797 3722 hio
813 3662 941 3723 intendit
954 3682 990 3723 ac
1006 3659 1057 3722 do·
1112 3661 1295 3736 sacerdoti03
1321 3671 1413 3743 atque
1434 3663 1512 3724 banc
1535 3682 1601 3725 esse
1622 3662 1806 3743 praerogati-

371 3755 412 3809 est
430 3747 467 3809 Β.
483 3747 604 3809 Petrus.
638 3748 796 3809 Israelitas
819 3748 941 3830 quidem
963 3750 1059 3810 iniere
1110 3770 1180 3811 vam
1195 3751 1263 3811 novi
1279 3751 1449 3811 testamenti
1461 3771 1533 3830 prae
1545 3751 1648 3812 veteri.
1671 3751 1806 3810 Evener-

371 3853 457 3916 genus
474 3832 618 3909 electum,
641 3836 750 3914 passim
766 3844 913 3896 testantur
928 3836 1057 3915 Scriptn·
1111 3836 1168 3911 ert,
1184 3838 1319 3919 inquam,
1342 3837 1399 3897 hoo
1414 3848 1636 3916 argumentum,
1660 3838 1732 3916 quia
1747 3834 1805 3896 Pe·

371 3939 427 3996 ue,
442 3940 523 4003 quae
537 3931 648 3983 vocant
662 3941 722 3996 eos,
736 3924 893 4000 populum
909 3934 940 3983 at
954 3941 1058 3983 acmen
1111 3934 1174 3985 trus
1197 3925 1263 4004 ipsa
1275 3923 1353 3983 llosi
1375 3921 1482 3996 rerba,
1509 3944 1588 4003 quae
1611 3922 1650 3983 ad
1673 3930 1805 3982 veterem

371 4007 494 4070 haum
516 4028 537 4069 o
553 4010 639 4084 Deo,
664 4016 699 4069 ut
720 4008 844 4069 Denter.
869 4013 897 4071 4.
918 4012 945 4070 7.
964 4011 1060 4069 rest.
1111 4009 1254 4092 populnm
1279 4009 1359 4071 dieta
1385 4008 1521 4084 inerunt,
1555 4010 1665 4072 referre
1692 4006 1804 4084 voluit3
1909 4005 1914 4023 ‘

371 4097 413 4157 li.
428 4104 462 4156 et
475 4094 558 4156 alibi.
593 4094 760 4157 Gratuitam
785 4115 905 4177 qnoque
922 4094 1057 4175 ejusdem
1112 4096 1169 4157 sed
1183 4095 1298 4170 retulit,
1313 4105 1347 4156 ut
1361 4095 1548 4158 habebantur
1561 4099 1592 4159 in
1605 4095 1723 4157 Graeca
1737 4114 1804 4157 ver-

371 4182 657 4332 popnlictcgtiongrru
671 4183 1056 4328 signifieatMosesDentter.
1111 4185 1211 4254 sione,
1237 4201 1316 4329 qirze
1338 4184 1455 4329 eratbin
1470 4204 1527 4244 usn
1543 4184 1682 4245 fidelium.
1716 4182 1806 4263 Quae

381 4313 390 4331 .
424 4271 521 4330 iuver
542 4272 583 4329 ie:
641 4288 684 4330 on
707 4272 784 4347 quio
805 4277 934 4331 cunctor
951 4288 1012 4346 pen
1027 4286 1058 4329 ca
1110 4290 1160 4331 res
1176 4278 1239 4331 eta
1299 4270 1397 4328 rinoo
1419 4278 1539 4331 servata
1555 4280 1608 4331 est.

371 4374 495 4417 wmcro
524 4356 697 4417 vincebatis
704 4401 714 4432 ,
744 4357 829 4418 vobis
853 4361 984 4433 junctus
1014 4363 1058 4417 cot
1154 4357 1321 4417 Ananiam
1344 4375 1416 4417 vere
1439 4357 1584 4418 consistat
1605 4355 1680 4416 illud
1703 4353 1805 4417 discri-

371 4444 521 4505 eominus
547 4449 577 4503 et
599 4445 690 4520 clepit
716 4461 787 4518 coe,
814 4463 884 4505 cem
911 4442 1058 4504 omuibus
1110 4464 1195 4517 men,
1218 4463 1254 4503 eo
1268 4463 1326 4503 non
1342 4443 1442 4521 potius
1457 4463 1525 4503 oum
1541 4444 1609 4504 aliis
1625 4442 1806 4502 doctissimis

371 4532 426 4591 itia
437 4529 571 4607 populis
583 4533 771 4607 pauciores,-
786 4530 839 4590 red
854 4533 930 4607 quio
946 4531 1058 4591 dilexit
1110 4530 1276 4610 Theologis
1298 4528 1455 4590 dicendum
1477 4530 1529 4603 sit,
1556 4532 1648 4590 etiam
1667 4528 1723 4589 sub
1739 4529 1806 4607 lege

371 4635 416 4679 rot
436 4617 604 4678 Dominae
638 4617 684 4677 Ae
708 4636 822 4676 rursum
849 4636 912 4697 cap.
936 4621 980 4690 9.,
1005 4616 1057 4677 ubi
1111 4618 1206 4678 veteri
1220 4615 1421 4678 sacerdotium
1436 4615 1641 4697 fuisseregali
1656 4622 1807 4695 potestate

371 4702 504 4786 »epulum
520 4711 636 4778 monet,
660 4723 700 4764 nc
724 4702 826 4764 dicat:
852 4705 990 4781 Propter
999 4706 1056 4778 ju·
1108 4706 1192 4785 prius
1207 4724 1244 4765 ao
1259 4703 1394 4784 dignius,
1410 4723 1470 4765 non
1490 4705 1582 4779 hujus
1603 4710 1650 4762 est
1670 4701 1731 4761 loci
1745 4700 1806 4761 dis·

371 4791 478 4852 titium
501 4809 607 4851 mcom
626 4790 808 4852 introduxit
822 4810 871 4851 mc
886 4792 1056 4867 Dominae,
1110 4792 1236 4871 qnirsre.
1260 4791 1466 4852 conferendus
1484 4798 1642 4851 astantem
1656 4788 1707 4848 hio
1722 4786 1805 4848 locus

371 4883 536 4940 ritcrrom
559 4877 644 4939 tear
655 4876 860 4956 poccidcrem.
892 4878 989 4951 Cum,
1011 4878 1054 4937 in·
1110 4898 1175 4938 enm
1192 4897 1238 4953 eo,
1253 4876 1335 4959 quod
1351 4880 1446 4957 Aper.
1465 4882 1491 4939 1.
1509 4887 1538 4937 et
1553 4877 1582 4937 b.
1599 4874 1806 4935 dieiturDens

371 4965 440 5046 ruit,
467 4964 658 5027 dudmmoc
683 4967 813 5027 cervicir
833 4968 873 5026 cis
893 4963 1055 5042 populat,⁸
1109 4963 1428 5042 nosiecissercpuum
1441 4960 1805 5040 ctrocerdotea,Grsece:

371 5051 413 5115 ert
433 5058 472 5116 at
488 5052 662 5130 compleret
680 5050 811 5115 vebum
831 5069 926 5117 raom
940 5052 1057 5113 Domi
1109 5069 1197 5129 rcrca
1217 5057 1249 5113 rt
1269 5052 1463 5133 medetei,
1489 5072 1549 5116 non
1571 5053 1639 5115 sine
1660 5047 1807 5111 assonone
