4442 5825
799 616 963 674 urrsrohte
979 617 1020 672 tu
1037 617 1206 676 miultis.
1221 619 1306 675 mii.
1325 620 1410 676 7.-9.
1721 631 1799 699 338.

371 802 398 857 et
411 795 498 857 oficio
511 803 642 876 petrum.
675 796 755 858 Nam
778 804 896 878 patres,
923 798 981 859 uisi
995 798 1047 860 ab·
1098 797 1134 859 B.
1150 798 1300 860 'rhomam
1315 805 1346 859 et
1360 795 1542 877 cajetanum
1567 799 1599 859 in
1622 808 1708 860 textu
1722 800 1795 879 legi-

371 892 450 945 mut
462 883 500 942 ab
513 883 618 957 officio,
630 883 709 945 lilios
720 904 861 945 euoenon
873 883 1047 965 relinquunt
1098 895 1163 959 tur,
1190 894 1219 945 et
1242 905 1280 945 ex
1304 886 1516 966 consequentia
1536 888 1681 947 sermonis
1697 888 1739 947 ite
1754 888 1794 948 ie-

371 969 540 1031 'uaurreutoa
572 970 666 1032 Forte
688 970 788 1044 dices,
816 991 934 1033 cessare
950 991 1044 1033 corre·
1098 970 1228 1052 gendum
1260 982 1388 1033 constet.
1432 974 1568 1046 Etenim,
1604 981 1639 1034 ut
1674 973 1796 1034 tradunt

371 1058 476 1119 dienen
500 1064 656 1138 paternam
678 1060 755 1118 iuter
779 1058 929 1129 homines,
955 1058 1044 1118 simul
1099 1059 1309 1131 Grammatici,
1337 1060 1445 1120 vocula
1460 1079 1537 1121 uum
1554 1069 1715 1141 negantem
1730 1060 1796 1121 vult

371 1150 442 1227 tque
464 1142 522 1205 utii
547 1163 585 1206 ex
607 1144 733 1225 ephebis
756 1148 951 1207 excesserint
985 1146 1044 1205 Re·
1097 1146 1339 1225 responsionem,
1361 1166 1444 1223 urim,
1472 1149 1497 1208 si
1515 1148 1731 1227 interrogative
1746 1168 1794 1209 eu·

371 1228 481 1313 pondeo
497 1250 567 1305 uos,
583 1231 726 1311 quamdiu
738 1250 839 1293 suntne
855 1234 886 1294 in
901 1232 958 1292 beo
972 1234 1044 1305 vita,
1097 1243 1210 1305 matur,
1234 1232 1444 1307 affirmantem,
1465 1234 1564 1315 qualis
1579 1236 1685 1313 utique
1699 1236 1794 1315 exigi-

371 1336 510 1399 uquam
523 1318 581 1379 sub
595 1319 662 1380 Deo
684 1330 772 1399 petre
795 1321 944 1380 excudere
962 1328 1042 1379 ecta-
1097 1328 1146 1378 tur
1169 1319 1322 1380 hocloco.
1353 1322 1589 1400 Argumentetur
1611 1323 1690 1381 enim
1713 1323 1795 1401 Apo·

371 1404 578 1485 npuerilem,
594 1425 681 1487 quam
697 1407 790 1485 virgis
802 1406 940 1486 castigari
956 1426 1042 1485 opor·
1096 1406 1191 1466 stolus
1221 1427 1239 1465 a
1265 1408 1387 1480 minori,
1418 1407 1456 1467 ed
1486 1408 1566 1468 bunc
1591 1407 1728 1468 modum:
1759 1408 1794 1470 si

371 1500 416 1553 tet
438 1492 578 1553 hnuto
594 1494 673 1553 euim
687 1492 745 1553 bac
760 1495 837 1568 vite,
860 1493 977 1573 parvuli
993 1514 1042 1554 au·
1096 1501 1199 1572 petrea
1221 1496 1318 1554 cernis
1340 1504 1477 1566 nostrae,
1500 1514 1578 1575 quos
1598 1497 1682 1575 pueri
1704 1497 1792 1557 casti·

371 1596 426 1652 me,
441 1579 607 1656 loquentes
619 1586 657 1639 ut
669 1582 819 1656 porculi,
834 1584 992 1656 supienter
1007 1587 1043 1641 ut
1095 1588 1216 1659 [ratores
1233 1580 1407 1655 habuimus,
1434 1600 1531 1661 aequo
1546 1581 1668 1642 tulimus
1684 1584 1792 1656 auimo,

371 1667 479 1727 mli
494 1676 567 1740 etc,
585 1670 601 1725 1
616 1663 685 1726 Cor.
702 1667 750 1727 13.
1095 1678 1125 1726 et
1139 1669 1260 1728 reveriti
1282 1686 1399 1745 uumus3
1429 1689 1468 1728 an
1490 1688 1550 1729 non
1573 1668 1668 1729 multo
1693 1671 1790 1749 magis

385 1756 415 1815 ti.
438 1753 534 1833 Quod
559 1756 587 1813 ri
613 1760 704 1815 extra
729 1753 932 1830 disciplinam
960 1755 1041 1827 cetis,
1094 1753 1366 1833 obtemperabimus
1397 1751 1544 1831 (Graecer
1577 1755 1790 1832 subjiciemur,

371 1842 621 1918 desepurticipcs
633 1841 716 1918 sacti
730 1848 804 1901 sumt
819 1858 944 1916 omnes,
967 1858 1041 1916 erpo
1095 1839 1189 1902 idest
1211 1840 1417 1902 submittemus
1439 1862 1476 1901 ac
1500 1846 1708 1922 permittemus
1724 1840 1791 1920 uos)

371 1926 504 2003 Muri,
534 1935 564 1987 et
585 1945 653 1989 nou
676 1927 736 2003 mat
757 1931 835 1989 estis.
881 1926 1039 2000 Adulteri,
1093 1927 1177 1986 Petri
1195 1928 1350 2007 spirituum
1366 1929 1449 2002 Deo,
1465 1936 1558 2008 atque
1573 1932 1604 1990 in
1619 1930 1792 2010 ejusbene·

371 2034 476 2077 naue:
491 2005 587 2091 νόθοι,
604 2013 691 2075 idest
705 2014 804 2086 nothi,
820 2015 927 2094 spurii,
944 2013 1040 2092 illegi·
1094 2012 1207 2093 placito
1222 2017 1461 2093 acquiescemus,
1485 2019 1634 2097 persuesi,
1658 2017 1791 2098 flagella,

371 2102 423 2175 ui,
439 2101 508 2161 sive
522 2120 562 2162 ex
577 2100 736 2174 adulterio,
752 2103 817 2162 aive
831 2099 954 2161 aliunde
969 2102 1039 2160 uati.
1093 2102 1203 2180 quibus
1233 2121 1287 2161 nos
1314 2102 1428 2176 caedit,
1458 2102 1496 2163 ab
1527 2106 1627 2165 animo
1653 2115 1789 2185 paterno,

371 2187 481 2270 aspicio
490 2196 546 2259 est,
555 2190 747 2269 interpretem
755 2188 930 2267 scripsisse:
943 2187 1040 2247 udul-
1092 2197 1275 2268 nostraeque
1301 2189 1407 2249 salutis
1433 2189 1543 2268 cupido
1568 2191 1732 2270 proficisci,
1759 2200 1790 2251 ct

371 2276 458 2351 rimi,
486 2284 523 2334 ut
542 2278 672 2355 speciem
694 2296 748 2357 pro
768 2294 879 2355 genere
895 2276 1039 2355 posuerit.
1093 2273 1241 2335 advitam
1263 2276 1349 2336 nobis
1365 2274 1545 2355 profutura?
1582 2279 1685 2338 Vitom
1702 2278 1788 2339 intol-

371 2364 441 2425 rita
464 2365 540 2423 citat
555 2362 680 2424 catech.
694 2362 781 2423 Rom.
803 2364 835 2423 iu
857 2361 966 2443 explic.
981 2364 1038 2442 pri·
1093 2360 1174 2441 ligii,
1202 2381 1281 2442 quse
1308 2371 1355 2423 est
1384 2363 1549 2424 secundum
1575 2366 1728 2444 spiritum,
1758 2364 1790 2425 id

371 2468 407 2511 aa
433 2449 610 2529 particulae
637 2448 718 2510 Orat
743 2449 938 2525 Dominicaeq
964 2447 1038 2509 Ces·
1092 2457 1139 2509 est
1153 2450 1248 2509 vitem
1260 2450 1504 2510 senctificationie
1517 2459 1547 2509 et
1552 2453 1697 2529 justitiae,
1713 2452 1792 2512 sicut

371 2556 444 2599 nus
471 2555 597 2617 quoque
619 2535 728 2600 (iollae
751 2538 780 2610 6,
805 2541 854 2596 11.
892 2535 1039 2615 Quodsi,
1091 2535 1333 2617 insequentibus
1354 2535 1495 2597 desierat
1533 2537 1573 2596 Et
1594 2536 1673 2598 hauc
1695 2539 1788 2600 vitem

371 2626 454 2707 quit,
477 2644 497 2684 o
512 2623 661 2697 Hebraei,
685 2622 888 2696 arbitramini,
911 2641 965 2683 voa
986 2626 1037 2682 im·
1091 2625 1216 2703 opponit
1242 2625 1321 2684 vitae
1348 2624 1477 2694 carneli,
1503 2643 1583 2704 quae
1604 2627 1665 2686 sita
1688 2632 1733 2685 est
1758 2626 1790 2685 iu

371 2728 447 2775 aues
470 2730 540 2772 ease
562 2707 675 2771 debere
696 2730 714 2769 e
736 2709 896 2789 discipline
917 2728 972 2770 seu
990 2730 1037 2770 ce·
1091 2710 1255 2770 commodis
1271 2709 1360 2788 hujus
1374 2711 1503 2785 saeculi,
1529 2710 1673 2792 adquam
1688 2711 1789 2773 solent

371 2798 505 2881 Ratione
519 2806 661 2878 paterue3
681 2799 706 2857 si
721 2815 776 2859 ros
791 2794 958 2858 subducere
973 2797 1037 2857 vul·
1091 2805 1193 2877 petras
1208 2798 1305 2857 caruis
1321 2796 1441 2857 erudire
1459 2798 1537 2858 tilios
1553 2817 1634 2859 suos.

371 2882 587 2965 idiseiplinae,
603 2884 689 2964 cujus
705 2884 869 2965 participes
882 2882 956 2945 iacti
971 2891 1039 2944 sunt
1132 2883 1194 2944 Hic
1208 2883 1293 2945 locus
1314 2904 1392 2945 unus
1413 2893 1459 2946 eat
1480 2905 1519 2946 ex
1542 2885 1595 2959 iis,
1615 2885 1725 2966 quibus
1740 2904 1786 2946 re·

371 2991 443 3034 mea
463 2971 522 3032 filii
546 2972 618 3044 Dei,
644 2970 677 3033 id
698 2980 745 3032 est
766 2971 948 3052 quicumque
970 2971 1038 3032 Deo
1089 2970 1204 3031 tollitur
1230 2991 1333 3032 eorum
1359 2972 1484 3052 dogma,
1510 2975 1562 3054 qui
1590 2975 1707 3034 enimes
1732 2972 1786 3034 bu·

371 3067 590 3122 suasmet-aot
611 3056 748 3137 plecentq
773 3077 845 3137 argo
866 3057 1039 3119 subtrahitis
1090 3078 1195 3119 menes
1223 3078 1260 3119 ex
1285 3058 1411 3120 traduce
1442 3061 1603 3140 propagari
1634 3059 1783 3120 dixerunt.

388 3145 545 3208 abdicetis
569 3164 625 3206 vos
649 3165 668 3206 e
693 3164 814 3206 numero
845 3164 960 3219 eorum,
987 3146 1038 3227 qui
1089 3145 1169 3204 Num
1193 3155 1293 3225 patres
1319 3149 1419 3206 caruis
1445 3146 1591 3226 appellet,
1618 3145 1787 3225 exquibus

371 3241 404 3296 Ι
425 3234 564 3314 germani
586 3231 640 3293 fllii
662 3231 737 3309 Deiq
764 3240 795 3292 et
820 3231 946 3310 proinde
968 3252 1036 3293 cen·
1089 3232 1183 3292 solam
1213 3250 1333 3292 ceruum
1362 3235 1523 3307 traximus3
1558 3233 1656 3293 Deum
1686 3244 1786 3293 eutem

371 3317 421 3382 uti
436 3321 515 3382 estis
529 3320 609 3381 inter
628 3318 707 3380 tilios
727 3318 913 3379 adulterinos
934 3338 970 3379 ac
985 3318 1035 3380 de·
1089 3318 1164 3379 dicit
1178 3328 1293 3398 patrem
1312 3320 1487 3397 spirituum,
1514 3321 1586 3400 quie
1608 3340 1668 3378 non
1692 3318 1786 3379 solam

371 3425 473 3479 area,
488 3414 522 3467 et
532 3415 675 3488 pateruae
687 3404 882 3467 baereditatis
894 3415 1036 3466 exsortes.
1089 3406 1128 3467 ab
1144 3425 1179 3465 co
1202 3424 1320 3466 carnem
1343 3404 1505 3478 babemus,
1527 3424 1618 3486 quum
1642 3405 1784 3466 submini-

374 3495 407 3558 9.
431 3493 562 3555 Deinde
573 3498 682 3571 potres
703 3493 830 3570 quidem
853 3493 961 3553 comte
975 3511 1035 3553 uo-
1088 3500 1230 3571 stretper
1243 3492 1378 3552 homines
1393 3494 1560 3572 genitores,
1573 3510 1680 3551 verum
1695 3493 1786 3552 etiam

371 3597 420 3642 me
436 3580 615 3642 eruditores
633 3579 808 3641 uouemus.
831 3576 1034 3659 Comparatio·
1088 3579 1221 3658 spiritua,
1245 3579 1276 3639 id
1292 3587 1340 3638 est
1354 3580 1479 3652 animae,
1495 3580 1669 3659 corporibus
1686 3578 1783 3639 inluu-

371 3687 422 3742 ι,
438 3685 532 3748 quam
547 3667 785 3747 sumsitapetre
801 3674 931 3738 terreno,
949 3666 1035 3727 novis
1088 3665 1141 3725 dit.
1181 3664 1272 3744 Quod
1297 3664 1420 3745 quidem
1447 3667 1514 3746 ipse
1543 3665 1626 3726 solus
1656 3665 1730 3726 iacit
1754 3672 1785 3725 et

371 3754 525 3836 gementis
538 3753 709 3835 amplificet.
731 3751 1034 3827 amitterenuraa
1088 3750 1260 3813 immediate
1279 3771 1332 3832 per
1354 3754 1541 3812 creationem.
1580 3752 1672 3812 Hunc
1695 3750 1783 3812 intel·

382 3833 569 3916 παιδευτὰς,
585 3842 674 3921 quasi
690 3839 791 3901 dicas:
814 3840 1035 3916 disciplinato·
1086 3838 1196 3899 lectum
1215 3838 1349 3919 postulat
1370 3838 1528 3899 antithesis
1544 3839 1685 3919 Apostoli
1708 3841 1785 3900 inter

371 3945 393 3990 s.
420 3925 567 3988 linsmus
581 3929 684 3989 vertit:
711 3929 925 4002 constipatores.
962 3926 1035 3987 Jam
1085 3932 1194 4002 putrer
1222 3928 1346 4001 cumis,
1385 3935 1417 3986 et
1443 3934 1570 4002 putrem
1601 3930 1782 4003 spirituum.

371 4013 414 4076 tn
428 4011 545 4075 dictum
560 4023 622 4088 eet,
648 4013 768 4077 Graece
782 4032 859 4074 voce
873 4013 1035 4093 significari
1087 4012 1205 4092 Estqm
1219 4012 1304 4071 locus
1320 4012 1424 4074 similis
1439 4013 1646 4074 Ecclesiastae
1659 4010 1784 4074 ultimo:

371 4101 565 4164 matonam
595 4121 662 4162 cum
692 4101 906 4180 castigatione,
935 4100 1034 4181 qualis
1086 4100 1130 4160 Et
1151 4106 1332 4161 reuututur
1350 4099 1460 4175 puluis
1480 4103 1516 4160 iu
1538 4107 1658 4161 terram
1680 4118 1782 4174 mom,

371 4195 567 4270 tpuerorum.
1085 4186 1172 4247 unde
1188 4193 1275 4261 erot,·
1292 4193 1321 4246 et
1334 4189 1467 4263 spiritus
1481 4188 1592 4248 redeot
1607 4188 1650 4247 ud
1667 4190 1781 4262 Deum,

376 4273 664 4338 transmeamus·
678 4291 738 4334 eus.
775 4270 922 4351 Quemvis
944 4274 1031 4332 casti·
1085 4275 1142 4349 qui
1157 4273 1243 4332 dedit
1258 4273 1358 4334 ilium
1382 4272 1451 4333 Nisi
1466 4273 1607 4354 quodbic
1623 4273 1662 4335 ed
1677 4284 1783 4355 petrea

371 4367 443 4424 rent
457 4380 514 4422 nus
527 4371 561 4422 et
574 4358 750 4432 caederent,
770 4367 802 4418 et
823 4358 929 4418 durius
944 4360 1032 4420 inter·
1085 4368 1226 4433 terrenos,
1243 4359 1307 4421 illic
1322 4358 1362 4420 ed
1376 4368 1487 4420 terram
1502 4360 1657 4442 Scriptura
1671 4361 1781 4421 referat

371 4469 405 4512 ι
439 4455 612 4508 tractarent.
657 4447 849 4509 Reverentia
886 4445 1035 4525 significet
1084 4445 1209 4508 humani
1238 4448 1369 4525 corporis
1406 4449 1560 4527 originem.
1594 4447 1653 4510 Sed
1678 4455 1779 4508 umen

371 4533 554 4618 bjoetiom
588 4552 656 4595 cum
692 4549 793 4595 amore
834 4532 1033 4611 conjunctum,
1084 4533 1243 4613 utrobique
1257 4533 1353 4593 solum
1369 4534 1469 4595 Deum
1490 4535 1613 4615 spiritus
1626 4541 1780 4594 auctorem

371 4621 434 4684 alte
448 4639 519 4684 ease
534 4618 627 4683 debet
639 4620 769 4681 omnium
784 4618 981 4694 subditorum,
997 4639 1034 4680 ac
1084 4637 1122 4679 ec
1137 4618 1272 4680 datorem
1287 4618 1367 4681 facit.

371 4709 508 4772 niueum
521 4706 652 4769 filiorum
667 4727 739 4786 orge
753 4713 902 4786 parentes.
1128 4704 1219 4768 Dicet
1233 4705 1355 4786 eliquia,
1369 4726 1409 4767 ex
1423 4705 1561 4767 hocloco
1574 4704 1779 4787 probationem

371 4795 461 4860 uem
489 4793 593 4856 multo
618 4797 719 4871 mauis
748 4792 1033 4869 obtemperabimus
1083 4811 1188 4873 perum
1202 4792 1328 4854 solidam
1343 4792 1454 4866 videri,
1478 4813 1545 4853 cum
1561 4801 1664 4872 petras
1678 4794 1779 4854 earnis

371 4883 609 4962 trispitituum
631 4888 660 4942 et
679 4881 844 4942 ciuemus?
872 4881 957 4941 Beue
970 4901 1031 4941 mo·
1084 4877 1211 4960 intelligi
1225 4882 1356 4961 possint,
1380 4880 1433 4959 qui
1455 4899 1510 4940 nos
1532 4880 1696 4941 secuudum
1715 4899 1777 4940 car·

371 4969 531 5044 tlttbsra,
546 4989 617 5050 pro:
638 4986 734 5043 num,
749 4965 927 5046 legendum:
951 4985 1030 5041 mou,
1082 4985 1150 5027 uem
1165 4976 1349 5046 genuerunt,
1377 4966 1407 5026 id
1431 4973 1476 5027 est
1498 4974 1634 5027 auctores
1652 4986 1778 5046 gauma-

371 5067 418 5122 ua
431 5053 556 5120 audieus
568 5053 796 5129 emendatiores,
814 5054 893 5116 sicut
907 5054 1031 5135 stapud
1082 5053 1172 5114 tionis
1180 5062 1302 5116 nostrae
1309 5053 1447 5129 carnalis,
1461 5072 1522 5133 que
1529 5054 1666 5116 homines
1675 5073 1790 5117 sumus.
