4442 5825
442 603 490 672 og
965 598 1406 656 ummmasucaas.

482 774 637 837 sadaca
652 775 814 839 dexteram
829 778 1004 851 majestatis
1025 778 1061 837 ia
1084 794 1139 839 aa·
1190 776 1310 837 Christo
1339 774 1510 839 assiderent
1539 778 1569 836 in
1597 795 1691 855 reguo
1717 776 1811 837 hiera
1842 778 1890 838 10.

439 861 554 922 alsia.
572 862 756 943 Postquam,
785 864 896 944 inquit,
929 864 1138 944 purgationem
1190 863 1369 925 &huetium
1383 871 1499 925 conam
1510 883 1547 923 ex
1559 861 1666 925 eodem
1681 862 1750 923 fidei
1766 872 1889 925 nostrae

438 945 512 1008 iecit
525 957 714 1029 peccatorum
731 957 914 1023 nostrorum,
936 948 1092 1011 maanus
1106 950 1138 1010 in
1190 948 1341 1030 symbolo,
1365 948 1616 1028 quemadmodum
1632 958 1714 1010 etex
1729 950 1798 1011 aliis
1814 951 1888 1011 acri·

439 1034 567 1107 coelum,
589 1036 693 1113 ibique
714 1036 800 1097 sedet
821 1034 861 1098 ad
875 1035 1030 1097 dexteram
1045 1036 1136 1114 maje·
1189 1045 1298 1117 pturae
1328 1035 1420 1109 iocis,
1445 1036 1540 1102 ,hano
1568 1036 1733 1097 sessionem
1763 1036 1889 1097 attribui

438 1121 532 1182 statie
554 1122 605 1182 Ita
618 1121 850 1203 chrysostomus
862 1132 892 1182 et
904 1124 1025 1183 caeteri.
1046 1120 1137 1203 Quod
1190 1123 1326 1194 Christo,
1353 1131 1388 1182 ut
1409 1122 1537 1198 hornini3
1565 1123 1641 1183 sicut
1655 1131 1687 1184 et
1706 1123 1781 1196 alia,
1808 1143 1891 1202 quae

348 1272 371 1283 ,ι
418 1207 470 1268 in
491 1207 670 1288 quibusdam
696 1209 849 1270 codicibus
872 1208 996 1271 Graecis
1018 1210 1135 1288 iegitur,
1189 1212 1220 1269 in
1243 1208 1381 1290 symbolo
1403 1209 1484 1270 hunc
1513 1207 1670 1270 articulum
1694 1209 1889 1289 praecedunt,

438 1295 475 1355 iss
501 1296 633 1356 ὀσσέσσα
658 1297 766 1358 throni
792 1298 986 1373 majestatis5
1019 1294 1136 1365 additio
1188 1316 1307 1359 uecuou
1327 1294 1359 1356 id
1382 1295 1464 1374 qnod
1479 1297 1614 1376 proxime
1632 1297 1784 1377 sequitur:
1806 1297 1889 1357 Inda

437 1379 517 1453 isch
532 1389 578 1443 est
592 1401 631 1442 ex
651 1402 716 1461 cap.
733 1386 761 1446 8.
777 1383 868 1462 hujus
883 1382 1058 1462 Epistulae,
1084 1380 1136 1443 uhi
1189 1391 1344 1445 vectano
1358 1390 1410 1443 σσέ.

437 1468 480 1529 sio
507 1467 649 1529 habam:
680 1471 743 1548 Qui
770 1471 911 1532 consedit
938 1471 975 1531 in
1005 1470 1136 1530 dextera
1231 1468 1321 1531 Unde
1335 1489 1390 1549 per
1403 1468 1475 1541 hoo,
1497 1468 1579 1548 quod
1599 1468 1710 1529 dicitur
1731 1467 1836 1531 sedere
1850 1467 1888 1530 ad

328 1602 331 1607 .
437 1553 518 1615 sadis
544 1556 776 1631 mapaitads'ais
801 1559 837 1617 ia
863 1556 964 1617 coelis.
1001 1556 1048 1615 Ex
1074 1575 1135 1636 qna
1188 1555 1345 1617 dexteram
1367 1555 1445 1627 Dei,
1475 1557 1597 1635 proprie
1619 1575 1679 1614 non
1701 1554 1889 1635 significatur

436 1639 504 1702 ioca
519 1642 611 1702 etiam
625 1641 838 1716 admonemur,
858 1642 888 1703 id
903 1642 983 1723 quod
999 1641 1048 1702 hic
1063 1642 1134 1703 dici·
1188 1662 1256 1702 eum
1271 1661 1338 1703 esse
1352 1641 1420 1702 Deo
1437 1642 1520 1702 Patri
1543 1641 1710 1721 aequalem.
1740 1641 1793 1704 Sia
1807 1643 1887 1705 euius

435 1734 486 1787 tur
499 1729 536 1788 in
552 1727 788 1804 cacchis,.idem
803 1748 870 1789 esse
885 1730 964 1808 qnod
981 1732 1016 1789 in
1032 1729 1133 1805 coalia,
1188 1739 1221 1790 et
1246 1729 1338 1790 Pater
1363 1728 1403 1788 ad
1429 1726 1583 1789 dextoram
1603 1728 1676 1787 Filii
1698 1727 1832 1802 sederet,
1859 1736 1888 1790 et

437 1815 504 1876 sive
518 1816 661 1876 incaelo.
684 1816 761 1877 (ium
774 1817 853 1877 euim
862 1815 937 1875 coeii
951 1817 982 1877 iu
992 1814 1135 1877 Hebraea
1187 1817 1318 1896 Spiritus
1337 1814 1368 1876 S.
1388 1814 1427 1874 ad
1449 1814 1604 1875 dexteram
1626 1815 1799 1893 utriusque:
1826 1815 1885 1876 ima

436 1900 542 1980 lingua
566 1911 680 1964 tantum
702 1902 813 1983 plurali
834 1921 961 1964 numero
982 1901 1135 1979 dicantur3
1187 1904 1232 1962 sic
1247 1900 1393 1965 Filiosah
1408 1909 1528 1962 aeterno
1543 1901 1661 1961 sederet
1675 1900 1716 1961 ad
1730 1900 1885 1962 dexuram

436 2006 530 2065 saepe
552 1989 602 2063 fit,
628 1996 663 2048 nt
688 1990 766 2049 sacri
788 1997 926 2050 auctores
948 1989 1055 2062 etiam,
1081 1989 1134 2069 qui
1187 1989 1302 2050 Petris:
1328 2007 1408 2068 quae
1424 1989 1525 2049 omnia
1547 1996 1617 2048 sunt
1632 1996 1751 2068 praeter
1765 2006 1885 2049 sensum

436 2072 554 2136 Graece
569 2077 766 2155 scripserunt,
782 2074 930 2136 Graecam
940 2095 1047 2136 vocem
1063 2075 1133 2136 eiia-
1186 2077 1375 2154 scripturae,
1402 2084 1433 2135 et
1448 2095 1467 2134 a
1482 2073 1627 2153 symbolis
1650 2073 1720 2135 fidei
1742 2073 1834 2136 nobis
1848 2064 1884 2134 ah

434 2169 504 2223 rant
530 2160 637 2222 eodem
662 2181 801 2236 numero,
827 2170 863 2222 ut
887 2162 987 2222 Lucas
1013 2161 1080 2221 Act.
1106 2165 1134 2222 7.
1187 2161 1325 2223 Ecclesia
1353 2161 1472 2221 traditis
1501 2160 1663 2221 dissonant.
1703 2161 1755 2226 „At
1784 2179 1884 2241 neque

441 2248 540 2309 Video
568 2249 670 2310 coelos
698 2257 842 2326 apertos,
881 2247 912 2309 id
942 2257 988 2309 est
1016 2247 1135 2308 coelum
1186 2248 1351 2328 significari
1367 2246 1484 2308 videtur
1503 2248 1667 2326 assumptio
1690 2256 1819 2309 naturae
1832 2246 1884 2307 hu·

435 2342 582 2415 apertum.
1186 2352 1296 2396 manae
1321 2333 1352 2395 in
1377 2333 1557 2414 hypostasin
1583 2331 1731 2394 divinam:
1760 2332 1793 2394 id
1808 2334 1885 2394 enin

476 2421 570 2482 Porro
585 2419 665 2481 idem
680 2421 764 2483 locus
773 2442 840 2502 cap.
854 2425 882 2484 8.
895 2419 1032 2495 ostendit,
1045 2422 1134 2481 inter·
1186 2421 1298 2482 iactum
1315 2427 1375 2494 est,
1399 2418 1520 2500 qnando
1543 2421 1715 2481 incarnatus
1737 2429 1786 2483 est
1799 2418 1883 2482 Chri·

436 2509 517 2588 preti
532 2515 635 2568 nostro
657 2507 764 2568 eadem
786 2528 853 2570 esse
874 2509 958 2569 σσόσέ
980 2514 1011 2567 et
1024 2525 1133 2568 costae·
1187 2517 1266 2582 stus,
1290 2526 1350 2567 non
1365 2516 1527 2586 postquam
1541 2505 1679 2568 ascendit
1692 2508 1724 2567 in
1739 2505 1866 2577 coelunt

434 2594 501 2670 aia·
523 2612 590 2654 com
604 2601 765 2674 utrumque
778 2602 878 2656 vertat
892 2614 931 2656 cx
947 2592 1052 2654 eodem
1065 2614 1132 2654 ver·
1228 2595 1290 2656 Sed
1316 2592 1356 2655 ad
1383 2591 1535 2654 dexteram
1558 2593 1618 2655 Dei
1639 2591 1746 2656 sedere
1769 2590 1884 2666 dicitur,

432 2679 472 2742 bo
495 2678 612 2742 Graeco
636 2682 790 2759 praeteriti
809 2681 953 2761 temporis
976 2672 1132 2756 ἐκάθισεν,
1186 2682 1258 2759 quia
1272 2678 1435 2742 secundnm
1450 2691 1589 2741 naturam
1600 2688 1787 2760 assumptam
1798 2680 1882 2761 quis

404 2796 406 2801 ·
435 2786 496 2848 quo
508 2776 681 2829 tamennon
693 2767 1132 2847 tsmpraeteritasessiosigni·
1186 2778 1235 2828 tus
1246 2767 1311 2845 jam
1325 2768 1459 2846 possidet
1481 2786 1627 2827 summam
1647 2766 1731 2827 illam
1755 2766 1883 2847 dignita·

433 2854 559 2927 hesma,
595 2872 684 2936 qnam
714 2873 892 2935 permanens
922 2861 954 2916 et
982 2855 1134 2929 continua,
1185 2862 1246 2916 tem
1262 2861 1294 2914 et
1307 2851 1434 2934 gloriam
1448 2854 1549 2933 regui,
1572 2871 1663 2933 quam
1685 2852 1779 2915 hahet
1793 2872 1884 2934 supra

432 2940 584 3023 quomodo
599 2941 651 3022 qui
665 2950 789 3003 mensae
800 2942 866 3021 jam
878 2940 1013 3004 assident
1027 2940 1131 3002 dicun·
1186 2960 1302 3003 omnem
1327 2950 1513 3012 ereaturam,
1538 2942 1692 3020 proximus
1707 2941 1784 3002 Deo.
1817 2940 1886 3002 Hac

434 3036 484 3089 tur
512 3028 693 3091 consedisse
743 3028 841 3090 Sentit
876 3030 980 3108 itaque
1007 3027 1132 3102 Paulus,
1186 3031 1263 3089 enim
1280 3036 1341 3102 est,
1361 3027 1440 3109 quod
1456 3028 1560 3088 Patres
1575 3048 1636 3089 nou
1650 3026 1746 3088 solum
1761 3025 1883 3090 Christe

433 3114 587 3179 Christum
606 3113 777 3177 consedisse
796 3123 888 3197 atque
904 3117 1069 3178 etiamnum
1085 3134 1131 3176 se·
1185 3115 1312 3189 homini,
1338 3115 1392 3176 aed
1415 3115 1505 3179 etism
1528 3114 1587 3193 ipsi
1607 3122 1734 3175 naturae
1753 3113 1820 3194 ejus
1833 3112 1883 3176 hu

423 3201 508 3264 'dere
524 3200 564 3263 sd
579 3201 736 3264 dexteram
757 3204 925 3282 majestatis
948 3220 1003 3263 aen
1018 3203 1131 3282 magni-
1184 3220 1293 3262 manae
1321 3203 1436 3283 passim
1472 3200 1621 3274 tribuunt,
1651 3200 1787 3263 dicentes
1817 3218 1882 3264 sam

404 3330 411 3349 ,-
432 3289 548 3350 tudinis
571 3291 604 3350 in
627 3289 769 3363 excelsis,
794 3289 891 3352 idest
912 3288 951 3349 ad
974 3287 1132 3350 dexteram
1185 3288 1334 3349 elevatam
1363 3308 1429 3350 esse
1458 3286 1497 3348 ad
1534 3306 1707 3349 consessum
1736 3286 1882 3350 duteras

432 3374 511 3451 Dei,
536 3376 568 3437 in
583 3395 621 3437 eo
636 3374 704 3436 ioco
726 3376 780 3437 ubi
793 3374 1031 3456 magnitudinem
1045 3394 1132 3436 suam
1184 3374 1258 3435 Dei:
1274 3374 1417 3455 qnodque
1430 3375 1462 3435 in
1476 3373 1553 3434 testo
1565 3374 1745 3436 Domiuicae
1759 3373 1882 3437 adsceu

432 3469 465 3525 et
481 3461 612 3543 gloriam
636 3462 723 3525 Deus
747 3462 894 3538 ostendit,
921 3462 979 3525 hoc
1004 3469 1068 3536 est,
1100 3464 1131 3523 in
1185 3462 1277 3522 sionis
1301 3460 1381 3523 inira
1402 3462 1553 3522 achonem
1568 3482 1588 3522 a
1601 3460 1757 3523 ”cordate
1774 3460 1885 3522 dicitur

432 3549 525 3613 coelo.
558 3550 681 3630 Repetit
706 3548 785 3610 idem
807 3550 963 3630 praeteriti
987 3551 1132 3631 temporis
1185 3550 1218 3610 in
1241 3547 1317 3609 haec
1337 3547 1443 3610 rerba:
1471 3549 1566 3609 Diem
1586 3549 1798 3624 asisinates,
1824 3563 1886 3626 assa

432 3636 561 3698 verbum
583 3634 763 3717 Apostolus,
789 3635 830 3697 ds
850 3635 969 3698 Christo
994 3637 1132 3717 loquens,
1185 3636 1347 3701 Dominae
1369 3642 1477 3698 aesta
1497 3638 1683 3711 aaiaeas'tas
1704 3634 1792 3711 filias
1813 3642 1887 3697 tuus

433 3723 511 3785 iutra
533 3742 600 3803 cap.
626 3724 676 3785 10.
697 3732 729 3784 et
745 3724 793 3783 12.
831 3722 909 3784 Tale
931 3733 977 3784 est
1003 3732 1033 3783 et
1054 3721 1131 3784 iilud
1184 3725 1312 3783 unitam
1322 3723 1381 3785 sihi
1393 3723 1585 3801 {rupiditatis
1595 3722 1886 3790 σιοσένασωὺιέόπ·7

431 3808 525 3871 diuo.
543 3811 592 3871 16.
622 3810 709 3872 Sedit
730 3829 751 3870 a
766 3810 884 3872 destris
899 3812 970 3871 Dei
1003 3809 1133 3890 Legitur
1185 3811 1263 3869 dam
1279 3810 1450 3885 taulariae
1472 3815 1547 3869 tuac
1562 3808 1885 3879 dsateracallocauit

433 3896 522 3958 etism
538 3894 646 3958 Metu.
661 3898 712 3959 23.
734 3898 839 3974 Super
853 3898 1034 3959 cathedram
1050 3898 1132 3959 hiasi
1183 3895 1254 3956 Hoc
1275 3896 1374 3974 ipsam
1396 3895 1567 3974 significare
1589 3895 1685 3957 voluit
1704 3894 1740 3955 B.
1757 3895 1886 3975 Stepha·

431 3981 593 4058 σσόσσνπέ,
608 3981 641 4043 id
656 3991 712 4058 est,
727 3992 761 4043 ut
775 3983 828 4045 aiii
842 3993 1004 4057 verterant,
1023 3985 1132 4045 sedeat
1185 3999 1249 4055 nus,
1265 3981 1386 4061 quando
1402 3981 1482 4044 dixit
1495 4002 1530 4044 se
1544 3983 1649 4045 videre
1662 3981 1766 4059 tiliam
1782 3983 1888 4043 homi·

432 4069 552 4132 acridae
566 4077 597 4131 σέ
609 4072 780 4146 pharisaei.
1185 4071 1253 4143 ais,
1281 4068 1312 4129 id
1327 4077 1374 4131 est
1388 4069 1543 4130 Christum
1566 4069 1733 4131 noandum
1747 4080 1887 4132 naturam

434 4157 439 4213 ἶ
474 4157 533 4219 Est
558 4165 659 4218 autem
685 4158 718 4218 in
741 4155 891 4218 voeabula
921 4154 1048 4219 sedendi
1073 4155 1132 4217 hoc
1184 4155 1354 4229 humanam,
1369 4162 1506 4218 swntcm
1521 4175 1542 4216 a
1557 4156 1676 4219 destris
1689 4157 1759 4217 Dei
1775 4154 1846 4220 aa
1859 4156 1887 4215 7.

432 4243 500 4303 loco
514 4242 705 4323 metaphora,
729 4262 792 4324 qua
812 4242 999 4322 significetur
1019 4241 1131 4321 reljo·
1184 4241 1327 4322 Denique
1353 4262 1420 4303 earu
1446 4262 1507 4303 rem
1533 4240 1664 4304 dilucide
1688 4241 1800 4321 probat
1820 4243 1889 4321 ipss

432 4329 556 4392 dicioris
571 4338 721 4410 potestas:
750 4350 820 4391 nam
834 4330 968 4392 Christus
978 4328 1044 4409 jam
1059 4348 1129 4391 con·
1184 4327 1317 4409 phrasis,
1343 4330 1388 4390 od
1409 4330 1575 4391 dexteram
1598 4331 1668 4391 Dei.
1705 4327 1777 4390 Non
1796 4324 1887 4409 quad,

431 4419 555 4479 stitutus
576 4426 624 4479 est
645 4436 664 4477 a
685 4416 754 4479 Deo
779 4425 863 4496 patre
881 4413 978 4496 judex
999 4417 1130 4478 omnium
1184 4423 1219 4475 ut
1234 4414 1357 4492 quidam
1373 4423 1491 4495 putant,
1509 4413 1590 4495 apud
1606 4415 1747 4493 antiquos
1764 4415 1888 4478 sinister

432 4503 596 4567 mnndum
614 4506 794 4585 scripturas,
818 4505 873 4565 etsi
896 4502 1029 4567 nondum
1051 4500 1129 4580 judi·
1184 4502 1268 4563 locus
1282 4504 1313 4563 in
1325 4520 1470 4564 consessu
1484 4502 1536 4564 vel
1549 4503 1671 4563 incessu
1685 4499 1780 4563 inerit
1794 4499 1888 4565 hona·

432 4598 498 4665 eat,
513 4590 585 4665 sed,
600 4591 646 4652 uti
661 4590 833 4672 symbolum
848 4610 904 4653 uos
919 4590 1026 4652 docet:
1048 4590 1131 4651 Iade
1184 4590 1278 4650 ratior
1303 4588 1426 4661 dextro,
1451 4597 1486 4649 nt
1511 4608 1573 4667 qua
1591 4589 1716 4650 vratione
1743 4584 1888 4652 Christus

430 4685 587 4741 emtam
602 4685 646 4741 ssi
655 4680 804 4755 judicare
821 4680 911 4739 vivos
925 4685 955 4740 ct
968 4684 1111 4738 mortuas
1117 4700 1130 4754 ,·
1185 4674 1273 4737 sedet
1287 4674 1326 4735 ad
1348 4674 1505 4737 dexteram
1519 4675 1596 4749 Dei,
1619 4674 1756 4739 vioiasim-
1774 4672 1886 4737 inteili-

431 4762 482 4825 rei
503 4764 557 4825 illa
571 4765 687 4828 Christi
709 4765 912 4845 metaphorica
930 4764 1023 4826 sessio
1046 4763 1130 4842 qnie-
1184 4771 1274 4842 gutur
1292 4762 1378 4824 Deus
1399 4761 1505 4824 sedere
1526 4760 1565 4822 ad
1589 4762 1740 4823 sinistram
1763 4756 1886 4822 Christi

431 4858 492 4911 tam
507 4849 662 4913 felicitatis
676 4861 710 4913 et
723 4854 826 4932 regni,
841 4850 920 4933 quod
937 4847 1064 4930 adeptus
1076 4857 1131 4923 est,
1186 4847 1277 4928 Quod
1291 4847 1375 4910 nulio
1389 4847 1479 4910 modo
1495 4845 1720 4910 concedendum
1736 4853 1792 4908 est

431 4938 650 5021 possessionem
672 4938 820 5019 designat.
858 4937 937 4999 Nam
960 4957 997 4999 eo
1011 4945 1130 5016 specta·
1229 4936 1375 5017 Quamvis
1389 4936 1471 4997 enim
1494 4935 1548 4996 ilia
1569 4934 1660 4997 inerit
1679 4933 1753 4997 olim
1767 4932 1888 4998 bosom

430 5022 505 5086 haut
518 5022 573 5086 filii
588 5024 757 5103 Zebedaei,
780 5023 901 5110 quando
913 5022 1071 5106 petebant,
1097 5030 1133 5085 ut
1186 5020 1367 5114 comendo
1380 5022 1540 5098 mmm,
1566 5020 1679 5104 quibus
1697 5020 1821 5086 suaa·
1834 5040 1886 5110 vo
