4442 5825
774 599 937 654 maressa
953 598 1041 654 limi
1057 598 1170 656 Jacost
1187 599 1271 656 idid.
1287 601 1407 656 ta-ts.
1728 612 1808 682 409.

353 785 440 839 tores
455 786 524 839 sunt
538 779 640 854 serbi,
663 788 695 841 et
709 799 770 840 non
784 776 930 852 isowrss3
952 795 1053 856 quem·
1106 776 1266 838 libertatis.
1290 776 1352 838 Sed
1364 776 1479 841 Graeca
1493 778 1605 841 unllam
1618 779 1733 842 habent
1742 800 1803 842 sm·

353 863 517 925 admodum
538 864 612 927 iacit
634 886 700 946 cap.
716 869 763 939 4.,
788 863 906 925 dicens:
937 864 1054 926 sacnti
1106 864 1293 945 biguitatem.
1330 863 1381 925 Sic
1398 867 1476 926 enim
1496 873 1621 929 sonant:
1649 870 1691 929 In
1706 868 1805 944 iepem

353 951 476 1012 bessum
489 954 615 1030 lucere,
639 962 669 1014 et
688 972 756 1016 non
769 953 919 1031 facienti,
940 969 1054 1028 pecca·
1103 954 1299 1030 perfectam,
1326 971 1407 1028 quae
1425 961 1469 1014 est
1489 954 1654 1017 libertatis.
1688 955 1752 1016 Nec
1767 953 1806 1015 ab

354 1047 423 1099 trem
441 1046 484 1098 est
499 1041 567 1118 ilii;
595 1039 649 1102 sed
671 1041 729 1101 lroc
753 1041 820 1100 loco
835 1047 993 1099 centennis
1009 1045 1055 1098 est
1106 1037 1153 1098 his
1168 1039 1297 1118 Syriaca
1312 1039 1468 1101 translatio
1490 1039 1625 1103 dissidet.
1662 1043 1722 1104 Pro
1738 1062 1805 1103 ver·

354 1125 533 1202 ostendere,
560 1127 642 1208 quod
657 1128 792 1188 inutilem
808 1133 909 1186 sumat
923 1145 1054 1203 operam,
1105 1124 1145 1185 bo
1155 1146 1162 1183 ε
1172 1127 1380 1203 perspexerit,
1389 1127 1442 1187 alii
1452 1128 1584 1190 malunt:
1593 1132 1804 1207 prospexerit,

353 1215 409 1294 qui
424 1221 541 1274 tantum
565 1214 665 1275 studet
687 1213 790 1276 rodim
814 1223 845 1274 et
860 1234 920 1274 non
935 1212 1053 1289 iacere3
1106 1212 1188 1273 haud
1204 1221 1316 1274 temere
1331 1215 1534 1295 suspicantes,
1554 1216 1597 1276 ita
1612 1217 1738 1278 vertisse
1753 1237 1804 1277 uo·

354 1301 451 1380 idque
466 1300 603 1362 adhibita
618 1302 774 1362 commoda
789 1299 994 1361 similitudine.
1107 1307 1200 1361 strum
1216 1300 1415 1381 interpretem.
1453 1301 1504 1364 Sic
1520 1305 1599 1364 enirn
1619 1302 1692 1364 alibi
1706 1306 1805 1376 vertit,

398 1388 462 1447 Hic
477 1390 716 1465 comparabitur
741 1391 811 1449 viro
838 1387 1054 1448 consideranti
1109 1387 1221 1447 lPetr.
1239 1389 1281 1447 1.:
1308 1388 1350 1449 In
1372 1408 1463 1465 quem
1485 1390 1667 1452 desiderant
1689 1392 1806 1467 Assyrii

355 1475 482 1536 nauum
490 1478 795 1538 nativitatissrsaein
804 1475 937 1551 speculo.
959 1474 1053 1535 Gom·
1103 1476 1295 1551 prospicere.
1318 1475 1431 1535 Rursus
1446 1474 1497 1536 alii
1513 1484 1683 1538 verterant:
1698 1478 1805 1539 intro-

350 1561 544 1638 parabitur,
580 1563 709 1624 Graece:
747 1556 865 1637 ἔοικεν,
903 1560 1054 1640 praeteriti
1106 1561 1251 1637 sparserit.
1289 1561 1370 1622 Nam
1385 1562 1535 1625 Graecum
1557 1565 1682 1626 verbum
1703 1579 1804 1642 aepa-

354 1649 498 1727 temporis
513 1651 654 1721 verbum,
679 1648 761 1729 quod
776 1659 876 1710 temen
891 1649 952 1710 vim
969 1666 1053 1726 prae·
1107 1641 1229 1707 κύπτειν
1245 1651 1365 1728 proprie
1376 1647 1415 1711 de
1426 1648 1463 1709 iis
1475 1648 1589 1724 dicitur,
1603 1652 1657 1731 qui
1667 1651 1805 1714 intuendi

354 1736 452 1796 sentis
476 1735 591 1798 haheat
624 1738 715 1798 Unde
736 1747 817 1797 recte
840 1743 959 1798 vertunt
984 1734 1053 1796 alii:
1107 1733 1207 1794 studio
1223 1754 1259 1795 ac
1281 1736 1401 1815 penitus
1423 1737 1648 1817 introspiciendi
1670 1757 1739 1800 sese
1760 1740 1803 1802 iu·

355 1823 477 1885 Similis
491 1831 543 1883 est.
577 1824 629 1885 Sic
644 1826 722 1884 enim
746 1831 776 1883 et
792 1832 892 1884 noster
908 1824 1054 1901 interpres
1108 1823 1236 1893 clinunt,
1252 1831 1287 1882 nt
1301 1821 1389 1883 docte
1404 1822 1579 1902 Gaignaeus
1594 1826 1760 1888 annotavit

352 1910 420 1989 jam
429 1912 632 1986 supravertit:
648 1911 1052 1990 similisesttiuctnimaris.
1151 1909 1245 1970 Porro
1261 1910 1424 1971 membrum
1442 1912 1500 1972 hoc
1521 1913 1669 1991 superiori
1684 1932 1804 1992 respon·

406 1998 538 2058 Vultum
558 2000 756 2075 nativitatis,
784 1998 983 2058 Hebraismns
1009 2003 1055 2056 est
1109 1994 1158 2055 det
1184 2016 1238 2077 per
1263 1997 1444 2072 antithesin,
1472 2018 1534 2077 qna
1556 1997 1688 2061 auditori
1710 2000 1806 2061 otioso

355 2104 412 2164 pro
426 2084 519 2146 valta
534 2105 586 2146 seu
599 2087 684 2164 facie
699 2088 828 2161 nodva,
852 2103 931 2166 quae
953 2086 996 2143 ita
1011 2081 1055 2142 di·
1108 2083 1232 2163 opponit
1262 2082 1426 2145 auditorem
1456 2104 1627 2166 operosum,
1661 2095 1694 2148 et
1723 2088 1807 2149 inani

356 2172 436 2230 citur
461 2171 499 2232 ud
526 2171 725 2233 differentiam
751 2172 855 2232 larvae
884 2178 935 2231 aut
964 2168 1056 2230 faciei
1108 2170 1292 2248 speculatori
1310 2172 1393 2233 verbi
1409 2191 1485 2245 eum,
1512 2174 1563 2251 qui
1580 2172 1679 2254 legem
1695 2172 1806 2236 Christi

356 2256 486 2320 fucatae.
1106 2258 1277 2336 introspicit
1292 2277 1360 2317 cum
1377 2257 1483 2319 effectu
1496 2257 1595 2320 bonae
1609 2262 1804 2341 operationis.

403 2348 453 2407 24.
478 2346 700 2408 Consideravit
712 2349 796 2407 enim
811 2364 859 2421 se,
876 2353 906 2405 et
920 2344 1009 2417 abiit,
1026 2350 1056 2402 et
1107 2343 1188 2404 Nam
1211 2344 1307 2423 legem
1330 2342 1443 2404 Christi
1462 2354 1552 2405 vocat
1575 2347 1671 2424 iepem
1694 2349 1806 2424 perse·

356 2435 465 2493 statim
492 2434 606 2494 obiitus
634 2442 693 2511 est,
721 2433 824 2510 qualis
845 2434 955 2510 fuerit
989 2430 1055 2489 Non
1108 2438 1209 2506 stara,
1226 2439 1258 2491 et
1272 2430 1350 2492 hanc
1364 2432 1504 2509 exponit:
1529 2435 1626 2509 lepem
1641 2435 1804 2495 libertatis.

356 2519 481 2601 probat,
508 2520 564 2582 sed
587 2520 735 2600 explieat3
763 2522 847 2598 quasi
871 2518 966 2581 dicet:
996 2515 1056 2589 Illi,
1108 2519 1256 2595 Perfecta
1271 2517 1394 2598 quidem
1410 2519 1460 2580 lec
1475 2527 1534 2594 est,
1550 2523 1624 2599 quia
1639 2522 1755 2601 perficit
1769 2541 1807 2582 ao

357 2609 497 2688 inquam,
513 2607 618 2668 similis
633 2617 695 2680 est,
715 2611 770 2685 qni
784 2606 999 2667 considerauit
1013 2623 1054 2677 se,
1104 2606 1268 2684 justificat;
1299 2603 1383 2684 quod
1411 2613 1499 2665 vetus
1528 2606 1578 2668 lex
1608 2628 1669 2670 non
1698 2609 1806 2689 potuit.

357 2701 388 2754 et
403 2694 483 2754 abiit
498 2704 555 2755 etc.
589 2695 644 2754 list
666 2704 765 2756 autem
785 2692 956 2774 hujusmodi
978 2711 1055 2751 com·
1108 2694 1197 2754 Nihil
1213 2695 1296 2752 enim
1319 2692 1380 2752 ilia
1402 2693 1445 2753 ad
1463 2696 1640 2773 perfectum
1656 2697 1804 2770 adducit,

356 2782 491 2862 paratio:
529 2781 787 2861 Quemadmodum
823 2780 911 2840 homo
940 2779 1055 2839 vultum
1108 2779 1188 2840 Heb.
1206 2783 1234 2840 7.
1271 2780 1442 2841 Libertatis
1462 2788 1568 2843 antem
1592 2783 1643 2845 lec
1665 2791 1726 2857 est,
1756 2781 1807 2845 sel

357 2888 446 2929 suum
461 2868 666 2950 contemplans
688 2871 720 2931 in
743 2867 883 2949 speculo,
909 2869 935 2928 si
959 2864 990 2927 id
1005 2884 1056 2927 ne·
1109 2868 1181 2947 quis
1206 2865 1344 2929 Judaeos
1369 2865 1526 2932 credentes
1553 2878 1709 2932 exemerat
1728 2870 1805 2951 jugo

356 2956 507 3037 gligeuter
536 2965 568 3016 et
592 2959 738 3018 incuriose
764 2956 871 3028 iaciat,
905 2954 1055 3026 continuo,
1107 2956 1187 3034 legis
1202 2955 1370 3029 Mosaicae,
1385 2955 1437 3015 vel
1453 2957 1561 3036 potins,
1582 2959 1653 3039 qnia
1667 2957 1716 3020 lex
1731 2958 1806 3019 cari·

356 3053 515 3125 postquam
532 3043 688 3117 discessit,
711 3044 909 3116 obliviscitur,
936 3040 1055 3120 qualern
1110 3044 1255 3113 tatisest,
1282 3061 1360 3119 quae
1379 3041 1491 3104 liberos
1512 3043 1603 3120 facit,
1629 3045 1662 3105 id
1685 3051 1731 3106 est
1746 3043 1807 3106 Dei

357 3150 393 3192 se
411 3132 535 3204 viderit,
563 3131 692 3208 ideoque
714 3152 771 3193 nec
785 3137 870 3191 curat
883 3130 1056 3207 abstergere
1109 3129 1203 3204 tilios3
1227 3147 1293 3189 cum
1316 3128 1368 3189 lex
1390 3137 1493 3204 setus,
1520 3150 1600 3209 qnae
1620 3133 1672 3193 lex
1692 3132 1808 3193 timoris

357 3216 465 3279 sordes
479 3227 532 3278 sut
551 3219 686 3280 maculas
708 3219 847 3280 abluere:
873 3218 917 3277 sic
938 3215 1057 3276 auditor
1110 3225 1192 3289 erat,
1224 3236 1286 3277 non
1312 3217 1369 3276 nisi
1397 3217 1428 3277 in
1453 3219 1631 3280 servitutem
1660 3237 1808 3299 passure

357 3304 461 3377 verbi,
477 3307 502 3365 si
518 3314 632 3366 tontum
648 3307 780 3378 accedit,
800 3314 832 3365 ut
846 3304 958 3376 audiat,
973 3301 1058 3362 videt
1110 3304 1251 3384 potuerit.
1281 3300 1372 3382 Quod
1387 3301 1550 3366 discrimen
1564 3326 1663 3367 nosse
1679 3305 1808 3386 legisse

357 3391 479 3474 quidem
496 3394 527 3453 in
541 3394 704 3474 Evangelii
715 3390 840 3473 speculo
852 3391 974 3451 formam
989 3388 1055 3449 sul·
1109 3390 1220 3451 veteris
1242 3390 1299 3451 snb
1322 3392 1441 3452 nomine
1467 3391 1590 3454 duorum
1616 3400 1807 3455 testamento·

356 3489 407 3540 tus
423 3481 470 3540 sui
491 3481 640 3541 interioris
661 3480 700 3541 ab
723 3479 899 3559 evangelica
919 3476 1057 3538 doctrina
1109 3498 1176 3539 rum
1187 3478 1280 3538 tradit
1294 3477 1458 3558 Apostolus
1475 3479 1592 3540 Psnlus
1604 3480 1671 3542 Gal.
1685 3484 1713 3542 4.
1736 3480 1805 3541 Iist-

356 3565 598 3647 discrepantem,
624 3567 709 3628 videt
729 3568 771 3629 ibi
787 3567 891 3631 sordes
906 3584 942 3625 ac
956 3582 1055 3625 macu-
1110 3573 1246 3648 qustum
1263 3583 1298 3625 eo
1314 3566 1395 3639 loco,
1422 3585 1513 3645 quem
1529 3566 1609 3628 Heb.
1626 3571 1671 3642 8.,
1690 3568 1807 3647 plenius

355 3656 404 3715 las
420 3673 500 3727 suus,
515 3654 547 3715 id
562 3664 608 3716 est
623 3663 767 3735 peccate3
783 3654 836 3715 sed
853 3661 967 3734 postes,
982 3659 1055 3712 tam·
1110 3674 1130 3713 a
1144 3652 1232 3714 nobis
1248 3655 1429 3732 expositum.

357 3760 449 3823 quam
473 3741 554 3820 ejus,
579 3742 659 3821 quod
685 3741 817 3815 audivit,
844 3740 970 3813 oblitus,
996 3760 1057 3800 non
1154 3742 1197 3802 Et
1217 3742 1431 3817 permanserit
1455 3744 1491 3800 iss
1513 3759 1560 3801 ea.
1593 3739 1662 3801 Hoc
1684 3740 1808 3822 opponit

357 3836 403 3890 est
419 3827 581 3901 sollicitus,
607 3837 641 3888 ut
656 3827 873 3890 deformitatem
886 3828 931 3888 sui
946 3826 1057 3899 vultus,
1110 3829 1156 3901 ei,
1183 3824 1264 3907 quod
1288 3829 1319 3889 in
1341 3828 1434 3907 priori
1457 3826 1588 3888 membro
1607 3826 1737 3889 dixerat:
1763 3828 1808 3890 Et

357 3915 492 3999 quamsi
515 3915 667 3995 speculum
690 3915 945 3994 repraesentavit,
967 3914 1055 3973 corri-
1110 3915 1197 3975 abiit.
1231 3915 1392 3975 Permanet
1416 3922 1517 3975 nutem
1542 3917 1573 3976 in
1599 3913 1667 3995 lege
1694 3913 1806 3977 Christi

357 4010 421 4083 gat,
436 4022 473 4063 ac
487 4003 570 4063 vitae
585 4022 658 4063 ause
672 4002 780 4063 taciem
797 4001 836 4063 ad
848 4002 927 4063 illius
939 4000 1056 4079 speculi
1111 4001 1353 4080 contemplanda,
1371 4001 1423 4082 qui
1438 4003 1483 4063 sic
1497 4021 1563 4061 eam
1580 4002 1807 4082 contemplatur,

356 4088 613 4169 pulchritudinem
636 4097 803 4169 componat.
841 4087 932 4149 Unde
951 4089 998 4159 iit,
1024 4095 1058 4146 ut
1112 4097 1145 4146 nt
1161 4107 1250 4167 opere
1266 4087 1398 4168 impleat.
1431 4088 1468 4149 In
1485 4086 1599 4149 Gracco
1621 4097 1740 4150 tantum
1754 4088 1806 4150 hs·

357 4174 467 4238 inutile
481 4184 512 4236 et
526 4176 590 4237 sine
606 4176 703 4237 tractu
726 4177 874 4237 efficiatur
888 4177 917 4235 ei
931 4173 1056 4236 verbum
1111 4176 1210 4236 betur:
1239 4175 1283 4236 Et
1310 4177 1523 4253 permanserit
1530 4198 1542 4252 ;
1568 4178 1686 4237 tumemi
1710 4177 1808 4257 syrus

358 4263 507 4325 auditum.
540 4262 588 4323 Ad
605 4282 726 4323 sarisam
741 4263 833 4342 hujus
848 4261 1055 4322 similitudinis
1111 4260 1211 4321 addit:
1227 4263 1263 4322 in
1278 4282 1324 4323 ea.
1347 4262 1432 4335 Sunt,
1448 4263 1676 4344 quiputentcx
1688 4263 1805 4326 Graece

356 4352 471 4412 certium
500 4350 724 4428 accipiendum,
755 4349 889 4411 nonnulli
920 4356 1058 4426 premunt
1110 4347 1285 4426 legendnm:
1312 4352 1356 4412 Et
1375 4353 1588 4426 permanserit
1610 4352 1670 4424 sic,
1697 4359 1732 4410 ut
1752 4369 1807 4429 pro

357 4436 451 4498 illud:
466 4439 545 4497 viro.
569 4437 647 4497 Nam
660 4436 801 4497 mulieres
813 4458 872 4496 non
884 4436 1057 4497 solentsese
1110 4435 1259 4497 vocabulo
1275 4426 1382 4512 οὗτος,
1405 4435 1487 4519 quod
1509 4439 1645 4518 proxime
1664 4437 1805 4517 seqnitur,

358 4526 390 4585 in
407 4524 529 4603 speculo
543 4525 732 4603 negligenter
746 4522 942 4584 considerare.
1110 4529 1141 4580 ct
1151 4521 1191 4582 ad
1207 4525 1366 4601 sequentia
1379 4526 1526 4605 pertinet,
1546 4523 1684 4603 adeoque
1698 4521 1806 4584 redau-

402 4611 454 4673 ab.
478 4613 540 4691 (hri
560 4619 666 4671 autem
688 4616 885 4687 perspecerit
907 4614 943 4670 in
958 4611 1058 4685 lepcm
1110 4609 1181 4670 darc
1196 4609 1317 4671 videtur
1339 4610 1421 4684 (uam
1443 4618 1549 4691 postes
1570 4630 1626 4671 suo
1640 4609 1707 4670 loco
1722 4627 1807 4689 repe·

355 4699 534 4777 perfectam
555 4698 716 4758 libertatis.
752 4700 850 4758 lsocns
873 4717 891 4757 a
914 4696 1057 4758 Romanis
1110 4692 1209 4774 titur),
1235 4696 1366 4778 legatur:
1392 4691 1495 4765 οὕτως
1502 4742 1512 4771 ,
1538 4697 1608 4757 huic
1622 4697 1700 4776 parti
1716 4713 1806 4756 anuo

357 4784 579 4846 comestoribus
604 4786 766 4846 restitutus.
801 4784 881 4843 Nem
903 4784 935 4844 in
956 4781 1056 4842 multis
1110 4783 1261 4844 standum.
1284 4785 1460 4864 Atqueeum
1472 4784 1630 4845 lectionem
1639 4785 1672 4844 iu
1682 4781 1808 4845 Graeeis

357 4870 514 4933 codicibus
540 4872 712 4950 legebatur:
743 4875 779 4933 in
808 4873 873 4947 ispe
897 4870 1057 4948 perfectae
1110 4870 1306 4931 observarunt
1320 4874 1464 4932 Erasmus
1477 4869 1701 4950 etGaiguseus.
1725 4869 1806 4930 Elan-

357 4960 521 5020 libertats’s.
551 4959 589 5018 In
612 4959 762 5020 nonnullis
784 4956 880 5036 (quod
894 4975 1057 5038 germanae
1110 4956 1179 5018 dem
1194 4958 1278 5037 eligit
1293 4957 1463 5035 Oajetanus,
1486 4976 1577 5018 seusu
1591 4966 1693 5018 umen
1707 4976 1727 5016 a
1742 4954 1807 5017 vul-

355 5046 482 5109 leetioui
505 5045 636 5108 vicinius
659 5043 736 5124 est):
762 5049 798 5108 in
825 5047 891 5123 ispe
911 5044 1056 5125 perfecta
1108 5053 1183 5128 gata
1197 5044 1272 5107 nihil
1287 5043 1483 5106 differentem.
