4442 5825
442 589 517 656 684
974 580 1374 638 commonuerimus.

439 759 632 818 incessanter
654 775 768 834 pecco,·
795 757 932 820 Josnnes
959 760 1076 821 Gersou
1103 760 1133 819 in
1228 758 1383 820 Postremo
1405 759 1504 841 liquet
1527 781 1568 822 ex
1593 760 1704 837 dictis,
1725 760 1799 822 baec
1812 761 1873 823 nul·

439 850 567 904 tractatu
582 844 619 904 de
634 851 748 904 statuto
764 842 1040 907 carthusiensium:
1072 847 1134 907 Vis·
1184 853 1247 905 tum
1274 865 1340 907 esse
1365 846 1492 923 diversa,
1519 857 1688 928 peceatum
1714 846 1831 922 bebere
1851 858 1876 910 st

438 931 576 1009 fecimus
592 930 733 1008 aliquid,
755 932 811 991 obi
826 953 892 993 rsou
905 937 1061 1008 possimus
1076 951 1133 992 ro·
1186 940 1254 992 netu
1279 936 1430 1012 praesenti
1453 954 1588 1013 peccure,
1615 932 1757 1015 ideoque
1781 955 1876 1016 nequa

440 1017 637 1077 tionabilitcr
657 1019 837 1096 formidare
859 1021 897 1079 de
921 1028 1051 1095 peccato
1078 1038 1133 1078 ve·
1187 1039 1276 1098 quam
1300 1039 1367 1082 esee
1390 1040 1584 1102 consequeus,
1607 1023 1637 1080 si
1662 1041 1787 1101 semper
1800 1021 1876 1083 hsbc·

441 1104 532 1164 niati.
577 1104 662 1163 Haec
692 1124 731 1164 ex
758 1106 859 1165 miultis
885 1126 992 1186 pauca.
1038 1107 1133 1166 Porro
1186 1126 1251 1166 mus
1273 1114 1436 1186 peecatum,
1460 1127 1578 1188 semper
1601 1117 1634 1168 et
1654 1109 1689 1170 in
1705 1110 1878 1188 omniopess

441 1190 577 1250 doctrina
604 1191 679 1250 baec
704 1190 779 1250 adeo
806 1201 946 1252 eonstnus
977 1201 1023 1252 est
1052 1190 1134 1271 apud
1185 1212 1240 1252 uos
1255 1213 1393 1273 peecare;
1416 1192 1679 1276 quemadmodum
1699 1194 1878 1256 docentbsc

441 1278 554 1348 Patres,
571 1286 603 1334 ut
618 1279 727 1356 passim
744 1278 898 1352 affirment,
913 1280 1061 1340 hominem
1075 1299 1133 1338 non
1187 1280 1272 1339 retici
1306 1282 1400 1340 nostri
1428 1281 1580 1361 temporis.
1631 1281 1738 1362 Quem
1766 1301 1879 1342 errorem

441 1384 530 1442 posse
554 1365 656 1425 vivere
678 1365 743 1423 sine
766 1368 914 1443 poscatis,
941 1368 1078 1425 nimirum
1095 1366 1133 1425 ob
1186 1365 1366 1426 condemnat
1386 1366 1526 1447 Synodus
1551 1365 1747 1429 Tridentino
1771 1387 1841 1428 sess
1858 1369 1879 1428 i.

440 1450 633 1529 fragilitatem
650 1449 798 1510 humanae
811 1461 936 1512 naturae
949 1452 1135 1531 originaliter
1188 1473 1251 1513 can.
1272 1453 1323 1512 25.

441 1543 607 1616 corruptae.
1232 1542 1260 1600 9.
1298 1541 1332 1600 Si
1360 1540 1573 1616 confiteamur
1600 1547 1743 1616 peceato
1772 1547 1879 1616 suom,

484 1625 532 1683 Ex
548 1621 593 1682 his
609 1637 710 1682 eutem
734 1623 859 1685 ulterius
875 1645 1062 1705 consequens
1079 1634 1134 1699 est,
1186 1625 1286 1704 fidelis
1312 1632 1354 1685 est
1380 1635 1409 1687 et
1430 1629 1548 1701 iustus,
1571 1636 1609 1686 ut
1634 1629 1785 1688 remittat
1806 1626 1880 1688 nolis

441 1708 577 1790 Apostoli
593 1711 768 1771 seutentiam
790 1731 892 1771 verum
909 1729 975 1772 esse
990 1714 1080 1772 etism
1097 1711 1135 1773 de
1184 1720 1315 1788 peccato
1329 1721 1448 1787 nostro,
1468 1720 1497 1772 et
1510 1713 1668 1774 emundet
1679 1732 1742 1774 reos
1754 1714 1795 1774 ob
1807 1715 1880 1775 ossei

441 1807 527 1858 reatu
540 1797 859 1875 peceatiiutellectem,
871 1798 1134 1877 juxtasecondnm
1187 1800 1366 1876 iniquitute.
1394 1800 1561 1880 Postquam
1590 1799 1720 1874 docuit,
1748 1801 1880 1861 neminen

441 1883 561 1944 modum
583 1886 721 1962 superius
746 1886 921 1964 expositum.
952 1885 1031 1944 Dum
1055 1887 1133 1946 enim
1187 1906 1290 1946 cerere
1312 1894 1448 1965 peccato,
1469 1905 1549 1947 nunc
1565 1894 1792 1947 commonstrat
1805 1907 1878 1967 geno

441 1970 680 2049 frequentissime
703 1990 877 2049 peccemus,
900 1992 1059 2052 numquam
1084 1972 1133 2031 de·
1188 1972 1250 2032 rsle
1281 1971 1445 2033 remedium
1480 1971 1670 2034 obtinendus
1708 1975 1880 2034 remissionis

443 2065 502 2129 est,
525 2055 605 2116 unde
620 2055 754 2116 dicamus
771 2060 801 2117 in
818 2059 970 2119 oratione:
1001 2061 1134 2119 Dimitte
1188 2070 1387 2139 peecatorum,
1412 2078 1621 2139 quaecumque
1646 2062 1880 2133 commiserimus

441 2143 531 2205 nobis
553 2142 658 2202 debita
679 2151 798 2205 nostro.
830 2143 1020 2226 Quamquam
1044 2147 1133 2206 etiam
1187 2165 1240 2205 seu
1255 2167 1372 2225 magne,
1388 2164 1441 2208 ssu
1458 2165 1560 2226 parve.
1577 2146 1650 2206 Hoc
1665 2147 1881 2208 remediumsst

441 2230 479 2291 ed
495 2230 620 2310 primum
637 2229 773 2303 mudum,
795 2234 847 2310 qui
864 2242 909 2292 est
925 2232 961 2292 de
976 2232 1135 2292 effectibus
1184 2240 1386 2308 peccaturum
1402 2233 1568 2310 confessio,
1593 2234 1741 2294 nimirum
1757 2253 1803 2308 ea,
1817 2250 1880 2314 quse

442 2318 558 2378 vitineis
573 2316 764 2376 haerentibus
779 2318 810 2376 iu
826 2320 940 2391 animo,
963 2319 1069 2378 Patres
1091 2320 1133 2379 in·
1187 2320 1298 2399 passim
1314 2320 1344 2377 iu
1357 2318 1519 2399 Scripturis
1537 2320 1652 2379 veteris
1669 2328 1700 2379 et
1715 2321 1792 2380 nusi
1806 2327 1879 2380 tests·

441 2403 555 2464 tertium
571 2404 734 2481 respiciunt
749 2406 779 2463 iu
794 2404 954 2484 alleganda
969 2405 1026 2465 hae
1041 2405 1134 2465 Joen·

441 2493 488 2551 nis
505 2491 662 2550 sententia.
693 2492 739 2550 Ex
754 2511 814 2571 qua
829 2490 960 2571 denique
974 2491 1135 2553 manifeste

441 2577 589 2639 refellitur
614 2576 689 2636 illud
709 2578 825 2656 Pelagii
841 2578 993 2652 cavillum,
1016 2598 1075 2657 quo
1092 2578 1134 2638 di·

442 2664 541 2737 cebet,
564 2674 684 2723 sanctos
700 2663 877 2724 humilitatis
893 2685 984 2725 neusa
999 2665 1135 2725 confiteri

441 2772 475 2812 se
491 2759 680 2831 peccatores,
704 2752 842 2830 quamvis
858 2772 964 2813 revera
980 2760 1134 2832 peceatum

442 2859 500 2901 uon
524 2837 676 2897 heberent
708 2837 776 2897 Non
801 2840 877 2897 enim
894 2838 967 2900 dicit
981 2838 1133 2900 Joennes:

440 2929 475 2989 Si
490 2927 680 2987 dixerimus:
706 2927 788 3005 Quin
810 2934 975 3003 peceatum
998 2945 1064 2987 nou
1080 2929 1134 2987 lus·

442 3014 557 3086 bemus,
574 3015 636 3089 ipsi
651 3030 708 3074 nos
724 3013 911 3089 extollimus,
929 3022 958 3074 et
971 3015 1134 3074 humilitus

440 3103 476 3162 iss
500 3100 591 3161 nobis
613 3119 680 3160 non
702 3107 764 3176 cst;
794 3100 847 3161 sed
868 3100 954 3161 dicit:
985 3103 1051 3178 Ipsi
1078 3120 1135 3162 nos

440 3188 625 3262 seducimus,
651 3196 680 3247 et
703 3190 822 3248 veritos
842 3191 876 3249 iss
893 3189 984 3250 uobis
999 3207 1066 3250 uon
1082 3196 1133 3248 est.

441 3274 530 3336 Unde
556 3293 678 3334 sensum
707 3274 790 3334 illum
818 3275 935 3356 Pelagii
957 3274 1135 3336 Mileviteua

441 3360 582 3443 Synodns
614 3364 720 3423 merito
758 3363 910 3422 damnavit
945 3362 1135 3423 anathemate

441 3470 506 3510 san.
523 3451 551 3509 6.

485 3536 644 3596 Praeterea
659 3535 805 3596 refellitur
821 3536 922 3616 opinio
939 3533 1134 3614 quorundam,

441 3626 518 3685 iuter
534 3642 611 3700 quos
626 3632 673 3683 est
689 3621 827 3683 Clemens
843 3621 1067 3682 Alexandrinus
1082 3622 1134 3682 lib.

442 3713 470 3771 6.
493 3710 684 3781 stromatum,
700 3712 751 3789 qui
763 3715 878 3789 putant,
892 3708 1053 3788 Apostolos
1066 3718 1135 3787 post

441 3797 562 3857 Domini
583 3799 848 3870 resurrectionem,
870 3804 994 3876 accepto
1018 3794 1135 3875 Spiritu

441 3892 553 3957 sancto,
580 3885 623 3943 ita
650 3883 742 3943 fuisse
768 3881 958 3943 confirmatos
985 3885 1015 3943 in
1037 3884 1136 3962 gratie

441 3971 508 4042 Dei,
525 3980 559 4029 ut
574 3969 715 4050 deinceps
731 3970 820 4031 nullis
836 3980 938 4031 essent
951 3971 1083 4051 peccatis
1099 3989 1136 4027 uo

440 4058 629 4136 passionibus
652 4057 781 4118 obnoxii.
810 4057 982 4129 Refellitur,
1004 4058 1134 4136 iuquam,

441 4145 512 4225 quie
527 4143 690 4223 Apostolus
706 4153 764 4216 est,
782 4146 834 4223 qui
851 4143 940 4204 dicit:
963 4145 998 4206 Si
1013 4144 1135 4203 dixeri·

441 4251 527 4306 mus,
551 4238 624 4305 etc,
647 4230 752 4311 utiquo
774 4240 870 4292 semet
886 4232 983 4310 ipsum
1001 4247 1133 4308 compre·

440 4317 586 4393 heudone,
602 4317 851 4397 quemadmodum
866 4326 896 4378 et
911 4319 942 4377 in
954 4315 1134 4397 praecedeu-

443 4405 523 4466 tibus
538 4425 575 4465 uc
589 4404 791 4484 sequentibus.
821 4405 871 4466 Sic
895 4405 987 4465 etism
1002 4402 1136 4465 lacobus

442 4489 619 4571 Apostolus:
636 4493 678 4552 Iu
688 4493 797 4553 multis
813 4492 1004 4571 offendimus
1019 4506 1135 4551 omnes.

442 4577 492 4637 Sic
508 4576 622 4637 Paulus
638 4577 676 4638 de
692 4578 798 4652 Petro,
815 4577 1034 4658 Apostolorum
1055 4576 1134 4656 priu-

443 4663 515 4742 cipe,
531 4660 598 4724 Gal.
615 4665 659 4723 2:
682 4667 765 4745 Quia
788 4663 1041 4740 reprehensibilis
1057 4668 1135 4723 eset.

442 4748 574 4808 Exstant
598 4748 655 4810 bac
680 4750 718 4810 de
744 4771 776 4810 re
803 4750 885 4831 apud
907 4752 1136 4829 Hieronymum,

442 4831 661 4909 Augustinum,
685 4838 866 4916 Prosperum
889 4845 919 4897 et
933 4836 1009 4897 alios
1027 4835 1135 4895 Patres

444 4926 551 4999 apertu
564 4920 749 4995 testimonia,
772 4942 853 5002 quse
867 4924 1022 4986 brevitatis
1037 4922 1137 4982 studio

442 5004 615 5067 omittimus.

1186 2407 1276 2466 menti
1292 2404 1469 2465 describitur
1484 2415 1515 2465 et
1532 2405 1820 2480 commendatur,id
1839 2414 1879 2478 sd,

1188 2512 1266 2571 quse
1281 2511 1319 2552 ox
1334 2489 1437 2552 dolore
1450 2500 1480 2551 et
1492 2493 1707 2553 erubescentis
1719 2513 1811 2574 super
1823 2511 1879 2573 pso

1187 2580 1264 2639 eatis
1286 2578 1490 2658 proficiscitur,
1513 2587 1543 2637 et
1567 2581 1798 2641 invocationem
1816 2580 1879 2640 disi

1187 2664 1683 2744 neemiserieordiaeconjuuctem
1692 2663 1881 2740 bebctsissul

1188 2758 1217 2812 et
1238 2753 1425 2814 voluntatem
1453 2772 1488 2812 ea
1502 2749 1654 2826 faciendi,
1679 2772 1765 2832 quse
1779 2754 1881 2815 Dsuss

1188 2839 1411 2921 poenitentibus
1436 2839 1550 2920 exigit3
1577 2840 1646 2899 sive
1673 2858 1713 2899 ea
1741 2838 1879 2901 confessio

1188 2947 1287 2987 coram
1300 2926 1440 2987 soloDeo
1453 2926 1515 2998 fiet,
1532 2928 1598 2988 sive
1614 2945 1722 2986 eoram
1738 2927 1880 2988 uuerden

1187 3016 1246 3075 Dei
1262 3014 1393 3087 vicario,
1411 3014 1503 3092 justu
1518 3022 1689 3092 temporum
1708 3021 1741 3073 et
1755 3020 1880 3094 peccate

1186 3121 1251 3161 rum
1267 3099 1475 3161 differentiam.
1514 3099 1660 3160 Nominat
1677 3109 1785 3162 autem
1801 3100 1880 3161 Jossr

1188 3208 1239 3249 nes
1266 3186 1360 3247 solem
1388 3188 1627 3258 confessionem,
1663 3188 1740 3267 quis
1767 3187 1881 3268 primun

1188 3276 1318 3334 omnium
1344 3275 1373 3333 in
1398 3273 1543 3354 spirituali
1570 3272 1738 3334 sanatione
1765 3272 1882 3334 bominis

1188 3371 1233 3422 est
1260 3360 1372 3440 agnitio
1399 3362 1533 3440 peccati,
1561 3366 1645 3418 testo
1667 3359 1883 3440 Augustianis

1188 3447 1413 3521 commentori03
1449 3446 1499 3507 vel
1524 3446 1594 3526 quis
1621 3447 1815 3524 poenitentis
1837 3464 1882 3527 pst

1189 3533 1405 3595 confessionem
1428 3534 1556 3593 maxime
1577 3550 1611 3591 se
1628 3533 1757 3611 prodit;
1780 3542 1813 3595 ut
1825 3550 1881 3615 pss-

1188 3623 1258 3681 inde
1273 3622 1393 3681 nomine
1408 3617 1605 3680 confessionis
1620 3626 1690 3679 tota
1705 3618 1883 3700 poenitentis

1188 3706 1376 3786 subintelligi
1398 3706 1504 3785 possit.
1530 3703 1654 3766 Fidelis
1670 3713 1719 3765 est
1735 3712 1881 3783 am

1189 3792 1375 3873 supplesel:
1403 3795 1499 3867 Deus,
1525 3790 1591 3851 sel:
1620 3796 1723 3856 Jecur
1740 3795 1881 3866 cursu

1188 3884 1249 3943 Dei
1271 3881 1382 3942 Filius.
1420 3880 1589 3957 Utrumque
1613 3881 1697 3939 enim
1719 3879 1883 3962 praecenit

1188 3968 1308 4030 strete
1324 3965 1456 4046 quidem,
1472 3964 1502 4026 id
1517 3974 1570 4036 est,
1585 3971 1673 4025 stans
1684 3968 1844 4047 promissis
1856 3973 1883 4025 st

1188 4053 1277 4114 fidem
1301 4072 1434 4114 servans.
1466 4052 1606 4112 Promisit
1621 4053 1708 4113 enim
1726 4054 1812 4116 Deus
1825 4071 1881 4135 pse

1188 4140 1339 4202 tatoribus
1371 4138 1593 4219 poenitentibus
1622 4145 1655 4197 et
1681 4150 1812 4219 peecata
1834 4157 1883 4201 sss

1189 4226 1398 4288 confitentibus
1444 4227 1564 4286 ueniam
1603 4235 1806 4303 peccatorum
1838 4243 1883 4306 pst

1188 4314 1348 4376 Christum.
1378 4316 1408 4376 J
1408 4318 1496 4373 ustus
1509 4319 1619 4383 autem,
1643 4332 1707 4372 non
1724 4315 1808 4395 quod
1823 4330 1881 4394 pos

1188 4401 1295 4462 nitenti
1310 4400 1379 4478 lege
1390 4399 1529 4477 justitias
1543 4396 1697 4458 debeatur
1715 4404 1810 4463 renis
1826 4416 1880 4480 ptr

1189 4489 1266 4561 cati,
1304 4483 1453 4567 quomodo
1483 4485 1561 4546 bene
1592 4489 1741 4564 operanti
1772 4486 1881 4549 dotem

1188 4592 1301 4634 merces
1327 4573 1409 4632 sitae
1435 4579 1597 4648 aeterum
1622 4571 1681 4634 sed
1704 4575 1759 4635 vel
1774 4576 1878 4637 beers·

1190 4662 1284 4734 tione,
1311 4659 1383 4739 quia
1410 4678 1531 4721 seruere
1556 4655 1650 4720 fidem
1676 4665 1878 4742 promissum

1189 4767 1258 4828 pars
1274 4745 1428 4826 quaedam
1445 4753 1489 4806 ert
1501 4744 1663 4823 justitiae,
1686 4757 1723 4809 ut
1738 4749 1797 4810 hoo
1809 4763 1879 4808 sose

1188 4834 1291 4895 bulum
1324 4833 1362 4894 sit
1390 4832 1551 4913 explicatio
1582 4835 1712 4914 prioris,
1751 4835 1800 4897 vel
1825 4832 1878 4916 usit

1191 4919 1337 4982 condecet
1358 4918 1414 4980 hoo
1438 4918 1577 4981 divinam
1599 4920 1782 4998 bonitatem,
1801 4917 1876 4983 tusi

1190 5007 1258 5070 liter
1281 5027 1336 5070 sus
1357 5015 1485 5089 peccata
1500 5007 1721 5074 monentibus
1736 5031 1776 5075 os
1789 5003 1873 5074 stult
