4442 5825
708 584 740 640 11t
756 584 924 641 tententur
940 584 1027 640 enen
1042 583 1146 639 must.
1172 582 1256 638 tulis.
1275 584 1300 637 7.
1318 585 1344 638 8.
1663 587 1737 659 057

365 760 445 834 ‚sed
454 766 569 822 tantm
579 780 644 822 mas
655 769 684 822 et
694 761 836 824 foemina.
859 761 992 824 Proinde
1044 763 1155 836 nouit,
1191 760 1370 837 exemplum
1400 777 1526 836 eornm,
1556 761 1613 838 qni
1641 762 1739 837 impie

387 845 523 910 masculs
545 858 683 929 respectu
702 849 855 911 masculae
874 869 993 930 semper
1045 851 1150 909 acturi
1171 855 1256 922 sunt,
1276 865 1410 924 ponens.
1436 847 1486 908 Ex
1508 867 1568 928 quo
1590 847 1657 907 loco
1678 849 1738 927 pri-

365 942 399 996 st
419 955 490 996 cero
512 933 623 998 eliens
646 935 697 997 Sic
720 944 874 1016 exponunt
896 935 991 997 Oscu-
1044 955 1127 996 mum
1142 941 1266 1009 constet,
1291 954 1351 996 non
1370 953 1498 1015 poenum
1520 933 1598 1015 iguis
1615 935 1740 1007 aeterni,

365 1022 414 1082 ius
437 1029 468 1083 et
485 1020 539 1082 ulii
559 1021 704 1103 plerique,
728 1033 759 1084 et
780 1043 849 1084 eurn
872 1043 993 1084 sensum
1046 1042 1136 1101 quem
1151 1019 1322 1082 Sodomitee
1343 1040 1423 1081 nunc
1437 1023 1584 1082 sustinent
1598 1019 1680 1102 spud
1697 1022 1739 1080 in·

365 1109 424 1169 trie
436 1107 577 1188 postulet.
593 1108 672 1170 Nam
684 1117 714 1170 et
724 1110 891 1171 Simoniani
901 1120 993 1190 utque
1045 1109 1134 1183 ieros,
1157 1106 1212 1168 sed
1233 1127 1362 1189 poenum
1384 1108 1515 1169 incendii
1531 1117 1562 1169 et
1576 1108 1742 1170 eversionis

365 1194 476 1268 sititae,
492 1193 701 1257 Gnosticorum
716 1204 866 1277 parentes,
889 1197 992 1276 hujus·
1047 1193 1230 1275 temporalis,
1245 1214 1333 1276 quum
1345 1193 1414 1255 olim
1426 1196 1458 1255 in
1469 1194 1526 1254 hoc
1538 1193 1649 1256 mundo
1659 1195 1742 1276 pessi

365 1282 377 1341 i
392 1289 585 1362 portentosos
597 1291 687 1363 etque
698 1283 838 1344 infundas
854 1283 994 1344 libidines
1048 1291 1125 1355 sunt,
1137 1282 1236 1361 impiis
1248 1283 1375 1362 proponi
1387 1283 1419 1341 in
1430 1282 1606 1361 exemplum.
1621 1279 1741 1342 Deinde

365 1371 472 1430 unisse
487 1367 642 1448 leguntur3
665 1390 739 1452 quos
754 1369 804 1430 hic
821 1379 927 1432 notare
942 1390 992 1430 νο·
1047 1366 1143 1449 (quod
1159 1386 1347 1448 consequens
1363 1363 1431 1446 est),
1454 1369 1633 1444 exemplum
1653 1365 1740 1428 intel-

369 1455 548 1535 Apostolus.
1047 1457 1102 1536 ligi
1117 1456 1197 1534 ignis
1212 1457 1336 1530 setemi,
1351 1457 1612 1536 quiprseperstus
1627 1464 1675 1516 est
1688 1456 1742 1515 im·

365 1542 463 1603 'uictae
476 1549 552 1603 sunt
568 1543 755 1620 exemplum,
775 1546 857 1619 ionis
871 1543 994 1603 aeterni
1047 1544 1121 1623 piis3
1144 1540 1238 1622 idque
1261 1562 1321 1603 non
1344 1542 1458 1602 morule
1479 1550 1609 1616 mnium,
1636 1540 1744 1602 sedet

365 1647 438 1690 snm
450 1632 644 1691 sustinentes.
661 1628 795 1691 Graece:
809 1633 994 1707 propositos
1047 1631 1199 1709 typicum,
1235 1627 1484 1708 quemadmodum
1510 1629 1593 1709 apud
1619 1628 1744 1690 Petrum

365 1724 373 1776 t
389 1717 569 1792 exemplum
586 1723 639 1777 etc.
1048 1716 1255 1794 exposuimus.

365 1801 477 1863 inhium
493 1811 547 1876 est,
570 1823 629 1882 quo
644 1801 818 1863 referendus
832 1804 872 1863 sit
886 1803 995 1883 geniti·
1092 1805 1121 1864 8.
1136 1802 1290 1863 Similiter
1301 1809 1331 1862 et
1341 1802 1374 1861 bi
1385 1820 1514 1864 curnem
1527 1802 1655 1880 quidem
1667 1820 1741 1863 mo·

365 1892 473 1966 rionis
487 1892 620 1966 aeunni,
638 1900 736 1949 utrum
749 1888 788 1948 ad
804 1891 994 1966 exemplum,
1048 1890 1168 1950 colent.
1199 1887 1350 1950 Cohaeret
1373 1888 1446 1950 hsec
1467 1908 1539 1970 pars
1564 1909 1632 1949 cum
1655 1908 1744 1950 versu

365 1975 396 2036 sd
408 1995 560 2052 poenum.
582 1977 615 2038 Si
630 1974 670 2036 sd
685 1977 873 2053 exemplum,
890 1995 996 2038 sensus
1048 1978 1210 2057 superiore,
1227 1977 1313 2058 qussi
1329 1975 1427 2036 dicet:
1450 1976 1537 2036 Siout
1551 1977 1596 2036 illi
1612 1975 1742 2037 exforni-

365 2085 372 2122 :
398 2061 547 2124 Givitutes
566 2063 643 2135 illue,
664 2064 844 2124 sustinentes
868 2084 995 2144 poenum
1049 2065 1109 2123 cuti
1124 2070 1193 2122 sunt
1205 2070 1314 2144 etpost
1326 2082 1445 2123 carnem
1457 2062 1584 2124 ultorem
1595 2064 1744 2138 obierunt,

365 2149 460 2211 ienesi
472 2150 662 2229 descriptam,
678 2149 793 2210 scilicet
804 2151 882 2229 ignis
894 2158 924 2211 et
935 2149 995 2212 sul·
1048 2150 1194 2210 similiter
1224 2158 1253 2210 et
1278 2150 1311 2209 bi
1337 2167 1466 2210 earnem
1495 2152 1677 2229 maculant3
1707 2171 1745 2211 se

365 2257 381 2310 ι,
393 2240 580 2314 propositos
591 2244 666 2298 sunt
677 2239 712 2297 in
724 2236 902 2314 exemplum
914 2240 997 2316 ipnis
1048 2235 1174 2316 proinde
1203 2238 1282 2296 sicut
1309 2235 1355 2295 illi
1380 2236 1451 2314 igne
1479 2238 1608 2299 coelitus
1634 2241 1744 2300 emisso

365 2327 436 2400 sni,
464 2322 497 2384 id
519 2332 573 2398 est,
600 2323 761 2405 punitionis
784 2325 942 2406 impiorum
965 2326 996 2384 in
1048 2324 1148 2404 puniti
1163 2331 1242 2397 sunt,
1264 2322 1405 2383 similiter
1419 2323 1450 2383 hi
1465 2323 1536 2403 igne
1549 2333 1673 2386 esterno
1688 2343 1742 2405 pu-

365 2424 520 2472 tuetcmo.
543 2411 621 2471 Num
635 2411 752 2471 illsrum
765 2412 918 2473 civitatum
934 2420 997 2473 tum
1049 2412 1186 2486 nientur;
1209 2409 1454 2492 quandoquidem
1475 2411 1553 2490 ignis
1574 2411 1625 2471 ille
1641 2431 1743 2474 exem-

365 2496 452 2557 ibilis
480 2517 577 2579 poene
604 2497 663 2558 fuit
689 2498 815 2578 insignis
847 2497 996 2579 queodum
1049 2497 1131 2577 plum
1153 2505 1181 2557 et
1202 2497 1300 2576 figure
1321 2495 1381 2556 fuit
1403 2497 1482 2576 ignis
1501 2499 1626 2558 oeterni.
1650 2499 1744 2559 Porro

365 2583 574 2664 ragehennse.
596 2584 836 2647 Siroferatursd
845 2604 997 2662 poenam,
1049 2582 1170 2645 Graece
1185 2585 1229 2644 sic
1243 2583 1371 2644 hebent:
1398 2585 1551 2646 Similiter
1572 2603 1648 2646 sane
1668 2592 1698 2646 et
1711 2586 1745 2645 lsi

365 2670 529 2744 rilicabitun
551 2670 620 2732 illes
643 2673 779 2732 civitates
801 2673 833 2733 in
848 2692 890 2745 eo,
914 2672 996 2752 quod
1049 2673 1243 2731 somniantes
1251 2667 1462 2748 (sise:delresi
1473 2668 1658 2747 insomniis)
1669 2690 1744 2734 eus-

365 2759 458 2819 issent
468 2777 608 2835 poenam
631 2762 716 2835 ipnis
731 2763 863 2835 oeterni,
887 2779 995 2840 propo·
1049 2777 1121 2818 nem
1138 2759 1264 2833 quidem
1277 2759 1438 2833 polluunt.
1462 2755 1609 2819 Graecum
1625 2778 1743 2820 vocem:

365 2863 376 2903 s
392 2863 461 2904 esse
476 2846 681 2927 pcccstoribus
694 2847 724 2906 in
738 2846 915 2926 exemplum.
940 2845 997 2906 Cui
1049 2836 1304 2924 ἐνυπνιαζόμενοι,
1321 2848 1524 2920 sororiantes,
1538 2845 1643 2927 legunt
1655 2848 1745 2908 etiam

365 2932 516 2992 snii‘svere
526 2932 651 2993 fortusse
663 2933 800 2995 videntur
807 2935 996 3013 perticipium
1050 2940 1081 2993 et
1096 2942 1249 3011 exponunt
1260 2932 1399 2995 Clemens
1412 2931 1635 2994 Alexandrinus
1647 2944 1676 2995 et
1687 2933 1743 2995 Os·

365 3019 470 3079 neentis
488 3022 629 3099 temporis
642 3012 820 3097 ὑπέχουσαι,
836 3025 997 3082 susstinen-
1050 3020 1203 3079 eumenius
1220 3022 1250 3081 in
1266 3039 1379 3094 comm,
1395 3038 1432 3079 ac
1447 3038 1565 3080 rursum
1580 3021 1661 3082 idem
1677 3020 1744 3083 Gle-

386 3104 447 3165 Sed
471 3105 519 3165 hic
541 3125 648 3168 sensus
670 3107 875 3169 difficultatem
897 3107 996 3169 hebet.
1049 3125 1132 3166 mens
1147 3106 1198 3166 lib.
1215 3108 1242 3166 3.
1260 3106 1451 3179 stromatum,
1468 3115 1498 3165 et
1509 3106 1699 3187 Epiphanius
1714 3109 1745 3167 in

365 3212 382 3250 n
407 3191 558 3271 quomodo
587 3196 728 3255 civitates
754 3195 826 3256 illse
852 3215 906 3274 per
931 3194 996 3269 hoc,
1049 3192 1167 3253 bseresi
1183 3192 1399 3254 Gnosticorum.
1422 3195 1624 3256 Somniantes
1645 3203 1746 3255 eutem

365 3276 386 3337 d
427 3281 575 3339 sustinent
611 3301 738 3359 poenum
768 3284 845 3362 ignis
875 3285 996 3357 aeterni,
1049 3279 1192 3358 intellige,
1207 3300 1265 3340 non
1278 3279 1744 3360 propriequodomnibusoom·

365 3372 377 3422 t
403 3366 609 3444 peecatoribus
635 3369 666 3428 in
696 3370 865 3449 exemplum
890 3389 994 3448 propo·
1049 3384 1138 3426 mune
1161 3375 1206 3426 est
1230 3375 1261 3428 et
1282 3366 1427 3438 naturale,
1454 3365 1509 3427 sed
1532 3368 1744 3449 metaphorice.

365 3469 397 3527 ος
427 3473 496 3511 cum
519 3451 557 3511 de
577 3473 677 3532 poena
698 3456 777 3534 ignis
801 3456 915 3517 oeterni
938 3455 995 3516 Ge·
1049 3451 1151 3532 Quem
1175 3460 1275 3514 nmen
1296 3452 1501 3533 metaphoram
1524 3453 1576 3513 elii
1590 3455 1677 3517 sliter
1693 3475 1743 3516 ex·

365 3537 534 3599 ishistoris
559 3559 618 3601 non
645 3540 800 3619 loquutur,
827 3542 994 3621 exemplum
1048 3538 1171 3618 plicans.
1217 3539 1416 3601 Oecumenius
1453 3542 1669 3619 interpretatur
1705 3540 1744 3603 de

365 3642 404 3684 em
426 3625 464 3685 sb
487 3625 611 3687 historie
625 3626 766 3707 petetur?
796 3628 839 3688 Ut
853 3630 995 3701 omittam,
1049 3628 1129 3686 coitu
1146 3626 1276 3706 quodem
1289 3626 1466 3708 incompleto
1486 3646 1554 3687 cum
1569 3627 1744 3690 mulieribus

365 3708 581 3791 dexemplum
600 3715 676 3774 sumi
696 3713 840 3796 debeata
854 3734 887 3773 re
909 3725 995 3790 nota;
1049 3733 1145 3792 coque
1181 3734 1241 3773 non
1281 3712 1464 3775 nominando
1509 3714 1743 3789 Borboritsrum,

365 3809 520 3858 umentem
540 3819 600 3859 nen
621 3807 687 3860 erut
709 3800 922 3880 peccatoribus,
944 3799 994 3860 sd·
1048 3818 1138 3879 quem
1161 3800 1251 3860 refert
1273 3822 1313 3862 ex
1329 3801 1507 3881 Epiphanio.
1531 3800 1621 3880 Quod
1645 3804 1742 3883 impu·

365 3902 408 3944 sus
431 3904 507 3965 quos
529 3885 577 3945 hic
600 3888 706 3966 egitur,
730 3886 901 3948 sodomites
926 3888 996 3966 igne
1049 3905 1114 3946 rum
1130 3885 1245 3947 fucinus
1259 3895 1381 3968 propter
1400 3886 1655 3968 imperfectionem
1670 3888 1743 3950 dicit

365 3988 423 4030 une
439 3973 573 4032 cruciari.
1048 3972 1197 4052 appellari
1212 3974 1408 4051 insomninm3
1424 3974 1674 4054 quemudmodum
1690 3978 1741 4036 im·

365 4054 498 4135 luecirca
516 4057 679 4137 Gajetsnns
701 4062 805 4134 ionem
830 4067 994 4120 aeternum
1049 4059 1182 4139 perfecte
1197 4069 1274 4133 sunt,
1293 4082 1370 4141 quse
1385 4065 1416 4123 in
1432 4063 1553 4122 somniis
1568 4075 1707 4143 aguntur.

365 4144 805 4224 spretuturillsrumcivitstum
818 4146 995 4207 incendium.
1092 4145 1165 4224 Ipse
1189 4163 1262 4206 vero
1286 4148 1476 4227 Epiphanius
1498 4148 1573 4210 haec
1595 4151 1745 4212 insomnis

365 4250 403 4291 sm
416 4232 491 4293 dicit
502 4232 604 4292 soceri
618 4250 756 4303 poenam
768 4236 850 4308 ipsuis
861 4235 994 4309 aeterni,
1047 4231 1140 4292 refert
1154 4231 1193 4292 sd
1208 4231 1373 4294 fabulosam
1390 4234 1601 4297 Gnosticorum
1624 4238 1744 4317 nugaci·

365 4316 386 4376 d
405 4320 445 4378 sit
467 4317 670 4395 irreparabilis
692 4327 721 4378 et
736 4317 878 4379 durstura
900 4339 996 4398 usque
1047 4325 1153 4394 tutem3
1169 4328 1204 4379 ut
1217 4325 1410 4383 somniantes
1425 4321 1572 4398 dicantur,
1589 4321 1621 4383 id
1633 4333 1677 4384 est
1693 4323 1742 4383 de·

365 4404 438 4465 hrum
453 4403 566 4464 mundi.
589 4404 666 4465 Nem
683 4425 719 4464 eu
742 4404 809 4465 loce
823 4425 905 4466 mure
919 4427 993 4466 mor·
1048 4404 1180 4480 lirantes,
1204 4417 1346 4480 errantes,
1370 4417 1400 4468 et
1422 4408 1567 4482 dicentes,
1590 4429 1668 4490 quse
1682 4430 1744 4470 non

365 4511 383 4552 n
407 4511 487 4553 nunc
510 4498 645 4567 occupet.
676 4490 739 4551 Alii
761 4492 872 4567 dicunt,
896 4494 994 4553 incen-
1047 4494 1154 4552 sciunt
1178 4493 1312 4573 Proque
1335 4494 1572 4569 sensusdducit,
1593 4496 1743 4577 quodhio

365 4576 481 4638 nillud
496 4579 599 4638 soceri
623 4580 727 4655 ipnem
750 4587 914 4640 aeternnm
936 4599 995 4640 me·
1047 4578 1137 4657 poulo
1159 4587 1227 4658 post
1247 4579 1286 4641 de
1309 4581 1512 4643 seductoribus
1532 4583 1599 4643 istis
1615 4583 1743 4644 dieitur:

365 4666 462 4739 smioc,
485 4665 618 4744 eoquod
641 4672 733 4745 typus
749 4666 839 4728 fuerit
855 4668 932 4746 ignis
946 4686 994 4726 se
1049 4668 1270 4744 Quaecumque
1286 4671 1448 4745 ipnorant,
1470 4669 1698 4746 blasphement.

365 4752 385 4813 i.
414 4751 621 4812 Veruntamen
644 4754 725 4831 prior
751 4773 855 4814 sensus
876 4762 905 4812 et
926 4774 993 4813 con·
1091 4752 1134 4812 At
1148 4773 1220 4813 vero
1237 4752 1376 4819 Clemens
1391 4759 1585 4818 somniantes
1599 4759 1742 4837 interpre-

365 4840 424 4900 ctio
445 4839 543 4918 mugio
562 4841 702 4900 convenit
717 4859 783 4899 oum
798 4838 900 4899 verbis
915 4838 994 4919 Apo·
1048 4848 1131 4898 tatur
1158 4860 1216 4914 eos,
1243 4846 1299 4918 qui
1324 4845 1488 4904 somnient
1512 4846 1743 4919 inopinatisne

365 4926 480 5000 ‚Petri
496 4923 636 4998 dicentis,
659 4923 742 5004 quod
758 4925 843 4986 Deus
859 4927 996 4986 civitates
1048 4945 1107 4987 sno
1134 4927 1282 4990 libidines
1309 4937 1339 4990 et
1357 4930 1508 5006 reprobas
1533 4932 1724 5007 cupiditates
1730 4953 1743 5008 ,-

365 5016 567 5076 insinuem
578 5011 723 5087 sedipens
733 5015 892 5074 eversione
903 5013 996 5071 dcsn·
1049 5021 1203 5093 tumqusm
1235 5014 1317 5076 dicut
1346 5017 1526 5098 Apostolus:
1563 5020 1629 5080 Non
1660 5018 1744 5081 eliud

368 5130 416 5171 stt.
434 5130 506 5171 lsttl
522 5132 596 5170 ceu
610 5128 667 5167 τοι.
680 5127 716 5168 us
1494 5125 1536 5187 42
