4442 5825
892 592 1126 649 commissurus
1143 592 1176 647 ut
1193 593 1259 648 Cdl’·
1284 593 1355 648 tui:
1380 597 1382 601 '
1414 600 1426 641 ·.

872 760 1046 846 orror
1090 723 1365 845 orsurus

498 909 688 999 Capitulum
718 918 828 979 autem
856 931 956 998 super
983 931 1035 999 ea,
1064 931 1149 999 quae
1178 910 1332 978 dicuutur
1346 903 1387 994 ¹):
1417 912 1533 981 Talem
1561 909 1727 1001 babemus

393 1016 533 1102 tificem,
569 1017 625 1104 qui
653 1016 804 1083 consedit
829 1017 863 1083 in
890 1015 1032 1082 dextera
1061 1015 1151 1082 sedis
1178 1015 1414 1101 magnitudinis
1441 1018 1484 1083 in.
1502 1002 1663 1102 coelis²),
1702 1018 1733 1083 2.

394 1125 521 1187 ciorum
548 1109 730 1201 ministeri)
758 1127 793 1186 et
821 1119 1029 1187 tabernaculi
1072 1109 1197 1205 vori⁴),
1238 1118 1326 1207 quod
1354 1121 1425 1187 fixit
1453 1110 1673 1206 nonnose,
1718 1141 1733 1188 e

392 1223 502 1291 bomo.
558 1224 591 1290 3.
621 1223 736 1291 Omnis
776 1225 861 1291 enim
901 1223 1053 1311 pontifex
1097 1223 1142 1295 ad
1181 1222 1383 1289 offerendum
1424 1244 1562 1292 munera
1601 1230 1637 1291 ct
1677 1225 1733 1291 bot

393 1328 624 1414 constituitur,
653 1327 741 1395 unde
768 1347 904 1394 necesse
933 1334 1002 1414 est,
1036 1331 1071 1393 ct
1097 1327 1184 1393 hunc
1212 1324 1337 1393 babere
1365 1327 1511 1417 aliquid,
1549 1328 1639 1419 quod
1666 1328 1733 1395 olle

393 1433 428 1497 4.
455 1431 482 1497 si
510 1451 590 1519 ergo
618 1437 708 1499 osset
735 1451 835 1518 super
862 1438 1004 1518 terram,
1037 1451 1099 1497 nee
1128 1436 1216 1497 esset
1253 1429 1429 1517 sacerdos,
1471 1451 1546 1499 eum
1573 1422 1730 1515 ossent⁸i

393 1534 548 1602 olierrent
587 1534 768 1602 secundum
808 1536 916 1622 legem
952 1555 1089 1602 munera
1101 1524 1143 1620 ⁹),
1195 1536 1228 1601 5.
1257 1536 1313 1622 qui
1349 1525 1583 1623 exemplatim)
1625 1541 1662 1602 et
1702 1556 1733 1603 ru

393 1639 585 1707 deserviunt
620 1640 825 1706 coelestium.
880 1637 975 1706 Sicut
1014 1657 1207 1725 responsum
1249 1646 1299 1704 est
1334 1640 1438 1725 Mosi,
1480 1659 1554 1707 cum
1595 1659 1733 1707 consum

392 1733 716 1826 tabernaculrrm¹¹lr
750 1742 838 1809 Vide
867 1740 1018 1831 (lnquit),
1049 1743 1159 1808 omnia
1186 1742 1286 1807 facito
1314 1744 1493 1811 seeundum
1523 1744 1718 1831 exemplar,

393 1845 456 1913 tibi
484 1855 651 1914 ostensum
680 1848 790 1914 estin
819 1853 941 1913 monte.
997 1849 1031 1912 s.
1058 1846 1154 1912 Nunc
1191 1851 1301 1913 autem
1335 1847 1452 1914 melius
1487 1847 1624 1914 sortitus
1661 1854 1718 1914 est

393 1950 550 2035 sterium,
587 1957 710 2038 quanto
739 1957 774 2017 et
801 1951 947 2017 melioris
973 1950 1165 2017 testamenti
1193 1949 1356 2016 mediator
1384 1941 1504 2034 θείῃ),
1542 1950 1632 2041 quod
1658 1952 1695 2017 iu
1723 1973 1733 2019 r

394 2052 486 2121 ribus
525 2052 837 2141 repromissionibus
883 2055 1044 2122 sancitum
1087 2060 1149 2120 est.
1219 2056 1252 2120 ’1.
1294 2054 1377 2120 Nam
1419 2056 1447 2122 si
1486 2055 1570 2122 illud
1608 2056 1705 2142 prius

393 2163 563 2245 vacasset,
603 2179 670 2224 non
703 2160 818 2247 utique
855 2158 993 2225 secundi
1027 2158 1121 2224 loeus
1155 2157 1389 2245 inquireretur.
1445 2162 1479 2227 8.
1506 2158 1722 2246 Vituperans·

394 2282 467 2348 eos,
496 2250 646 2346 dicit¹³):
674 2262 784 2350 Ecce,
812 2262 884 2329 dies
909 2264 1061 2347 venient,
1097 2261 1180 2328 dicit
1206 2262 1388 2348 Dominus,
1417 2268 1451 2329 et
1477 2262 1719 2330 consummabo

393 2366 524 2434 domum
552 2367 657 2433 Israil
694 2371 728 2434 ct
761 2387 860 2454 super
897 2366 1029 2433 domum
1056 2364 1148 2432 Juda
1181 2370 1416 2433 testamentum
1451 2386 1591 2452 novum,
1630 2368 1663 2433 9.
1693 2388 1733 2435 no

394 2470 537 2540 cundum
565 2476 818 2558 testamentum,
846 2470 935 2559 quod
961 2469 1026 2537 ioci
1052 2467 1207 2557 patribus
1234 2460 1417 2556 eorumu),
1458 2473 1492 2537 ln
1520 2470 1594 2558 die,
1623 2491 1691 2560 qua
1719 2492 1733 2539 s

392 2574 494 2643 hendi
520 2595 651 2643 manum
680 2594 812 2661 eorum,
839 2580 878 2642 ut
905 2574 1081 2641 educerem
1107 2573 1183 2640 illos
1210 2572 1253 2640 de
1281 2580 1371 2640 terra
1397 2575 1565 2662 Aegypti,
1594 2577 1733 2665 quonian

392 2700 459 2745 non
484 2683 737 2766 permanserunt
763 2680 797 2744 ln
824 2682 1025 2745 testamento
1053 2698 1147 2762 meo,
1176 2683 1211 2744 et
1238 2697 1301 2764 ego
1328 2679 1464 2764 neglexi
1491 2699 1569 2765 eos,
1609 2679 1696 2747 dicit
1722 2680 1733 2746 l

392 2801 472 2869 nus3
512 2784 570 2850 10.
599 2781 767 2874 quiahoc
805 2789 855 2848 est
883 2786 1135 2868 testamentum,
1174 2780 1263 2869 quod
1291 2781 1463 2869 disponam
1492 2782 1603 2850 domui
1630 2784 1733 2852 Israel

393 2886 465 2955 dies
491 2886 577 2973 illos,
606 2884 688 2953 dicit
714 2885 886 2973 Dominus,
921 2884 1031 2953 dando
1058 2885 1152 2973 loges
1178 2904 1271 2951 meas
1298 2886 1332 2952 in
1358 2892 1502 2954 mentem
1531 2878 1718 2976 comm¹⁵),

394 2990 496 3059 corde
523 3009 636 3059 eorum
664 2989 908 3078 superscribam
937 3010 1016 3076 eas,
1046 2997 1080 3057 et
1107 3012 1164 3058 oro
1192 2990 1240 3056 eis
1267 2991 1301 3056 in
1327 2990 1452 3078 Deum,
1482 2998 1517 3059 et
1542 2993 1607 3080 ipsi
1635 2999 1733 3062 eruut

393 3097 427 3163 in
453 3095 631 3182 populum3
664 3098 721 3161 ll.
750 3102 785 3161 et
811 3115 876 3162 nou
904 3092 1041 3162 docebit
1067 3095 1291 3184 unusquisque
1318 3096 1504 3182 proximum
1532 3116 1646 3181 suum,
1675 3104 1712 3165 ct

395 3200 533 3287 quisquc
575 3197 710 3265 fratrem
753 3218 863 3286 suum,
906 3199 1038 3266 dicens:
1080 3198 1253 3286 Cognosce
1293 3199 1491 3286 Dominum,
1532 3201 1686 3289 quoniam
1728 3229 1733 3261 r

393 3304 499 3370 scient
525 3322 577 3370 me
589 3292 628 3384 ¹⁶)
657 3322 676 3369 a
703 3304 829 3370 minore
855 3323 960 3391 usque
989 3302 1031 3369 ad
1052 3306 1209 3389 majorem
1235 3322 1366 3388 eorum,
1399 3306 1456 3370 12.
1486 3307 1563 3392 quia
1589 3307 1733 3392 propltio

392 3404 624 3496 iniquitatibus
652 3427 784 3493 eorum,
821 3414 855 3473 et
882 3413 1095 3494 peccatorum
1126 3426 1239 3473 eorum
1262 3409 1424 3492 jamnon
1452 3407 1661 3476 memorabor
1672 3399 1725 3492 ¹⁷).

391 3510 545 3580 Dicendo
582 3517 713 3599 autem,
753 3531 895 3597 novum,
938 3511 1103 3578 veteravit
1141 3509 1243 3599 prius.
1299 3508 1397 3596 Quod
1433 3518 1543 3579 autem
1578 3514 1732 3602 antiquat

392 3618 555 3703 senescit,
582 3635 687 3703 prope
715 3616 886 3684 interitum
914 3622 977 3682 est.

862 4050 1064 4120 Sllllllllilllil
1087 4049 1215 4120 cuitus
1238 4048 1367 4119 uetiti.

392 4172 517 4236 ostendit,
535 4172 664 4226 christum
683 4186 741 4227 esse
758 4186 859 4239 serum,
877 4187 929 4226 non
948 4173 1061 4238 typicum
1079 4173 1237 4236 Pontificem,
1262 4177 1288 4225 et
1305 4175 1365 4226 nort
1384 4174 1531 4227 testamenti
1550 4175 1732 4241 mediatorem,

494 4243 554 4294 bato
572 4246 597 4294 et
616 4244 748 4307 antiquato
767 4251 856 4297 vetere
874 4247 983 4307 propter
1001 4242 1233 4306 imperfectionem.
1544 4287 1546 4291 ,

436 4370 462 4427 1.
487 4367 673 4444 Capitulum
688 4376 794 4430 autam
811 4388 906 4446 super
922 4388 978 4444 ea,
1004 4387 1085 4445 quae
1140 4388 1195 4430 cae
1210 4368 1333 4449 linguae
1348 4370 1445 4449 magis
1461 4370 1610 4449 significet
1620 4368 1667 4443 id,
1684 4388 1733 4452 qm

390 4453 550 4515 ormano.
584 4452 701 4516 Graeca
715 4477 774 4517 vox
790 4447 974 4534 κεφάλαιον,
998 4475 1087 4535 quam
1141 4457 1203 4515 tine
1215 4462 1313 4533 caput
1325 4465 1354 4516 et
1365 4457 1733 4517 summomreivoemnua

390 4540 538 4620 interpres
553 4545 730 4618 capitulum
746 4545 850 4618 restit,
867 4562 905 4604 cx
920 4562 977 4603 usu
993 4540 1086 4603 Grae·
1140 4541 1262 4602 verbum
1276 4537 1473 4620 senciamus,
1491 4544 1522 4604 in
1533 4563 1678 4604 summum
1691 4543 1733 4606 eol

495 4751 518 4819 ¹)
537 4756 598 4822 ceo.
617 4760 641 4811 ⁷.
677 4756 826 4824 ursan
848 4761 888 4812 rs.
914 4758 999 4821 nes.
1033 4752 1139 4824 pesp.
1159 4758 1184 4822 s,
1205 4758 1244 4812 12.
1278 4754 1304 4822 ⁴)
1323 4758 1382 4821 cro.
1401 4759 1425 4820 s,
1446 4759 1485 4809 rr.
1518 4759 1697 4820 secerni.

393 4821 553 4882 rernm.
588 4824 782 4895 ocanni.
820 4825 1007 4892 ucenae.
1039 4829 1139 4892 1214.
1175 4827 1320 4890 epona
1355 4823 1381 4894 8)
1398 4827 1468 4879 vers.
1487 4829 1511 4879 5.
1530 4828 1555 4890 r,
1573 4828 1615 4879 rr.
1638 4828 1678 4888 ro,
1696 4830 1722 4882 a.

391 4889 452 4950 Cap.
472 4890 501 4950 7.
522 4893 563 4947 lu.
584 4899 623 4958 18,
642 4897 667 4946 b.
710 4891 1125 4962 ι0)111212.4.10.001.2,17.
1168 4892 1315 4961 ¹¹)2ilos.
1335 4898 1379 4957 19,
1399 4897 1422 4948 5.
1466 4892 1733 4962 11)1’11·ε.7.8.10

390 4958 431 5007 ²²·
452 4957 553 5015 ibes.
582 4966 667 5019 icor.
686 4966 752 5025 ab.
790 4960 903 5031 ¹³)csp.
925 4965 1258 5029 10‚1t.terem.sr‚st.
1289 4960 1434 5029 “lilios
1455 4967 1497 5025 ts.
1515 4967 1538 5017 5.
1571 4963 1719 5031 ¹⁵)Jerem.

389 5024 431 5076 ⁸⁴·
459 5021 510 5075 Jes·
530 5029 574 5098 ss,
595 5036 632 5087 rs.
670 5027 706 5099 ω)
723 5034 819 5091 seren.
837 5036 861 5101 s,
880 5036 922 5089 rs.
958 5030 994 5102 ¹²)
1011 5036 1105 5092 rerem.
1123 5039 1166 5100 ss,
1184 5035 1227 5088 sl.
1262 5034 1333 5087 nom.
1354 5035 1395 5100 rr,
1413 5036 1454 5087 27.
1489 5032 1566 5088 seur.
1588 5037 1626 5100 ro,
1643 5036 1669 5089 s.
