4442 5825
390 606 463 675 530
906 594 1271 651 commurmurantes.
1291 596 1331 651 m.

389 776 463 851 bue,
481 782 511 834 et
527 777 543 834 1
557 774 665 835 Thess.
682 776 728 835 A:
758 775 798 835 Ut
817 775 895 833 sciat
914 774 1085 849 unusquis·
1138 770 1286 845 foemina,
1314 773 1382 834 Gal.
1403 769 1462 850 3.),
1488 772 1603 834 debent
1627 775 1719 854 igitur
1739 775 1811 835 ὼ

390 881 450 941 que
479 868 616 922 aearum
646 878 703 921 vas
738 879 831 921 suum
858 859 1019 936 possidere
1048 862 1085 919 iu
1138 860 1194 919 viri
1210 880 1262 922 eas
1276 861 1332 921 boc
1346 863 1468 921 nomine
1483 859 1642 934 honorare,
1657 881 1693 922 ae
1706 859 1812 941 parisis

389 948 639 1026 mesebfloata'orre
655 955 684 1008 et
698 949 826 1008 bonore.
863 947 1019 1006 Vocantur
1033 967 1084 1006 au·
1138 946 1264 1006 honeste
1279 949 1322 1007 eis
1338 950 1392 1021 uti,
1408 950 1473 1007 aive
1487 946 1528 1006 ad
1546 966 1642 1027 opera
1663 946 1813 1023 domums

390 1046 448 1097 tem
464 1053 561 1109 vasa,
578 1033 679 1115 phrasi
695 1035 851 1106 Hebraea,
875 1032 905 1092 id
922 1040 966 1093 est
979 1034 1085 1093 instru-
1139 1035 1204 1093 sive
1220 1033 1301 1113 quod
1316 1033 1355 1095 ad
1378 1044 1476 1095 tarum
1499 1035 1621 1095 attinet
1657 1035 1815 1107 Notandum,

389 1130 506 1195 menta,
529 1129 651 1202 propter
667 1140 752 1181 usum
769 1120 808 1180 ad
823 1122 922 1179 varias
945 1121 1085 1192 arbones,
1138 1120 1169 1179 in
1185 1117 1303 1180 Graeco
1318 1139 1378 1181 non
1394 1122 1470 1201 legi:
1487 1112 1762 1199 συγκληρονόμας,
1775 1139 1815 1182 et·

390 1219 483 1291 atque
497 1211 575 1269 inter
589 1227 642 1269 eas
657 1207 696 1268 sd
712 1216 810 1268 uotum
822 1207 1002 1286 conjugibus
1017 1227 1084 1286 pro·
1138 1207 1341 1284 haeredibus,
1359 1209 1426 1270 sed:
1450 1200 1712 1286 συγκληρονόμοι,
1725 1210 1816 1270 aaa

389 1299 499 1380 prium.
528 1295 607 1356 Nam
623 1314 658 1356 eo
675 1294 798 1354 Petrum
815 1296 966 1374 respicere
982 1295 1012 1355 in
1028 1294 1086 1353 hac
1138 1293 1246 1372 redes3
1269 1303 1302 1353 ut
1325 1293 1363 1355 ad
1385 1297 1465 1355 viros
1486 1293 1678 1356 referendum
1693 1294 1816 1369 vidmtsr,

390 1391 475 1466 parte
490 1383 659 1463 praecepti,
683 1381 843 1441 verisimile
857 1388 903 1441 eat
917 1399 955 1439 ex
972 1401 1007 1440 eo
1023 1400 1084 1440 ma·
1140 1390 1170 1440 et
1195 1401 1300 1443 sensus
1325 1384 1383 1454 sit,
1412 1383 1492 1442 viros
1518 1383 1698 1443 meminisse
1722 1381 1816 1455 debas,

390 1473 480 1545 xime,
496 1469 568 1549 quia
584 1468 742 1547 subjungit
756 1468 795 1528 de
809 1489 868 1527 non
887 1466 1085 1546 impediendis
1140 1469 1221 1547 quod
1238 1471 1328 1528 etiam
1344 1470 1412 1549 ipsi,
1427 1467 1555 1548 perinde
1571 1477 1606 1529 ut
1620 1470 1765 1540 mulieres,
1776 1487 1815 1528 se

391 1557 585 1619 orationibus.
623 1556 665 1616 Et
683 1556 726 1614 ita
747 1556 864 1635 accepit
877 1554 1085 1633 Hieronymus
1140 1557 1201 1615 cati
1215 1557 1275 1615 sint
1289 1556 1327 1615 ad
1342 1555 1558 1616 haereditatem
1582 1556 1667 1616 vitae
1682 1564 1816 1628 satanam

389 1644 441 1706 lib.
459 1647 486 1703 1.
503 1651 605 1703 souma
617 1642 722 1703 Jovin.
735 1662 800 1722 cap.
817 1647 845 1702 4.
859 1650 889 1700 et
902 1641 1086 1722 Augustinus
1141 1650 1174 1700 ut
1189 1641 1227 1700 ad
1243 1662 1307 1701 earn
1323 1643 1401 1703 bene
1416 1651 1446 1703 et
1461 1651 1565 1702 sancte
1578 1642 1712 1704 vivendo
1726 1644 1817 1724 parit!

391 1733 423 1792 in
439 1737 567 1792 enarrat.
582 1728 693 1789 Psalm.
712 1729 799 1805 146.;
813 1726 1004 1807 eundemque
1020 1747 1085 1787 aen·
1141 1729 1321 1789 contendere
1337 1728 1482 1806 debeant3
1499 1728 1633 1810 ideoque
1644 1728 1815 1809 conjugasti

392 1814 1086 1898 eumprobantOscurneniueetJosnuesHes·
1141 1817 1213 1896 ipsis
1237 1838 1296 1876 non
1321 1815 1457 1890 sordide,
1483 1834 1588 1894 neque
1612 1819 1756 1897 turpiter,
1778 1811 1817 1876 sd

394 1905 495 1966 salius.
526 1904 635 1984 Itaque
650 1903 796 1984 praeripit
811 1903 989 1982 Apostolus,
1015 1909 1086 1960 tem·
1140 1902 1265 1963 honeste
1284 1903 1447 1964 seeundum
1462 1903 1523 1963 Dei
1544 1902 1645 1982 legem
1669 1900 1817 1964 musula

394 2002 537 2072 perantes
550 1991 691 2051 utendum
707 2008 775 2050 esse
789 1989 948 2062 uxoribus,
974 2009 1033 2048 uun
1048 1986 1086 2046 ad
1142 2008 1215 2048 esse.
1251 1989 1441 2069 Quamquam
1465 1999 1594 2071 possunt
1617 2000 1649 2051 et
1667 1984 1816 2053 Graecani

394 2077 572 2158 superfluas,
587 2075 697 2137 nedum
712 2075 850 2137 intendas
861 2075 1002 2137 libidines
1014 2074 1086 2134 abu·
1141 2077 1267 2156 priorem
1295 2096 1413 2138 sensam
1441 2079 1554 2157 aptari,
1590 2077 1696 2137 addito
1721 2075 1815 2156 supple

394 2164 527 2227 tendum.
557 2162 677 2225 Deinde
693 2165 782 2224 certis
797 2165 886 2223 etiam
903 2163 1088 2243 temporibus
1141 2172 1256 2223 mento:
1273 2171 1436 2242 tamquam
1449 2172 1479 2225 ct
1489 2166 1680 2225 cohaeredes
1694 2167 1816 2239 niutan·
1835 2172 1837 2181 '

394 2275 413 2313 a
435 2272 596 2332 congressu
619 2250 837 2312 abstinendum,
868 2251 905 2312 Id
926 2259 1022 2309 toturn
1037 2268 1087 2306 vo·
1142 2253 1205 2310 tiae
1228 2253 1330 2326 uitae,
1362 2252 1480 2312 scilicet
1503 2253 1588 2331 ipsae
1615 2251 1761 2313 mulieres
1790 2247 1816 2309 h

395 2349 444 2401 cat
455 2341 606 2401 bonorem
618 2341 778 2414 impertiri
792 2339 919 2399 uasouto
931 2337 1087 2409 muliebri,
1142 2357 1231 2416 quem
1246 2357 1367 2398 sensum
1382 2339 1476 2420 Syros
1494 2337 1711 2419 paraphrastes
1724 2337 1817 2399 (tm

395 2426 426 2488 id
450 2433 496 2488 est
517 2426 643 2487 honeste
665 2433 696 2485 et
722 2432 805 2485 ceste
830 2425 881 2485 illo
906 2425 958 2484 uti.
995 2421 1089 2482 Addit
1141 2426 1351 2506 interpretatus
1378 2435 1438 2500 est3
1465 2425 1524 2486 nisi
1550 2425 1630 2486 lette
1659 2427 1685 2485 is
1710 2422 1816 2504 legitis

394 2523 508 2574 autern:
525 2514 618 2591 quasi
631 2512 821 2588 infirmiori,
839 2513 1087 2591 quiasexusmu·
1143 2512 1277 2572 Graeco:
1305 2505 1576 2590 ουγκληρονόμοις.
1614 2513 1675 2573 Est
1695 2509 1816 2573 enimsi·

395 2600 501 2662 liebris
515 2609 547 2660 et
561 2619 694 2679 corpore,
720 2608 750 2659 et
764 2607 863 2658 mente
878 2599 1019 2659 infirmior
1034 2602 1088 2657 est
1142 2600 1222 2659 nima
1237 2598 1413 2660 differentia.
1438 2598 1527 2680 Apud
1542 2600 1759 2679 Hieronymum
1768 2598 1816 2656 loss

394 2687 445 2748 Sic
459 2687 552 2767 igitur
565 2686 720 2746 infirmiori
737 2686 824 2747 sexui
839 2685 905 2746 vult
918 2686 1024 2747 Petrus
1039 2683 1088 2743 ho·
1142 2706 1234 2766 supra
1250 2688 1342 2746 citato
1357 2687 1481 2767 legitur:
1503 2688 1548 2748 Et
1562 2689 1646 2747 sieut
1660 2682 1817 2747 cohaeredi·

395 2793 497 2835 norem
525 2793 544 2833 a
568 2774 641 2833 viris
675 2772 828 2844 adhiberi,
861 2771 900 2832 ad
927 2769 1089 2850 tegendam
1143 2773 1199 2834 bus
1212 2773 1399 2851 multiplicis
1413 2777 1545 2850 pretias.
1585 2773 1680 2853 Quod
1700 2792 1753 2833 nee
1766 2787 1815 2832 era

396 2880 500 2922 earum
523 2861 739 2933 infirmitatem,
766 2858 915 2940 quomodo
938 2859 1049 2919 Paulus
1072 2861 1085 2917 l
1143 2860 1283 2935 Graecis,
1299 2881 1354 2921 nec
1369 2880 1435 2921 sum
1451 2861 1570 2921 Latinis
1585 2869 1738 2922 consonat
1764 2857 1816 2921 0st

396 2948 465 3009 Gor.
484 2948 531 3007 19.
548 2947 636 3020 dicit,
659 2948 798 3008 membris
817 2947 1044 3027 ignobilioribus
1061 2952 1090 3004 et
1144 2947 1236 3007 dibile
1251 2957 1313 3020 est,
1332 2949 1367 3008 B.
1384 2949 1622 3028 Hieronymum,
1648 2948 1686 3009 de
1701 2945 1816 3008 memori
1854 2967 1855 2970 ¹

395 3036 560 3096 inhonestis
575 3036 718 3115 majorem
742 3036 872 3116 impendi
889 3035 984 3095 solere
999 3032 1088 3091 hono·
1144 3037 1294 3106 citantem,
1307 3037 1459 3114 accepisse
1471 3044 1586 3114 partem
1597 3035 1754 3096 verborum
1764 3035 1815 3092 iss
1854 3076 1855 3082 ι

395 3122 590 3198 rem,seilicet
601 3121 639 3182 ad
652 3121 795 3202 pudorem
810 3142 911 3182 eorum
921 3119 1089 3201 tegendum.
1145 3142 1206 3180 rmn
1224 3142 1262 3182 ex
1278 3142 1343 3202 cap.
1359 3125 1388 3182 4.
1403 3145 1431 3182 v.
1451 3123 1498 3183 10.

440 3205 1091 3290 Allitamon(quorumcommentariumnon
1194 3211 1233 3269 Ut
1258 3229 1325 3271 uoss
1352 3210 1573 3285 impediantur
1602 3212 1759 3270 oratiam
1779 3223 1816 3265 ss*

396 3297 515 3357 omnino
538 3292 701 3377 rejicimus)
722 3304 844 3375 putant,
867 3296 925 3357 hac
941 3304 1025 3376 parte
1039 3313 1090 3374 ge·
1144 3303 1235 3356 arae.
1260 3297 1495 3373 impediantur,
1513 3296 1650 3357 Graece:
1668 3299 1817 3358 taam·-

396 3384 534 3444 moraliter
549 3386 681 3464 praecipi
698 3384 787 3457 virir,
811 3403 849 3444 ue
872 3384 947 3444 siles
962 3383 1092 3442 habeant
1142 3390 1284 3459 paratur,
1313 3383 1425 3443 seilicet
1447 3386 1484 3444 iis
1506 3383 1714 3462 temporibus,
1735 3379 1817 3461 quib!
1852 3377 1855 3387 ’

395 3490 503 3532 uxores
530 3490 617 3545 suae,
643 3491 700 3533 nec
726 3480 759 3530 ut
779 3472 935 3549 mancipiis
961 3477 1092 3540 utantur,
1146 3470 1289 3531 orandum
1306 3478 1359 3530 est.
1384 3471 1486 3531 Simile
1507 3490 1574 3530 cum
1599 3489 1646 3542 eo,
1669 3468 1748 3550 quod
1760 3466 1816 3528 Pu·

397 3558 450 3619 sed
466 3558 596 3619 honeste
611 3567 642 3619 et
663 3560 786 3619 comiter
808 3564 953 3630 tractant,
976 3577 1090 3617 aarum·
1145 3560 1192 3619 lus
1207 3557 1245 3616 do
1269 3558 1452 3618 abstinentia
1475 3560 1532 3617 tori
1555 3558 1728 3639 conjugalis
1741 3549 1818 3615 mail!

397 3665 457 3727 que
473 3645 633 3705 infirmitati
649 3645 811 3727 prudenter
824 3646 962 3718 obvient,
984 3664 1092 3705 memo·
1148 3646 1247 3706 lOor.
1266 3649 1310 3705 7.:
1339 3647 1391 3706 Ea
1412 3664 1567 3706 consensu
1591 3646 1636 3705 aa
1652 3653 1777 3722 temptas,
1792 3641 1829 3698 Ι·

396 3753 463 3805 res,
490 3753 540 3793 eas
556 3754 615 3793 non
639 3732 677 3792 ad
701 3734 890 3808 servitutem,
913 3731 964 3792 sed
981 3734 1017 3793 iu
1033 3733 1093 3792 ad·
1146 3735 1263 3794 uocets'a
1278 3736 1428 3793 orations.
1451 3733 1535 3793 Hinc
1559 3740 1698 3812 apparet,
1719 3737 1751 3790 nt
1766 3732 1817 3788 a*

392 3822 549 3895 jutorium
571 3820 672 3881 simile
693 3820 752 3880 eibi
781 3819 866 3880 datas
889 3839 956 3880 esae
976 3839 994 3879 a
1015 3821 1093 3891 Deo,
1147 3821 1219 3893 dixi,
1236 3818 1274 3879 de
1289 3840 1379 3900 opere
1394 3820 1548 3900 conjugali
1565 3822 1659 3880 etiam
1679 3820 1817 3879 Petraea*

398 3906 473 3968 Gen.
504 3909 533 3966 2.
572 3906 667 3967 Addit
696 3906 913 3980 Oecumenius,
948 3906 986 3965 ad
1016 3906 1094 3966 hauc
1145 3927 1261 3967 monem
1285 3927 1367 3983 esse;
1390 3917 1425 3967 ut
1450 3908 1561 3967 merito
1589 3906 1674 3968 dicat
1693 3906 1818 3980 nascar

396 3994 525 4053 virorum
537 3993 770 4055 admonitionem
786 3993 818 4054 id
830 3995 919 4053 etism
932 3996 1093 4073 pertinere,
1146 4014 1220 4066 mus,
1245 3996 1348 4055 eodem
1373 4014 1479 4066 sensu,
1504 3994 1578 4075 quia
1602 3993 1708 4054 erdem
1727 3989 1818 4076 spirita

396 4100 435 4142 ne
451 4088 556 4141 exacte
570 4089 707 4162 repetant
730 4081 768 4140 ah
783 4081 927 4140 uxoribus
950 4083 1093 4140 rationem
1146 4080 1257 4140 dictum
1281 4101 1350 4141 esse
1374 4081 1412 4142 ab
1427 4092 1555 4162 utroque
1569 4079 1729 4159 Apostolo,
1750 4079 1829 4156 inps-
1854 4100 1855 4110 ¹

396 4185 514 4241 eorum,
541 4188 621 4246 quae
644 4169 722 4229 ciros
737 4167 878 4227 familiam
903 4166 1012 4227 tradita
1034 4165 1094 4225 illis
1145 4168 1202 4227 diri
1223 4170 1373 4228 orationes
1401 4168 1496 4229 officio
1524 4167 1692 4247 conjugali.
1721 4161 1819 4226 Ere*-

396 4261 481 4315 srant
495 4253 526 4313 in
542 4256 722 4331 custodiam
738 4254 832 4334 idque
844 4274 882 4314 ne
898 4275 917 4314 a
932 4252 1094 4334 largiendis
1146 4253 1356 4332 distinguenda
1383 4264 1452 4315 sunt
1477 4262 1613 4335 tempora
1640 4252 1778 4316 orationis
1797 4249 1822 4308 d

395 4343 425 4401 in
459 4360 608 4422 pauperes
641 4342 841 4423 eleemosynis
874 4340 1093 4414 abstrahantur,
1146 4342 1320 4422 complexus
1341 4342 1527 4421 conjugalis,
1549 4343 1642 4420 juxta
1666 4338 1738 4402 illud
1759 4329 1820 4397 Η

395 4427 447 4488 sed
463 4429 558 4509 magis
574 4429 602 4488 in
618 4428 655 4488 iis
670 4436 871 4510 perseverent.
1147 4433 1191 4491 3.:
1232 4432 1367 4505 Tempus
1396 4429 1624 4506 amplexandi,
1665 4435 1695 4489 et

442 4516 620 4592 Tamquam
651 4524 681 4576 et
717 4515 939 4576 cohaeredibus
968 4518 1093 4591 aratiac
1145 4517 1238 4591 lonae
1263 4517 1333 4593 {teri
1355 4517 1396 4576 ab
1418 4516 1623 4594 amplast'bue.
1656 4515 1744 4595 Quae
1820 4547 1822 4554 ·

397 4603 491 4663 vitae.
527 4602 618 4662 Ratio
649 4611 695 4662 ast
720 4624 739 4662 a
769 4604 1001 4683 coaequatione,
1032 4622 1093 4683 qua
1145 4623 1219 4684 pora
1234 4603 1374 4683 religiose
1397 4602 1599 4664 observabant
1616 4600 1724 4664 fideles
1737 4593 1825 4661 Μ’

396 4688 482 4749 Deus
497 4688 565 4748 illas
580 4689 655 4751 viris
673 4709 763 4770 pares
781 4688 860 4750 iecit.
897 4689 928 4750 st
954 4690 1033 4748 enim
1049 4690 1093 4749 sic
1146 4691 1208 4751 siae
1224 4690 1401 4770 primitivae.
1425 4690 1514 4762 Vide,
1536 4709 1616 4771 quae
1636 4688 1677 4750 de
1696 4703 1773 4749 esre
1810 4681 1818 4694 ⁹

396 4794 447 4834 eas
462 4774 623 4837 honoravit
637 4777 739 4851 Deus,
762 4784 796 4837 ut
819 4777 892 4836 viris
911 4774 1092 4836 cohaeredes
1144 4778 1259 4858 piosius
1281 4779 1493 4838 annotavimus
1517 4774 1556 4837 ad
1577 4775 1677 4837 locum
1695 4779 1711 4836 1
1727 4771 1788 4836 Uar.

396 4871 429 4921 et
443 4863 672 4941 comparticipes
688 4862 803 4935 iaceret
820 4861 900 4923 illius
916 4861 1091 4924 excellentis
1187 4864 1281 4925 Porro
1297 4866 1456 4943 utriusque
1470 4863 1610 4945 Apostoli
1632 4863 1731 4924 losum
1815 4905 1818 4914 ·

396 4950 528 5028 gratiae,
554 4968 632 5034 quae
652 4958 698 5011 est
719 4952 785 5011 vita
807 4957 928 5010 aeterna
959 4945 1039 5024 (nam
1061 4949 1092 5009 in
1144 4954 1261 5012 menius
1285 4952 1328 5011 ita
1351 4961 1522 5030 comparat,
1544 4960 1579 5009 ut
1601 4949 1693 5023 dicat,
1714 4949 1774 5010 Par
1819 5009 1822 5018 ,

395 5032 514 5098 Christo
535 5034 614 5100 Jesu
636 5055 698 5100 non
724 5044 771 5098 eet
795 5034 963 5115 masculae,
992 5054 1092 5118 neque
1143 5039 1280 5119 apertius
1308 5038 1393 5121 loqui
1422 5036 1460 5099 de
1484 5044 1555 5099 actu
1585 5035 1755 5120 conjugali:
1785 5023 1825 5094 R
