4442 5825
398 604 470 672 556
912 597 1339 654 comusrmmsucuu.

392 774 618 854 potationibus.
655 775 731 850 His,
759 779 814 852 qai
829 774 1088 849 ambulaverant,
1143 775 1189 835 De
1205 775 1316 855 quibos
1337 782 1369 836 et
1382 774 1496 836 Paulus
1510 776 1601 837 Rom.
1620 777 1690 841 13.:
1717 777 1786 838 lion
1803 780 1832 837 ie

394 860 750 941 inGraccopartioipium
759 871 819 922 ast:
832 852 1087 938 πεπορευμένους,
1142 862 1419 924 comessationibus
1430 862 1685 923 etebrieiatibsss.
1708 861 1830 943 Sequor

395 955 520 1022 cantes,
542 949 734 1022 incedentes,
758 949 918 1008 accusandi
934 968 1022 1021 casu,
1037 951 1090 1027 qui
1141 959 1189 1009 tur
1212 952 1409 1025 potationes,
1437 969 1490 1010 ssa
1517 951 1772 1028 compotationes,
1804 958 1831 1009 nt

395 1035 574 1096 construitur
588 1054 654 1095 cum
670 1035 864 1113 praecedeuti
880 1034 986 1095 verbo:
1013 1048 1089 1092 κατ·
1142 1035 1195 1095 alii
1211 1045 1341 1109 vertant,
1357 1035 1471 1097 Graece
1486 1026 1586 1109 πότοι,
1603 1055 1701 1116 quum
1712 1035 1830 1115 potando

394 1119 596 1200 εργάσασθαι,
620 1128 766 1198 operatos
787 1123 893 1199 subse.
917 1121 1089 1182 Resolvitur
1143 1131 1284 1195 certatur,
1311 1132 1340 1182 et
1354 1122 1392 1182 sd
1415 1141 1572 1183 numerum
1597 1121 1725 1185 bibitur.
1760 1123 1833 1185 iisse

393 1216 494 1269 autem
511 1211 542 1269 in
558 1207 681 1268 verbum
696 1208 747 1268 vel
763 1210 882 1281 tertiae,
902 1208 952 1268 vel
967 1209 1089 1287 primae,
1142 1211 1216 1270 vitia
1231 1229 1286 1268 eon
1297 1218 1424 1290 peccata
1435 1231 1494 1270 uon
1506 1207 1679 1270 adduceret
1691 1209 1728 1268 B.
1738 1209 1834 1271 Petrus

392 1295 443 1356 vel
458 1293 609 1356 secundae
632 1314 794 1374 personae,
813 1295 903 1374 juxta
918 1295 1031 1354 veriam
1046 1296 1088 1354 le·
1143 1318 1195 1376 pro
1212 1296 1358 1375 exemplis
1374 1297 1405 1357 iu
1427 1295 1563 1375 catalogo
1578 1295 1743 1375 gentilium
1758 1298 1831 1357 vitio

394 1384 519 1442 ctionem
545 1381 624 1458 ejus,
654 1381 735 1462 quod
763 1383 941 1461 praecessit:
970 1382 1089 1458 suflicit
1142 1403 1224 1456 ram,
1256 1385 1282 1443 si
1309 1404 1368 1444 oon
1394 1403 1431 1442 ee
1456 1403 1510 1444 suo
1536 1401 1653 1461 geume
1677 1384 1785 1462 gravis
1804 1404 1834 1445 se

393 1473 495 1543 enim,
511 1477 565 1529 etc.
603 1467 714 1529 Noster
727 1470 890 1548 interpres,
914 1470 967 1549 qui
982 1488 1087 1549 prono·
1143 1477 1237 1530 morte
1252 1469 1344 1549 digua
1356 1468 1515 1549 judicaret.
1548 1468 1639 1529 Multi
1657 1467 1777 1531 codices
1790 1466 1832 1531 sil·

393 1576 461 1617 men
483 1576 544 1616 non
575 1553 708 1628 addidit,
737 1566 819 1616 recte
853 1557 970 1616 tertiam
999 1554 1089 1634 elegit
1143 1557 1233 1617 dunt:
1249 1556 1470 1632 ebrietatibus,
1486 1554 1833 1629 sednouestiuGrscos,

391 1662 565 1724 personam:
583 1646 639 1719 qai
653 1642 909 1703 ambulaberunt.
939 1640 1001 1720 Qui
1016 1661 1087 1701 vero
1141 1663 1199 1704 neo
1225 1644 1255 1703 in
1281 1644 1399 1704 Latinis
1429 1640 1621 1716 melioribus,
1652 1651 1685 1703 et
1711 1645 1833 1705 sstisin

392 1749 554 1809 pronomen
588 1727 649 1789 illic
677 1749 714 1789 ex
740 1728 856 1790 Graeco
890 1729 1009 1808 legunt,
1035 1736 1088 1788 aut
1142 1731 1325 1791 vinolentiis
1339 1737 1369 1789 et
1381 1729 1603 1806 potationibus
1617 1730 1797 1791 continetur.

392 1818 524 1896 primae,
550 1824 604 1875 aut
628 1814 778 1876 secundae
808 1833 969 1896 personae,
997 1817 1087 1876 etiam
1184 1818 1228 1878 Et
1241 1817 1360 1877 illicitis
1375 1816 1536 1878 idolam
1551 1814 1702 1877 cultibus.
1739 1813 1831 1878 Oritur

393 1903 516 1964 verbnm
537 1902 581 1962 illi
602 1901 786 1980 respondens
811 1903 860 1963 hic
884 1900 1011 1963 reddere
1037 1902 1086 1961 de·
1141 1903 1197 1962 boc
1220 1912 1377 1982 peccatum
1400 1923 1440 1964 ex
1460 1901 1737 1984 praecedentibus,
1759 1903 1832 1965 velut

391 1990 479 2050 bant:
519 1992 575 2067 qai
603 1992 801 2062 incessimus,
840 1989 1085 2064 ambulavimus,
1142 1991 1212 2051 olim
1228 1992 1259 2051 in
1275 1990 1383 2071 populo
1398 1990 1625 2062 Hebraeorum,
1642 1988 1757 2072 dequo
1771 1990 1829 2051 scu}

392 2085 460 2137 ant:
476 2081 531 2152 qui
546 2078 725 2150 incessistis,
742 2077 978 2150 ambulavistis‚
995 2075 1026 2137 id
1041 2083 1087 2135 est
1141 2086 1224 2154 ptum
1239 2087 1300 2138 est:
1326 2078 1412 2139 Sedit
1431 2076 1573 2153 populus
1595 2077 1831 2139 manducasset

392 2166 503 2226 versati
523 2163 631 2223 fuistis.
1141 2164 1243 2225 bibere
1251 2188 1262 2240 ,·
1279 2172 1308 2224 ct
1322 2170 1530 2225 surrexerant
1540 2162 1665 2238 ludere,
1679 2160 1776 2225 Exod.
1788 2167 1831 2227 ii.

434 2250 572 2331 Exponit
586 2250 757 2332 Apostolus,
774 2270 865 2328 quam
877 2249 956 2310 dixit
967 2250 1084 2312 volan·
1140 2261 1172 2311 et
1189 2256 1204 2311 1
1219 2249 1288 2311 Cor.
1306 2253 1354 2311 10.
1393 2251 1536 2324 Illicitis,
1562 2248 1703 2311 Graece:
1730 2240 1831 2328 diepl-

391 2345 489 2398 salem
518 2340 676 2413 centium,
712 2339 937 2399 enumeratione
967 2338 1087 2416 aliquot
1139 2355 1223 2413 τοις,
1249 2340 1403 2416 nefariis,
1431 2348 1464 2397 ut
1480 2337 1572 2398 vertit
1586 2337 1746 2398 Erasmus.
1777 2334 1831 2399 eet

392 2426 457 2503 ejus
471 2427 616 2504 partium,
643 2424 673 2485 id
698 2433 743 2484 est
766 2425 925 2499 vitiorum,
952 2444 1031 2502 quae
1046 2425 1084 2485 sb
1140 2445 1207 2486 oum
1230 2425 1268 2485 ad
1283 2425 1420 2487 ludaeos
1442 2425 1519 2485 baec
1539 2424 1657 2484 scribat
1674 2423 1709 2482 B.
1726 2422 1830 2495 Petrus,

391 2530 427 2570 es
442 2511 615 2588 procedant.
653 2513 695 2572 ln
715 2512 870 2584 luxuriis,
898 2509 1026 2571 Graece:
1053 2501 1084 2569 ἐν
1139 2514 1307 2594 quaeritur,
1336 2510 1484 2591 quomodo
1510 2509 1722 2591 superioribus
1747 2528 1829 2571 snus·

391 2589 587 2674 ἀσελγείαις,
611 2601 647 2658 iss
662 2599 808 2659 lasciviis.
841 2599 995 2676 Interpres
1011 2597 1085 2657 alibi
1139 2608 1232 2660 meret
1246 2590 1507 2675 εἰδωλολατρείας
1529 2595 1599 2674 (hoc
1614 2597 1697 2657 enim
1712 2595 1829 2659 vocsbe

389 2683 453 2745 iere
463 2686 680 2761 impudicitiae
691 2687 791 2746 vertit
814 2686 859 2745 Eo
872 2686 993 2744 nomine
1006 2704 1084 2744 com·
1140 2685 1200 2746 lum
1215 2688 1247 2746 in
1262 2685 1378 2747 Graeco
1394 2681 1460 2761 est),
1476 2703 1568 2763 aquo
1580 2681 1830 2753 cnmineludsci,

389 2771 570 2851 prehensum
598 2772 665 2834 vult
686 2772 850 2851 Apostolus
873 2789 960 2832 omne
989 2790 1085 2848 genus
1138 2771 1322 2851 ubicumque
1352 2782 1497 2833 terrarum
1526 2778 1668 2850 agerent,
1705 2769 1830 2832 studiose

389 2857 602 2920 obscoenitatis
618 2871 654 2919 ac
676 2859 819 2920 libidinis.
854 2858 1017 2937 subjungit
1032 2877 1083 2917 au·
1138 2861 1298 2921 servabant
1327 2877 1394 2921 sese
1423 2861 1577 2921 immunes.
1616 2856 1754 2937 Quidum
1780 2855 1830 2920 bue

389 2954 448 3006 tem
476 2947 632 3007 desideria
658 2966 711 3006 seu
741 2947 1017 3025 concupiscentiae,
1052 2953 1086 3004 ut
1139 2955 1346 3025 argumentum
1376 2947 1450 3006 satis
1476 2965 1545 3008 esse
1570 2952 1682 3025 putant
1707 2943 1748 3006 sd
1771 2963 1828 3026 pro

389 3033 551 3112 significet,
575 3035 663 3094 etism
679 3033 798 3094 interne
813 3032 954 3111 peccandi
970 3030 1082 3092 deside·
1140 3032 1289 3104 baudum,
1313 3031 1393 3113 qnod
1408 3033 1483 3094 baec
1497 3030 1637 3112 Epistola
1652 3030 1695 3093 sd
1712 3030 1829 3113 gentilis

388 3120 434 3183 ria
455 3117 507 3195 (de
529 3119 706 3181 voluntariis
738 3139 838 3181 sermo
860 3116 933 3194 est),
960 3119 1033 3179 licet
1054 3119 1086 3178 in
1139 3122 1313 3200 scriptasit.
1338 3120 1400 3200 Qui
1413 3140 1482 3181 vero
1494 3122 1636 3199 scriptam
1649 3115 1829 3180 sdJuilseet

389 3227 465 3288 opus
492 3217 647 3269 externum
669 3229 729 3269 nou
751 3216 874 3280 exeant,
896 3205 934 3267 ad
949 3206 1085 3267 volunte-
1139 3216 1168 3267 et
1194 3208 1323 3286 gentiles
1346 3208 1514 3287 promiscue
1541 3208 1723 3285 opinantur,
1748 3223 1829 3266 men·

389 3305 448 3356 tem
464 3298 597 3357 etvitsm
609 3297 744 3376 gentium
756 3296 913 3373 pertinere.
937 3293 1084 3355 Necvero
1137 3293 1222 3355 brom
1237 3293 1295 3355 hoc
1317 3295 1467 3375 pertinere
1488 3294 1596 3355 volunt
1617 3293 1659 3354 sd
1682 3291 1830 3373 gentilis·

388 3383 487 3443 minus
503 3386 619 3463 peccati
638 3403 709 3445 reus
731 3390 778 3443 est
801 3402 901 3442 coram
920 3380 1004 3454 Deo,
1030 3384 1084 3460 qui
1138 3379 1388 3454 admonitionem,
1420 3402 1481 3441 nou
1513 3388 1613 3441 autom
1642 3378 1829 3442 Jndseorn

389 3468 495 3542 voluit,
510 3480 539 3531 et
553 3491 612 3532 uon
626 3470 706 3544 iecit,
721 3471 791 3551 quis
807 3489 865 3529 non
875 3468 978 3546 potuit,
993 3487 1084 3547 quam
1137 3468 1252 3528 Rursus
1275 3469 1328 3528 ulii
1351 3466 1469 3539 dicunt,
1495 3466 1618 3528 Petrum
1633 3466 1829 3529 mammes·

388 3559 413 3618 si
430 3556 505 3618 illud
522 3577 612 3638 opere
627 3566 839 3639 perpetrasset
863 3557 972 3618 Omnis
987 3558 1083 3629 enim,
1137 3554 1286 3634 apellare,
1316 3558 1403 3635 qussi
1432 3555 1679 3631 superstitiones,
1711 3570 1828 3635 quamn

388 3646 432 3705 ait
457 3645 618 3718 Dominus,
642 3648 697 3723 qssi
718 3644 834 3705 uiderit
855 3642 1019 3704 mulierem
1040 3642 1083 3701 ad
1137 3651 1209 3702 tunc
1224 3641 1304 3721 pleni
1320 3650 1404 3703 arsut
1419 3640 1544 3703 Judaei.

387 3733 672 3809 concupiscendam
698 3749 785 3805 eam,
808 3735 880 3806 ,iam
905 3730 1084 3790 moechatus
1180 3726 1242 3789 Sed
1267 3729 1367 3790 verior
1392 3737 1438 3789 est
1463 3728 1589 3800 solutio,
1615 3725 1758 3789 ludaeos
1781 3743 1828 3806 pes

388 3826 431 3880 est
446 3839 516 3881 eam
530 3824 566 3881 ia
582 3820 674 3881 carde
689 3837 757 3892 nso,
772 3817 879 3879 liattb.
896 3817 925 3875 b.
1137 3815 1237 3875 orbem
1253 3815 1403 3894 dispersos
1419 3817 1450 3876 in
1461 3816 1581 3876 illicitis
1592 3814 1759 3876 idolorum
1769 3810 1828 3874 csl·

431 3907 604 3986 Quantus
629 3907 706 3966 vitia
731 3906 835 3985 gulae,
862 3903 972 3984 quibus
998 3902 1084 3963 velut
1136 3902 1219 3962 tibus
1233 3902 1427 3977 ambulasse,
1454 3903 1572 3963 etiamsi
1588 3900 1674 3963 idola
1690 3922 1752 3962 non
1765 3895 1826 3960 silo·

386 3993 526 4054 iomoutis
555 3993 738 4072 quibusdam
762 3993 887 4053 excitari
916 4000 946 4051 et
974 3990 1084 4050 nutriri
1137 3998 1253 4067 rarent3
1282 3989 1379 4069 quod,
1406 4010 1475 4050 cum
1497 3989 1619 4050 emulos
1641 3996 1675 4049 ot
1702 3985 1828 4069 plerique

388 4080 488 4140 solent
502 4078 662 4153 lasciviae,
688 4086 719 4140 et
740 4077 919 4141 lasciviendi
934 4086 1033 4139 motus
1048 4096 1083 4136 ac
1137 4078 1241 4156 inopes
1257 4087 1372 4150 essent,
1388 4099 1407 4137 a
1420 4075 1587 4157 gentilibus
1601 4076 1742 4148 invitati,
1768 4090 1826 4133 ces·

387 4164 543 4227 desideria.
567 4167 701 4228 Primum
710 4167 904 4229 vinolentiae
912 4161 994 4238 (nam
1003 4162 1082 4223 mule
1137 4165 1226 4224 viviis
1242 4184 1354 4235 eorum,
1375 4164 1532 4243 inquibus
1549 4161 1760 4223 immolatitiae
1773 4176 1827 4219 cst·

387 4254 570 4314 vinolentiis
588 4254 620 4314 in
642 4252 822 4333 quibusdam
841 4250 993 4313 codicibus
1008 4251 1081 4328 legi·
1136 4270 1193 4310 nes
1221 4252 1466 4331 apponebantur,
1496 4270 1563 4310 sese
1594 4250 1776 4322 miscerent,
1797 4262 1827 4303 tt

387 4336 463 4415 tur),
479 4339 510 4401 id
527 4348 573 4400 cst
587 4341 649 4401 vini
666 4341 930 4419 ingurgitationes,
957 4338 1081 4399 ebrieta-
1136 4336 1212 4398 forte
1228 4340 1319 4398 etiarn
1335 4340 1430 4401 saeris
1443 4339 1631 4399 interessent.
1654 4334 1745 4398 Hsec
1758 4332 1827 4397 subu

388 4437 433 4488 tes
449 4446 487 4489 ex
498 4428 587 4502 vino,
603 4426 659 4487 sub
671 4445 730 4504 quo
742 4428 839 4487 omnis
855 4433 944 4504 potus
956 4424 1081 4485 inebria·
1137 4424 1176 4484 ad
1192 4424 1393 4485 idololatriam
1407 4425 1561 4502 imputari,
1576 4424 1666 4485 nobis
1684 4423 1828 4485 metrosa

386 4516 469 4576 tivus
485 4511 757 4593 comprehenditur.
794 4510 914 4573 Deinde
930 4529 1082 4573 comessa·
1136 4511 1188 4571 illa
1203 4511 1418 4591 Apostolorum
1430 4518 1611 4592 praecepta,
1626 4510 1722 4571 Pauli
1739 4505 1827 4570 reos.

386 4605 505 4677 uana,
533 4599 649 4662 Graece
671 4600 784 4676 κῶμοι,
809 4600 909 4659 idest
934 4599 1082 4668 convivia,
1140 4601 1206 4658 10.:
1234 4601 1341 4675 Neque
1356 4599 1547 4659 idololatrae
1569 4597 1828 4675 estleiamiai,st

386 4708 466 4767 quae
483 4708 543 4749 nou
558 4685 597 4747 ed
613 4686 769 4747 honestam
786 4687 1014 4759 recreationem,
1030 4686 1083 4745 sed
1137 4687 1257 4745 iterum:
1285 4686 1465 4758 Uerissimi,
1491 4686 1594 4762 sospite
1617 4684 1658 4744 ab
1676 4684 1827 4746 idolam

386 4774 427 4834 sd
441 4775 560 4846 luxum,
582 4772 766 4850 voluptatem
782 4781 812 4833 et
826 4772 1023 4851 petulantium
1039 4774 1082 4833 iu·
1137 4774 1264 4834 cultura
1273 4797 1284 4849 ‚·
1301 4781 1332 4833 et
1349 4773 1494 4846 Joaunis,
1511 4772 1542 4832 in
1556 4770 1616 4831 fine
1633 4772 1749 4848 primas
1763 4764 1826 4847 upi-

387 4862 563 4937 stitunntur3
589 4857 758 4937 eujusmodi
779 4866 846 4939 post
868 4879 1008 4931 coenam,
1035 4859 1083 4919 vel
1137 4859 1250 4931 stolae,
1276 4880 1354 4938 quae
1378 4858 1479 4920 itidem
1506 4856 1545 4918 ad
1567 4856 1708 4918 ludaeos
1727 4856 1827 4937 scripit

387 4945 463 5006 sliss
477 4956 565 5008 extra
580 4955 719 5025 tempore
734 4947 834 5025 partiri
854 4945 1019 5014 destinate,
1044 4946 1083 5006 ab
1138 4947 1210 5006 suia
1226 4947 1355 5018 lilioli,
1371 4946 1523 5009 custodite
1541 4963 1598 5007 vos
1613 4962 1635 5004 a
1649 4941 1825 5008 sinstslattt't

386 5032 559 5098 bominibus
583 5034 682 5096 ventri
703 5031 813 5097 deditis
838 5033 949 5116 agitari
978 5033 1083 5093 solent
1138 5034 1218 5096 Hinc
1233 5054 1350 5096 rursum
1364 5032 1480 5097 Paulus
1498 5029 1600 5096 scor.
1612 5034 1643 5095 5.
1659 5032 1705 5096 its
1718 5026 1824 5094 scribit:
