4442 5825
764 574 927 631 natanta
943 574 1032 631 BEATI
1048 575 1161 632 laceat.
1192 575 1401 631 vmt.tt.14.
1721 582 1794 651 m

372 752 471 831 optimis
493 752 665 834 quibusque
685 752 917 832 exemplaribus,
940 761 971 813 et
985 762 1047 813 tam
1102 754 1282 814 constitutus
1307 751 1455 814 rideatur.
1489 752 1568 812 Nam
1593 771 1655 813 vox
1681 749 1799 813 Graeca

373 836 469 901 draeoo
483 846 589 912 textu,
606 858 697 917 quam
712 838 848 920 Syriaco.
1102 833 1233 900 ἀσθενεῖ
1257 840 1295 901 de
1317 840 1456 919 graviore
1480 839 1585 898 morbo
1610 836 1797 917 intelligitur.

403 925 446 985 14.
461 925 779 1004 Infirmatarqnirin
793 927 900 988 cobis?
914 926 1047 985 Desoeu·
1101 926 1228 1000 (louier,
1252 946 1332 1007 quac
1347 925 1428 986 dicte
1450 934 1521 986 suut
1541 922 1581 985 ad
1604 924 1677 984 illud
1696 931 1712 985 1
1728 922 1798 985 Gor.

374 1008 450 1073 lllad
470 1014 603 1092 speciem
623 1013 808 1086 afflictionis,
832 1032 913 1093 quae
936 1020 981 1071 cst
995 1011 1047 1071 ad·
1103 1020 1170 1075 11.:
1186 1014 1263 1074 Ideo
1276 1017 1362 1074 inter
1379 1032 1431 1073 cos
1445 1013 1540 1073 malti
1554 1011 1676 1088 infirmi
1691 1019 1720 1071 et
1735 1014 1796 1071 im·

374 1116 442 1159 rasa
455 1101 589 1178 corporis
604 1099 762 1173 valetudo,
789 1100 952 1180 docetque,
974 1097 1047 1179 quid
1102 1101 1230 1162 hecilles.
1264 1098 1353 1161 Unde
1369 1109 1398 1160 et
1413 1100 1641 1163 Sacramentum
1657 1097 1713 1157 hoc
1728 1117 1798 1159 ere·

373 1185 446 1247 inca
471 1185 640 1247 Christiano
674 1184 785 1247 homini
820 1190 859 1248 sit
887 1184 1046 1264 agendum.
1100 1189 1215 1249 uutium
1231 1195 1427 1265 nuncupetur.
1450 1185 1498 1246 Ita
1510 1184 1617 1246 Patres
1628 1184 1798 1246 Tridentini

374 1268 589 1351 Quredoctrinn
603 1291 793 1353 nequaquam
810 1274 1046 1354 praetermittam
1102 1294 1167 1354 cap.
1190 1278 1217 1335 3.
1242 1273 1379 1353 ejusdem
1403 1274 1567 1334 doctrinae.
1607 1271 1677 1352 Qua
1702 1269 1740 1332 de
1766 1290 1799 1331 re

373 1355 473 1431 deluit,
489 1378 525 1420 eo
541 1358 624 1439 quod
638 1360 785 1439 spirituah
805 1358 936 1421 remedio
951 1358 1046 1418 maxi·
1101 1364 1193 1421 etiam
1215 1362 1257 1420 sic
1281 1361 1390 1439 legitur
1412 1360 1443 1420 in
1467 1356 1586 1419 decreto
1608 1360 1799 1419 Florentino:

373 1462 409 1505 ιο
419 1464 492 1525 opus
507 1444 635 1507 hebeunt
658 1447 781 1520 infirmi,
806 1447 992 1528 potissimum
1016 1444 1047 1519 ii,
1100 1450 1170 1509 Hoc
1185 1449 1426 1509 Sacramentum
1441 1447 1506 1507 nisi
1520 1445 1650 1523 infirmo
1658 1489 1668 1519 ,
1689 1445 1727 1506 de
1742 1463 1798 1506 cu·

374 1530 458 1610 qaiad
472 1532 563 1593 linem
583 1533 674 1613 hujus
696 1535 777 1593 ritae
799 1533 1047 1614 appropinquent,
1096 1538 1150 1610 jae
1164 1543 1265 1595 morte
1280 1537 1428 1609 timetur,
1445 1533 1520 1593 dari
1535 1551 1603 1594 non
1617 1532 1714 1594 dehet
1740 1532 1798 1592 Da-

373 1616 424 1679 lleo
442 1618 538 1698 judici
559 1617 662 1700 (quem
687 1628 756 1680 ante
780 1621 905 1699 januam
929 1619 1048 1679 adstare
1100 1623 1191 1701 nique
1214 1618 1386 1700 hujusmodi
1409 1630 1521 1680 etatum
1544 1620 1640 1680 morbi
1664 1620 1799 1680 insinuet

373 1701 444 1780 ffil)
453 1706 519 1785 jem
530 1706 658 1786 jamque
671 1706 806 1767 sistendi.
843 1709 927 1769 Nam
942 1700 989 1780 (ut
1004 1704 1046 1763 lo·
1100 1728 1162 1769 vox
1183 1706 1303 1770 Graeca
1324 1703 1497 1784 κάμνοντα,
1527 1725 1589 1786 que
1611 1705 1702 1787 paulo
1730 1712 1800 1785 post

372 1800 484 1871 uruntur
506 1793 678 1854 Tridentini
700 1792 827 1854 concilii
844 1794 951 1854 Patres
973 1812 1046 1852 sess.
1101 1795 1266 1876 Apostolus
1282 1795 1382 1855 utitur.

374 1878 451 1940 stin
465 1878 604 1941 doctrina
625 1879 665 1941 de
683 1879 875 1941 Sacramenta
898 1887 1048 1940 extremae
1143 1878 1669 1956 Indacatpreahytcranccleeiac.
1693 1877 1798 1939 Inda·

372 1962 516 2042 metionis)
531 1970 589 2027 etet
608 1967 814 2028 Momaarine
835 1974 942 2029 noster
958 1984 1047 2026 occa·
1102 1977 1170 2045 cat,
1198 1967 1331 2029 Grecos:
1353 1957 1637 2044 προςκαλεοάοθω,
1654 1965 1797 2039 advocet

371 2054 456 2114 eona
473 2072 534 2129 per
557 2072 682 2116 omnem
704 2055 804 2115 vitam
821 2060 934 2133 gamat
950 2060 979 2113 et
993 2071 1047 2112 ca·
1101 2062 1250 2116 arcerem.
1273 2054 1432 2115 Ecclesiae
1444 2053 1641 2130 presbyteros
1656 2053 1739 2111 varie
1755 2053 1799 2111 iu-

371 2144 437 2217 rtet,
458 2148 495 2202 ut
509 2139 666 2202 devorare
687 2143 814 2203 animae
828 2150 953 2202 nostras
967 2158 1048 2217 qno·
1101 2150 1306 2222 terpretautnr
1315 2142 1445 2201 sectarii.
1468 2140 1547 2199 Nam
1559 2139 1611 2199 alii
1623 2138 1800 2218 simpliciter

372 2244 419 2303 qao
432 2228 525 2289 modo
532 2231 652 2304 poerit:
665 2229 792 2291 nnllam
808 2235 914 2289 tamen
927 2234 1049 2302 tempas
1101 2239 1203 2291 astate
1211 2229 1344 2289 seniores
1353 2229 1385 2287 in
1393 2228 1501 2306 quavis
1509 2228 1722 2288 communitate
1731 2223 1800 2286 lide-

371 2319 419 2388 α,
441 2332 504 2391 qao
526 2316 739 2378 vehementiae
763 2315 819 2375 ille
841 2333 950 2376 omncs
972 2332 1048 2374 sanc
1101 2316 1173 2376 lium
1189 2316 1373 2395 intelligunt,
1395 2314 1448 2374 alii
1470 2315 1616 2393 primores
1633 2316 1662 2374 in
1677 2311 1799 2392 populo.

371 2404 510 2462 mtine
523 2421 640 2464 nervos
651 2402 799 2464 intendat
810 2403 854 2462 nd
868 2401 1048 2479 perdendos
1100 2404 1141 2463 Et
1152 2410 1236 2474 sunt,
1259 2403 1311 2482 qui
1325 2399 1459 2461 medicos
1474 2399 1534 2460 illia
1548 2408 1751 2472 annumerent,
1767 2406 1800 2458 ut

371 2491 569 2564 sospenitnr,
585 2498 650 2550 eta
665 2490 783 2567 fidncia
798 2492 913 2564 mum,
931 2492 959 2550 ai
973 2506 1048 2564 poa·
1100 2488 1284 2550 Benedictus
1304 2488 1435 2548 Aeetius.
1472 2488 1566 2548 Porro
1590 2486 1738 2548 Calvinus
1762 2504 1799 2546 eo

371 2578 414 2650 sd,
427 2576 557 2637 divinae
571 2578 807 2639 misericordiae
821 2575 1047 2650 deturbandoa,
1101 2575 1247 2638 vocabulo
1281 2574 1461 2655 generaliter
1493 2571 1703 2653 comprehendi
1733 2573 1800 2634 vult

371 2681 448 2741 paam
464 2682 535 2723 cram
551 2665 733 2742 impendere
758 2664 848 2725 nobis
864 2666 982 2726 coitum
998 2664 1048 2722 vi·
1101 2683 1219 2734 omues,
1243 2664 1295 2742 qui
1310 2662 1463 2741 regendae
1478 2661 1631 2722 Ecclesiae
1646 2668 1797 2740 praesunt,

371 2756 408 2811 lna
421 2752 586 2828 prorpiea't.
1101 2752 1166 2811 sive
1181 2760 1315 2830 pastores
1330 2750 1403 2820 siut,
1434 2750 1500 2809 sive
1521 2747 1632 2810 delecti
1654 2768 1691 2810 ex
1710 2745 1799 2827 plebe

400 2837 493 2920 Igitur
523 2856 563 2898 ex
592 2839 651 2899 hoo
676 2838 814 2919 Apostoli
844 2837 952 2899 Jacobi
981 2836 1048 2898 loco
1101 2837 1190 2920 quasi
1215 2855 1353 2897 censores
1376 2834 1578 2897 adtuendam
1601 2834 1798 2915 disciplinam.

371 2924 486 3007 ejudem
503 2925 628 2987 concilii
645 2926 767 2999 Patres,
793 2934 824 2986 et
845 2946 911 2986 cum
934 2926 972 2984 iis
987 2945 1048 2986 om·
1102 2926 1143 2986 At
1165 2943 1238 2986 sero
1253 2923 1427 2984 Tridentini
1441 2923 1549 2984 Patres
1571 2930 1601 2983 et
1623 2942 1726 2984 omnes
1742 2920 1798 2982 Oa·

371 3033 408 3077 ter
421 3012 590 3087 orthodoxi,
605 3014 768 3074 rectissime
783 3019 920 3075 statuunt
933 3020 965 3071 et
980 3032 1046 3091 pro·
1100 3011 1203 3074 tholici
1229 3012 1425 3088 presbyterae
1451 3012 1610 3073 Eccleriac
1637 3032 1698 3072 uon
1722 3009 1797 3071 alios

371 3110 440 3173 taut,
470 3119 537 3161 cam
563 3101 749 3174 unctionem,
776 3119 874 3179 quae,
903 3108 1047 3180 perpetuo
1101 3098 1281 3177 intelligunt,
1297 3118 1389 3178 quam
1404 3097 1577 3158 sacerdotes
1589 3096 1627 3157 ab
1642 3098 1798 3177 Episcopo

371 3207 434 3250 rore
457 3183 634 3249 Catholicae
648 3186 822 3260 Ecclesiae,
848 3187 973 3248 infirmis
994 3188 1046 3248 ad·
1100 3188 1160 3248 rite
1174 3185 1344 3262 ordinator,
1370 3186 1436 3246 sire
1457 3184 1547 3244 iidem
1566 3186 1627 3245 sint
1646 3183 1799 3262 Episcopi,

371 3273 710 3352 summensteten
720 3273 883 3335 traditione
894 3291 1047 3352 mannase3
1101 3275 1168 3335 sire
1182 3293 1251 3333 nou.
1288 3272 1369 3333 Nam
1392 3269 1475 3349 quod
1497 3270 1537 3331 ad
1560 3272 1671 3332 aetatis
1693 3272 1800 3333 attinet

371 3361 488 3444 ideoque
517 3382 587 3423 rere
616 3369 648 3423 et
677 3362 799 3440 proprie
824 3361 1046 3421 Sacramentum
1101 3359 1361 3439 significationem,
1389 3358 1440 3419 vix
1455 3376 1582 3434 usquam
1598 3359 1629 3417 iu
1644 3356 1800 3437 Scriptura

371 3465 530 3510 ucuorae
545 3449 628 3529 legis.
666 3447 776 3509 Tradit
800 3449 879 3509 enim
901 3447 952 3509 hic
965 3448 1045 3526 Apo·
1100 3447 1172 3508 novi
1188 3446 1375 3507 Testamenti
1394 3437 1612 3522 πρεσβύτερος,
1629 3443 1796 3523 presbyter,

371 3534 447 3598 dulus
461 3538 561 3598 omnia
575 3534 615 3596 ad
629 3534 802 3614 hujusmodi
823 3534 1046 3596 Sacramentum
1100 3534 1213 3606 senior,
1239 3535 1348 3593 aetatis
1371 3551 1480 3593 nomen
1502 3543 1567 3608 est3
1597 3531 1710 3611 passim
1725 3548 1797 3590 vero

371 3624 536 3686 mriaz
552 3624 724 3695 materiam,
738 3621 879 3694 tormen,
895 3622 1047 3700 proprium
1101 3629 1155 3682 ant
1176 3619 1281 3699 populi
1300 3621 1492 3698 magistratus
1515 3638 1550 3678 eo
1573 3616 1720 3679 vocabulo
1744 3617 1796 3678 de·

371 3711 523 3773 ainistmm
538 3710 720 3770 eteffcctum
745 3709 874 3788 gratiae,
900 3727 936 3768 ac
951 3709 1046 3786 primo
1101 3707 1252 3787 signatur,
1278 3715 1313 3765 ut
1333 3708 1365 3766 iu
1379 3704 1569 3784 Evangeliie,
1592 3713 1622 3765 et
1647 3704 1798 3765 interdum

371 3797 421 3858 bno
441 3817 526 3868 eum,
552 3798 606 3878 qui
631 3797 785 3876 suscipere
804 3794 922 3855 debeat.
960 3792 1047 3874 Quae
1100 3795 1134 3854 iu
1147 3794 1235 3854 Actia
1248 3795 1373 3871 Apost3
1388 3802 1440 3852 ant
1455 3793 1475 3853 ii
1490 3792 1693 3872 significantur
1708 3808 1797 3867 prea-

371 3901 403 3944 ου
429 3885 574 3947 sermm
611 3881 847 3944 contradictores
880 3880 1047 3942 haereticos
1101 3881 1282 3956 ceterorum
1298 3880 1432 3952 nomine,
1460 3881 1512 3959 qui
1531 3878 1569 3937 ad
1585 3877 1797 3958 Episcopalem

371 3968 419 4052 [nri
438 3982 473 4032 nt
487 3971 714 4033 Sacramentum
738 3969 796 4030 boc
810 3967 973 4050 Oetholicis
993 3968 1046 4028 eri·
1100 3976 1155 4028 ant
1169 3965 1385 4029 sacerdotalem
1406 3966 1591 4026 functionem
1608 3963 1797 4026 ordinatione

371 4069 472 4137 mut,
492 4059 600 4139 partim
614 4056 790 4117 ademerunt
803 4055 874 4116 hnic
890 4054 1048 4135 Epistulae
1100 4075 1188 4116 sacra
1202 4055 1329 4135 promoti
1344 4065 1422 4114 snut
1780 4104 1782 4110 .

371 4145 486 4224 pnicum
509 4144 729 4225 Apostolicum,
756 4152 789 4203 ut
811 4140 995 4204 ostendimus
1016 4143 1047 4202 in
1143 4142 1211 4202 Hoc
1225 4152 1325 4201 antem
1342 4141 1430 4202 modo
1445 4140 1599 4219 accipitur,
1615 4139 1799 4213 ubicumque

371 4231 586 4314 rulegomcuia,
608 4232 715 4311 partim
738 4248 834 4291 novas
849 4240 881 4289 et
896 4237 1046 4289 contortus
1101 4227 1141 4289 de
1155 4228 1312 4289 Ecclesiae
1327 4228 1495 4288 ministeriis
1512 4228 1618 4305 agitur,
1635 4234 1668 4286 ut
1683 4228 1715 4286 iu
1730 4226 1796 4287 Act

371 4316 475 4382 ahane
488 4318 674 4400 Scripturam
694 4317 899 4396 expositiones
915 4318 1046 4396 ingesse
1100 4316 1207 4394 Apost
1230 4325 1261 4375 et
1283 4315 1382 4393 Epist
1398 4313 1552 4387 Pauliuis,
1575 4333 1611 4373 ac
1625 4314 1798 4374 nominatim

371 4402 435 4482 ent)
450 4408 507 4468 crit
521 4404 610 4467 uobis
625 4406 657 4464 in
671 4424 829 4484 progressu
845 4404 1047 4464 commentarii
1102 4405 1195 4463 etism
1218 4404 1250 4462 iu
1272 4401 1318 4461 his
1335 4400 1496 4482 Epistolis,
1519 4420 1599 4479 quae
1622 4398 1799 4461 Catholicae
1819 4456 1821 4462 .

371 4489 584 4556 westenda
598 4511 655 4571 per
669 4491 796 4572 singula.
1101 4498 1262 4562 vocantur,
1286 4498 1320 4549 ut
1340 4489 1371 4550 in
1396 4494 1413 4550 l
1431 4488 1511 4549 Petri
1526 4488 1623 4566 Epist
1641 4507 1706 4565 cap.
1723 4485 1752 4545 5.
1769 4492 1799 4546 et

394 4579 528 4642 Primum
542 4598 631 4658 ergo,
646 4598 740 4657 quum
753 4578 841 4638 dicit:
856 4577 1049 4655 Infirmatnr
1102 4578 1131 4637 iu
1146 4575 1285 4657 Epistola
1300 4577 1429 4638 Joauuis
1444 4578 1474 4636 t.
1491 4583 1521 4635 et
1541 4579 1569 4637 3.
1603 4572 1724 4633 Similer
1745 4592 1797 4633 au·

371 4669 474 4744 etiaim
489 4666 600 4728 achia?
626 4684 694 4726 eum
709 4665 863 4743 designat,
880 4665 928 4725 cni
942 4665 980 4724 sit
995 4663 1046 4724 ad·
1100 4672 1161 4724 tem
1178 4673 1208 4725 et
1222 4663 1279 4724 hcc
1293 4664 1375 4740 loc03
1401 4664 1529 4743 primum
1552 4662 1624 4740 quia
1644 4681 1706 4720 nou
1727 4661 1797 4719 sim·

371 4752 583 4816 sinistraudnm
605 4752 663 4814 hcc
678 4753 919 4828 Sacramentum
941 4750 1047 4812 videli·
1101 4750 1220 4829 pliciter
1231 4751 1408 4826 presbyteri
1422 4748 1576 4820 dicuutur,
1599 4748 1653 4807 sed
1665 4747 1797 4824 presby·

371 4851 400 4904 ι
411 4842 579 4914 iulis-mum,
600 4838 695 4901 idest
717 4839 864 4919 corporali
879 4838 981 4899 morbo
998 4837 1047 4899 de·
1101 4840 1162 4898 teri
1176 4839 1335 4899 Ecclesiae
1340 4861 1352 4915 ,·
1376 4847 1455 4910 tum,
1471 4836 1544 4913 quia
1555 4833 1699 4914 jubentur
1714 4854 1798 4895 orare

371 4939 481 5003 ntum,
521 4946 652 5007 cumque
681 4928 869 5006 praesertim,
906 4926 959 5005 qui
988 4934 1049 4987 tam
1101 4945 1192 5005 super
1217 4925 1383 5002 infirmum
1418 4921 1542 4995 deinde,
1569 4924 1641 5001 quia
1667 4942 1720 5001 per
1745 4941 1798 4982 eos

371 5015 521 5081 deuios·
544 5012 714 5093 decumbit,
740 5024 774 5077 ut
798 5015 830 5076 in
854 5015 939 5077 exitu
969 5014 1050 5076 vitae
1101 5012 1202 5075 unctio
1223 5011 1363 5076 ludenda
1384 5009 1597 5093 praescribitur
1623 5009 1655 5072 in
1679 5008 1798 5073 nomine
