4442 5825
1552 606 1885 671 m’ls'rotm
1912 612 1993 669 An
2028 608 2358 672 muscos,
2428 616 2598 671 vms.
2636 618 2683 672 1.

717 792 1015 856 ,Theman
1059 795 1400 875 praeteriit3
1460 815 1596 856 nam
1639 793 1828 856 refert
1870 814 2008 856 eum

717 880 878 942 eundo
937 880 1104 956 loco,
1163 900 1280 943 nec
1337 881 1652 962 improbat.
1729 882 2009 942 Eundem

717 986 783 1028 rra
826 967 1210 1050 paraphrasis
1270 971 1565 1050 expressit
1623 968 1715 1029 his
1769 966 2006 1030 verbis:

717 1062 747 1115 t
789 1063 1000 1115 autem
1058 1054 1218 1132 fides
1268 1058 1603 1133 persuasio
1660 1070 1850 1132 super
1909 1058 2006 1131 iis,

717 1160 781 1202 cc
805 1150 952 1203 sunt
980 1145 1054 1202 in
1084 1161 1225 1220 spe,
1281 1162 1357 1204 ac
1386 1145 1439 1204 si
1470 1149 1668 1204 essent
1714 1146 1866 1219 ipsis
1896 1137 2005 1218 (in—

717 1228 821 1310 lige
847 1226 1257 1306 credentibus)
1303 1233 1376 1290 in
1421 1237 1568 1290 actu
1604 1233 1734 1290 sive
1765 1223 2006 1307 effectu.

716 1317 901 1397 ngruit
914 1324 1116 1377 autem
1137 1315 1290 1376 haec
1311 1316 1708 1398 hypostaseos
1733 1317 2006 1396 acceptio

716 1422 747 1463 ι
787 1422 857 1464 eo
900 1400 1034 1464 loeo
1079 1422 1210 1483 cap.
1242 1403 1335 1463 3.:
1387 1406 1457 1466 Si
1501 1411 1713 1464 tamen
1745 1405 2002 1463 initium

716 1492 996 1551 mutius
1038 1498 1186 1562 ete.,
1233 1488 1727 1571 quemadmodum
1772 1486 1858 1549 ibi
1905 1488 2005 1549 de·

715 1586 898 1637 ntum
943 1586 1053 1637 est.
1124 1576 1294 1657 Quin
1347 1597 1424 1638 ex
1464 1576 1579 1637 hoc
1625 1579 1756 1657 ipso
1805 1578 2005 1655 capite

715 1682 787 1725 tm
815 1667 1077 1725 maxime
1109 1662 1493 1725 confirmatur
1516 1663 1613 1723 hic
1645 1662 2001 1724 intellectus.
2063 1671 2066 1691 ²

715 1770 766 1811 m
797 1751 953 1811 infra
984 1749 1061 1811 de
1089 1746 1293 1824 Mose,
1332 1754 1395 1812 in
1425 1748 2003 1811 commendationem

715 1838 753 1899 ii
782 1839 934 1917 ejus,
964 1836 1199 1912 dieitur,
1229 1835 1389 1918 quod
1424 1837 1803 1899 invisibilem
1836 1845 2003 1895 tam-

715 1940 797 1985 m
828 1926 1053 1985 videm
1079 1927 1396 1985 sustinuit.
1459 1925 1572 1998 Et,
1607 1933 1671 1985 ut
1699 1923 1885 1984 semel
1914 1921 2000 1982 di-

715 2028 777 2086 Ι,
832 2014 1037 2072 omnia
1091 2010 1231 2071 fidei
1282 2013 1629 2091 praeconia,
1692 2030 1850 2091 quae
1907 2009 2005 2070 hic

715 2114 791 2179 ς·
816 2100 974 2161 serie
1004 2108 1422 2171 recensentur,
1469 2100 1546 2160 ad
1578 2098 1734 2158 hunc
1765 2104 2003 2158 sensum

715 2186 926 2247 intime
956 2184 1300 2260 collimant,
1353 2204 1485 2245 cum
1515 2185 1742 2265 alioqui
1775 2185 2005 2264 priores

715 2290 819 2335 eus
856 2292 977 2334 non
1023 2271 1274 2353 perinde
1318 2273 1518 2332 facere
1563 2271 1883 2332 videantur
1928 2270 2004 2329 ad

714 2360 946 2421 titutum
987 2359 1280 2440 Apostoli.

713 2444 975 2527 Denique
1008 2464 1245 2507 sensum
1292 2445 1454 2506 hunc
1499 2445 1795 2525 explicat,
1843 2443 2007 2524 quod

714 2534 911 2613 uitur:
973 2541 1422 2609 aryumentum
1482 2553 1617 2594 non
1679 2550 2007 2609 apparen-

713 2632 805 2698 t,
857 2619 922 2681 id
953 2628 1046 2680 est
1075 2640 1307 2693 eorum,
1362 2639 1520 2700 quae
1550 2639 1669 2679 non
1709 2617 2008 2678 videntur.

713 2708 845 2769 itur
877 2711 1039 2768 enim
1070 2708 1217 2770 fides
1262 2714 1710 2782 armamentum
1754 2707 1884 2766 sive
1918 2700 2012 2781 (ut

713 2792 771 2855 id
798 2794 1208 2874 Augustinum
1253 2794 1530 2873 aliosque
1572 2800 1805 2854 veteres
1845 2791 2007 2850 Lati-

713 2881 1015 2944 isubinde
1060 2876 1301 2962 legitur)
1344 2883 1693 2955 convictio,
1741 2878 2010 2942 Graece:

713 2981 881 3048 ιγχος
897 3014 918 3045 ,
951 2968 1067 3029 hoc
1099 2978 1209 3042 est,
1242 2970 1509 3029 ostensio
1540 2988 1613 3029 ac
1644 2968 2010 3028 demonstra-

728 3075 932 3118 eurnm
962 3076 1195 3130 rerum,
1250 3075 1411 3136 qnae
1458 3076 1495 3116 a
1539 3053 1716 3115 nobis
1761 3075 1881 3115 non
1921 3056 2008 3113 vi—

713 3151 853 3217 m,
906 3141 968 3203 id
1016 3149 1137 3216 est',
1190 3162 1344 3224 quas
1388 3162 1501 3203 nec
1545 3161 1725 3202 sensu
1755 3141 2012 3221 percipi·

712 3250 775 3303 ι,
822 3249 937 3291 nec
967 3231 1200 3291 ratione
1231 3227 1822 3308 comprehendimus,
1876 3249 2010 3308 pro·

712 3333 820 3378 m
848 3318 1015 3398 quod
1063 3336 1165 3377 eas
1205 3326 1329 3377 tam
1376 3324 1541 3376 certo
1577 3315 1765 3376 oculis
1796 3316 2013 3375 mentis

712 3411 852 3465 fiae
881 3410 1327 3483 repraesentet,
1366 3422 1438 3463 ac
1467 3404 1515 3461 si
1547 3423 1615 3463 re
1647 3404 1784 3482 ipsa
1815 3420 2014 3461 coram

712 3489 851 3552 uine
883 3500 1118 3563 essent,
1171 3490 1416 3569 jamque
1447 3481 1774 3549 exhibitae.
1843 3488 2013 3548 Haec
2074 3523 2078 3569 ί

713 3577 843 3660 ippe
872 3577 1020 3638 fidei
1064 3577 1197 3637 lans
1242 3586 1367 3650 est,
1414 3586 1664 3657 propter
1696 3576 2012 3635 auctorita‘-

711 3682 742 3723 ι
768 3661 1035 3726 divinem
1065 3683 1381 3724 assensum
1410 3664 1811 3723 firmissimum
1846 3681 2014 3742 prae·

712 3752 903 3824 reiis,
957 3770 1118 3831 quae
1153 3771 1271 3811 non
1315 3760 1642 3832 apparent,
1695 3759 2019 3828 utcumque

711 3835 907 3899 elamet
934 3858 1149 3899 sensus
1182 3846 1386 3899 noster
1417 3835 1691 3897 carnalia.

720 3921 1096 4005 Quamquam
1129 3925 1454 4004 contingit,
1496 3933 1557 3984 et
1590 3943 1691 3996 ea,
1723 3940 1882 4002 quae
1914 3940 2016 4000 ap-

711 4020 864 4085 tent,
892 4013 944 4071 si
975 4011 1379 4072 testimonium
1410 4010 1634 4071 habent
1665 4008 1953 4078 divinum,
1985 4026 2020 4065 a

711 4093 800 4158 »bin
826 4095 1024 4173 credi3
1065 4097 1174 4159 sed
1203 4098 1264 4159 in
1297 4100 1372 4158 iis
1402 4096 1716 4159 credendis
1750 4117 1869 4155 non
1900 4093 2019 4153 elu-

711 4186 938 4246 tvirtus
967 4184 1111 4245 fidei
1129 4227 1144 4258 ,
1190 4188 1336 4265 quia
1364 4187 1538 4246 etiam
1571 4184 1701 4244 sine
1733 4179 2025 4261 ejusmodi

711 4271 966 4333 amenio
1018 4273 1414 4352 recipiuntur,
1468 4269 1638 4334 velut
1697 4288 1875 4329 sensu
1928 4265 2025 4328 vel

710 4360 1007 4440 perienti-
1032 4365 1094 4419 et
1115 4358 1396 4419 humanis
1413 4359 1768 4419 testimoniis
1785 4353 2025 4416 abunde

711 4446 899 4526 gnita3
953 4455 1053 4517 ut,
1107 4445 1318 4507 Jesum
1372 4445 1716 4525 crucifixum
1768 4453 1832 4503 et
1872 4461 2023 4502 mor-

710 4547 795 4592 m
838 4547 1011 4605 esse,
1052 4529 1356 4592 Davidem
1401 4549 1716 4611 regnasse,
1768 4529 2027 4589 Paulum

710 4617 907 4680 atibus
935 4616 1343 4700 praedicasse.
1394 4617 1530 4697 Quo
1555 4614 1868 4678 reserenda
1893 4622 2030 4676 sunt

709 4703 807 4764 hm
836 4724 939 4779 ee,
993 4724 1246 4785 quorum
1288 4703 1497 4765 haberi
1543 4712 1742 4784 potest
1774 4703 2030 4764 scientia

709 4793 1122 4865 monstrativa,
1152 4802 1223 4851 nt
1251 4811 1438 4851 unum
1470 4810 1601 4852 esse
1632 4792 1831 4851 Deum
1863 4787 2027 4869 Opti-

709 4891 793 4936 ΙΙΙ
819 4873 1179 4949 Maximum,
1226 4887 1289 4941 et
1317 4880 1437 4938 alia
1466 4875 1825 4958 hujusmodi.
1893 4873 2033 4935 Non

709 4975 779 5044 gu
829 4963 1018 5024 sentit
1077 4961 1432 5042 Apostolus,
1491 4963 1554 5024 id
1608 4983 1811 5036 omne,
1871 4959 2032 5045 quod
2089 4990 2090 4996 κ

709 5045 923 5123 duur,
972 5066 1109 5110 esee
1152 5070 1275 5111 non
1316 5070 1643 5132 apparen83
1694 5048 1805 5113 sed
1857 5043 2035 5111 fidem

3360 592 3512 691 ἁτε

2116 813 2251 857 esse
2282 814 2416 856 eam
2445 796 2629 856 animi
2676 792 3066 875 qualitatem,
3114 813 3236 874 qua
3266 799 3513 873 propter

2112 882 2233 942 Dei
2293 883 2541 942 verbum
2595 901 2667 942 ac
2721 883 3123 942 testimonium
3184 881 3509 941 certissime

2112 969 2433 1050 recipimus
2465 972 2643 1029 etiam
2688 989 2789 1043 ea,
2835 988 2990 1049 quae
3037 990 3157 1029 non
3202 976 3511 1048 apparent,

2069 1112 2070 1115 ,
2114 1073 2395 1136 quaeque
2427 1075 2639 1117 sensus
2671 1046 2965 1116 humanus
2996 1055 3239 1115 credere
3262 1053 3507 1134 refugit.

2111 1140 2283 1202 Haec
2314 1143 2469 1201 enim
2501 1150 2652 1216 sunt,
2693 1161 2853 1222 quae
2884 1162 2994 1222 per
3032 1160 3100 1201 se
3132 1140 3243 1201 sub
3276 1141 3509 1220 objecto

2113 1227 2255 1288 fidei
2285 1226 2696 1305 continentur3
2729 1238 2969 1291 caetera
2999 1248 3119 1289 non
3149 1230 3313 1288 item.

2195 1356 2382 1417 Porro
2413 1357 2742 1418 notandum
2775 1367 2897 1430 est,
2951 1367 3183 1437 partem
3213 1356 3373 1416 hane
3400 1374 3503 1436 po·

2112 1445 2417 1503 steriorem
2450 1465 2570 1504 non
2617 1444 2811 1504 solum
2859 1445 3324 1524 explicationem
3369 1460 3510 1503 esse

2111 1530 2325 1609 prioris
2343 1574 2356 1601 ,
2432 1551 2639 1591 verum
2697 1534 2878 1591 etiam
2939 1532 3112 1610 plura
3171 1528 3505 1609 complecti.

2112 1617 2252 1677 Non
2284 1618 2446 1677 enim
2473 1620 2703 1690 omnia,
2737 1637 2890 1699 quae
2921 1619 3274 1691 creduntur,
3328 1617 3506 1677 etim

2113 1704 2258 1763 talia
2287 1711 2454 1776 sunt,
2485 1724 2644 1785 quae
2674 1714 3005 1784 sperentur.
3066 1704 3224 1764 Nm
3254 1701 3512 1764 credun--

2114 1798 2210 1850 tur
2238 1789 2397 1850 bona
2427 1799 2490 1852 et
2515 1793 2706 1865 mala,
2760 1794 3109 1871 praeterita,
3169 1790 3507 1871 praesentia

2112 1888 2173 1936 et
2200 1876 2436 1953 futura3
2469 1897 2606 1959 spes
2638 1887 2838 1939 autem
2862 1886 3090 1938 tentum
3121 1876 3200 1938 de
3227 1877 3403 1938 bouis
3433 1895 3512 1935 oo

2108 1963 2323 2025 futuris
2354 1973 2463 2024 est.
2522 1964 2715 2044 Igitur
2742 1965 3018 2044 Apostoli
3064 1965 3251 2026 verba
3288 1966 3376 2024 sie
3403 1976 3502 2023 ιο-

2113 2053 2265 2130 cipe,
2297 2054 2471 2130 quasi
2502 2050 2699 2111 dieat:
2730 2054 2846 2112 Est
2875 2060 3086 2112 autem
3111 2052 3267 2129 fides
3287 2067 3501 2111 rerum

2111 2139 2582 2214 sperandarum
2604 2140 2979 2214 substantia,
3015 2144 3076 2199 et
3097 2142 3360 2200 omnino
3392 2154 3504 2196 ar·-

2111 2232 2483 2301 9umcntum
2497 2243 2634 2286 non
2644 2229 3116 2302 apparentium.
3140 2229 3339 2306 Atque
3350 2225 3509 2285 hano

2115 2330 2248 2373 esse
2278 2311 2556 2391 Apostoli
2585 2324 2883 2385 mentem,
2928 2312 3005 2372 de
3043 2311 3160 2372 fide
3193 2311 3508 2383 disserere,

2069 2433 2070 2441 κ
2114 2420 2235 2459 non
2265 2399 2457 2458 solum
2486 2408 2551 2459 ut
2580 2401 2830 2479 respicit
2860 2418 2933 2459 ea
2962 2399 3145 2469 bona,
3193 2417 3349 2479 quae
3376 2412 3506 2477 spe-

2115 2494 2356 2557 rantur,
2409 2484 2518 2546 sed
2547 2488 2870 2566 generatim
2903 2488 3123 2560 omnia,
3169 2504 3326 2566 quae
3356 2484 3508 2545 divi·

2113 2574 2277 2632 nitus
2316 2571 2592 2633 revelata
2646 2571 2992 2645 creduntur,
3047 2573 3238 2653 liquet
3288 2584 3381 2632 er
3416 2591 3508 2632 se·

2115 2659 2458 2740 quentibus.
2532 2659 2679 2719 Mox
2712 2663 2870 2720 enim
2901 2659 3077 2720 dicit:
3128 2660 3292 2722 Fide
3318 2659 3510 2720 incel-

2115 2749 2402 2822 liyimuae‚
2448 2753 2677 2839 aptota
2708 2765 2832 2808 cuc
2862 2749 3118 2809 saecula
3146 2746 3340 2808 uerbo
3369 2747 3510 2808 Dua

2071 2862 2074 2874 .
2117 2833 2201 2893 Et
2252 2834 2433 2913 paulo
2485 2843 2651 2913 post:
2715 2835 2988 2897 credero
3042 2836 3218 2896 enim
3266 2835 3520 2910 oporto·

2116 2923 2516 2983 camdenum
2547 2923 2633 2982 ad
2665 2924 2872 2983 Deum
2889 2965 2911 2997 ,
2957 2925 3110 2999 quia
3141 2929 3230 2983 a·
3260 2930 3375 2982 ete.
3432 2922 3518 2982 Et

2117 3008 2272 3070 infra
2330 3008 2609 3070 laudatur
2660 3009 2815 3069 fides
2865 3011 3031 3080 Noe,
3089 3025 3209 3090 qua
3258 3006 3524 3070 credidit

2117 3096 2414 3157 diluvium
2472 3095 2765 3172 ἔσταιπῶς
2835 3114 2994 3177 quae
3053 3116 3172 3156 non
3230 3105 3358 3155 erat
3416 3111 3514 3156 ren

2118 3182 2447 3263 speranda,
2499 3184 2606 3243 sed
2634 3183 2959 3243 metuenda
3007 3185 3194 3243 etiarn
3219 3184 3336 3263 ipsi
3366 3182 3514 3242 noe.

2075 3286 2078 3297 ”
2119 3269 2279 3330 Nam
2324 3269 2404 3329 de
2450 3271 2581 3349 ipso
2628 3268 2873 3330 dicitur:
2936 3270 3226 3331 Metuens
3260 3270 3518 3346 optauit

2120 3375 2338 3417 arcam
2368 3358 2440 3416 in
2470 3356 2746 3417 caluam-
2767 3357 2998 3417 domuu
3029 3371 3206 3417 mae-0
3276 3354 3509 3415 Lude·

2123 3457 2218 3502 tur
2266 3453 2338 3502 et·
2371 3440 2524 3501 fides
2564 3444 2723 3502 Mani
2771 3442 3128 3503 colchi-antio
3179 3442 3412 3523 panuh&
3451 3450 3522 3501 et

2075 3585 2076 3593 ,
2123 3532 2433 3610 sanguinis
2486 3530 2863 3603 effusionem,
2922 3547 3030 3603 ue,
3083 3531 3188 3610 qui
3240 3528 3522 3590 vastabat

2122 3618 2459 3697 primitiva,
2491 3625 2762 3697 tangeret
2791 3636 2912 3677 eoa

2208 3747 2372 3808 Hinc
2421 3767 2562 3824 ergo
2605 3735 2922 3809 manifeste
2971 3745 3183 3809 erroris
3214 3736 3515 3812 convinci·

2124 3843 2219 3894 tur
2250 3832 2357 3894 illa
2385 3834 2621 3895 Erasini
2654 3835 2997 3908 annotatio,
3044 3852 3167 3914 qua
3197 3831 3373 3908 dicit,
3402 3832 3518 3894 hoc

2126 3924 2255 3981 loc-o
2303 3920 2489 3996 fidem
2520 3942 2641 3981 non
2675 3922 2954 4002 usurpari
2995 3941 3103 4002 pro
3152 3922 3238 3981 rie
3277 3940 3382 4002 pro
3429 3940 3519 3993 ea,

2126 4028 2247 4090 qua
2294 4007 2589 4067 credimus
2635 4007 2956 4080 credenda,
3010 3941 3519 4089 sesqua-spere·

2125 4114 2293 4168 mue,
2337 4094 2451 4153 boc
2483 4103 2608 4168 est,
2649 4095 2779 4175 ipsa
2809 4094 3046 4156 fidncia.
3125 4092 3308 4174 Quod
3337 4111 3521 4176 quam

2130 4181 2346 4241 salsum
2378 4180 2485 4252 sit,
2548 4181 2668 4256 jam
2698 4179 3082 4244 ostendimus.
3153 4181 3274 4243 Sed
3308 4201 3417 4242 nec
3448 4181 3521 4244 iis'

2132 4268 2615 4341 assentiendum,
2686 4269 2789 4348 qui
2847 4267 3026 4331 fidem
3074 4266 3172 4329 hic
3228 4267 3522 4349 ApostoIo

2132 4353 2598 4415 commendatam
2627 4355 2711 4415 ita
2734 4354 2858 4418 late
2883 4354 3232 4429 extendunt,
3255 4365 3323 4416 ut
3345 4356 3523 4418 etiam

2133 4461 2304 4522 spem
2335 4448 2520 4520 atque
2550 4441 2831 4503 fiduciam
2864 4439 3344 4523 comprehendat.
3384 4439 3526 4504 Non

2133 4530 2291 4589 enim
2322 4546 2461 4607 spes
2490 4550 2562 4588 ac
2589 4528 2828 4604 fiducia,
2843 4532 3026 4611 juxta
3057 4531 3258 4591 datam
3289 4549 3362 4590 ac
3389 4548 3522 4608 pro-

2131 4616 2335 4675 batam
2382 4616 2841 4694 expositionem,
2889 4624 2994 4677 aut
3036 4635 3233 4677 rerum
3278 4635 3522 4695 speran-

2135 4703 2350 4762 darum
2396 4703 2731 4764 substantia
2784 4713 2902 4776 est,
2961 4714 3062 4763 aut
3107 4711 3526 4782 argumentum

2135 4810 2256 4849 non
2302 4791 2749 4869 apparentium;
2802 4789 2910 4851 sed
2961 4789 3102 4850 inde
3145 4789 3412 4850 nascitur
3454 4808 3527 4852 ac

2138 4876 2411 4956 profluit,
2467 4884 2776 4956 tamquam
2821 4875 3051 4957 aliquid
3082 4885 3298 4936 natura
3325 4884 3523 4956 poste-

2135 4963 2282 5022 rius.
2357 4955 2513 5022 Nam
2562 4962 2715 5025 fides
2765 4983 2930 5044 spem
2981 4963 3173 5044 gignit
3222 4983 3293 5024 ac
3340 4951 3530 5038 fovet,

2137 5046 2440 5129 simulque
2468 5069 2602 5111 cum
2626 5070 2698 5112 ea
2717 5048 2951 5132 profert
2970 5049 3202 5113 fructus
3221 5060 3523 5132 praestan·

2963 5147 3116 5218 18*
