4442 5825
744 615 907 671 srrsroms
924 616 964 669 nn
982 615 1146 671 memma
1183 616 1268 671 uras
1287 616 1326 669 ra
1348 615 1388 668 ra
1685 617 1758 689 lut

349 796 416 852 retae
435 810 560 871 prorsus
581 792 655 853 nibil
676 792 806 865 obstare,
829 801 865 853 ut
885 812 942 854 noo
965 814 1010 866 aa,
1062 797 1181 854 ventris
1203 795 1267 866 tei,
1295 790 1326 852 id
1342 799 1396 863 ost
1411 792 1482 870 quia
1497 789 1672 851 benedictus
1688 799 1752 864 ete,

349 878 560 958 aasJosepbus
581 880 840 952 etDamasoonua‚
865 889 894 939 et
915 883 1009 961 siqui
1063 899 1191 959 eamque
1214 881 1429 959 expositionem
1455 878 1522 937 aliis
1545 879 1635 937 otiam
1658 898 1756 938 erem·

349 964 433 1039 ii,de
447 968 587 1026 convivio
601 966 745 1027 scribunt
776 965 847 1026 Non
861 969 941 1026 enim
957 987 1009 1027 ex·
1062 968 1122 1047 plis
1138 967 1279 1026 declarat.
1303 965 1378 1025 Cum
1391 985 1462 1043 ergo
1474 964 1594 1024 videret
1605 964 1756 1043 Hierony·

349 1050 437 1111 edunt
474 1052 666 1112 oblationem.
704 1053 766 1112 lmo
803 1053 1011 1113 Damascenus
1062 1073 1137 1126 mus,
1161 1056 1252 1112 etiam
1276 1054 1307 1110 in
1324 1053 1379 1111 boc
1401 1050 1469 1110 loco
1485 1050 1611 1112 Genesis
1632 1052 1758 1111 circum·

349 1142 404 1199 iam
426 1139 565 1212 includit,
589 1159 682 1219 quum
702 1139 788 1199 addit
810 1139 914 1199 eodem
936 1139 1010 1212 loco,
1063 1142 1204 1200 stantiam
1245 1139 1399 1218 postulare
1443 1157 1563 1199 sensum
1600 1138 1759 1209 causalem,

349 1243 446 1286 naam
469 1226 553 1286 illam
576 1226 794 1307 praebgnmsse
808 1244 943 1285 mensam
958 1246 1009 1285 no·
1064 1230 1175 1307 optime
1205 1227 1313 1285 vortit:
1348 1227 1431 1285 Erat
1461 1227 1554 1286 esaim.
1592 1225 1671 1284 Nam
1700 1225 1759 1284 nisi

349 1330 404 1371 ram
430 1314 608 1392 mysticam,
634 1315 773 1373 volutet
798 1313 936 1373 sacerdos
960 1312 1011 1372 ille
1064 1316 1140 1373 ratio
1168 1332 1221 1372 sou
1247 1331 1338 1372 unsa
1361 1311 1546 1388 significetur
1571 1313 1652 1390 ejus,
1679 1308 1760 1390 quod

349 1399 436 1468 niati.
456 1401 524 1459 veri
547 1398 721 1473 sacerdotis,
744 1399 872 1478 liguram
894 1409 924 1459 et
938 1401 1009 1460 ima·
1065 1398 1234 1479 praeeedit:
1255 1400 1425 1475 proferens
1444 1416 1564 1475 ponem
1581 1405 1611 1457 et
1634 1399 1758 1471 virtum,

349 1504 412 1545 nem
428 1505 502 1564 pree
518 1504 551 1545 se
565 1485 641 1545 tulit
1063 1506 1125 1547 non
1139 1484 1313 1546 cohaerebit
1327 1486 1431 1545 oratio.

354 1569 448 1651 Quod
462 1590 536 1631 vero
551 1570 590 1631 ad
605 1572 704 1632 LXX.
725 1571 951 1632 translationem
965 1580 1010 1631 at·
1108 1570 1200 1650 Quod
1215 1574 1291 1631 enim
1313 1572 1419 1631 dieunt
1434 1572 1611 1641 adversarii,
1634 1571 1680 1631 aie
1694 1589 1758 1629 ore·

349 1666 395 1731 ist,
409 1660 551 1739 quamvis
562 1677 618 1718 nec
632 1678 720 1718 casm
733 1657 855 1718 additus
871 1658 1012 1718 excludat
1065 1661 1177 1719 tionem
1193 1677 1259 1718 esse
1281 1656 1530 1734 distinguendam,
1553 1667 1589 1719 ut
1603 1657 1657 1719 illa
1671 1675 1758 1735 pars:

349 1744 496 1806 Monam
517 1746 601 1826 prius
621 1744 732 1804 laetam
745 1744 821 1817 Deo,
844 1754 945 1805 tamen
961 1764 1010 1804 se·
1064 1749 1108 1807 Et
1122 1749 1187 1821 ipse
1207 1747 1354 1805 sacerdos
1369 1746 1430 1804 Dei
1452 1746 1573 1819 eccela,
1599 1765 1619 1805 a
1634 1762 1757 1824 praeeo·

349 1833 520 1904 arbitror,
532 1831 713 1893 additionem
721 1831 921 1892 adulterinam
934 1850 1009 1891 esse.
1064 1832 1205 1892 dentibus
1227 1832 1371 1908 sejuncta,
1394 1832 1538 1892 reseratur
1559 1830 1599 1891 ad
1613 1831 1653 1903 id,
1676 1828 1759 1910 quod

349 1936 390 1979 tm
403 1928 438 1979 et
453 1917 547 1979 bodie
565 1919 660 1990 multi,
680 1919 761 2000 iique
778 1918 916 1978 meliores
931 1918 1010 1978 codi·
1064 1920 1214 2000 sequitur:
1237 1921 1281 1979 Et
1295 1919 1454 1979 benedixit
1469 1921 1507 1991 ei,
1529 1917 1671 1979 videlicet
1685 1925 1757 1976 tam·

349 2023 439 2069 suen
450 2006 581 2082 habent3
596 2024 652 2065 nec
666 2004 748 2085 apud
760 2004 1010 2084 Obrysostomum
1065 2026 1154 2086 quam
1170 2006 1317 2079 sacerdos,
1331 2005 1474 2065 novitium
1490 2014 1534 2065 est
1551 2014 1757 2065 commentum.

349 2092 453 2172 iusque
469 2101 598 2167 veteres,
622 2093 673 2172 qui
689 2090 831 2154 Genesim
846 2090 1011 2152 secundum
1063 2093 1134 2153 Non
1150 2094 1228 2152 onim
1244 2090 1402 2153 benedixit
1416 2095 1444 2151 ei
1459 2093 1601 2171 praecise,
1624 2093 1698 2171 quia
1712 2110 1758 2154 sa·

349 2178 411 2243 ΚΧ.
438 2180 608 2240 versionem
638 2186 693 2238 aut
719 2179 907 2258 interpretati
933 2187 1010 2250 sunt,
1064 2178 1185 2254 cordoa3
1208 2178 1358 2258 siqnidem
1384 2188 1416 2237 et
1438 2178 1592 2238 Abrabam
1618 2176 1759 2239 sacerdos

349 2268 556 2340 ttritaverunt,
571 2263 1010 2342 mnsadseriptusinvenitnr.
1065 2275 1145 2339 erat,
1168 2265 1223 2325 sed
1246 2267 1318 2344 quia
1343 2265 1453 2343 major3
1476 2267 1556 2325 sicut
1578 2264 1690 2325 dictum
1713 2272 1760 2325 est

349 2374 387 2417 ι
399 2351 486 2435 quod
505 2353 660 2431 objieiunt,
684 2354 715 2412 iu
729 2352 870 2412 Hebraeo
886 2373 945 2413 non
960 2352 1010 2412 be·
1064 2373 1161 2433 sopra,
1185 2353 1266 2433 quod
1289 2353 1386 2413 minus
1409 2359 1463 2424 ost,
1486 2373 1504 2411 a
1525 2351 1648 2412 meliore
1671 2351 1759 2411 bane·

349 2438 543 2509 daausalem
558 2438 755 2519 particulam:
773 2441 855 2500 Erat
867 2444 951 2499 esaim
961 2457 1009 2499 re·
1065 2440 1134 2500 diei.
1162 2437 1348 2500 Sacrificium
1372 2449 1470 2498 autam
1494 2438 1599 2500 offerre
1614 2439 1757 2518 propriis-

349 2528 432 2602 uos,
447 2526 504 2588 sed
515 2526 735 2608 copulativam:
750 2546 809 2587 non
821 2526 924 2606 utique
937 2526 1010 2587 Hie·
1064 2528 1141 2587 sima
1162 2527 1274 2587 lirnctio
1297 2535 1343 2586 est
1360 2524 1532 2585 sacerdotia.
1555 2525 1653 2597 Adde,
1676 2522 1759 2604 quod

349 2613 1011 2697 nymusiguoravitauctornostraeversionis,
1063 2613 1306 2674 adversariorum
1328 2613 1471 2672 novitiam
1495 2612 1577 2673 illam
1593 2612 1757 2673 distinotio-

349 2700 457 2782 bqne
484 2702 562 2760 citra
587 2701 820 2760 controversiam
842 2698 1011 2761 Hebraicae
1063 2719 1133 2762 nem
1148 2707 1293 2781 respuunt
1307 2697 1441 2759 Hebraei
1456 2699 1580 2773 codices,
1604 2698 1758 2779 inquibus

349 2808 439 2867 quas
462 2787 674 2867 peritissimus.
697 2786 756 2847 Cur
776 2787 870 2865 igitur
891 2786 933 2845 ita
946 2807 1011 2847 ver·
1063 2788 1198 2868 postilla
1212 2786 1320 2847 verba:
1337 2787 1380 2847 m
1394 2786 1758 2861 ipseseeerdoeDeiea·

349 2870 378 2934 ti
396 2875 454 2936 nisi
476 2875 552 2955 quia
573 2881 706 2946 ueremi,
729 2873 760 2934 iu
781 2891 818 2933 ea
836 2869 940 2952 lingna
954 2872 1009 2933 fre
1063 2873 1291 2947 retrahebatur
1305 2879 1454 2945 accentus,
1477 2873 1623 2945 indioans,
1644 2873 1685 2934 ibi
1701 2882 1757 2933 tar·

349 2979 411 3023 ts-
423 2980 503 3035 ssse,
523 2969 559 3021 ut
573 2960 747 3042 copulativa
769 2960 940 3037 conjunctio
957 2978 1010 3039 pro
1062 2963 1169 3022 minari
1185 2981 1302 3021 versum
1319 2981 1373 3022 sen
1389 2960 1560 3037 periodum3
1583 2969 1618 3018 ut
1632 2958 1759 3039 proinde

349 3047 428 3109 uti
443 3055 587 3127 ponatur3
609 3055 639 3107 et
662 3045 741 3127 quod
764 3049 914 3106 sententia
930 3046 1010 3107 clare
1063 3068 1133 3127 pars
1147 3049 1208 3107 ista
1223 3047 1419 3126 sequentibus
1434 3048 1553 3108 annecti
1567 3048 1690 3107 minime
1706 3045 1758 3106 de·

349 3133 490 3196 sdiserte
515 3135 634 3194 Latinis
658 3131 784 3194 auribus
808 3132 895 3193 reddi
919 3152 1011 3213 saepe
1062 3135 1142 3206 boat,
1155 3135 1209 3193 sed
1220 3134 1258 3192 ad
1269 3135 1479 3213 superiorasit
1489 3131 1655 3194 referenda.
1672 3132 1758 3214 Quae

349 3239 377 3282 tu
395 3228 505 3301 potest,
531 3221 592 3280 nisi
614 3220 822 3298 conjunctione
844 3228 874 3278 et
896 3227 1011 3279 mutata
1063 3219 1184 3300 quidem
1210 3220 1414 3280 Hebraeorum
1442 3219 1579 3279 codicum
1606 3220 1758 3279 distinctio

349 3306 535 3368 tunulum.
568 3305 620 3366 Sic
645 3306 725 3366 idem
749 3306 952 3385 Hieronymus
979 3309 1011 3366 in
1063 3327 1123 3366 non
1139 3315 1253 3367 temere
1269 3305 1471 3385 perturbanda
1487 3314 1539 3377 est,
1564 3305 1646 3384 quod
1661 3314 1691 3363 et
1708 3324 1756 3365 ve*

349 3391 419 3454 thu
445 3392 499 3453 lib.
525 3391 602 3453 Gen.
629 3412 694 3471 cap.
718 3394 769 3452 20.
794 3393 929 3472 scripsit:
956 3394 1010 3453 En
1064 3404 1110 3452 tus
1126 3394 1171 3465 sit,
1187 3402 1217 3452 et
1232 3392 1337 3452 eadem
1361 3394 1530 3452 inveniatur
1545 3394 1577 3451 in
1592 3390 1757 3453 Chaldaico

349 3482 463 3540 ueteris
482 3486 617 3555 propter
637 3478 813 3553 mulierem,
841 3497 938 3556 quom
957 3486 1010 3539 trs-
1062 3488 1156 3539 textu.
1179 3477 1239 3539 Sed
1260 3478 1337 3538 baec
1357 3478 1423 3558 plus
1444 3480 1518 3537 setis
1540 3498 1594 3557 pro
1617 3477 1758 3537 Davidiei

349 3569 400 3644 ἅς
424 3565 519 3626 debet
540 3566 625 3625 enim
647 3567 774 3641 etrum
801 3572 832 3625 et
855 3585 921 3644 cap
942 3567 1010 3625 30.:
1062 3585 1169 3626 versus
1184 3563 1397 3644 explicatione.
1420 3565 1510 3625 Nuuo
1525 3564 1565 3624 ad
1579 3563 1757 3643 Apostolum

349 3654 546 3730 &patmmto
572 3651 687 3725 didici,
713 3653 792 3727 quia
816 3651 1012 3713 benedixerit
1063 3660 1257 3713 revertamur.

349 3739 395 3799 ut
418 3741 516 3800 Deua
550 3735 631 3798 -Oum
656 3738 688 3797 in
714 3737 857 3798 Hebraeo
883 3740 938 3797 ait:
968 3741 1011 3799 Et
1108 3741 1158 3799 18.
1185 3739 1379 3814 Reprobotio
1408 3738 1534 3813 quidem
1564 3738 1599 3813 rit
1626 3756 1759 3813 proeae-

349 3841 388 3886 ω
408 3825 528 3886 bobus
545 3826 676 3900 viram
699 3831 729 3884 et
749 3823 910 3885 benedixit
924 3827 1009 3884 mibi.
1064 3826 1169 3886 dentis
1195 3827 1350 3886 mandati
1388 3823 1485 3903 Supra
1511 3823 1655 3897 diximus,
1681 3824 1759 3885 banc

349 3911 460 3972 'uiliter
480 3914 514 3972 'm
527 3908 640 3971 Psabn.
655 3911 706 3969 59.
726 3918 757 3969 at
772 3912 842 3970 107.
865 3912 956 3970 vertit
971 3931 1010 3971 ex
1064 3918 1180 3992 partem
1195 3912 1296 3972 inlerri
1312 3932 1351 3972 ex
1367 3909 1420 3971 illo
1436 3909 1645 3970 antecedente:
1661 3912 1696 3972 sa·
1709 3928 1758 3969 re·

349 3995 473 4060 m:
497 3999 552 4059 Du
572 3996 663 4059 uobis
676 3996 837 4058 auritium
857 4000 893 4058 ia
907 3998 1010 4058 tribu·
1063 3997 1204 4060 aradam
1219 3998 1459 4058 similitudinem
1472 3997 1692 4058 Melchisedech
1704 4006 1758 4058 eta

349 4085 444 4152 florae
486 4087 579 4145 Versa
604 4090 648 4144 est
673 4085 757 4142 ertim
782 4084 869 4144 solus
890 4084 931 4144 eb
953 4086 1010 4145 bo·
1064 4086 1176 4145 Verum
1206 4084 1343 4145 nonnihil
1372 4084 1517 4163 obstrepit
1544 4082 1660 4145 Graece
1690 4104 1758 4144 con·

349 4171 422 4248 Μ·
444 4190 513 4231 eum
527 4169 691 4249 utrobique
709 4168 828 4248 legatur
842 4170 1010 4232 Hebraico:
1060 4172 1177 4248 junctio
1193 4165 1246 4248 pit
1264 4162 1331 4247 γὰρ,
1351 4172 1383 4231 id
1398 4178 1443 4231 aar
1458 4173 1553 4244 oraim,
1569 4180 1604 4230 ut
1617 4173 1759 4233 Erasmus

349 4257 463 4319 teum
476 4258 564 4318 tulus
578 4257 734 4333 tamtam
758 4255 1009 4335 quemadmodum
1064 4264 1096 4319 et
1110 4256 1164 4317 alii
1178 4268 1349 4332 verterunt3
1373 4277 1449 4336 quae
1471 4256 1605 4337 prolecto
1619 4279 1680 4319 non
1695 4276 1757 4318 sor·

349 4343 458 4406 rm
480 4343 706 4404 mustelarum.
733 4341 886 4404 Interdum
909 4353 1010 4404 tamen
1064 4346 1110 4404 vit
1133 4345 1267 4405 illationi.
1289 4342 1482 4422 Respondete
1504 4362 1669 4424 possumus,
1691 4364 1757 4425 par·

349 4431 614 4510 nHisronymus
626 4429 867 4508 conjunctionem
879 4432 1010 4501 retinuit,
1064 4430 1189 4491 ticulum
1206 4425 1265 4508 γὰρ
1288 4433 1318 4490 in
1334 4430 1449 4491 Graeco
1471 4439 1555 4491 texto
1575 4431 1758 4510 adscriptam

349 4518 490 4578 simulari
504 4524 626 4598 poterat
645 4518 677 4576 in
692 4516 861 4593 causalem
884 4524 917 4577 ut
933 4516 1008 4578 Gon.
1063 4517 1156 4578 inisse
1172 4540 1191 4577 a
1206 4539 1265 4579 non
1288 4517 1532 4595 intelligentibus,
1552 4517 1633 4597 quod
1655 4518 1758 4578 existi·

349 4603 384 4664 l.:
404 4607 499 4667 Nune
513 4606 660 4679 coenobi,
674 4603 760 4680 quod
774 4606 883 4663 timeor
895 4606 1010 4665 Domi·
1063 4613 1185 4677 merent,
1212 4605 1260 4664 bio
1282 4622 1348 4664 esso
1363 4624 1471 4663 novam
1493 4603 1657 4682 periodum,
1680 4622 1758 4684 quae

349 4706 404 4766 n,
427 4698 457 4752 et
478 4707 548 4752 nort
566 4692 738 4767 pepercisti
757 4693 924 4764 enieeaito
943 4691 1009 4766 filio
1063 4694 1228 4752 contineret
1243 4690 1447 4770 probationem
1462 4691 1634 4768 superioris.
1658 4689 1757 4769 Quam
1808 4714 1812 4722 ·

349 4785 519 4856 apropter
534 4796 593 4852 me,
617 4776 720 4848 idest,
742 4778 816 4857 quia
829 4797 888 4837 non
904 4795 1007 4856 peper-
1063 4778 1264 4856 conjecturam
1288 4775 1474 4858 probabilem
1500 4773 1581 4847 lacit,
1604 4776 1686 4855 qnod
1702 4796 1758 4838 nec

349 4863 390 4926 st
412 4863 462 4925 sd
485 4863 614 4925 eundem
633 4863 753 4924 modum
774 4865 895 4943 exponit
910 4863 1008 4924 Theo·
1064 4866 1094 4924 in
1120 4874 1203 4924 textu
1226 4865 1352 4944 Syriaco
1374 4862 1493 4941 legatur
1514 4863 1643 4923 causalis
1666 4867 1756 4944 parti·

349 4950 477 5030 sylaetus
497 4949 573 5012 illud
591 4950 698 5011 Lucae
719 4955 762 5011 1.:
781 4951 954 5011 Benedicta
973 4958 1010 5009 tre
1064 4949 1143 5026 cula,
1158 4954 1259 5012 necin
1274 4959 1358 5011 textu
1374 4948 1583 5021 Ambrosiano,
1606 4971 1663 5011 nec
1677 4950 1757 5032 apud

349 5044 402 5100 ter
424 5038 592 5114 measa,
621 5046 652 5099 et
680 5037 858 5101 dameam
882 5038 1010 5115 fruetus
1063 5036 1141 5099 alios
1160 5046 1279 5100 veteres
1292 5037 1426 5099 Latinos.
1451 5034 1643 5117 Quamquam
1658 5047 1690 5099 et
1703 5038 1756 5100 ali·
