4442 5825
780 591 944 648 aretem
961 591 1001 647 ΑΒ
1020 592 1186 647 mulleos.
1221 592 1306 647 vtae
1324 592 1349 646 7.
1366 593 1391 646 b·
1408 610 1414 625 ··
1759 600 1807 668 39

356 767 489 844 genitus,
514 765 680 829 manifeste
701 767 852 848 d‘utingoi.
884 769 978 848 Atqui
1000 769 1057 830 hae
1109 777 1229 848 tempus
1244 767 1391 848 ampliari.
1413 768 1457 829 Iit
1474 767 1701 831 fundamentum
1717 768 1809 848 huius

359 855 473 913 ratione
487 856 569 915 satia
582 864 648 914 arat
670 852 800 917 dixisse:
822 857 884 934 Qui
897 857 980 932 fecit
994 875 1057 917 ao·
1109 855 1271 917 additionis
1290 856 1457 934 reperimus
1475 857 1506 916 in
1521 858 1714 918 annotatione
1732 875 1806 936 qua·

358 940 455 1014 celos,
482 959 544 1000 nec
566 948 691 1003 caetera
717 940 857 1004 addenda
879 951 982 1018 arant3
1004 940 1055 1003 dc·
1108 942 1178 1002 dam
1194 943 1290 1022 ipsius
1305 943 1445 1002 auctoris.

359 1026 439 1096 inde,
466 1025 628 1106 Scriptum
649 1030 832 1091 creationem
857 1029 901 1090 rei
928 1028 1056 1103 alicuius
1096 1082 1102 1092 .
1152 1032 1181 1090 8.
1206 1030 1258 1090 Ad
1273 1028 1376 1104 filium
1391 1036 1507 1090 auum.
1535 1029 1604 1090 Hoc
1619 1035 1673 1098 est,
1689 1028 1729 1089 de
1744 1027 1809 1089 filio

360 1113 394 1171 ab
407 1113 496 1174 initio
519 1113 626 1175 mundi
641 1113 806 1195 productas
820 1115 988 1195 significare
1003 1135 1054 1175 vo·
1108 1115 1183 1177 dicit
1198 1115 1360 1195 Scriptura.
1383 1115 1461 1175 Nom
1475 1115 1578 1188 verba,
1594 1135 1674 1195 quae
1689 1115 1738 1179 hie
1754 1113 1806 1174 ad·

359 1199 427 1271 lens,
449 1219 514 1260 nou
534 1201 614 1261 solet
628 1202 673 1262 uti
694 1202 787 1263 verbo
800 1204 968 1282 praesentis
983 1190 1054 1264 lem·
1108 1201 1265 1274 ducuntur,
1287 1221 1346 1260 nou
1369 1221 1407 1262 ex
1427 1220 1558 1281 persona
1571 1202 1640 1271 Dei,
1664 1200 1719 1265 aad
1734 1201 1806 1261 Pro·

359 1288 441 1366 poris,
465 1285 524 1346 sed
545 1288 712 1367 praeteriti.
736 1289 895 1369 Nusquam
919 1289 999 1349 enim
1014 1289 1054 1349 le-
1109 1290 1219 1368 phetae
1233 1287 1314 1348 diota
1329 1296 1407 1347 sunt.
1434 1289 1582 1350 Tlrreous
1597 1295 1681 1362 turer,
1711 1289 1805 1360 Deru,

360 1374 449 1451 gion:
472 1373 564 1433 Deus
584 1372 659 1435 tacit
678 1374 795 1436 coelum
818 1385 851 1436 et
865 1385 983 1449 terram,
1008 1395 1053 1435 so
1107 1379 1144 1436 io
1164 1376 1326 1435 socculum
1348 1373 1475 1435 sacculi.
1505 1375 1727 1435 Testimonium
1749 1372 1832 1452 hos,

361 1460 411 1519 leur
426 1467 461 1519 et
476 1459 602 1535 lunam3
616 1460 671 1520 aad
685 1461 766 1535 iecit,
781 1463 906 1523 creavit
1108 1470 1265 1538 acceptum
1282 1469 1384 1522 estex
1400 1460 1512 1522 Psalm.
1529 1463 1580 1522 44.
1596 1459 1696 1540 Quem
1710 1466 1807 1521 totum

395 1548 536 1626 Apparet
552 1548 665 1624 itaque,
687 1568 807 1610 sensum
830 1548 964 1610 secundo
987 1549 1055 1609 loeo
1108 1548 1147 1608 de
1161 1547 1274 1607 Massia
1295 1548 1439 1626 scriptum
1455 1567 1530 1622 esse,
1549 1548 1639 1608 etiam
1654 1545 1804 1607 Rabbino·

359 1632 477 1692 silatum
501 1653 540 1693 ex
564 1632 741 1712 Augustino
767 1644 798 1696 et
816 1635 964 1715 Gregorio
986 1655 1056 1697 euru
1109 1653 1174 1694 rum
1200 1635 1403 1695 commentarii
1430 1641 1585 1694 testantur.
1625 1634 1679 1694 Est
1708 1641 1806 1693 autam

360 1738 438 1789 esse,
461 1738 557 1799 quem
580 1719 697 1781 Paulus
720 1721 769 1782 bic
791 1724 982 1802 spectaverit.
1006 1722 1055 1781 Ad
1108 1720 1195 1782 velut
1210 1720 1446 1801 epithalamium,
1469 1740 1529 1801 quo
1552 1720 1676 1800 nuptiae
1692 1718 1806 1781 Christi

361 1804 387 1864 id
406 1824 496 1876 varo,
522 1805 607 1885 quod
630 1805 830 1886 objiciebatur
850 1805 888 1868 do
909 1809 1054 1882 articulis,
1107 1809 1210 1888 sponsi
1226 1817 1256 1869 at
1271 1826 1400 1887 sponsae
1422 1807 1490 1884 ejus
1504 1806 1661 1868 Ecclesiae
1678 1826 1715 1866 ex
1730 1825 1803 1886 gen·

361 1892 535 1972 responderi
558 1900 661 1972 potest
675 1912 743 1955 eam
761 1895 896 1975 regulam
910 1915 971 1957 non
986 1914 1054 1956 esso
1108 1896 1189 1956 tibus
1215 1892 1448 1973 congregandae
1477 1893 1673 1955 celebrantur.
1711 1890 1806 1954 Nulla

362 1990 542 2059 perpensam.
570 1979 661 2040 Varie
683 1981 762 2041 anim
784 1981 895 2045 Graeci
919 1982 1056 2043 articulis
1107 1981 1201 2060 igitur
1221 2000 1289 2042 esse
1309 1987 1408 2060 potest
1423 1978 1580 2055 dubitatio,
1603 1980 1677 2061 quin
1697 1998 1806 2041 versus

362 2075 485 2139 utuntur,
501 2074 600 2126 otest
615 2068 812 2129 notissimum.
1107 2067 1158 2127 hic
1179 2067 1302 2146 allegati
1325 2068 1413 2127 etiam
1435 2066 1597 2128 secuudum
1619 2066 1738 2129 literam
1765 2064 1806 2128 ad

667 2206 701 2221 ,,
1055 2198 1058 2203 -
1108 2153 1258 2214 Christum
1283 2173 1384 2214 verum
1408 2152 1599 2216 Salomonem
1625 2153 1805 2232 pertineant.

587 2205 720 2266 Addam
734 2208 773 2267 Β·
788 2208 825 2267 Ρ·
1108 2239 1249 2301 Continet
1278 2248 1379 2301 autem
1408 2240 1486 2300 baec
1515 2259 1586 2319 para
1615 2238 1805 2300 manifestam

398 2327 439 2386 Et
462 2335 515 2398 ut,
541 2324 626 2405 quod
653 2326 698 2386 illi
720 2325 759 2387 de
780 2327 915 2387 articulis
940 2326 1055 2399 dicunt,
1107 2329 1303 2388 assertionem
1338 2324 1504 2387 divinitatis
1533 2323 1657 2386 Christi.
1702 2323 1805 2404 Quan-

365 2415 444 2475 stiam
457 2412 511 2473 lrio
525 2431 633 2473 verum
648 2432 717 2475 esse
733 2413 929 2474 concedatur:
946 2415 1056 2492 poterit
1106 2433 1196 2494 quam
1225 2413 1282 2473 hoc
1311 2409 1435 2471 eludare
1465 2413 1601 2473 volantes
1629 2409 1744 2473 Judaai
1773 2417 1806 2473 et

368 2499 552 2560 nihilominus
576 2519 683 2560 sensus
706 2518 775 2561 ease
797 2499 962 2578 ejusmodi:
993 2499 1055 2578 Qui
1106 2499 1220 2572 Ariani,
1242 2501 1294 2579 qui
1316 2497 1470 2560 Christum
1494 2499 1614 2577 proprie
1629 2497 1729 2558 Deum
1750 2515 1803 2559 ne·

369 2605 428 2664 quos
441 2586 628 2647 decreverat
644 2606 712 2647 esse
726 2605 798 2648 suos
813 2588 934 2649 nuntios
949 2607 985 2646 ac
1001 2586 1053 2645 mi·
1106 2593 1187 2666 gant,
1209 2587 1294 2647 varia
1314 2587 1475 2647 commenti
1498 2595 1570 2648 eunt
1583 2580 1702 2664 effugia.
1728 2583 1803 2665 Qui·

366 2674 476 2743 marm,
502 2671 625 2734 eosdem
639 2674 713 2735 lacit
727 2674 911 2735 substautias
934 2674 1054 2754 penitus
1106 2672 1176 2734 dam
1202 2675 1280 2734 enim
1304 2671 1408 2733 dicunt
1430 2671 1610 2734 vocabulum
1630 2672 1718 2732 Deus
1743 2691 1805 2733 uon

364 2759 569 2821 immateriales
590 2779 645 2821 seu
663 2759 757 2840 plane
778 2761 964 2840 spirituales3
988 2779 1052 2821 eos·
1091 2762 1176 2820 ‘esse
1200 2760 1332 2819 vocativi
1356 2779 1453 2833 casua
1479 2759 1532 2819 sod
1557 2757 1749 2833 nominativi;
1770 2763 1804 2818 ut

363 2843 420 2906 dem
441 2844 517 2908 iecit
539 2847 627 2926 quasi
651 2848 749 2927 ignem
770 2855 914 2922 urentem,
936 2846 1054 2908 lucidos
1107 2865 1212 2907 sensus
1228 2846 1282 2906 sit:
1306 2844 1472 2921 OGhriste,
1489 2845 1623 2921 monus,
1639 2843 1742 2918 idest,
1758 2863 1804 2905 se·

361 2935 493 2994 nimirum
504 2935 686 3013 cognitione,
702 2943 731 2997 at
743 2934 891 2997 charitate
903 2934 1052 2996 ardentes.
1106 2934 1161 2996 des
1176 2953 1212 2996 ac
1226 2933 1333 2994 solium
1348 2942 1432 2994 tuum
1447 2943 1602 2995 aeternum
1618 2940 1666 2993 est
1679 2930 1776 2993 Deus.

362 3018 444 3099 Quae
465 3021 618 3100 expositio
641 3021 755 3101 aliquid
774 3020 865 3082 habet
877 3041 897 3082 a
911 3022 1053 3094 secunda,
1150 3021 1263 3081 Verum
1284 3021 1373 3081 nimis
1393 3029 1530 3082 contorta
1550 3028 1598 3084 ast·
1617 3017 1694 3079 haec
1710 3036 1801 3099 expo

362 3106 473 3185 aliquid
488 3127 506 3167 a
523 3108 615 3168 tertia
637 3109 869 3188 explicationem
885 3108 1052 3170 allatarum.
1106 3108 1178 3168 sitio
1194 3116 1258 3167 eta
1278 3105 1492 3168 consuetudine
1507 3106 1678 3187 Scripturas
1692 3104 1802 3166 alisna

362 3195 397 3254 nt
416 3213 484 3254 cum
507 3194 548 3254 ab
563 3194 738 3256 auctoribus
758 3197 863 3256 tertiae
887 3195 1053 3274 quaeritur,
1104 3194 1184 3254 Nam
1199 3213 1291 3274 saepe
1310 3192 1434 3274 quidam
1450 3194 1579 3273 legimus
1594 3191 1721 3262 coelum,
1743 3199 1802 3254 tar

361 3279 429 3359 quid
443 3300 480 3340 aa
495 3279 591 3340 iaciat
601 3279 642 3342 ad
656 3300 718 3343 rem
734 3292 939 3361 praesentem:
955 3289 1054 3360 potest
1104 3301 1178 3355 ram,
1198 3280 1332 3358 angelos,
1355 3280 1492 3341 homines
1503 3282 1605 3359 justos
1619 3298 1687 3340 assa
1701 3278 1802 3339 mam

359 3365 540 3445 responderi,
555 3386 739 3447 magnopere
752 3367 870 3444 tacere,
892 3378 1053 3449 propterea
1104 3368 1184 3443 Dei,
1199 3375 1235 3426 ut
1248 3366 1272 3427 J
1274 3386 1316 3426 ea.
1333 3370 1383 3429 66.
1413 3367 1541 3429 Ocelum
1557 3368 1635 3427 mili
1649 3365 1734 3425 seder
1747 3371 1800 3425 est.

361 3452 437 3532 quod
451 3453 499 3514 illi
514 3453 638 3533 spiritus
652 3453 703 3515 hic
718 3464 863 3521 vocentur
877 3454 937 3516 Dei
951 3454 1050 3516 nuntii
1104 3453 1169 3515 Col.
1187 3458 1213 3513 1.
1234 3454 1313 3515 Siue
1328 3455 1448 3528 throni,
1471 3455 1535 3514 aive
1556 3453 1800 3526 dominationes,

362 3560 396 3600 ac
407 3541 543 3610 ministri,
560 3559 640 3619 quae
654 3540 880 3604 nomenclatura
894 3540 976 3602 Filio
991 3539 1052 3602 Dei
1103 3550 1134 3602 at
1141 3538 1215 3602 illud
1223 3540 1303 3619 apud
1312 3547 1429 3600 vetares
1437 3540 1801 3621 frequentatumzdns'mo

359 3645 504 3707 nusquam
527 3627 560 3687 in
581 3627 675 3688 sacris
694 3628 791 3690 literis
814 3629 969 3703 tribuitur,
995 3627 1051 3688 nisi
1098 3630 1178 3704 justi
1203 3627 1288 3688 sedes
1313 3629 1498 3704 sapientior.
1535 3626 1579 3688 At
1603 3625 1704 3686 Deum
1732 3642 1802 3686 essa

359 3713 520 3774 soeundum
542 3723 680 3775 naturam
700 3713 870 3775 humanam.
893 3712 983 3794 Quod
998 3732 1050 3773 au·
1103 3713 1205 3776 sedem
1228 3712 1365 3787 hominis,
1386 3713 1469 3775 nulla
1484 3714 1640 3793 Scriptura
1662 3708 1800 3794 prodidit

359 3811 415 3860 tem
437 3800 611 3862 llebraeum
634 3821 742 3862 nomen
763 3803 862 3862 much
883 3803 975 3862 etiam
990 3801 1050 3878 spi·
1104 3801 1170 3861 Nae
1195 3820 1267 3862 vero
1294 3820 1347 3881 pro
1373 3801 1431 3862 hac
1456 3801 1704 3879 interpretatione
1727 3796 1804 3860 facit

359 3887 496 3947 ritualarn
518 3886 720 3948 substantiam
745 3888 898 3969 planeque
919 3889 1050 3948 immate
1103 3894 1208 3948 textus
1224 3888 1370 3968 Apostoli,
1386 3889 1439 3972 qui
1454 3894 1574 3948 secutus
1591 3885 1690 3947 LXX.
1707 3886 1801 3947 norni-

359 3973 458 4035 rialam
479 3974 645 4053 significet,
668 3973 739 4035 licat
757 3975 923 4036 Jausenius
946 3977 977 4036 in
1000 3994 1050 4034 au·
1104 3972 1198 4036 nandi
1220 3992 1292 4033 casu
1316 3975 1435 4054 scripsit
1451 3968 1468 4033 ὁ
1486 3964 1577 4041 Θεός.
1603 3972 1653 4034 Sic
1676 3972 1755 4032 enim
1770 3973 1802 4034 in

361 4070 442 4122 notat
474 4059 514 4120 ad
536 4060 648 4123 Psalm.
667 4062 738 4123 103.
761 4080 873 4141 negare
895 4060 1051 4130 videatur,
1104 4059 1236 4122 Psalmis
1261 4062 1371 4140 passim
1393 4060 1549 4134 scribitur,
1575 4079 1629 4140 pro
1652 4058 1801 4119 vocativo.

360 4148 435 4210 idam
463 4156 568 4208 tamen
596 4147 734 4209 coneedit
762 4150 792 4208 iu
819 4147 969 4209 Psalmum
999 4147 1052 4206 ult
1104 4147 1147 4207 Et
1168 4146 1283 4225 alioqui
1305 4145 1455 4208 familiare
1470 4146 1596 4209 Graecis
1617 4154 1670 4220 est,
1692 4145 1802 4210 Attici·

361 4245 456 4295 annot
469 4234 585 4307 ultima,
600 4234 868 4296 atoonoedendum
880 4234 1054 4312 esseliquet
1105 4233 1298 4315 praesertim,
1330 4232 1503 4295 nominandi
1530 4253 1633 4295 casum
1663 4234 1803 4294 vocative

363 4341 398 4382 cr
419 4321 496 4383 Gau.
518 4323 570 4393 41,
585 4322 637 4384 38.
660 4340 727 4402 cap.
743 4321 794 4393 45,
810 4322 860 4382 27.
886 4319 985 4382 Exod.
1001 4320 1052 4392 28,
1104 4339 1230 4381 sumere.
1255 4319 1344 4382 Carta
1357 4320 1471 4399 Aquila
1485 4320 1633 4391 Judaaus,
1648 4320 1801 4399 mesony-

364 4412 389 4468 3.
409 4429 475 4487 rap.
492 4413 545 4481 31,
558 4409 589 4468 3.
604 4428 670 4488 rap.
690 4411 740 4482 36,
760 4410 810 4470 31.
833 4417 865 4469 et
887 4408 957 4468 aliis
978 4408 1053 4468 locis
1105 4427 1154 4469 mo
1169 4416 1252 4480 reste,
1268 4409 1441 4468 vocativum
1457 4408 1557 4481 vertit,
1577 4397 1646 4467 est

364 4496 467 4556 uultis.
508 4494 600 4576 Quod
621 4495 672 4557 hic
693 4493 840 4557 dventu
860 4496 980 4556 tertiam
1002 4514 1052 4555 ex·
1150 4494 1243 4553 Porro
1266 4493 1317 4555 alii
1332 4495 1518 4555 Hebraicum
1533 4495 1660 4557 Elobt'm
1680 4497 1804 4553 venunt

364 4583 537 4660 positimem
558 4581 698 4661 objicitur
719 4581 756 4644 da
770 4582 863 4644 verbo
886 4581 1053 4663 praesentis
1104 4582 1137 4641 in
1161 4582 1344 4661 genitivum,
1370 4589 1402 4641 et
1427 4582 1605 4643 sententiam
1627 4577 1804 4658 repetitione

365 4670 508 4749 temporis,
535 4667 612 4731 solvi
640 4678 745 4749 potest,
766 4668 894 4730 dicendo
917 4666 1001 4745 quod
1023 4667 1054 4728 in
1105 4669 1214 4728 tltrorri
1240 4668 1397 4750 supplent,
1430 4669 1488 4729 hoc
1512 4666 1617 4729 modo:
1655 4666 1804 4727 Tbrostrss

366 4753 449 4818 llabr.
469 4766 501 4817 ot
514 4756 634 4818 Graeco
656 4757 901 4836 suutparticipia
916 4754 1053 4816 hocloco
1105 4762 1188 4831 tuus,
1205 4756 1338 4817 thronus
1354 4757 1423 4816 Dcs‘.
1446 4753 1686 4816 Sedethocuou
1701 4754 1803 4817 minua

368 4841 472 4921 siquos
500 4844 671 4923 praesentis
702 4844 859 4922 temporis,
892 4842 947 4904 sed
975 4861 1053 4923 quae
1105 4850 1309 4905 coactumest.
1331 4843 1442 4921 Neque
1457 4841 1538 4901 euim
1553 4860 1616 4902 moa
1629 4839 1803 4921 Scripturas

370 4941 479 5009 propter
494 4931 622 4991 verbum
634 4929 801 5010 principale
812 4932 966 5010 praeteriti
979 4939 1050 4990 tem·
1104 4927 1206 5004 habet,
1228 4940 1261 4991 ut
1274 4948 1392 5004 nomen,
1411 4949 1431 4988 a
1445 4947 1507 5007 quo
1521 4927 1673 5006 genitivus
1687 4929 1802 5008 regitur

370 5018 448 5092 poris,
467 5037 507 5080 sx
531 5035 595 5098 quo
615 5016 756 5098 pendent,
776 5017 895 5098 possint
914 5016 955 5079 ad
977 5015 1052 5078 illud
1104 5036 1140 5076 ac
1155 5014 1314 5098 dependat,
1329 5015 1534 5097 supprimatur
1548 5033 1585 5077 ao
1599 5012 1801 5098 supplendum
