4442 5825
764 581 927 639 timont
941 570 985 637 'tu
1002 582 1168 639 ultumos„
1202 583 1286 639 titiis.
1305 585 1329 637 t.
1346 584 1371 638 t.
1729 591 1775 665 pp

359 753 522 819 tutona
536 757 683 837 inhujus
704 757 952 835 bertrannum,
979 779 1023 820 se·
1077 762 1150 823 Non
1174 769 1287 823 eontra
1309 779 1367 822 nos
1390 767 1434 821 cst
1456 778 1606 823 murmur
1625 767 1777 837 vestrum,

359 854 412 903 itu
427 845 634 924 Augustinum
648 844 778 909 diversis
794 846 877 907 locis.
1076 848 1130 908 sed
1145 856 1258 909 contra
1273 849 1449 909 Dominum
1457 891 1468 924 ,
1486 846 1584 909 Exod.
1602 850 1667 921 16.,
1685 848 1727 909 its
1743 855 1775 909 et

368 930 1024 995 mmmmrtouonsnonndomdnm
1076 934 1115 994 sd
1130 935 1230 995 Deum
1247 934 1435 995 exacerbatio
1455 933 1561 995 roien-i
1576 942 1684 1014 potest,
1699 953 1772 1014 qua·

359 1021 513 1081 monta
533 1021 570 1081 in
592 1019 723 1080 deserto.
759 1019 796 1080 In
814 1020 956 1081 Hebraeo
980 1020 1025 1081 sic
1075 1029 1162 1082 tenus
1186 1022 1298 1100 injuris
1321 1019 1426 1082 famuli
1450 1021 1614 1083 Dominum
1637 1022 1769 1101 attingit

359 1102 506 1167 imnum
520 1105 644 1186 legitur:
667 1107 754 1169 Sicut
769 1107 1024 1180 Menstruanus
1076 1108 1168 1188 Quod
1191 1107 1300 1169 idcirco
1321 1107 1502 1169 monendum
1525 1105 1613 1187 duxi,
1645 1109 1719 1189 quia
1734 1109 1777 1171 vi·

359 1191 521 1254 claras
534 1196 573 1254 in
587 1194 716 1255 sueno.
751 1193 894 1255 Msribub
909 1202 1023 1256 contrs·
1075 1194 1141 1257 deri
1155 1203 1257 1274 potest
1272 1193 1687 1275 Apostolusinsequentibus
1702 1215 1771 1263 exa·

359 1278 503 1354 monem,
517 1282 748 1355 contentionem,
767 1281 849 1341 litern
864 1281 1023 1362 significat,
1076 1283 1277 1343 corbutionem
1293 1281 1331 1342 ad
1346 1282 1449 1343 Deum
1463 1280 1582 1343 referre.

359 1367 451 1427 sssuis
472 1369 679 1430 tentationem
717 1367 835 1447 Quibus
853 1368 1023 1429 nominibus
1119 1369 1235 1430 Sensus
1250 1369 1341 1448 igitur
1356 1377 1416 1429 est:
1439 1368 1487 1429 Ne
1511 1366 1663 1428 obduretis
1682 1366 1772 1429 corda

359 1450 499 1535 peilatus
523 1455 582 1517 init
603 1456 688 1517 locus
710 1457 741 1515 in
766 1453 942 1535 Rephidim,
971 1453 1023 1516 nbi
1075 1463 1194 1530 vestra,
1221 1457 1296 1517 siout
1316 1455 1386 1517 olim
1409 1454 1519 1515 iactum
1543 1463 1589 1515 est
1604 1474 1623 1514 a
1636 1454 1773 1535 patribus

359 1539 454 1621 puina
473 1541 665 1605 israeliticus
692 1542 840 1603 adversus
866 1544 967 1603 Deum
993 1548 1025 1603 at
1076 1543 1183 1604 vatris
1199 1544 1229 1603 in
1245 1561 1282 1603 eo
1304 1542 1388 1617 loco,
1412 1543 1465 1622 qui
1487 1550 1614 1603 vocatus
1635 1549 1683 1601 eet
1705 1561 1775 1605 exa·

359 1646 437 1688 nem
452 1648 661 1691 murmurasse
682 1628 811 1708 legitur,
835 1648 924 1708 quum
941 1628 1022 1689 labo·
1076 1629 1208 1691 cerbatio
1224 1647 1277 1689 sen
1294 1628 1503 1705 cunundicti03
1526 1629 1620 1699 sicut,
1644 1628 1773 1710 inqusns,

359 1722 403 1777 set
416 1734 523 1794 squse
537 1718 671 1797 penuria,
685 1715 783 1777 Exod.
798 1717 846 1776 17.
866 1715 1022 1777 Nemeum
1076 1715 1187 1777 factum
1203 1723 1251 1776 est
1264 1735 1300 1776 eo
1316 1725 1463 1797 tempore,
1486 1735 1544 1797 qno
1560 1714 1660 1776 Deum
1675 1724 1771 1777 teuts-

359 1800 471 1882 pulns‚
498 1811 534 1862 ut
555 1823 595 1863 sx
617 1812 704 1863 textu
724 1802 836 1882 liquet,
863 1801 1023 1881 dupliciter
1076 1812 1185 1864 verunt
1200 1803 1231 1863 in
1245 1802 1379 1877 deserto,
1402 1803 1543 1865 nimirum
1557 1822 1594 1862 ea
1608 1803 1775 1865 tentatione

359 1896 477 1962 unet,
494 1889 650 1969 jurgando
664 1899 767 1951 eontra
781 1890 897 1950 Mosem
913 1899 944 1951 et
958 1898 1019 1950 ten·
1076 1907 1157 1971 quae
1171 1910 1278 1951 nornen
1294 1889 1360 1951 loco
1380 1888 1472 1951 dedit

359 1972 548 2123 goDeum,
564 1985 690 2039 sumtus
705 1984 752 2037 est
765 1976 849 2038 locus
863 1976 929 2051 ilie,
944 1978 1023 2038 siout
1119 1981 1147 2040 9.
1177 1977 1238 2040 Ubi
1253 1984 1458 2039 tentaverunt
1480 1995 1529 2036 me
1542 1983 1651 2053 pann
1667 1977 1770 2037 uestri.

398 2061 515 2125 sbraeo
526 2063 662 2137 babetur,
678 2063 792 2144 duplici
803 2065 923 2125 nomine
935 2064 1022 2125 Moa-
1074 2064 1173 2125 Deum
1200 2084 1238 2125 ex
1260 2065 1389 2145 abrupto
1411 2063 1584 2145 loquentem
1604 2061 1707 2124 Dauid
1729 2064 1772 2125 in·

359 2148 589 2225 inueniat,
602 2150 633 2213 id
645 2159 693 2212 est
704 2154 837 2213 tentatio
849 2160 881 2214 et
891 2159 1023 2213 contra·
1076 2149 1175 2225 ducit,
1201 2170 1262 2232 quo
1277 2172 1374 2213 sermo
1397 2151 1438 2212 sit
1458 2150 1682 2228 vehementior3
1703 2170 1773 2212 nem
1856 2158 1864 2173 '

359 2238 426 2299 dio.
464 2236 516 2297 Ad
536 2236 615 2300 hunc
632 2240 723 2318 igitur
745 2238 898 2299 historiam
921 2237 1023 2299 Exodi
1075 2239 1230 2318 superiora
1254 2247 1340 2299 erent
1360 2238 1455 2300 verba
1477 2236 1661 2316 Prophetae,
1694 2237 1772 2319 Sup-

359 2326 454 2403 nexis
480 2323 671 2387 Psalmietea.
693 2324 751 2387 Est
776 2324 1023 2406 quidem-similis
1074 2324 1217 2405 piendum
1238 2326 1345 2405 igitur:
1378 2325 1455 2400 Ubi,
1482 2326 1589 2401 inquit
1603 2325 1771 2400 Dominus,

359 2411 434 2472 susis
445 2411 539 2473 Num.
549 2414 610 2487 20..
624 2411 679 2474 sed
692 2421 795 2475 tamen
805 2412 844 2473 ab
857 2412 914 2474 hnc
926 2412 1021 2473 diver·
1075 2419 1281 2474 tentaverunt
1297 2431 1346 2472 me
1365 2419 1477 2489 putres
1500 2414 1604 2471 vestri.
1642 2410 1712 2492 Quo
1728 2419 1771 2473 ta·

359 2514 413 2559 isc
433 2500 533 2561 multo
555 2499 710 2579 posterior.
746 2500 813 2561 Nee
827 2498 866 2559 ad
889 2520 954 2560 eam
973 2498 1023 2559 hic
1074 2519 1144 2579 men
1167 2498 1377 2579 supplemento
1397 2518 1458 2559 non
1477 2504 1581 2579 egent,
1604 2500 1658 2580 qni
1680 2498 1719 2561 ab
1735 2516 1772 2559 eo

359 2586 495 2665 fidius,
521 2588 595 2669 quia
615 2585 735 2648 nomina
756 2587 817 2647 loci
835 2604 896 2646 non
911 2604 1021 2647 eonve-
1074 2584 1157 2646 loco:
1184 2586 1307 2660 Hodie,
1333 2589 1481 2647 eivocem
1497 2587 1576 2662 Iulius
1591 2585 1770 2661 audieritis,

359 2670 423 2749 ὐς
443 2674 567 2735 nurchi
591 2672 649 2734 sub
669 2690 728 2733 nna
754 2666 933 2746 tentatione,
959 2672 1021 2733 suia
1075 2691 1141 2734 esse
1171 2671 1275 2733 dicunt
1303 2671 1398 2733 verbs
1424 2672 1524 2733 Patris
1549 2670 1704 2751 loquentia
1733 2670 1771 2732 de

359 2761 492 2823 nunna
507 2778 662 2839 expressa,
676 2768 815 2822 caeteras
830 2760 921 2821 etiam
936 2757 1021 2821 intel·
1074 2759 1169 2835 Filio,
1198 2760 1286 2839 cnjus
1320 2760 1487 2821 sententies
1517 2777 1610 2838 suprs
1637 2759 1771 2821 memini.

359 2864 415 2924 rte
448 2846 645 2909 Psalmistsm
670 2846 821 2921 voluisse,
853 2846 929 2907 nihil
954 2865 1020 2927 pro·
1072 2846 1187 2907 Loeale
1202 2844 1364 2924 relativum
1378 2845 1433 2906 ubi
1448 2843 1498 2905 vel
1514 2843 1553 2906 ad
1576 2842 1689 2921 locum,
1716 2846 1770 2928 qui

359 2931 420 3009 ist,
444 2937 507 2996 imo
522 2932 614 2994 vaide
628 2931 785 3010 probabile
800 2941 854 2996 est
1073 2933 1171 2995 dictus
1198 2941 1245 2994 est
1269 2933 1413 2994 Mertbub
1439 2940 1469 2994 et
1496 2933 1640 3008 Musaei,
1666 2932 1771 2995 referri

366 3021 459 3102 Quod
479 3029 580 3084 sutem
595 3017 713 3093 Lxx,
738 3039 862 3100 quorum
886 3020 1021 3080 versione
1072 3018 1484 3100 potcst‚ve1nddesertnnr.
1508 3018 1598 3099 Quod
1617 3021 1767 3100 posterius

359 3109 436 3174 tslns
451 3110 560 3180 utitur,
585 3125 751 3168 sermonem
767 3108 902 3181 rarisnt,
928 3107 1020 3186 priori
1072 3107 1169 3187 magia
1195 3106 1312 3185 placet,
1339 3113 1402 3166 tum
1430 3107 1502 3185 qnia
1523 3125 1633 3167 nomen
1660 3105 1770 3170 deserti

359 3215 387 3258 ss
405 3195 580 3260 scribentes
599 3195 696 3268 sient,
723 3193 888 3273 posteriore
907 3211 1020 3254 secun·
1071 3194 1209 3273 proxime
1224 3192 1395 3272 praecessit,
1415 3205 1477 3253 turn
1491 3201 1613 3272 propter
1627 3213 1674 3268 ea,
1689 3212 1770 3273 quse

359 3299 416 3360 ns,
447 3280 571 3344 turbare
599 3299 654 3341 nos
680 3300 742 3340 non
770 3279 871 3342 debet.
907 3277 1021 3342 Sensus
1071 3287 1254 3358 sequuntur,
1278 3278 1330 3338 ubi
1351 3298 1412 3339 non
1433 3280 1522 3339 unius
1549 3277 1681 3341 loci'aut
1695 3288 1767 3343 tem-

359 3369 398 3434 Ἰ
412 3367 495 3430 idem
511 3374 572 3442 αἱς
594 3386 664 3426 nam
678 3363 851 3427 seeundum
867 3366 949 3426 diem
965 3385 1019 3444 pro
1071 3367 1153 3445 poris
1168 3364 1305 3445 probatio
1318 3363 1509 3443 significatur,
1525 3365 1576 3426 sed
1590 3384 1670 3445 quea
1684 3364 1768 3427 iacta
1839 3401 1841 3406 ,

363 3454 470 3538 ‚quod
485 3461 532 3516 est
546 3454 626 3514 neret
641 3455 677 3513 in
691 3451 761 3527 dic,
783 3453 1019 3532 receptissimum
1071 3462 1118 3514 est
1142 3451 1173 3512 in
1199 3450 1320 3512 deserto
1347 3451 1419 3513 totis
1444 3450 1647 3532 quadringinta
1671 3452 1766 3512 annia.

359 3543 412 3604 tin
434 3543 529 3604 notu
550 3540 663 3610 literis,
686 3536 883 3616 octobre,
907 3537 1018 3600 Jerern.
1075 3541 1213 3601 Tentare
1229 3539 1334 3599 Deum
1351 3545 1410 3610 est,
1430 3536 1508 3598 dieto
1523 3536 1645 3600 factove
1660 3537 1765 3618 expio·

359 3633 389 3704 i..
410 3629 494 3690 Dsu.
511 3630 557 3698 9.,
582 3623 659 3686 Hos.
674 3626 704 3685 2.
720 3636 751 3685 et
763 3625 846 3686 alibi.
882 3623 974 3686 Unde
989 3634 1020 3687 et
1071 3645 1139 3686 rere
1153 3624 1220 3703 ejus
1231 3624 1403 3706 potentiam,
1422 3625 1587 3700 scientium,
1604 3626 1767 3699 veritatem,

526 3711 726 3774 indifferenter
753 3719 876 3774 vertunt
903 3713 1019 3772 utrovis
1071 3710 1291 3791 providentium
1306 3708 1359 3771 vel
1374 3710 1459 3773 aliud
1471 3710 1634 3792 quidpiam,
1651 3711 1690 3773 de
1705 3731 1765 3792 quo

359 3799 417 3862 idn.
441 3800 548 3881 Quare
562 3819 616 3879 pro
627 3818 673 3870 eo,
688 3797 1018 3877 quodvulgstsversio
1070 3797 1117 3860 iss
1133 3818 1194 3860 non
1216 3799 1255 3859 sit
1277 3796 1426 3859 dubitare.
1463 3797 1647 3878 Hujusmodi
1669 3806 1764 3860 tants·

359 3885 427 3950 bd:
449 3885 723 3950 metuendum
738 3887 942 3960 tentationis,
959 3905 1019 3945 uon
1070 3885 1167 3946 tiones
1181 3883 1243 3945 Dei
1257 3892 1378 3964 praeter
1393 3904 1467 3957 eam,
1482 3904 1563 3964 quae
1579 3904 1670 3963 supra
1685 3883 1767 3947 diets

359 3971 424 4036 istit
444 3974 593 4036 Erasmus
615 3978 750 4033 vertere:
776 3974 813 4034 in
835 3972 886 4032 dis
911 3978 1018 4032 tento·
1070 3980 1132 4043 est,
1150 3990 1242 4051 quam
1257 3979 1288 4031 et
1302 3969 1382 4032 eliae
1398 3969 1475 4030 duae
1490 3969 1586 4031 Exod.
1604 3969 1652 4032 16.
1668 3979 1699 4032 et
1716 3975 1765 4034 16.

359 4062 434 4136 nto,
450 4059 505 4123 sed
518 4059 618 4141 potius
629 4057 781 4138 explicare
795 4058 938 4139 phrasim,
951 4077 1016 4118 ver·
1070 4055 1240 4137 descriptae
1255 4065 1497 4135 praecessorem,
1514 4055 1614 4117 odhue
1628 4056 1708 4119 aliae
1722 4056 1764 4118 le

359 4143 428 4210 ndo:
452 4147 544 4210 Sicut
557 4147 594 4206 s'n
614 4145 667 4206 dic
685 4147 887 4220 tentationis,
914 4163 1016 4225 quem·
1069 4152 1179 4224 guntur
1193 4144 1226 4204 in
1240 4142 1316 4204 libro
1327 4144 1535 4217 Numerorum,
1552 4141 1626 4204 odeo
1639 4151 1672 4203 ut
1684 4144 1765 4205 dicat

359 4231 482 4298 hedum
497 4230 539 4305 id,
554 4229 636 4313 qnod
650 4239 695 4293 est
709 4232 740 4294 in
754 4231 909 4307 Hebraeo,
928 4231 1019 4292 vertit
1070 4229 1218 4291 Dominus
1227 4229 1393 4292 Num.14.:
1408 4228 1628 4293 Tentaverunt
1638 4233 1764 4305 maium

359 4319 534 4399 bronynrus
1066 4335 1127 4395 per
1152 4317 1256 4378 decem
1279 4320 1378 4392 nicea,
1405 4334 1463 4378 nec
1485 4317 1672 4380 obedierunt
1694 4319 1764 4379 voos'

362 4405 409 4470 Ex
423 4405 472 4468 bis
486 4412 646 4488 praeterea
659 4402 851 4466 manifestum
864 4411 923 4477 est,
939 4421 1016 4465 cera·
1068 4421 1164 4465 meos.
1203 4403 1304 4484 Quum
1330 4411 1430 4464 temen
1459 4403 1582 4464 Domini
1611 4402 1763 4485 querelam

359 4491 527 4556 mear
536 4536 549 4567 ‚
575 4510 667 4573 qusm
691 4510 745 4571 pro
764 4491 1016 4552 contradictione
1067 4489 1147 4552 aliae
1162 4488 1310 4570 quaedam
1333 4490 1512 4551 tentationes
1528 4489 1626 4551 adbuc
1640 4497 1762 4550 secutae

359 4575 511 4642 inierunt
533 4577 635 4641 LXX.
662 4578 854 4658 interpretes,
879 4577 1016 4657 proxime
1067 4584 1152 4648 sunt,
1168 4584 1202 4636 ut
1216 4597 1295 4657 quae
1310 4575 1482 4636 rotemntur
1496 4577 1585 4637 Num.
1603 4576 1651 4636 17.
1668 4584 1700 4636 et
1711 4574 1762 4635 20.

359 4686 380 4727 n
390 4667 429 4728 sd
443 4666 545 4727 Deum
559 4663 677 4739 referri,
691 4662 746 4725 sed
760 4662 800 4726 sd
813 4663 938 4736 Morem,
954 4663 1016 4742 qui,
1108 4662 1344 4739 Probnocrunt,
1361 4670 1390 4723 et
1405 4663 1556 4724 viderunt
1568 4679 1666 4738 opera
1681 4679 1761 4722 meu.

359 4752 428 4833 puin
443 4752 654 4816 ndueraumse
665 4749 929 4831 jurganteaesibi
945 4768 1013 4810 con·
1064 4749 1182 4811 Graece
1204 4748 1308 4810 addito
1326 4750 1515 4830 pronomine:
1541 4747 1763 4825 probaverunt

359 4837 489 4914 dente,
504 4836 708 4902 exacerbatus
721 4836 787 4898 tuit.
810 4836 1016 4898 Veruntamen
1066 4856 1124 4898 mc.
1161 4836 1240 4895 Nam
1261 4846 1293 4896 et
1315 4834 1510 4916 apudLXK
1527 4833 1706 4914 delegitur,
1733 4840 1763 4894 et

359 4933 396 4990 ut
407 4946 446 4988 ex
459 4924 661 5006 comquenti
672 4925 706 4986 in
720 4923 820 4985 Deum
834 4921 1015 4996 redundavit
1065 4925 1097 4984 in
1110 4921 1270 4997 Hebraeo,
1286 4931 1317 4986 st
1333 4925 1363 4984 in
1377 4921 1493 4983 Latinis
1509 4918 1697 4998 quibusdam,
1715 4926 1760 4982 at·

359 5012 623 5092 mdidinjnxts
636 5009 718 5094 quod
730 5008 803 5072 slibi
813 5009 915 5072 Moses
928 5007 1015 5072 dieii:
1066 5027 1128 5090 que
1149 5009 1238 5070 etism
1260 5010 1291 5070 in
1305 5007 1427 5072 Psalmo
1451 5026 1489 5068 ex
1502 5005 1640 5070 Romsna
1663 5025 1759 5093 corre·
