4442 5825
731 610 897 667 metrone!
913 611 1000 667 teeti
1017 611 1129 668 iecori
1165 613 1249 667 vidis·
1270 614 1387 667 12-14.
1708 622 1783 689 430

359 788 579 849 meminere
593 786 710 849 dnleem
725 797 902 849 etemerem
916 806 1034 867 equam.
1087 793 1247 850 rationem
1273 806 1363 850 raam
1389 792 1426 850 in
1458 790 1704 852 mansuetudine
1729 782 1784 851 ta·

359 870 428 933 inde
441 880 474 934 et
488 892 526 935 eo
539 873 784 956 distinguuntur,
810 872 893 953 qnod
907 874 1034 953 primum
1084 879 1238 953 pientiae.
1279 874 1394 949 Donet,
1419 886 1453 936 ut
1479 876 1543 937 eine
1568 878 1728 951 rapientia
1754 884 1785 938 et

359 958 510 1039 implum
524 960 1035 1043 magieproprieboniehominibue
1086 965 1218 1024 orientia
1243 965 1385 1043 magister
1411 964 1478 1043 quie
1501 981 1568 1024 oreo
1589 983 1648 1024 non
1675 973 1784 1044 potent,

359 1047 590 1123 mmmodetnr,
605 1058 743 1129 qnantum
756 1066 827 1110 rero
838 1047 933 1109 malie.
956 1047 1033 1109 Fon·
1087 1050 1130 1109 ite
1142 1070 1204 1110 non
1218 1068 1308 1130 poene
1330 1068 1438 1111 mnnue
1458 1048 1535 1110 iilud
1550 1050 1636 1111 obire
1650 1051 1683 1111 in
1697 1049 1782 1112 Bele-

359 1134 486 1195 nonim
509 1134 630 1197 duieem
651 1153 761 1217 eqnem
783 1132 913 1195 fundere
928 1134 1033 1208 nolent,
1086 1137 1133 1196 eie
1154 1137 1213 1197 Dei
1235 1155 1305 1198 oum
1325 1135 1535 1198 aedifioetione
1560 1145 1590 1197 ot
1615 1135 1731 1209 iruotu,
1758 1137 1785 1196 ei

359 1238 391 1281 n
405 1239 544 1283 mmm
557 1230 612 1283 ent
626 1221 752 1298 robam
778 1222 873 1281 merie
886 1239 959 1280 vero
975 1221 1032 1280 eal·
1086 1243 1147 1283 non
1162 1224 1254 1283 etiem
1270 1224 1345 1284 beoo
1360 1221 1421 1283 duo
1433 1231 1566 1303 praeetet
1576 1232 1671 1304 etque
1683 1231 1781 1285 oeten·

359 1324 397 1367 mr
412 1303 507 1381 dm,
526 1328 587 1369 non
601 1307 729 1370 dolrem.
751 1308 810 1369 Hie
825 1326 913 1387 porro
929 1326 1031 1367 coneo·
1085 1307 1154 1381 det,
1181 1313 1363 1371 exercitium
1389 1310 1546 1371 bononem
1572 1328 1706 1387 opernm
1713 1353 1724 1384 ,
1752 1317 1783 1371 et

359 1400 404 1453 int
418 1392 936 1475 mnostripruno‚utt1nn.t.2
959 1395 1032 1455 Non
1085 1397 1370 1461 mansuetudinem.
1406 1396 1468 1458 Ubi
1489 1396 1569 1457 bone
1591 1416 1682 1476 opere
1697 1393 1781 1472 (nem

359 1484 435 1541 rtret
448 1479 550 1542 artor
563 1481 649 1543 tona
659 1481 900 1558 motortrnotne
912 1480 1031 1558 faeere,
1085 1500 1202 1559 opera,
1228 1502 1288 1544 non
1314 1485 1533 1560 operationem
1555 1485 1587 1545 in
1609 1482 1727 1545 Greeeo
1751 1491 1782 1543 et

359 1584 436 1645 tque
450 1567 551 1630 arbor
560 1569 649 1629 mata
659 1569 759 1631 tanae
767 1569 895 1647 fruetur
904 1568 1012 1646 faeere
1018 1592 1032 1646 ,-
1084 1569 1212 1649 Syrieoo
1221 1565 1360 1648 legimur)
1372 1589 1410 1630 ee
1420 1571 1607 1650 petierimum
1618 1569 1783 1650 significet,

371 1654 723 1733 etp.12.=drrtsaoite
739 1655 886 1716 arborem
902 1653 1030 1730 bonam,
1084 1675 1162 1736 qnee
1185 1663 1255 1719 eunt
1279 1656 1500 1718 benefioentiee
1523 1676 1596 1736 erge
1618 1657 1781 1737 proxImoe.

367 1740 522 1819 fredum
537 1744 605 1815 einr
624 1742 760 1813 bonam·
784 1749 842 1802 ant
861 1742 959 1820 faaite
974 1760 1032 1801 ar·
1084 1742 1161 1804 Nem
1186 1744 1441 1806 maneaetudinir
1466 1750 1526 1817 eet,
1556 1742 1779 1806 edrereentinm

359 1844 441 1889 trem
455 1829 589 1903 matam,
604 1830 791 1908 etsrnetam
806 1832 873 1904 ejar
887 1829 1030 1905 malnm;
1084 1829 1135 1889 vei
1165 1828 1394 1910 obloquentium
1423 1830 1540 1910 injuriie
1576 1829 1659 1891 bend
1688 1829 1780 1891 ieoile

359 1932 419 1975 ern:
436 1915 603 1994 Quomodo
610 1918 741 1992 poteetir
753 1915 837 1977 tona
848 1916 946 1992 loqui,
959 1933 1031 1976 enm
1088 1919 1277 1980 eommoveri.
1299 1916 1474 1978 Modemtur
1488 1918 1566 1977 enim
1582 1915 1782 1979 mansuetudo

359 2002 397 2063 iit
410 2001 522 2062 mati?
543 2003 596 2064 Ex
609 2002 813 2065 abnndantia
827 2006 912 2064 enim
927 2002 1032 2064 eordir
1083 2005 1254 2083 pensionem
1283 2004 1353 2065 ime.
1391 2003 1492 2084 Quem
1521 2004 1662 2065 virtutem
1689 2006 1781 2064 etiem

359 2088 547 2165 riapuitrrr3
570 2090 735 2151 etiterum:
758 2092 870 2152 Bonnr
883 2089 976 2150 Pramo
992 2090 1031 2151 de
1084 2090 1198 2150 Peulue
1213 2091 1244 2150 in
1255 2091 1423 2172 Episcopo,
1439 2089 1472 2151 id
1487 2098 1534 2150 eet
1544 2089 1704 2151 Eooleeiee
1719 2110 1779 2150 me-

359 2192 415 2237 eno
438 2176 589 2237 therama
607 2178 736 2256 profert
751 2175 852 2251 bona,
876 2183 906 2236 et
926 2176 1031 2238 malon
1082 2177 1193 2256 gietro,
1208 2177 1401 2256 ringuluiter
1415 2176 1558 2257 requirit,
1573 2175 1644 2237 dnm
1658 2185 1780 2257 praeter

359 2278 426 2325 nna
440 2262 483 2322 de
497 2263 582 2323 maio
597 2263 744 2325 memoro
757 2264 885 2340 profert
899 2264 995 2323 mala.
1081 2262 1144 2324 elin
1158 2263 1305 2325 vulteum
1321 2274 1508 2326 mansuetum
1519 2281 1586 2323 eree
1600 2263 1644 2324 ad
1660 2281 1778 2338 omnee,

371 2352 427 2412 le
446 2350 929 2428 erirmpienretdireiptinatnr
943 2354 1029 2412 inter
1082 2356 1111 2410 et
1126 2369 1198 2411 oum
1213 2351 1367 2412 madentia
1390 2352 1615 2426 corripientem
1629 2368 1697 2425 eor,
1725 2353 1781 2427 pai

359 2436 408 2497 re?
431 2437 685 2513 Disciplinam,
706 2434 822 2499 Graeoe
841 2430 1027 2515 ἐπιστήμων,
1081 2440 1249 2512 rreirtnnt,
1267 2438 1378 2498 n'rim.
1395 2438 1424 2497 t.

372 2531 426 2585 eet
443 2526 565 2601 reione,
590 2526 724 2587 roientia
742 2524 917 2602 praeditur.
953 2524 1030 2604 Egit
1124 2522 1244 2584 Dioitnr
1258 2533 1358 2585 eutem
1375 2525 1443 2605 quie
1460 2523 1622 2584 artendere
1639 2539 1678 2585 en
1692 2522 1778 2585 bona

359 2608 421 2690 dnn
441 2612 551 2691 oepitie
570 2611 658 2672 initio
673 2611 708 2671 B.
723 2610 859 2672 Jeoobne
881 2609 1029 2671 edvereur
1081 2614 1319 2673 eonvertatione
1345 2615 1563 2688 operationem
1596 2628 1687 2670 raam
1713 2612 1778 2671 eine

359 2696 508 2759 ebitioeoe
533 2696 687 2772 doctore,
717 2717 843 2778 quornm
872 2697 1031 2759 aeoneione
1082 2715 1181 2774 opera
1195 2716 1271 2773 rua,
1295 2697 1365 2760 dum
1388 2697 1466 2759 bene
1481 2697 1690 2758 eonvereendo
1706 2696 1779 2758 feeit

359 2782 424 2845 nltn
446 2785 489 2845 de
506 2783 631 2864 linguae
652 2785 736 2847 vitiis
756 2784 905 2846 disseruit.
938 2783 1030 2845 Redit
1081 2804 1175 2865 opera
1188 2804 1243 2846 ene
1258 2785 1360 2846 luoere
1374 2805 1473 2846 eorem
1488 2784 1676 2861 hominibne3
1686 2784 1778 2863 juxte

359 2890 410 2934 ma
425 2869 468 2933 ad
482 2872 667 2944 institutum,
689 2878 721 2933 et
735 2892 814 2946 enm,
837 2872 886 2933 eui
901 2872 1029 2932 enientie
1080 2881 1273 2953 praereptum
1294 2874 1433 2946 Domini,
1459 2871 1509 2935 vel
1534 2873 1667 2933 menime
1686 2872 1776 2952 perti·

359 2959 474 3042 rgintro
490 2960 658 3020 ιιοοοοοιοίο
679 2980 739 3021 non
755 2957 854 3034 deeet,
878 2957 1026 3030 informet,
1080 2978 1156 3021 nene
1169 2958 1209 3019 ad
1225 2962 1399 3041 megietroe:
1419 2962 1470 3022 sie
1484 2961 1587 3021 luceat
1600 2960 1658 3022 int
1673 2966 1777 3019 vertra

359 3065 458 3119 eene,
487 3047 597 3126 qnibue
612 3045 744 3108 moribus
766 3066 833 3108 eeee
848 3045 973 3119 debon,
998 3046 1027 3106 ei
1080 3064 1187 3106 eoram
1203 3048 1393 3123 nominituo,
1410 3054 1446 3107 nt
1460 3045 1593 3109 videant
1607 3064 1706 3122 opera
1720 3065 1776 3107 ae·

359 3151 406 3196 ne
434 3140 558 3194 etrum
584 3132 684 3194 nnete
716 3153 772 3194 eno
801 3132 876 3194 velit
903 3150 1027 3193 munere
1079 3140 1147 3193 rtra
1159 3133 1294 3210 bana,et
1301 3135 1479 3213 ploritieent
1488 3134 1616 3194 Patrem
1624 3140 1775 3208 vestram,

359 3220 423 3300 ogi.
457 3218 503 3279 Et
529 3220 602 3299 quie
622 3220 806 3300 megietreiie
828 3218 881 3282 iile
902 3220 1027 3280 roientie
1080 3221 1136 3297 qni
1151 3224 1187 3281 in
1202 3221 1295 3283 eoelie
1310 3228 1361 3282 ert.
1399 3223 1494 3282 Porro
1517 3220 1598 3300 qnod
1617 3219 1706 3279 dicit:
1733 3222 1776 3282 In

359 3323 494 3368 meorum
509 3314 564 3378 eet,
579 3305 648 3367 ideo
661 3308 795 3387 quaerit:
812 3309 889 3387 Qnir
900 3308 1026 3382 repient
1078 3308 1323 3370 rnnnenetudine
1359 3309 1556 3385 rapientiae,
1598 3305 1694 3386 Syrus
1732 3308 1776 3368 ita

359 3413 382 3454 r.
409 3391 558 3455 Nominat
572 3401 674 3455 eutem
690 3395 766 3468 duo,
788 3397 979 3470 sapientiam
995 3398 1026 3454 et
1078 3391 1195 3454 reddit:
1221 3397 1263 3456 In
1285 3397 1444 3472 rapientia
1466 3400 1642 3456 maneaeta.
1680 3392 1776 3454 Nobis

359 3481 512 3554 tentiam,
538 3486 690 3561 temquem
712 3479 883 3542 Chrietieno
909 3479 1024 3541 doctori
1078 3479 1197 3541 videtur
1226 3485 1269 3543 ite
1303 3485 1404 3562 potine
1438 3479 1665 3560 exponendum:
1703 3497 1777 3540 enm

359 3565 512 3628 loffieium
535 3565 663 3628 doeendi
677 3569 861 3645 neoeeeerie3
887 3585 966 3648 qnee
984 3569 1026 3626 ite
1079 3569 1323 3630 manmetudine
1367 3571 1546 3647 rapientiae
1593 3568 1774 3641 conjuncta.

359 3652 485 3727 terunt,
510 3651 592 3733 qnod
613 3656 773 3731 rapientia
799 3655 840 3716 eit
861 3674 958 3715 rernm
984 3651 1025 3713 ed
1077 3655 1165 3716 Haeo
1180 3655 1257 3716 enim
1273 3656 1384 3730 virtue,
1400 3665 1434 3715 nt
1448 3654 1526 3727 dixi,
1543 3655 1725 3733 eapientem,
1741 3653 1773 3715 id

359 3739 504 3820 ligionom
518 3741 728 3819 pertinentium
744 3759 799 3820 per
812 3761 919 3803 aneae
934 3757 1024 3819 eupe-
1078 3749 1125 3801 oet
1139 3739 1302 3816 doctorem,
1316 3742 1438 3803 mirifice
1455 3739 1651 3803 commendet.
1674 3739 1774 3813 Unde,

359 3828 683 3907 munaooptenotitim
697 3830 1024 3890 erientiareroeerun·
1077 3828 1154 3887 nient
1168 3830 1200 3888 in
1215 3829 1423 3910 superioribus
1445 3829 1586 3908 repetitio
1608 3827 1665 3887 iuit
1686 3844 1771 3905 pree·

359 3933 394 3974 m
407 3932 508 3974 rernm
523 3915 629 3974 notitia
643 3933 698 3995 per
712 3934 762 3988 ee,
788 3935 867 3995 quae
886 3923 957 3974 eunt
972 3913 1024 3975 hu·
1078 3916 1156 3993 nepti
1170 3914 1270 3975 illine:
1286 3918 1334 3978 Sit
1345 3919 1448 3977 omnir
1459 3915 1573 3976 tardae
1584 3915 1627 3974 ad
1639 3913 1773 3990 loquen-

359 4019 436 4062 rnee
464 4001 613 4062 eoientiee
641 4001 692 4061 vel
721 4002 937 4081 experientiae.
974 3998 1025 4063 De
1077 4001 1173 4076 dnm,
1190 4000 1244 4063 eed
1260 4001 1589 4084 oumempliiieetione:
1605 4003 1649 4061 ite
1664 3999 1712 4060 hie
1727 4019 1772 4062 re·

359 4106 455 4170 reque
476 4087 591 4148 Peulne
612 4087 713 4149 1001.
741 4089 788 4148 12.
811 4087 930 4148 dioene:
957 4087 1024 4148 Alii
1077 4089 1168 4167 petit,
1195 4088 1275 4169 qnod
1298 4088 1359 4150 illie
1381 4091 1580 4168 adjunxeretz
1602 4090 1647 4150 Et
1660 4087 1773 4149 tardae

359 4173 456 4238 tidem
476 4192 537 4251 per
551 4175 707 4251 Spiritum
730 4174 828 4235 datur
849 4193 951 4235 rermo
969 4193 1023 4234 ea-
1077 4175 1121 4234 ad
1135 4177 1230 4235 iram.
1251 4176 1319 4237 Hoc
1333 4178 1412 4238 enim
1424 4184 1477 4249 eet,
1494 4193 1564 4235 eene
1576 4183 1772 4236 menenetnm.

359 4263 487 4338 'entim
520 4262 579 4322 alii
603 4269 710 4323 aretem
735 4281 836 4323 rermo
861 4264 1022 4337 erientiae,
1076 4260 1114 4322 Id
1129 4281 1202 4322 vero
1226 4264 1315 4323 etiem
1337 4262 1428 4323 latim
1450 4262 1580 4336 diducit,
1610 4269 1772 4324 rnnoetene

359 4347 500 4412 undam
515 4348 650 4410 eandem
665 4349 834 4426 Spiritum.
863 4348 927 4409 Neo
943 4348 1022 4409 enim
1076 4348 1339 4427 reprehensionem
1354 4349 1437 4411 illiue
1447 4350 1597 4423 eontrarii,
1611 4350 1676 4410 irre
1690 4345 1772 4409 vide·

359 4437 470 4518 rgietro
485 4434 525 4495 ed
539 4433 666 4496 officinm
688 4437 763 4496 eetie
784 4446 847 4509 eet,
871 4436 1023 4516 sapientie
1075 4433 1161 4507 linet,
1179 4437 1249 4496 dum
1265 4435 1438 4515 subjunxit:

366 4523 501 4584 orientia
515 4522 691 4583 imtraetum
706 4541 780 4595 eree,
794 4524 852 4584 nini
868 4532 896 4583 ei
912 4541 1021 4583 nermo·
1122 4525 1169 4584 14.
1194 4523 1285 4603 Quod
1307 4527 1335 4584 ei
1354 4525 1459 4587 nelam
1478 4542 1626 4585 amaram
1642 4522 1772 4597 monn,

359 4629 443 4672 onem
459 4609 618 4688 utriunque
632 4608 758 4681 habent,
773 4608 805 4669 id
820 4616 867 4671 eet
882 4628 927 4683 ee,
943 4628 1022 4689 quoe
1075 4617 1105 4669 et
1120 4612 1336 4672 contentione·
1355 4616 1420 4673 rint
1438 4614 1475 4674 in
1490 4610 1638 4671 cordibae
1654 4610 1771 4670 vertrir.

359 4699 482 4780 plenter
495 4703 528 4756 et
541 4697 671 4757 unienter
682 4694 834 4775 intelligit,
850 4697 940 4756 etiem
954 4716 1019 4757 ver·
1073 4695 1222 4757 Verbum:
1236 4701 1311 4774 rint,
1328 4700 1360 4760 in
1374 4698 1477 4759 multis
1491 4696 1699 4774 mnnueoriptie
1711 4717 1772 4757 non

359 4781 642 4847 roanrenientssme
664 4783 782 4843 noverit
804 4781 843 4843 ed
865 4784 1021 4844 auditores
1075 4782 1202 4863 legitur3
1228 4782 1348 4846 Greeen
1370 4804 1492 4865 qnoque
1516 4794 1549 4844 et
1564 4783 1690 4863 Syrieen
1711 4803 1772 4845 non

359 4870 467 4934 nieme.
489 4867 659 4930 Pleniorem
674 4870 833 4949 ntrioeqne
847 4868 1020 4950 dener-iptio·
1074 4869 1194 4932 hebent
1217 4869 1333 4934 Greeee
1348 4882 1411 4934 eet:
1427 4873 1471 4933 Et
1485 4872 1719 4932 contentionem
1734 4874 1771 4931 in

359 4979 387 5022 m
403 4963 479 5039 pete
492 4975 535 5017 ex
548 4975 655 5018 oomm.
671 4956 729 5017 iooi
740 4957 804 5036 jem
819 4956 902 5017 dieti.
1074 4957 1168 5019 eorde
1189 4965 1308 5034 aertro,
1337 4969 1370 5019 nt
1392 4959 1456 5032 hio,
1485 4948 1547 5016 ἀπὸ
1563 4957 1663 5017 κοινοῦ
1686 4976 1769 5040 repe

359 5042 521 5112 Mandat
533 5061 573 5108 aa
587 5043 673 5109 bena
685 5045 924 5110 conversatione
939 5061 1017 5122 ape·
1073 5045 1194 5107 rendum
1209 5045 1251 5107 nit
1264 5046 1406 5110 verbum:
1427 5045 1576 5129 Mittin„
1592 5046 1634 5110 Et
1647 5044 1689 5106 ite
1704 5046 1767 5128 qni·
