4442 5825
740 566 1329 625 immmmusmmumurmsu.
1684 570 1756 640 ΜΠ

361 741 432 805 uu
451 741 505 807 aur
526 743 849 824 samunungun
870 745 1007 825 ningo·
1061 766 1127 827 up.
1145 747 1195 807 ro.
1218 742 1279 806 mn
1293 741 1518 804 cacunem:
1542 695 1763 802 moercar}

361 848 391 890 sc
406 830 651 913 praedicationis,
666 832 705 893 da
721 850 781 912 quo
797 839 829 892 et
841 832 955 892 Paulus
970 832 1008 893 ad
1061 834 1137 894 bum
1150 832 1236 909 fidei,
1253 830 1338 914 quod
1350 829 1586 907 praedicamus,
1609 826 1758 906 subjecit:

361 917 483 977 us.10.:
511 919 580 980 Hoc
604 926 648 979 cet
663 919 792 980 verdum
815 916 899 995 fidei,
923 920 1009 996 quod
1062 922 1156 999 Ouio,
1183 921 1210 979 si
1232 918 1411 994 confitearis
1433 917 1469 975 in
1492 933 1547 976 ore
1570 923 1626 975 too
1643 914 1755 974 Domi-

361 1001 544 1066 uediconrur.
573 1004 651 1064 Nam
676 1014 704 1065 et
719 1002 864 1078 Christus,
889 1005 1008 1086 quando
1062 1025 1140 1069 num
1156 1009 1280 1079 Jesum,
1301 1012 1330 1065 et
1344 1004 1380 1064 in
1395 1003 1488 1063 corde
1504 1011 1559 1063 tuo
1574 999 1757 1074 credideris,

361 1090 405 1150 us:
435 1093 549 1154 Sernes
576 1099 619 1155 ert
641 1092 771 1153 verdum
795 1088 866 1167 Dei,
894 1112 953 1152 non
978 1113 1009 1153 so
1063 1091 1148 1170 quod
1171 1094 1257 1154 Deus
1278 1088 1370 1152 illum
1390 1091 1553 1151 mrcttov'it
1575 1107 1596 1148 a
1611 1089 1755 1161 mortuis,

361 1194 413 1236 um
436 1176 538 1239 dicere
559 1179 665 1252 voluit,
687 1178 740 1240 sed
763 1177 889 1238 verbum
911 1180 1009 1239 lirun·
1061 1180 1171 1241 sulvus
1195 1181 1265 1240 erit.
1303 1175 1442 1238 Eundem
1472 1190 1592 1236 sensum
1622 1173 1758 1234 declaset

361 1263 395 1325 lii.
429 1263 520 1344 Quod
542 1274 668 1327 vocatur
690 1266 820 1327 verbum
841 1267 912 1340 Dei,
938 1268 1009 1343 quio
1062 1268 1252 1345 Augustinus
1278 1273 1364 1326 tract
1387 1264 1438 1324 di).
1465 1264 1497 1325 iu
1519 1262 1609 1324 Joau
1648 1261 1759 1323 manes

361 1368 400 1411 us
422 1350 498 1413 illud
514 1352 599 1414 uobis
621 1353 754 1435 loquitur
775 1372 828 1432 per
843 1372 913 1413 suos
928 1351 1007 1433 Apo·
1063 1361 1163 1414 autom
1185 1355 1242 1414 hoc
1264 1351 1395 1413 verdum
1418 1353 1454 1412 in
1478 1356 1659 1429 neumam,
1684 1349 1758 1427 quia

361 1436 416 1511 los,
431 1447 584 1519 tamquam
599 1458 773 1521 praecones.
1062 1439 1273 1518 Euangeliou,
1297 1437 1327 1499 id
1351 1445 1404 1511 est,
1428 1436 1619 1517 praedicatio
1642 1433 1755 1496 christi

361 1522 454 1586 Docet
469 1525 559 1605 igitur
574 1524 693 1600 Petrus,
716 1526 865 1587 hominem
881 1526 1009 1597 renasci,
1063 1548 1117 1607 pro
1133 1537 1237 1588 nostra
1252 1526 1351 1587 saluts
1367 1524 1512 1598 crucifixi,
1529 1529 1557 1583 et
1568 1543 1587 1583 s
1600 1531 1696 1583 morte
1711 1542 1753 1583 re

361 1608 401 1670 lut
427 1630 465 1673 ex
491 1614 619 1686 semine,
649 1612 746 1674 verbo
776 1612 1009 1692 praedicationis
1062 1614 1205 1687 susdtati,
1221 1612 1284 1673 fids
1298 1620 1448 1692 perceptu,
1464 1626 1502 1673 ex
1519 1616 1610 1682 enta,
1628 1603 1712 1670 mma
1728 1617 1760 1671 ot

361 1699 527 1778 angelicae,
544 1698 720 1780 quodidenu
729 1709 777 1759 set
791 1699 913 1760 uerbum
930 1699 1009 1771 fidei,
1062 1701 1243 1762 immutabili
1268 1698 1326 1760 uu
1352 1699 1545 1778 ptumissions
1572 1696 1679 1757 σθω
1704 1705 1759 1769 est,

361 1785 723 1866 atsnusiidesuscipitun.
740 1785 1008 1866 Quarenoualiud
1061 1796 1096 1848 ut
1117 1787 1311 1849 credentibus
1337 1786 1452 1847 tribuet
1473 1785 1698 1856 solenitatem,
1725 1783 1757 1844 id

361 1871 485 1951 jusmodi
512 1874 669 1935 sententiis
694 1873 893 1954 significatur,
920 1893 1009 1953 quam
1063 1884 1110 1936 eat
1125 1876 1220 1935 vitam
1236 1882 1401 1935 actuosum.
1421 1874 1493 1934 Hoc
1501 1874 1591 1954 ‘egitur
1603 1881 1663 1939 sat,
1675 1869 1758 1951 quod

361 1961 440 2037 nasci,
465 1960 613 2035 mundari,
633 1961 799 2039 justificari,
821 1961 932 2020 salvari
956 1960 1007 2019 ho·
1063 1981 1100 2022 ex
1118 1959 1204 2022 dictis
1219 1959 1420 2040 colligendum
1438 1960 1471 2021 B.
1484 1960 1595 2022 Petrus
1610 1957 1759 2038 relinquit,

362 2064 425 2106 uem
448 2067 500 2127 por
522 2046 621 2119 fidem,
645 2068 705 2125 que
729 2045 824 2107 crodit
839 2045 1008 2124 Evangelio
1063 2069 1124 2122 cos,
1140 2044 1192 2129 qul
1207 2049 1305 2109 renati
1321 2056 1393 2108 sunt
1404 2068 1442 2108 ex
1454 2049 1568 2108 semine
1582 2044 1757 2124 incorrupti·

361 2134 378 2193 ti
396 2137 578 2195 annunuato.
602 2134 651 2195 Sic
664 2126 778 2195 Puul'us
792 2128 908 2214 Ephes.
925 2134 953 2193 5.
970 2133 1008 2193 de
1061 2134 1124 2208 bili,
1147 2135 1181 2195 iu·
1195 2144 1240 2195 est
1255 2146 1293 2195 ex
1317 2133 1493 2206 carbonel,
1516 2132 1759 2210 incorruptibiles

361 2220 471 2281 telesia:
494 2221 658 2284 Mundum
673 2240 742 2281 eom
760 2221 890 2281 lavucro
905 2236 1010 2298 equos
1062 2230 1092 2281 et
1118 2222 1301 2282 immortales
1327 2214 1454 2282 titturos.
1499 2220 1547 2281 Ita¹
1574 2219 1756 2280 Joenssol

370 2308 468 2370 uerbo.
491 2308 823 2388 esseminant:
852 2308 1009 2370 Volunta-
1061 2309 1157 2388 Epist.
1185 2311 1230 2368 2:
1265 2310 1327 2387 Qui
1351 2309 1434 2385 fucit
1460 2309 1657 2370 voluntates
1681 2307 1758 2380 -Dsi,

361 2398 486 2471 rocnuit
501 2414 559 2456 nor
580 2395 674 2457 vardo
691 2397 846 2456 veritatis.
867 2395 1009 2476 Explicat
1060 2404 1170 2457 monet
1184 2399 1220 2456 in
1236 2403 1414 2457 amoenum.

361 2500 395 2542 uo
414 2502 532 2545 sensum
557 2481 672 2542 Paulus
695 2483 734 2544 ad
756 2484 907 2544 Romanos
927 2483 1008 2544 dicto

883 2692 978 2702 ..ρ-..-
993 2692 1186 2701 --——-.---——-·

767 2864 941 2951 uitus
985 2862 1295 2950 stultius

419 3016 636 3105 Deponentes
660 3019 761 3106 igitur
788 3039 917 3086 ornnem
944 3019 1105 3085 malitiam
1134 3025 1169 3087 et
1195 3039 1324 3086 omnem
1352 3018 1481 3103 dolum,
1511 3024 1545 3084 et
1571 3016 1758 3085 simulutio-

361 3128 450 3204 *set
478 3122 637 3208 invidias,
673 3129 706 3190 et
734 3142 847 3189 omnes
881 3122 1124 3210 detractiones,
1167 3126 1200 3189 2.
1229 3125 1315 3189 sicut
1350 3122 1448 3189 modo
1476 3123 1580 3207 geniti
1606 3121 1760 3206 inientes,

361 3223 519 3293 itionabile
547 3229 618 3292 sino
647 3226 723 3293 dolo
751 3228 803 3293 lac
831 3228 1067 3313 concupiscite,
1095 3230 1193 3294 utin
1222 3247 1262 3293 eo
1291 3229 1449 3293 crescatis
1476 3227 1508 3293 in
1537 3229 1694 3310 salutem,
1725 3226 1758 3292 3.

381 3333 488 3398 tamen
514 3332 684 3417 gustastis,
714 3332 866 3420 quoniam
895 3331 1002 3398 dulcis
1026 3332 1262 3398 ostDominus.
1291 3335 1325 3397 t.
1353 3330 1407 3397 Ad
1435 3351 1532 3419 quem
1560 3329 1760 3397 accedentes

361 3433 463 3519 pidem
492 3436 615 3521 vivum,
643 3433 685 3501 ab
712 3434 901 3503 hominibus
928 3434 1060 3524 quidem
1088 3434 1313 3524 reprobatum,
1342 3436 1457 3503 aDeo
1479 3441 1588 3501 autem
1617 3435 1760 3501 electum

361 3538 643 3625 :honorificatum
672 3542 706 3606 5.
736 3542 860 3628 stipsi
888 3547 1057 3629 tamquam
1082 3542 1214 3627 lepidas
1240 3543 1308 3608 vivi
1335 3538 1668 3630 superaedificamini,
1696 3538 1759 3603 do·

361 3661 392 3708 us
418 3644 609 3731 spiritualis,
637 3644 858 3710 sacerdotium
888 3651 1049 3731 sanctum,
1078 3646 1196 3713 olicrrc
1223 3646 1414 3733 spirituales
1434 3643 1570 3729 hostias,
1599 3648 1759 3729 accepts-

361 3746 409 3815 lcs
434 3748 510 3815 Deo
543 3768 603 3835 por
630 3748 746 3815 desum
774 3747 951 3816 Christum.
991 3752 1024 3815 6.
1052 3751 1195 3837 Propter
1232 3750 1320 3838 quod
1356 3749 1505 3817 continet
1532 3746 1707 3835 Scriptura
1717 3737 1759 3828 ¹⁸1:

361 3870 427 3939 ccc,
462 3872 550 3940 pono
586 3853 619 3918 in
647 3851 726 3919 Sion
753 3853 899 3939 lapidem
927 3873 1086 3920 summum
1115 3855 1326 3941 angularem,
1365 3855 1524 3939 clectmn,
1559 3852 1760 3940 pretiosum3

381 3959 435 4045 qui
463 3956 645 4025 crediderit
671 3958 703 4024 in
733 3977 818 4044 euru,
846 3977 912 4023 nou
939 3957 1169 4025 confundetur.
1227 3962 1259 4025 7.
1288 3958 1396 4025 Vobis
1424 3958 1525 4044 igitur
1552 3957 1657 4023 honor
1684 3975 1760 4023 cre·

361 4060 493 4145 utibus3
520 4082 587 4127 non
607 4061 822 4128 credentibus
846 4067 954 4128 auteur
978 4063 1073 4149 lupis,
1102 4079 1198 4150 quern
1219 4062 1484 4148 reprobaverunt
1498 4050 1761 4146 acdincantes2),

361 4165 509 4232 ciectus
538 4167 648 4231 estin
677 4173 777 4252 caput
804 4167 933 4253 anguli,
964 4169 997 4234 8.
1028 4172 1061 4232 et
1087 4167 1173 4254 lapis
1201 4165 1399 4254 oiiousionis,
1428 4170 1461 4232 et
1487 4173 1585 4254 petru
1612 4164 1762 4231 scandali

361 4288 388 4356 s,
416 4270 472 4358 qui
500 4268 670 4335 offendunt
697 4268 821 4356 verbo,
856 4291 918 4337 noc
947 4270 1107 4357 credunt,
1143 4272 1175 4338 in
1204 4293 1268 4361 quo
1297 4278 1331 4338 et
1358 4271 1458 4359 positi
1486 4276 1572 4338 sunt.
1629 4272 1663 4337 9.
1689 4260 1761 4337 Vos

362 4379 428 4440 tem
454 4392 559 4459 genus
587 4374 749 4458 electum,
778 4376 890 4460 rogale
918 4375 1160 4463 sacerdotium,
1200 4397 1282 4463 gens
1309 4381 1447 4463 sancta,
1475 4376 1618 4463 populus
1644 4374 1760 4461 acqui·

361 4478 468 4563 iouis,
502 4483 542 4544 ut
571 4477 714 4544 virtutos
750 4480 951 4545 annuntietis
977 4480 1075 4566 Ejus,
1117 4482 1173 4569 qui
1210 4481 1252 4548 de
1287 4479 1438 4548 tenebris
1469 4491 1529 4546 vus
1561 4479 1696 4545 vocavit
1727 4479 1768 4545 irr-

361 4580 513 4649 mmabilc
541 4580 653 4647 lumen
681 4596 786 4648 suum.
832 4585 888 4650 10.
918 4581 986 4667 Qui·
1012 4584 1191 4671 aliquando
1218 4573 1508 4673 Non-populns³),
1536 4596 1622 4650 nunc
1650 4588 1761 4649 autern

361 4687 459 4774 pulus
486 4684 569 4769 Dei3
606 4687 661 4773 qui
695 4699 759 4752 uon
789 4687 959 4754 consecuti
995 4688 1275 4775 misericordiam,
1312 4701 1399 4756 nuno
1434 4693 1546 4755 auten
1571 4687 1760 4753 misericor-

361 4809 404 4860 tm
432 4792 616 4858 consecuti.
657 4794 714 4857 ll.
743 4790 930 4876 carissimi,
966 4789 1105 4859 obsecro
1143 4814 1203 4860 vos
1230 4802 1397 4884 tamquam
1426 4792 1572 4860 advenas
1600 4796 1634 4863 ct
1659 4806 1760 4882 pere·

420 5019 1450 5092 qmmmmtmnmmmmmumsm
