4442 5825
397 598 473 667 304
895 592 1344 650 commanusucaumn

396 768 483 830 cubit
503 770 599 831 Dcite.
633 768 673 833 In
693 769 809 832 Graeco
830 779 861 832 et
879 770 1006 852 Syriaco
1031 791 1092 834 non
1145 770 1236 846 ualet,
1258 768 1339 852 qnod
1356 771 1505 852 cujusque
1523 771 1655 833 ationis
1668 790 1810 852 ueuopera

396 857 501 932 enim,
528 856 581 919 eed
607 864 712 919 nutem
739 858 857 937 legitur.
889 859 1092 920 Fornientoria
1145 860 1237 919 tinnio
1261 855 1475 919 accidentiaria
1497 857 1641 938 qualitor.
1665 856 1732 938 Quo
1750 868 1812 939 μω

394 962 504 1004 nomen
518 943 550 1004 in
564 943 726 1025 seripturis
740 944 911 1026 generalius
927 954 982 1019 est,
998 964 1088 1026 quom
1145 946 1251 1006 modun
1281 945 1359 1005 inter
1388 946 1626 1005 circumeuntium
1663 953 1812 1007 recem

395 1029 545 1105 adulteri3
567 1038 601 1090 ut
622 1030 751 1111 proinde
774 1033 868 1093 omnin
890 1030 1011 1094 adulter
1031 1031 1089 1093 lor
1144 1033 1247 1092 Priore
1276 1030 1494 1111 significatione
1523 1051 1645 1114 semper
1672 1032 1704 1092 in
1730 1030 1812 1093 benun

395 1117 507 1178 minutor
537 1117 589 1191 uit,
625 1138 686 1179 non
715 1127 827 1180 contre
865 1118 915 1180 Ita
943 1119 1091 1181 Dominur
1145 1121 1285 1195 eumitnr3
1308 1127 1339 1177 at
1350 1119 1514 1198 posteriore
1529 1125 1576 1180 eet
1586 1115 1759 1181 vocabulum
1768 1136 1810 1177 ue

394 1202 500 1289 Metth.
516 1204 562 1265 5.:
582 1206 701 1280 Omnir,
718 1209 774 1283 qui
789 1206 944 1266 dimirerit
957 1224 1091 1268 nomem
1145 1204 1235 1267 dium.
1272 1204 1377 1266 Priore
1403 1204 1625 1284 significatione
1657 1205 1813 1265 uomituriu

394 1308 497 1364 tunm,
520 1300 648 1369 eccepto
662 1293 890 1370 fornicationis
904 1294 1010 1368 conen,
1032 1294 1090 1371 fo·
1145 1291 1274 1353 secunda
1303 1300 1387 1372 perte
1413 1293 1580 1353 sententiaa
1607 1292 1690 1354 illine
1712 1292 1744 1351 li.
1761 1290 1812 1353 Ber

395 1378 437 1437 ott
466 1395 536 1437 cum
565 1381 732 1440 moecliari.
770 1377 897 1440 Videtur
925 1381 1015 1458 igitur
1042 1379 1091 1439 hie
1144 1378 1245 1452 nardi,
1271 1378 1322 1439 lib.
1353 1376 1392 1439 de
1415 1377 1568 1458 diligendo
1591 1380 1709 1455 Denmq
1739 1385 1811 1458 pode-

394 1482 462 1525 enee
476 1482 597 1525 senene:
629 1465 743 1527 Omnes
765 1464 884 1548 quidem
906 1465 1090 1540 fornicarios,
1144 1468 1220 1527 tiore
1233 1484 1305 1526 vero
1317 1466 1348 1526 in
1364 1466 1476 1545 primo;
1492 1465 1572 1526 illiue
1585 1463 1654 1527 dico
1668 1466 1813 1537 sententiat

394 1551 450 1612 red
466 1551 621 1631 spaciatim
647 1551 798 1615 adulteros
807 1552 975 1628 iudicabit,
997 1551 1028 1613 id
1044 1560 1092 1614 eut
1144 1555 1245 1634 specie
1257 1551 1387 1631 quadam
1400 1550 1812 1633 contrarietatiapnlelareiqu·

394 1636 604 1699 condemnabit
615 1640 712 1715 Deua,
728 1640 842 1700 ecilioet
856 1648 999 1701 ueternee
1014 1660 1089 1701 mor·
1143 1648 1243 1700 ratne:
1271 1638 1386 1700 Motus
1408 1639 1564 1715 dilipcndi
1579 1641 1684 1702 Deum
1710 1644 1750 1699 eet
1766 1639 1813 1697 rint

395 1725 434 1785 tir
449 1723 614 1804 uuppliei03
638 1728 715 1788 eicut
730 1728 785 1788 ibi:
815 1728 889 1788 Non
905 1729 989 1787 enim
1005 1728 1091 1786 mitit
1144 1726 1238 1788 modo
1253 1727 1395 1802 diliycre.

394 1814 481 1873 Deus
495 1811 616 1873 Filium
633 1832 726 1875 tunm
741 1816 777 1877 in
792 1813 960 1888 nitendum,
984 1820 1021 1874 ut
1031 1816 1090 1889 ju·
1187 1814 1209 1876 J
1212 1834 1260 1874 am
1276 1812 1350 1892 quid
1371 1812 1412 1873 nit
1426 1813 1566 1885 avaritie,
1588 1831 1627 1873 ne
1642 1812 1673 1872 in
1688 1829 1724 1872 ea
1736 1829 1764 1871 re
1775 1805 1813 1871 ld

394 1899 476 1959 dicet
498 1898 673 1977 erundum
696 1901 750 1963 red
771 1908 808 1963 ut
830 1902 971 1961 intuetur
993 1919 1091 1961 mun·
1144 1901 1207 1961 lant
1228 1919 1262 1961 ne
1280 1901 1369 1979 ipson,
1392 1897 1481 1959 donet
1498 1919 1538 1960 ex
1553 1901 1670 1959 virtute
1684 1897 1812 1969 oonuuit

395 1985 454 2046 due
465 2004 527 2062 per
541 1987 655 2063 iprum.
680 1990 743 2066 Qui
757 1987 857 2049 credit
871 1990 907 2048 in
923 2006 1005 2062 eum,
1021 2006 1090 2049 non
1145 1989 1265 2049 dinone:

389 2071 564 2149 indicetur.
588 2076 650 2154 Qui
671 2083 777 2136 nutem
802 2093 868 2136 non
890 2075 1000 2149 credit,
1020 2078 1090 2149 jorn
1188 2074 1336 2137 Contenti
1348 2071 1576 2149 praecentione.
1597 2071 1668 2133 Non
1682 2070 1721 2131 ad
1734 2088 1814 2139 moror,

389 2158 556 2235 judicetur
571 2168 625 2236 ert,
649 2160 739 2223 Joen.
755 2162 785 2223 3.
808 2162 888 2222 Hine
904 2181 974 2241 ergo
990 2162 1088 2242 nequi·
1144 2159 1199 2222 red
1215 2161 1253 2221 ad
1269 2160 1405 2220 homines
1425 2159 1481 2219 hoe
1495 2157 1695 2232 referendum,
1710 2165 1742 2217 ut
1752 2162 1814 2237 petet

396 2255 460 2319 tur,
490 2265 528 2307 ex
554 2248 686 2308 omnium
711 2250 904 2330 interpretum
931 2248 1091 2323 sententia,
1145 2268 1182 2309 ex
1195 2245 1321 2317 Graeco,
1337 2245 1388 2305 ubi
1400 2266 1499 2307 rursus
1510 2243 1688 2307 subauditur
1699 2243 1814 2305 rerbuut

394 2332 621 2396 fornicationem
643 2336 733 2396 etiem
756 2336 919 2416 simplicem
940 2354 1006 2395 eene
1020 2354 1089 2414 pec·
1144 2337 1211 2396 attia
1232 2333 1283 2394 vel
1307 2340 1419 2410 ertote,·
1443 2334 1520 2393 siout
1533 2333 1565 2393 in
1581 2329 1813 2412 praecedentibus

395 2428 493 2482 catum
509 2428 632 2483 aewrna
647 2420 842 2484 damnatione
856 2421 987 2501 dignum.
1144 2424 1207 2483 Neo
1231 2423 1417 2499 praecentio
1442 2419 1492 2480 hie
1518 2428 1710 2500 opponuntur
1733 2414 1814 2477 inurit

438 2507 468 2567 ὁ.
489 2508 563 2570 Sint
584 2528 687 2571 morer
708 2513 776 2571 aine
800 2510 951 2570 aventio.
975 2509 1091 2569 Dehor·
1144 2517 1197 2571 aut
1212 2509 1370 2584 crurtinie;
1393 2508 1481 2587 quasi
1497 2525 1604 2568 senene
1619 2506 1675 2567 eit:
1698 2503 1813 2584 Necuf'r

394 2602 475 2655 tatur
500 2595 539 2655 ab
564 2596 703 2667 avaritie,
731 2595 813 2677 qnod
841 2615 878 2657 oa
899 2596 938 2656 ait
962 2597 1091 2657 omnium
1145 2595 1212 2656 tetis
1229 2595 1447 2668 incrastinum,
1470 2592 1657 2654 eedutimini
1674 2588 1814 2673 praetenti·

394 2680 540 2742 malorum
561 2680 657 2755 radix,
686 2687 702 2743 1
728 2681 861 2744 Timoth.
887 2684 915 2743 6.
949 2683 994 2744 Ae
1015 2683 1092 2744 forte
1145 2684 1200 2743 bun
1215 2682 1320 2758 bonie;
1344 2679 1424 2762 quod
1444 2687 1638 2761 praeceptum
1654 2674 1814 2740 habentui

393 2766 426 2828 id
443 2768 597 2848 praecipit,
612 2768 693 2849 quod
707 2769 832 2844 uideret,
848 2769 994 2850 quondam
1006 2789 1090 2849 prae·
1146 2768 1314 2847 Evangelio
1322 2767 1427 2829 Mottlc.
1439 2770 1467 2828 6.
1483 2767 1560 2827 Nam
1569 2765 1694 2828 Graecia
1705 2756 1814 2843 ttu'pttt!

394 2862 482 2917 textu
498 2856 648 2934 egestatis,
663 2855 803 2940 adquam
818 2855 932 2934 redacti
948 2866 1032 2917 erent
1047 2857 1089 2917 in·
1144 2864 1289 2919 uocantur
1312 2875 1349 2918 ea
1369 2855 1466 2928 bono,
1489 2873 1570 2934 queo
1592 2851 1713 2929 adeunt,
1735 2848 1761 2914 id
1776 2853 1815 2920 td,

391 2943 475 3022 juria
496 2945 757 3023 persequentium,
782 2945 851 3026 plna
873 2944 946 3004 satie
970 2944 1091 3005 studere
1145 2963 1223 3026 quae
1247 2942 1396 3004 habentur
1420 2950 1450 3002 et
1474 2943 1503 3003 in
1527 2948 1667 3021 promptu
1689 2931 1814 3011 aunt,ai

394 3031 438 3091 roi
455 3029 495 3092 de
516 3050 596 3091 noro
611 3030 776 3109 ungendae.
800 3030 973 3110 cajetanus,
998 3030 1090 3091 aFa-
1144 3030 1343 3093 differentium
1369 3049 1479 3102 eorum,
1503 3047 1582 3107 qnae
1603 3048 1665 3090 non
1683 3026 1814 3089 lunbentut·

394 3115 803 3200 brofltapulanrideceptuq
814 3116 1091 3199 putatexGroaeo
1144 3117 1234 3181 Unde
1256 3119 1401 3178 Erremus
1424 3124 1453 3176 et
1475 3114 1647 3177 Henteniue
1670 3115 1814 3176 venno:

395 3203 555 3284 legendnm
567 3222 649 3265 ecee:
665 3206 713 3268 Sit
726 3208 795 3268 eine
809 3207 952 3266 uvardia
966 3205 1090 3280 modoet,
1146 3207 1294 3269 Contenti
1312 3206 1361 3279 iia,
1385 3222 1467 3280 quac
1490 3202 1618 3263 adeunt.
1642 3201 1749 3283 Itoqne
1767 3215 1814 3259 ort

364 3345 366 3350 .
395 3290 542 3371 additque
564 3291 620 3352 laon
634 3291 786 3354 scholion:
811 3294 918 3371 Turpe
934 3301 989 3366 ost,
1011 3291 1090 3374 quod
1144 3313 1194 3354 eun
1209 3301 1270 3351 eet:
1294 3289 1435 3352 Contenti
1459 3289 1526 3350 uitio
1545 3290 1590 3362 iio,
1615 3307 1694 3369 quoe
1713 3280 1815 3358 murti

396 3376 805 3459 auaritiamodnmimponat.
822 3380 916 3460 Atqui
929 3377 1089 3440 uoxGrae·
1145 3398 1286 3460 quaeque
1316 3378 1465 3440 sufficiunt
1488 3375 1676 3438 necessitati
1706 3380 1815 3444 emt

396 3486 447 3527 nu:
469 3455 594 3543 τρόπος,
619 3469 757 3546 quamrir
772 3467 901 3529 modum
915 3465 1093 3546 plerumque
1144 3485 1202 3528 nec
1221 3466 1321 3526 velitio
1344 3464 1468 3526 ditiores
1489 3464 1563 3525 fieri.
1593 3462 1653 3524 Est
1666 3462 1814 3544 igitmuou

396 3552 553 3633 eiqnifieet,
576 3572 636 3613 non
652 3560 749 3614 umen
764 3552 892 3628 modum,
911 3553 965 3633 qui
979 3554 1021 3613 rei
1038 3554 1090 3613 im·
1145 3561 1318 3614 oentenenm
1341 3551 1399 3614 hoc
1420 3557 1614 3632 praeceptum
1635 3548 1680 3610 illi
1701 3539 1814 3626 exeupb

396 3641 525 3721 ponitur,
548 3659 587 3699 ne
610 3639 806 3702 immoderuto
822 3643 871 3714 eit,
894 3649 927 3699 ut
941 3639 1092 3701 intellexit
1145 3639 1329 3721 Apostolieo,
1345 3650 1408 3712 nut,
1430 3637 1579 3716 nimaina,
1601 3634 1743 3699 mandato
1756 3631 1814 3712 tpr

396 3727 566 3807 Coietenua,
583 3725 700 3788 Graece
712 3729 880 3809 impeturn
895 3725 947 3788 eod
960 3726 1091 3802 modum,
1145 3726 1224 3800 stoli,
1249 3731 1265 3787 1
1283 3728 1363 3788 Tim.
1381 3728 1426 3787 e:
1449 3725 1609 3787 Habente·
1624 3717 1816 3794 alimento&

397 3813 428 3874 id
440 3821 492 3889 oet,
507 3812 617 3894 egendi
629 3816 775 3876 rationem
787 3824 839 3877 eut
851 3814 893 3874 rei
904 3813 1090 3895 qualitatem.
1144 3815 1258 3891 quibui
1268 3821 1424 3890 tenantur,
1439 3814 1487 3873 itia
1498 3812 1639 3874 contenti
1653 3827 1765 3885 aurnut,
1777 3805 1815 3864 til

397 3899 560 3963 coeterum
573 3909 698 3975 renotat,
715 3902 804 3963 etiam
819 3924 872 3983 pro
887 3919 976 3963 morc
991 3909 1022 3961 et
1037 3921 1091 3981 pro
1145 3903 1245 3963 nimus.
1267 3901 1371 3980 Atque
1387 3900 1461 3961 haec
1476 3906 1521 3960 eet
1535 3897 1628 3980 plana
1642 3897 1732 3979 huju·
1745 3887 1815 3978 perf!

395 3987 536 4049 moritum
564 3988 720 4068 uuurpnri,
750 4009 811 4052 non
837 3989 903 4050 sine
929 3987 1092 4068 elegantia,
1145 3986 1353 4068 intelligentia,
1378 4008 1418 4048 ex
1433 4006 1494 4068 qua
1510 3986 1576 4067 jum
1592 3987 1736 4065 requitur.
1757 3995 1816 4050 0¹¹»

396 4073 480 4155 opud
491 4083 630 4135 auctores
643 4075 783 4150 Graecos,
794 4076 954 4138 Plutonem
964 4083 996 4136 et
1005 4073 1090 4137 aliur.
1147 4076 1270 4155 quinon
1282 4081 1497 4136 oeteontentur
1512 4071 1727 4154 praeuentibuu
1741 4065 1816 4150 (jmu

395 4161 461 4223 Nee
475 4160 610 4236 dubium,
634 4164 708 4244 quin
730 4183 765 4224 ea
787 4162 978 4244 significatio,
1002 4182 1092 4244 quam
1146 4182 1268 4224 eentum
1281 4157 1406 4239 datum),
1421 4161 1569 4223 auaritiae
1583 4159 1659 4220 uitio
1675 4156 1815 4238 subject

397 4254 427 4308 et
440 4247 494 4309 alii
509 4267 611 4311 omnen
625 4251 762 4325 retinent,
777 4249 848 4312 huic
861 4249 928 4312 loeo
944 4252 986 4312 uit
999 4251 1090 4331 optin-
1189 4251 1261 4327 Ipee
1272 4251 1356 4310 enirn
1369 4248 1467 4310 dixit:
1483 4249 1556 4309 Non
1568 4253 1598 4307 tc
1612 4246 1763 4320 deinum,
1774 4255 1815 4304 ut·

395 4335 479 4397 eima.
1146 4356 1205 4414 quc
1221 4337 1451 4414 derelinquam.
1479 4333 1618 4395 Occurrit
1633 4321 1815 4408 auuaewd
1841 4389 1842 4394 ,

770 4478 809 4537 Β.
825 4477 862 4537 a
1144 4423 1816 4590 tttllfttueturttuuu

439 4598 555 4661 Modus
591 4597 731 4660 bifariam
769 4597 905 4659 sumitur.
942 4595 1093 4658 Interdum
1145 4597 1273 4658 Fallitur
1295 4605 1396 4657 alutem
1413 4595 1567 4668 Erremus,
1591 4613 1685 4675 quum
1707 4583 1818 4662 ueris!

397 4686 477 4746 enim
492 4682 806 4765 significatqunndum
821 4701 981 4746 mensurae
996 4684 1091 4745 deter-
1146 4685 1315 4764 praesenti:
1342 4685 1415 4746 Non
1438 4690 1469 4744 te
1484 4684 1604 4757 daero,
1627 4700 1730 4761 neque
1749 4677 1818 4742 dm·

396 4773 599 4847 minationem,
615 4779 647 4834 et
660 4770 955 4851 huicuignifioutioni
970 4789 1091 4853 respon·
1146 4773 1267 4849 linquo.
1297 4770 1446 4852 Quamuis
1468 4778 1497 4830 et
1519 4768 1578 4831 hoo
1599 4767 1765 4848 Cajetonuu
1780 4761 1818 4826 ’1-

398 4857 470 4921 dent
485 4859 553 4921 illa:
575 4858 750 4933 moderari,
773 4857 966 4935 moderatur,
983 4859 1093 4920 mode-
1146 4857 1278 4940 prudent
1301 4858 1443 4938 seqnitur.
1479 4856 1557 4917 lium
1583 4857 1614 4918 in
1638 4853 1754 4918 Graeco
1774 4863 1821 4912 uu

396 4953 472 5023 rtur,
495 4953 524 5007 et
538 4965 619 5027 quae
635 4947 672 5006 iis
687 4953 756 5006 cunt
778 4945 940 5025 conjugata
955 4952 1010 5007 aut
1024 4937 1092 5008 eon·
1147 4953 1215 5007 eunt
1229 4947 1323 5007 verba
1342 4944 1509 5025 praesentit
1528 4944 1672 5024 temporie
1688 4927 1821 5006 inutno'd

398 5035 499 5120 trotio,
517 5032 604 5096 Alina
616 5052 689 5096 vero
701 5032 813 5096 modun
823 5032 1006 5116 pennuliter
1014 5033 1093 5098 idem
1146 5031 1244 5098 modi:
1271 5023 1335 5094 tuo
1358 5040 1388 5096 et
1403 5022 1616 5112 ἰγκαταλίπω,
1640 5027 1724 5114 quod
1743 5025 1822 5092 nn·
