4442 5825
409 604 482 679 573
911 617 912 620 ¹
940 599 1173 656 commestus
1190 599 1222 656 ut
1240 601 1307 656 cas.
1324 596 1353 656 ι.

407 781 440 840 in
454 779 569 851 Deum,
584 775 616 837 id
638 786 695 855 est,
718 785 751 838 ιιι
770 777 802 839 in
824 778 903 838 omni
919 797 991 839 cura
1004 785 1105 838 nostra
1159 777 1390 840 excubitoribus.
1428 776 1588 839 Caeterum
1612 779 1683 859 prius
1701 783 1737 849 ss,
1751 791 1800 845 o·¹

408 866 445 927 de
467 865 554 926 rebus
579 864 771 938 necessariis,
798 872 828 925 et
849 885 949 925 curam
972 873 1104 925 nestram
1159 865 1262 926 ὁιίιιιιι
1278 885 1352 942 erae,
1366 865 1630 942 deindeoipilore.
1650 860 1782 925 smel?-

407 950 648 1033 poatulantibus,
674 953 729 1012 toti
753 953 937 1032 pendeamus
963 972 982 1011 ι
1004 953 1103 1032 provi·
1159 960 1205 1012 tas
1217 960 1321 1033 aptum
1333 952 1434 1014 reddit
1444 952 1597 1013 hominem
1607 946 1783 1032 advigilnln

406 1038 507 1101 dantia
522 1040 592 1100 Dei.
628 1037 780 1120 Quodfit,
803 1037 874 1099 dum
890 1059 908 1098 a
923 1038 1006 1113 Deo,
1030 1047 1103 1098 taru-
1158 1039 1235 1100 siout
1257 1059 1275 1100 e
1297 1042 1445 1102 contrarie
1467 1040 1609 1100 saturitas
1630 1050 1783 1117 semnuupre

406 1146 495 1207 quam
511 1126 674 1187 universali
691 1127 860 1205 provisore,
888 1145 942 1205 per
965 1124 1103 1186 ordinata
1157 1135 1252 1186 vocat.

405 1212 504 1275 media
529 1231 738 1294 quaecumque
765 1214 912 1293 petimus,
950 1219 1102 1294 exspecta·
1201 1215 1285 1293 Quia
1293 1213 1784 1276 odoerwrimvesterdlotelest!

404 1320 479 1363 mus.
518 1299 644 1362 Constat
669 1310 776 1373 autem,
803 1298 1001 1361 intermedia
1026 1298 1101 1361 divi·
1157 1319 1254 1378 qaam
1284 1303 1332 1362 leo
1362 1305 1493 1378 rapiens
1522 1305 1634 1363 circuit
1639 1347 1650 1379 ,
1682 1298 1786 1379 qoem

405 1388 485 1448 nitus
501 1386 639 1448 ordinata
655 1406 720 1448 esse
730 1407 851 1466 operam
867 1396 898 1447 et
910 1386 1102 1464 industriam3
1157 1406 1248 1465 quem
1264 1389 1401 1449 devoret.
1432 1389 1538 1463 Haeo,
1561 1391 1668 1469 inquit,
1687 1385 1790 1461 aaa*

404 1475 463 1535 imo
493 1481 523 1535 et
549 1494 653 1534 euram
685 1494 721 1535 ae
746 1473 975 1536 sollicitudinem
1001 1474 1103 1535 huma·
1158 1493 1211 1537 eur
1226 1476 1344 1537 sobrios
1359 1484 1390 1535 et
1413 1476 1578 1556 vigilantes
1596 1469 1654 1536 vvoa
1672 1467 1796 1543 assub

404 1581 491 1638 nam,
510 1561 758 1642 quemadmodum
773 1570 802 1620 et
816 1580 921 1642 preces
936 1582 971 1622 ae
986 1561 1101 1642 suppli·
1157 1564 1230 1642 quia
1246 1571 1424 1643 perpetuum
1439 1563 1525 1623 nobis
1540 1561 1652 1624 bellum
1659 1573 1699 1624 est
1709 1579 1755 1621 cru
1783 1595 1794 1638 ,ς

404 1650 538 1709 cationes
562 1647 600 1708 ad
623 1648 732 1708 Deum.
769 1648 812 1708 Et
826 1648 882 1708 hoc
897 1649 986 1709 modo
1003 1648 1099 1709 eonci-
1157 1651 1290 1711 versario
1306 1648 1537 1729 vigilantissimo
1559 1659 1588 1710 et
1603 1648 1762 1711 intestinius
1791 1653 1793 1656 ’

403 1734 497 1796 llandi
526 1744 596 1796 sunt
622 1734 680 1795 loei
706 1735 879 1815 scripturae
909 1736 941 1796 in
971 1735 1102 1815 speciem
1156 1735 1338 1809 nocendum,
1364 1735 1395 1796 id
1411 1747 1458 1797 est
1473 1736 1604 1798 diabolo.
1640 1736 1693 1797 (tui
1773 1810 1776 1817 Ι

403 1830 587 1903 pugnanter,
615 1842 740 1903 quorum
764 1822 816 1883 alii
845 1822 1022 1902 prohibere,
1049 1822 1101 1882 alii
1155 1844 1215 1884 non
1231 1824 1382 1902 poteritis,
1398 1826 1424 1884 si
1436 1823 1561 1905 crapula
1573 1829 1743 1904 grarawset

403 1909 579 1990 praecipere
591 1907 734 1970 videntur
749 1910 983 1970 sollicitudinem
998 1909 1099 1969 huma·
1155 1930 1194 1970 no
1210 1930 1368 1992 oppressos
1384 1911 1527 1972 iuveniat
1566 1912 1663 1972 Vocat
1679 1929 1734 1971 sou
1749 1933 1760 1953 ,.

403 2016 472 2057 nam
488 1994 631 2056 derebus
650 1996 896 2077 quibuscumque.
920 1996 1100 2057 Prohibetur
1156 1992 1254 2074 δικον,
1284 1997 1315 2058 id
1345 2005 1392 2058 est
1419 1999 1661 2074 adversariam,
1697 2026 1710 2049 ι·
1730 2003 1784 2047 ·=‹'

403 2083 483 2143 euim
510 2082 680 2144 inordinata
704 2082 891 2159 sollicitud03
918 2083 1101 2164 praecipitur
1155 2084 1338 2145 Hebraicum
1354 2085 1536 2145 vocabulum
1550 2086 1669 2161 Sotae,
1689 2078 1775 2165 qued¹

403 2178 433 2231 ιι
457 2167 596 2230 laudatur
616 2169 769 2245 eulinate,
790 2169 892 2250 qualis
918 2179 981 2245 est,
1011 2189 1100 2251 quam
1154 2175 1333 2232 versarium
1356 2172 1521 2250 significat,
1548 2181 1577 2233 et
1603 2192 1655 2251 per
1675 2192 1709 2233 au
1725 2202 1743 2221 «a
1777 2179 1780 2184 “

403 2255 466 2319 dixi
483 2266 513 2318 ιι
529 2254 686 2318 declaravi.
1153 2260 1230 2319 siam
1245 2260 1372 2340 principi
1387 2258 1567 2320 daemonum
1582 2261 1614 2320 iu
1629 2257 1764 2339 Scriptura

445 2346 605 2424 (ὶιιοιιιαιιι
621 2347 689 2421 Ipsi
703 2362 783 2405 euro
798 2351 841 2405 ιιι
860 2344 898 2404 de
913 2342 1009 2404 vobis.
1032 2342 1100 2403 Ηοι
1153 2345 1308 2422 tribuitur,
1322 2355 1357 2405 ιιι
1372 2346 1425 2425 qui
1436 2346 1557 2424 juratus
1568 2346 1608 2407 sit
1619 2346 1706 2408 bestia

400 2429 474 2492 dicit
488 2430 555 2492 loeo
571 2432 644 2511 ejus,
660 2432 740 2512 quod
761 2433 793 2491 in
808 2430 929 2491 Psalmo
946 2431 1098 2511 sequitur:
1152 2433 1279 2512 generis,
1295 2435 1326 2492 in
1341 2430 1423 2512 quod
1438 2442 1471 2494 st
1486 2441 1654 2513 peceatum,
1671 2442 1698 2494 st
1717 2462 1742 2483 ιι·

400 2520 444 2582 et
459 2521 530 2597 lpse
546 2525 575 2578 te
598 2521 736 2580 enutriet
743 2541 755 2596 ‚·
778 2516 922 2578 videlieet
938 2536 974 2577 ex
997 2518 1098 2596 speeie
1152 2519 1268 2580 invidia
1297 2528 1412 2594 motus,
1450 2521 1630 2595 introduxit,
1668 2519 1758 2582 Ganos
1784 2593 1786 2595 Ι

399 2605 660 2686 genusoolligens.
683 2606 752 2666 Non
762 2605 839 2665 enim
852 2603 948 2664 solum
957 2603 1099 2665 alimenta
1151 2605 1221 2685 Sap.
1239 2611 1266 2667 2.
1289 2605 1375 2666 idem
1387 2609 1626 2668 autonomastice
1640 2605 1763 2668 outae

399 2691 486 2754 Deus
501 2693 630 2766 homini,
657 2711 757 2752 curam
774 2709 859 2751 suum
875 2710 990 2750 omnem
1006 2691 1037 2750 in
1052 2692 1096 2772 ip·
1151 2701 1254 2765 catur,
1278 2691 1310 2753 id
1325 2702 1371 2754 ιιι
1386 2694 1622 2770 calumniator,
1644 2693 1778 2764 estas,

400 2798 464 2840 sum
488 2779 673 2859 projicienti,
702 2797 807 2840 verum
830 2786 862 2838 et
882 2776 942 2837 alia
964 2785 1097 2856 praestat
1150 2787 1183 2838 ut
1201 2780 1333 2840 nominat
1348 2779 1486 2842 Joanuos
1500 2781 1597 2862 Apoo.
1615 2783 1678 2856 12,
1700 2781 1746 2860 fr

400 2867 509 2940 emnia,
526 2885 607 2947 quae
622 2865 699 2927 hene
715 2873 746 2927 et
761 2862 897 2927 ordinate
910 2863 947 2924 ab
963 2865 1028 2943 ipso
1044 2883 1095 2925 cx·
1153 2874 1333 2944 oeuootor,
1357 2867 1444 2947 cujus
1460 2887 1549 2929 omne
1571 2867 1697 2931 studium
1711 2874 1759 2939 ιιι,
1776 2871 1778 2874 ’

398 2961 584 3035 spectantur.
606 2953 693 3015 Haec
707 2961 807 3014 autern
818 2951 893 3011 fides
909 2958 939 3010 et
954 2952 1096 3031 cogitatio
1150 2955 1245 3015 mines
1259 2953 1388 3015 reddere
1407 2955 1624 3035 vituperabiles
1638 2975 1673 3017 ae
1686 2953 1759 3015 Dso'

398 3040 606 3123 providentiae
621 3038 742 3101 divinae
764 3058 904 3118 magnam
919 3035 1018 3098 adfert
1033 3038 1095 3099 aui·
1149 3060 1215 3117 sos,
1241 3040 1320 3122 quod
1342 3041 1441 3102 solent
1463 3043 1670 3104 criminatores
1690 3051 1717 3102 et
1734 3076 1762 3089 ν.

398 3129 456 3189 mis
472 3125 654 3188 Christianis
669 3125 922 3207 tranquillitatem
938 3132 968 3183 ot
983 3144 1096 3204 pacem,
1149 3128 1294 3205 uiatores3
1332 3148 1399 3187 eum
1429 3129 1542 3209 alioqui
1568 3148 1630 3189 non
1654 3131 1691 3190 sit
1712 3149 1762 3189 ua·

398 3223 429 3276 et
443 3214 481 3275 ab
493 3216 646 3275 anxietate
658 3216 798 3293 curisque
810 3210 969 3291 superfluis
980 3211 1095 3273 liberat
1149 3213 1317 3296 calumniae
1342 3235 1403 3275 uon
1426 3234 1496 3276 esse
1519 3216 1618 3276 locum
1644 3214 1719 3297 apud
1746 3223 1751 3262 ¹

441 3305 469 3365 8.
492 3301 597 3363 Sobrii
623 3308 716 3361 estote
743 3306 772 3360 et
797 3298 936 3375 vipilote.
973 3299 1096 3378 Repetit
1149 3302 1250 3361 omnia
1266 3301 1421 3362 scientem.
1456 3302 1516 3362 His
1532 3301 1650 3364 duobus
1664 3301 1745 3363 non'

396 3388 613 3468 temperantiae
641 3396 672 3447 et
697 3386 875 3466 vigilantiae
904 3393 1095 3466 praeceptum
1148 3386 1269 3448 dioboli
1284 3396 1314 3448 et
1329 3390 1483 3465 Satanae,
1499 3388 1672 3471 appellatur
1684 3389 1760 3471 Aper·

396 3495 495 3556 super.
513 3494 579 3554 eap.
595 3472 698 3534 datum
713 3492 801 3534 versu
817 3476 861 3543 7.,
887 3479 922 3530 ut
937 3472 1093 3532 vehemen·
1148 3480 1177 3533 et
1194 3475 1243 3536 20.

397 3563 457 3622 tius
481 3560 559 3622 illud
584 3559 786 3630 commendet,
814 3557 973 3636 subjuncta
1003 3560 1093 3619 etiam
1191 3558 1358 3641 comparat
1386 3581 1453 3625 eum
1484 3561 1595 3623 Petrus
1631 3563 1728 3636 host,

397 3650 516 3710 ratione
541 3648 717 3707 necessaria.
756 3645 875 3707 Graece
900 3643 1008 3745 legitur
1030 3646 1094 3705 eino
1146 3645 1225 3708 fame
1254 3650 1412 3724 rapienti,
1445 3657 1475 3708 et
1503 3648 1647 3727 praedam
1679 3670 1708 3731 φ
1738 3690 1742 3695 -

397 3734 623 3814 conjunctione:
647 3726 774 3812 Νήψατε
781 3776 792 3808 ,
809 3743 1029 3809 γρηγιρησατι.
1053 3731 1094 3791 Et
1147 3753 1238 3812 qnam
1254 3734 1405 3812 eomedat3
1432 3734 1518 3797 leem
1534 3735 1675 3815 quidem,
1696 3734 1756 3817 qnia

397 3821 517 3904 quidem
532 3812 647 3899 νήψατε
670 3821 768 3901 capite
784 3816 976 3898 praecedenti
992 3826 1091 3878 verte·
1146 3821 1275 3881 tissimus
1291 3831 1322 3881 et
1333 3823 1524 3883 saevissimus
1538 3832 1601 3900 eat:
1617 3825 1690 3886 Neo
1703 3821 1765 3885 aab

395 3916 464 3969 runt
488 3908 685 3987 interpretes:
716 3907 854 3983 oipilote.
891 3902 951 3964 Sed
976 3904 1025 3965 hic
1051 3905 1093 3964 ita
1145 3914 1370 3984 superterram
1378 3915 1530 3986 potestas,
1546 3928 1630 3986 quoe
1641 3927 1737 3972 eom
1771 3988 1773 3991 Ι

395 4015 455 4055 nen
471 4002 570 4074 petest
591 3995 701 4074 exponi
722 4002 845 4075 propter
866 3991 992 4050 verbum
1017 3983 1092 4070 γρή-
1146 3996 1175 4055 ei
1182 4038 1192 4069 ,
1215 3993 1287 4055 Job.
1304 3996 1355 4055 41.
1389 3995 1435 4056 Aa
1457 3995 1587 4057 fortasse
1602 3998 1720 4079 respicit
1741 4006 1744 4018 '

395 4072 564 4160 γιρήιατι,
587 4082 670 4160 quod
694 4081 816 4160 proprio
832 4077 961 4154 vipilote
976 4076 1091 4156 signifi·
1146 4080 1185 4141 ad
1214 4089 1336 4161 apertas
1373 4080 1572 4161 dynastarum
1612 4101 1744 4165 persecu¹

395 4177 453 4227 cat.
487 4166 558 4247 Qua
581 4166 617 4227 de
640 4188 671 4227 ιι
693 4166 781 4247 plura
795 4164 925 4227 diximus
940 4162 979 4223 ad
993 4163 1091 4224 locum
1145 4165 1216 4227 dum
1232 4167 1349 4228 leonem
1365 4170 1511 4241 nominat,
1542 4189 1605 4230 uon
1620 4170 1737 4231 draeo
1770 4204 1772 4207 ·

394 4273 460 4335 cap.
491 4253 631 4334 praeced.
677 4253 770 4335 Quod
800 4253 891 4333 igitur
923 4250 972 4311 hic
1001 4249 1090 4311 dicit:
1145 4262 1248 4314 censet
1263 4253 1459 4334 Augustinus,
1479 4273 1624 4318 sumans
1639 4255 1713 4318 illud
1734 4263 1738 4278 ’

392 4333 518 4420 νήψατε,
532 4336 1090 4421 idem·esteumpraeceptoDominico
1145 4341 1213 4402 90.:
1238 4342 1444 4403 conculcatis
1465 4341 1589 4403 leonem
1613 4342 1682 4405 etd
1705 4335 1766 4412 Μ,

392 4429 465 4489 Lae.
482 4430 549 4488 tls
565 4428 727 4490 Attendite
739 4427 843 4501 vobis,
859 4444 900 4486 ιιι
913 4427 999 4503 forte
1013 4442 1090 4500 pro·
1144 4427 1218 4487 etin
1233 4426 1336 4488 homil.
1352 4429 1402 4491 35.
1415 4430 1492 4489 inter
1503 4429 1555 4491 50.
1580 4429 1698 4492 Deinde

394 4522 510 4575 ventur
526 4514 741 4575 cordavestra
752 4517 788 4574 ιἰι
800 4511 937 4590 crepulo
949 4518 978 4571 et
989 4512 1090 4573 ebrie·
1144 4516 1200 4587 tis,
1224 4512 1255 4573 id
1271 4525 1318 4576 ιιι
1332 4515 1478 4588 famelici,
1502 4514 1658 4598 epitheton
1676 4516 1739 4578 huie

391 4608 466 4662 tute.
504 4601 582 4663 Nam
605 4600 752 4683 quodibi
775 4601 931 4679 sequitur:
963 4606 992 4657 et
1006 4603 1090 4660 ouria
1143 4599 1228 4660 addit
1243 4602 1421 4682 Apostolus,
1444 4602 1516 4684 quia
1530 4604 1693 4683 perniciem
1714 4597 1760 4650 ·»’

391 4688 484 4763 brejas
498 4690 601 4763 vitoe,
626 4688 764 4749 convenit
784 4706 851 4747 cnm
868 4704 920 4759 eo,
943 4686 1025 4765 quod
1041 4685 1089 4747 hie
1144 4687 1366 4767 inexplebiliter
1380 4690 1511 4769 appetit,
1538 4710 1596 4770 nec
1611 4689 1712 4753 ullaai
1730 4744 1760 4791 ν

387 4775 452 4853 jam
468 4776 635 4856 praecessit
646 4774 684 4835 de
696 4771 898 4835 sollieitudine
910 4780 1014 4833 nostra
1025 4780 1088 4833 ιοιι
1143 4774 1261 4834 sufficit.
1285 4776 1398 4836 Circuit
1412 4784 1531 4850 autem,
1546 4779 1617 4841 siva
1629 4786 1663 4838 ut
1676 4777 1705 4838 iu
1724 4783 1757 4858 ι.

391 4862 423 4921 in
438 4861 536 4921 Deum
559 4859 754 4941 projicienda.
798 4860 916 4936 Vipilio
938 4858 1089 4939 significat
1142 4869 1197 4934 eet,
1208 4862 1383 4939 aspersuri,
1400 4862 1555 4941 ambulet,
1573 4859 1753 4941 obsum

391 4953 539 5008 attentam
555 4966 655 5010 curam
677 4947 782 5008 salutis
806 4946 954 5009 adversus
973 4945 1087 5008 hostili·
1141 4948 1247 5024 bolus,
1272 4968 1446 5027 quaereres,
1470 4969 1564 5027 quem
1580 4952 1703 5016 devoret
1717 4939 1729 5024 i
1742 5000 1757 5023 ,

390 5041 491 5094 tatem.
513 5034 639 5113 Sumpta
658 5034 834 5114 metaphora
849 5054 870 5093 a·
883 5034 1086 5095 ιιιιιιιιιιἸιιιι
1139 5034 1299 5097 admodum
1323 5046 1353 5099 et
1373 5039 1441 5120 ipse
1463 5036 1502 5098 ds
1526 5055 1559 5101 so
1581 5038 1708 5122 loquitur
1737 5026 1748 5073 ι’
