4442 5825
667 589 830 648 merom
849 591 1064 648 annitenti.
1099 544 1183 646 vnis.
1202 593 1226 645 5.
1588 600 1661 668 447

367 821 369 831 ,
408 769 641 835 commentarius
676 769 741 850 ejus
783 770 916 850 indicet3
968 772 1073 852 utiquo
1094 771 1233 851 superius
1256 767 1402 831 invidiam
1419 777 1449 830 et
1464 789 1581 852 pugnas
1596 790 1661 852 gre-

367 878 460 919 ssrum
476 859 507 920 id
524 857 618 919 refert
632 858 672 920 sd
687 879 816 920 sensum.
837 859 915 919 Nem
969 859 1049 920 viter
1064 857 1200 937 culpetas
1217 858 1396 919 audivimus.

367 964 385 1006 e
414 955 462 1006 est
488 945 699 1026 Apostolicae,
733 947 915 1026 conjungere
1010 945 1092 1024 Hinc
1108 945 1169 1018 alii,
1185 965 1261 1025 quoa
1276 942 1663 1006 Bedsmemoratsecundo

385 1051 542 1115 personne,
566 1052 643 1113 qnos
663 1035 814 1113 increpat3
838 1035 916 1094 sicut
968 1032 1044 1104 loco,
1071 1031 1116 1093 cd
1138 1033 1295 1093 invidiam
1319 1040 1489 1109 exponunt:
1512 1031 1664 1093 adversm

367 1121 462 1200 capite
478 1118 676 1200 praecedenti
968 1119 1146 1197 invidiam
1169 1129 1204 1179 ιιι
1227 1138 1330 1180 sensus
1353 1118 1407 1178 sit:
1429 1117 1570 1178 Invidiae
1585 1137 1661 1178 mor·

367 1205 470 1266 mmde
479 1206 636 1268 intellectu
645 1207 736 1265 totius
750 1206 916 1266 sententiae
968 1205 1039 1266 bum
1066 1205 1209 1266 debellari
1233 1217 1324 1287 atque
1344 1225 1362 1265 a
1385 1206 1491 1266 vestris
1513 1204 1664 1266 mentibus

367 1313 400 1353 ιιι
421 1291 581 1354 difficultas
606 1303 659 1366 est,
682 1292 869 1373 multumque
885 1293 915 1351 in
969 1293 1134 1373 exstirpari,
1157 1291 1308 1354 desiderat
1322 1292 1452 1373 Spiritus
1466 1292 1526 1353 Dei
1540 1311 1596 1372 per
1610 1292 1662 1354 bs·

369 1379 566 1460 istinguouds,
583 1391 645 1441 tum
659 1378 847 1460 explicanda,
863 1398 913 1439 sa·
968 1380 1108 1460 ptisrnom
1124 1380 1263 1442 babitans
1274 1382 1305 1441 in
1323 1379 1416 1439 vobis.
1440 1378 1478 1439 Id
1493 1381 1573 1439 enim
1585 1378 1662 1441 Scri·

367 1475 498 1542 ststores,
521 1468 603 1548 quod
618 1488 676 1528 non
701 1474 854 1546 appareat,
878 1464 916 1524 de
968 1475 1057 1546 ptura
1085 1464 1157 1526 dicit
1190 1469 1227 1528 iia
1257 1467 1346 1541 locis,
1380 1466 1491 1548 quibua
1517 1463 1664 1528 invidiam

367 1556 474 1631 iptrsre
499 1553 640 1635 loquatur
662 1553 834 1635 Apostolus,
861 1571 915 1611 nec
969 1552 1100 1613 damnat
1124 1553 1190 1614 Nec
1201 1553 1312 1635 refugit
1327 1553 1405 1613 hsnc
1416 1552 1663 1635 significationem

367 1642 491 1718 spiritu.
514 1640 605 1702 Unde
629 1650 660 1703 et
681 1641 838 1702 iuvidiam
861 1637 913 1699 alii
968 1638 1084 1700 Graeco
1099 1643 1281 1720 praepositio
1296 1631 1384 1719 πρός.

367 1729 514 1808 erpreteti
535 1735 612 1801 sunt,
635 1739 664 1789 et
679 1728 720 1788 sd
735 1727 854 1788 diverse
869 1746 913 1785 re·
1011 1726 1104 1786 Porro
1140 1725 1340 1789 Oecumenius
1377 1726 1463 1787 aliter
1500 1726 1663 1809 distinguit

383 1812 461 1874 Illud
477 1815 507 1874 in
522 1815 627 1895 primis
650 1813 805 1890 admoneo,
827 1815 914 1878 Scri-
967 1813 1042 1874 Nom
1057 1822 1171 1895 portem
1188 1814 1289 1877 illam:
1313 1814 1365 1876 Ad
1380 1814 1550 1890 invidiam,
1573 1835 1662 1876 sune·

377 1901 506 1981 intelligi
533 1899 644 1963 debere
671 1902 780 1962 veteris
807 1902 912 1962 instru·
968 1901 1022 1960 ctit
1037 1902 1263 1982 interrogationi
1284 1900 1488 1984 praecedenti,
1510 1901 1662 1984 reliquum

367 1987 425 2048 ism
442 1988 624 2069 ubicumque
639 1991 671 2052 in
685 1987 769 2049 libris
783 1988 913 2068 Aposto-
967 1986 1121 2063 affirmate,
1143 1996 1174 2049 ot
1189 1983 1224 2047 τὸ
1241 1989 1359 2067 πνεῦμα
1375 2001 1483 2069 questo
1499 2007 1571 2049 casu
1587 1990 1662 2050 acci·

367 2083 459 2156 ptura
481 2076 597 2151 citatur,
621 2077 661 2138 sd
684 2075 779 2156 legem
796 2085 826 2137 et
841 2075 913 2137 Pro·
968 2076 1069 2155 piens:
1093 2079 1285 2154 concupiscit
1305 2078 1475 2155 spicuam,-
1500 2078 1618 2137 tametsi
1634 2074 1664 2137 id

367 2162 515 2243 sspicitor,
539 2183 599 2224 non
618 2163 658 2224 ad
673 2183 718 2239 es,
742 2182 820 2246 quoe
834 2164 913 2245 Apo·
969 2164 1116 2242 interpres
1139 2164 1203 2243 ejus
1224 2185 1283 2226 non
1299 2163 1552 2224 animadverterit
1575 2163 1664 2224 Fecit

367 2277 369 2308 ι
395 2250 583 2329 scripserant.
614 2251 792 2326 Habemus,
820 2250 915 2333 inquit
970 2249 1048 2308 enim
1070 2248 1150 2310 hnnc
1172 2269 1290 2312 sensnm
1307 2248 1522 2311 Oecomcnios:
1545 2250 1594 2310 Διι
1609 2269 1661 2331 pu·

367 2337 538 2414 (iuniorem
555 2340 777 2415 propheticum
796 2356 916 2399 scsmo·
968 2337 1047 2411 tatis,
1071 2334 1257 2417 Scriptorum
1273 2338 1407 2399 inaniter
1420 2346 1450 2398 et
1465 2336 1504 2397 sd
1519 2335 1663 2399 invidiam

379 2423 476 2504 Epist.
494 2428 521 2484 1.
555 2424 614 2484 Itlet
641 2435 741 2486 eutem
767 2424 915 2485 distinctio
970 2419 1082 2500 (idest,
1104 2434 1259 2506 tamquam
1281 2425 1366 2485 nobis
1386 2420 1532 2499 invideat)
1555 2422 1664 2499 dicere,

367 2508 463 2584 obvie,
487 2530 578 2591 quem
592 2514 685 2573 nostri
701 2511 819 2573 codices
835 2511 916 2572 exbi·
969 2512 1159 2592 praecipere,
1184 2511 1215 2572 id
1241 2521 1304 2587 est,
1331 2510 1462 2573 difficilis
1487 2509 1664 2572 humilitatis

367 2616 483 2678 tamque
505 2597 601 2678 Syrus
623 2599 773 2681 interpres
795 2610 916 2660 secutus
969 2607 1132 2681 praecepte
1161 2599 1246 2662 nobis
1275 2595 1506 2680 praescribere?
1542 2597 1662 2679 Nequa-

367 2691 404 2745 ιιι
418 2684 557 2746 verbum:
581 2684 677 2762 dicat,
701 2687 810 2767 stigme
824 2707 915 2768 pone·
970 2704 1076 2766 qusm3
1100 2683 1154 2747 sed
1176 2686 1207 2747 id
1229 2685 1303 2746 fecit
1326 2682 1520 2747 exaltationis
1543 2694 1664 2747 nostres

367 2772 589 2853 sterrogetionis
604 2781 673 2833 nota
689 2780 783 2835 totsm
799 2781 915 2835 senten·
971 2791 1070 2833 cause.
1109 2773 1303 2854 concupiscit
1329 2773 1417 2847 enim,
1448 2774 1513 2833 sive
1541 2773 1664 2854 expetit,

367 2856 438 2920 idat.
462 2858 718 2940 ltasigniticntur,
735 2860 918 2941 Scriptorum
969 2859 1121 2940 spiritum,
1148 2861 1180 2924 id
1203 2868 1250 2923 est
1271 2861 1416 2942 gretiam,
1444 2860 1474 2920 in
1495 2858 1583 2921 nobis
1610 2879 1664 2942 per

367 2954 424 3020 ter,
437 2966 492 3007 nec
500 2945 611 3008 frustra
619 2946 719 3010 dicere
730 2948 805 3010 bsec
816 2948 917 3021 verbs,
969 2965 1054 3008 susm
1066 2947 1302 3009 exhortationem
1314 2946 1494 3023 inhabitare,
1510 2967 1563 3027 per
1574 2966 1664 3030 qusm

367 3031 445 3094 nosd
456 3051 591 3095 sensum:
607 3033 660 3096 Ad
669 3035 826 3097 invidiam
839 3053 916 3096 coss·
969 3032 1158 3113 exaltemur,
1180 3036 1224 3095 uti
1250 3035 1408 3116 sequentis
1434 3032 1545 3095 Jacobi
1570 3034 1664 3096 verbs

371 3126 428 3182 esc.
462 3119 555 3201 Quod
580 3128 681 3183 tomen
707 3120 806 3183 adhuc
831 3122 917 3182 varie
969 3120 1134 3183 declarant.

367 3227 389 3267 r.
1013 3207 1099 3269 Alius
1112 3210 1159 3268 vir
1170 3207 1284 3284 doctus,
1299 3206 1425 3269 esndem
1438 3206 1663 3270 distinctionem

366 3312 423 3367 ue,
454 3313 580 3375 quornm
612 3302 642 3355 et
667 3293 753 3355 Beds
783 3295 918 3355 meminit
969 3303 1100 3368 secutus,
1117 3302 1218 3356 notem
1233 3296 1472 3376 interrogetionis
1486 3296 1518 3356 in
1532 3295 1590 3355 fine
1605 3294 1663 3355 col·

367 3399 388 3440 o
404 3377 479 3457 (tres
493 3381 570 3441 enim
582 3380 681 3441 edfert
692 3377 916 3461 expositiones),
969 3381 1058 3454 locst,
1086 3390 1115 3442 et
1137 3382 1195 3443 boc
1216 3382 1306 3443 modo
1328 3382 1468 3461 exponit:
1490 3384 1539 3442 An
1561 3380 1663 3442 existi·

367 3468 502 3547 ccipiunt
516 3466 554 3527 do
570 3469 687 3545 spirite
700 3467 840 3542 humano,
864 3487 917 3548 per
968 3471 1064 3542 mstis,
1080 3468 1191 3530 frustra
1202 3468 1387 3549 Scriptorum
1399 3468 1521 3543 dixisse,
1537 3487 1572 3529 eo
1584 3469 1665 3550 quod

367 3575 374 3612 s
402 3552 441 3613 sd
465 3554 542 3614 male
566 3555 842 3634 concupiscendum.
876 3554 917 3614 Et
969 3557 1055 3618 robis
1083 3556 1232 3630 invideat,
1260 3557 1397 3637 spiritum
1424 3556 1522 3615 carnis
1548 3561 1665 3617 vestrae

367 3659 389 3701 ts
402 3640 497 3700 citent
509 3639 585 3701 Gen.
599 3642 627 3701 7.
640 3650 671 3702 et
682 3645 718 3715 8.,
733 3640 783 3702 ubi
797 3640 916 3715 dicitnr,
969 3662 1063 3723 prave
1089 3644 1315 3724 concupiscere,
1345 3660 1401 3702 nec
1426 3642 1504 3702 bons
1528 3661 1595 3703 esse
1621 3663 1665 3717 ea,

367 3744 431 3788 rsus
446 3734 476 3787 ct
491 3731 639 3804 copttots'o
663 3729 768 3789 cordis
781 3730 916 3790 temoni
970 3749 1050 3810 quse
1062 3727 1239 3790 desiderat?
1254 3729 1324 3789 Non
1335 3730 1377 3788 ite
1389 3749 1470 3802 osne,
1483 3728 1565 3810 quod
1578 3729 1663 3792 vobis

367 3816 488 3875 scentia
503 3833 561 3874 sea
572 3816 612 3875 sit
622 3819 747 3877 intenta
761 3834 798 3876 oc
809 3833 916 3893 prona
969 3815 1120 3893 invideet3
1136 3817 1268 3896 quinimo
1283 3816 1429 3896 majorem
1446 3814 1503 3892 (nti
1519 3813 1664 3898 sequitur)

367 3920 399 3961 m
415 3905 506 3962 omns·
527 3907 674 3979 tempore.
697 3901 759 3963 Sed
775 3902 816 3963 ibi
831 3901 916 3962 nulle
968 3904 1086 3983 gratioe
1115 3903 1253 3964 coelestia
1280 3901 1441 3983 pollicetur
1469 3902 1664 3984 opulentiam,

367 3989 486 4049 mentio.
970 3988 1666 4071 quamqueecnnctiscernisdesideriiequeet

367 4076 506 4152 ipiss’trsm
529 4074 588 4136 Dei
615 4075 801 4156 intelligunt,
827 4094 916 4156 quem
969 4076 1146 4156 comparari.
1185 4075 1235 4137 Sic
1261 4076 1323 4137 ille.
1358 4074 1420 4137 Sed
1444 4076 1517 4137 mibi
1543 4086 1664 4139 coectue

367 4162 558 4242 oncupiscere
582 4180 679 4241 nsque
701 4160 740 4222 ed
763 4162 916 4237 invidiam,
967 4163 1109 4223 videntur
1124 4161 1183 4223 bae
1197 4163 1410 4244 expositiones.

367 4246 519 4329 lotypiam,
536 4247 605 4308 dnm
618 4267 700 4310 more
712 4250 770 4309 viri
782 4249 916 4330 zelotypi
1011 4250 1067 4310 list
1082 4258 1183 4310 eutem
1199 4250 1306 4311 etalio
1326 4249 1414 4330 bujus
1438 4253 1605 4313 sententies
1620 4250 1664 4311 di·

367 4353 416 4408 mr,
441 4332 571 4396 cultores
587 4354 657 4395 suos
672 4354 803 4397 umorem
818 4343 911 4397 ιιιιιιι-
968 4338 1103 4413 stinctio,
1130 4337 1195 4398 sive
1218 4338 1318 4418 potius
1341 4338 1558 4419 pronuntiatio,
1585 4359 1663 4420 quae

367 4421 512 4482 mundum
524 4429 553 4482 et
565 4440 609 4496 ce,
626 4442 703 4503 quse
719 4421 821 4483 mundi
837 4430 914 4497 sunt,
969 4431 1129 4503 utrumque
1144 4425 1308 4485 membrum
1322 4423 1395 4485 facit
1410 4424 1663 4505 interrogativum.

367 4516 415 4581 at,
439 4508 504 4569 zelo
526 4508 678 4570 vindictae
701 4507 846 4570 adversus
863 4530 915 4570 eos
968 4510 1142 4592 Exponitur
1165 4520 1261 4573 autem
1279 4510 1447 4592 dupliciter.
1474 4511 1544 4573 Uno
1566 4512 1663 4585 modo,

367 4602 430 4656 rtur.
464 4595 662 4677 Prosequitur
690 4595 770 4657 bunc
794 4616 915 4658 sensum
968 4606 1003 4656 ut
1032 4600 1178 4678 posterius
1207 4598 1371 4660 membrum
1399 4599 1552 4659 continent
1577 4600 1607 4660 in
1629 4618 1663 4659 se

367 4680 472 4745 verbis
489 4680 665 4762 Osjetanus,
686 4690 716 4743 et
730 4682 916 4764 Scripturem
968 4684 1153 4766 Scriptorum
1190 4683 1364 4765 ollegstam,
1398 4692 1506 4766 utpote
1542 4703 1662 4746 sensum

367 4767 429 4831 rod.
443 4770 503 4844 20,
518 4769 571 4829 ubi
581 4769 668 4830 Deus
684 4771 715 4830 in
728 4769 916 4851 legislatione
967 4770 1046 4831 hunc
1061 4770 1178 4833 hebens
1190 4774 1379 4853 negativum:
1394 4770 1464 4832 Non
1477 4773 1664 4853 concupiscit

367 4862 493 4917 evocat.
517 4855 577 4918 Sed
592 4857 659 4917 aliis
675 4856 756 4917 istud
771 4878 830 4918 non
846 4877 914 4939 pro·
967 4855 1081 4934 (idest,
1104 4860 1315 4940 concupiscere
1336 4854 1422 4934 facit)
1442 4857 1573 4938 Spiritus
1595 4879 1661 4921 san·

367 4963 380 5006 c
403 4942 519 5004 merito.
543 4942 700 5025 Nusquam
723 4945 800 5004 enim
821 4946 853 5005 in
868 4964 913 5005 se·
969 4951 1044 5018 ctus,
1057 4964 1147 5026 quem
1163 4946 1194 5006 in
1209 4944 1358 5025 bsptismo
1374 4946 1543 5026 accepistis,
1563 4946 1602 5007 ed
1620 4946 1662 5006 in·

367 5047 387 5092 s
411 5026 530 5092 invidis
551 5031 700 5112 recipitur
721 5030 854 5094 inbono.
876 5031 917 5092 Et
968 5031 1092 5107 vidium,
1114 5030 1167 5094 sed
1188 5032 1286 5112 magis
1307 5032 1346 5094 sd
1365 5030 1602 5096 beneficentiem.
1624 5030 1664 5093 Id
