4442 5825
1543 610 1868 665 srlsToLAn
1900 610 1957 667 11.
1989 611 2165 666 Bam
2198 610 2389 666 PETRI.
2456 609 2625 663 vms.
2661 611 2710 664 8.
2745 611 2795 663 4.

717 784 973 849 [lusores
989 832 1010 863 ‚
1066 786 1229 866 qnod
1253 833 1267 860 ,
1323 789 1462 847 dnm
1515 787 1732 849 fallunt
1781 788 2073 862 homines,
2179 797 2303 848 tem
2336 784 2560 847 Christi
2590 794 2778 846 testes
2809 783 3055 846 fuerunt
3082 781 3379 863 Apostoli,
3411 783 3568 844 sicut

717 882 989 955 :ponant
1016 892 1122 935 eos
1152 872 1404 934 eliorum
1434 874 1715 934 ludibrio.
1750 874 1905 935 Nam
1933 874 2072 935 dolo
2178 875 2403 935 dictum
2436 882 2529 934 est
2559 893 2689 951 cap.
2728 878 2779 931 1.

717 961 841 1040 npti
870 959 1061 1041 vulgo
1090 959 1272 1021 rideri
1296 959 1493 1021 solent
1516 970 1822 1040 tamquam
1848 963 2068 1041 simpli·

717 1062 775 1107 ss
806 1052 870 1107 et
899 1048 1142 1107 incauti.
1201 1047 1318 1107 Vel
1361 1051 1539 1107 etiam
1584 1049 1740 1127 quia,
1784 1067 1935 1126 quos
1965 1048 2066 1109 de·

717 1130 913 1213 lpiunt
958 1133 1056 1194 vel
1099 1131 1490 1213 decipiendos
1535 1142 1793 1213 sperant,
1849 1154 1953 1195 eos
2004 1137 2069 1195 in

717 1216 860 1281 crde
886 1236 999 1279 suo
1031 1218 1304 1280 derident
1333 1230 1638 1299 tamquam
1669 1223 1911 1297 ignaros
1942 1219 2068 1281 doli

717 1304 1085 1386 teimpliees.
1161 1305 1358 1386 Saepe
1390 1309 1570 1367 etiam
1606 1308 1762 1366 inter
1792 1326 1930 1369 sese
1960 1325 2066 1368 eos

717 1410 807 1453 m
839 1392 1150 1453 cachinnis
1182 1393 1453 1454 irrident.
1520 1394 1773 1472 Legitur
1814 1393 1930 1453 hoc
1959 1415 2062 1455 vo·

717 1476 954 1539 nimium
1008 1479 1230 1539 Psalm.
1288 1484 1342 1540 1.
1398 1499 1476 1541 ex
1530 1479 1824 1554 Hebraeo,
1886 1489 1951 1543 et
2000 1483 2064 1540 in

717 1563 1039 1638 roverbiis,
1070 1574 1130 1624 et
1158 1565 1306 1626 alibi
1338 1568 1579 1645 passim.
1627 1566 1790 1626 Hinc
1821 1577 1881 1627 et
1912 1565 2063 1627 illud

717 1650 881 1713 hah.
914 1671 1047 1732 cap.
1084 1656 1140 1713 2.
1173 1651 1251 1712 de
1281 1650 1553 1713 Herode:
1615 1653 1867 1729 Videras,
1901 1673 2062 1732 quo-

717 1738 847 1799 iam
895 1738 1122 1799 illusus
1176 1747 1328 1799 esset
1355 1758 1397 1799 a
1426 1740 1669 1815 Magis,
1716 1740 1779 1800 id
1811 1752 1916 1813 est,
1963 1740 2059 1801 de·

717 1832 899 1907 uptus,
946 1824 1147 1905 Magis
1191 1845 1312 1886 non
1341 1825 1747 1900 redeuntibus,
1791 1829 1879 1887 uti
1927 1847 2058 1907 pro·

717 1910 978 1973 urant.

746 2045 970 2107 Juxta
1006 2044 1315 2119 proprias
1344 2045 1886 2119 eoncupiseentias
1917 2062 2058 2103 am-

717 2126 973 2191 !Iantes.
1036 2128 1415 2209 Augustinus
1444 2128 1606 2209 legit,
1636 2137 1704 2190 ut
1734 2131 1796 2191 in
1819 2129 2059 2191 Graeco

717 2220 785 2275 B:
810 2216 1183 2278 Secundum
1209 2218 1518 2292 proprias
1547 2235 1694 2276 suas
1723 2220 2056 2293 concupis-

717 2304 896 2364 nfl'as
926 2310 1166 2364 euntes.
1219 2301 1451 2363 Eadem
1482 2323 1665 2383 prope
1696 2305 1887 2363 verba
1919 2311 2056 2365 sunt

717 2387 821 2449 md
870 2390 942 2450 B.
998 2388 1257 2462 Judam,
1312 2397 1372 2450 et
1422 2407 1637 2452 sensns
1691 2399 1813 2450 est:
1869 2388 2054 2450 Obse-

717 2482 915 2537 mtes
962 2474 1303 2536 carnalibus
1344 2477 1468 2536 suis
1499 2474 1827 2550 desideriis,
1874 2476 2054 2556 gulae

750 2560 990 2623 libidini
1022 2563 1375 2623 servientes.
1423 2560 1548 2642 Qui
1572 2564 1727 2623 euim
1762 2562 2050 2642 ejusmodi

717 2656 817 2722 ut,
862 2648 1048 2709 facile
1078 2668 1250 2727 spem
1281 2650 1575 2727 abjiciunt
1605 2657 1669 2709 et
1696 2651 2053 2730 impugnant

717 2752 947 2797 uerum
983 2736 1332 2797 coelestium
1358 2755 1432 2796 ac
1455 2736 1868 2815 spiritualium,
1895 2756 2051 2816 quae

717 2816 829 2881 laia
858 2823 921 2883 in
952 2819 1219 2883 futurum
1256 2824 1697 2902 promittuntur.
1753 2823 1927 2883 Unde
1959 2844 2046 2884 se-

718 2904 894 2970 fitur:

718 3039 800 3100 4.
861 3040 1196 3115 Dicentee,
1243 3040 1354 3100 ubi
1400 3046 1488 3100 eet
1524 3041 1884 3116 promissiO,
1934 3046 2052 3100 aut

717 3119 974 3188 fenum
1025 3129 1207 3201 ejus?
1298 3126 1626 3187 Adventus
1681 3128 1745 3186 in
1798 3125 2048 3187 Graecis

717 3213 909 3274 1ιὶιίνί
953 3232 1130 3273 casus
1162 3222 1287 3273 est:
1344 3214 1464 3291 τῆς
1508 3207 1872 3292 παρουσίας.
1932 3216 2044 3274 Le·

717 3309 806 3361 ut
834 3300 997 3361 enim
1028 3301 1161 3361 sine
1190 3301 1488 3379 particula
1513 3299 1895 3379 disjungente
1925 3320 2045 3359 me·

717 3399 789 3446 u:
859 3385 984 3447 Uen·
1027 3394 1116 3447 est
1159 3390 1492 3463 promissio
1523 3388 1837 3448 adventus
1868 3388 2047 3460 ejus?

717 3485 833 3535 ue
886 3471 1104 3534 eadem
1158 3473 1332 3535 lectio
1384 3473 1547 3553 apud
1598 3476 1887 3535 Liranum
1941 3483 2044 3534 est.

717 3569 747 3614 k
796 3567 863 3620 et
905 3559 1312 3639 Augustinus:
1384 3561 1501 3622 Ubi
1543 3567 1630 3621 est
1665 3563 2043 3637 promissum

717 3650 1054 3708 menuae
1085 3648 1330 3725 ipsius?
1382 3648 1539 3708 Nam
1571 3646 1806 3709 Graeca
1833 3668 1952 3708 vox
1986 3656 2059 3708 etz

717 3731 1029 3807 mm,
1062 3743 1121 3794 et
1148 3737 1580 3811 praesentiam
1611 3734 1926 3814 significat,
1981 3744 2046 3794 ut

717 3822 994 3882 animus
1039 3820 1116 3880 ad
1161 3841 1291 3899 cup.
1329 3827 1380 3882 1.
1425 3840 1583 3881 vers.
1621 3823 1718 3882 16.
1780 3819 1902 3881 Sed
1931 3820 2047 3881 hoc

717 3903 783 3968 '¹0
814 3905 1037 3968 melius
1065 3909 1357 3987 accipitur
1376 3929 1480 3987 pro
1505 3907 1808 3982 adventu,
1843 3926 2041 3987 quem-

717 3992 980 4056 modum
1026 4001 1088 4054 et
1130 4013 1345 4072 supra,
1406 3994 1566 4055 dicto
1605 4014 1737 4072 cap.
1784 3998 1837 4054 1.
1890 4013 2042 4054 vers.

717 4117 735 4136 .
800 4080 920 4142 Est
963 4088 1166 4140 eutem
1215 4079 1432 4143 locutio
1466 4083 1787 4142 transitiva
1819 4101 1926 4159 pro
1958 4082 2043 4141 in-

717 4169 994 4240 mitium,
1026 4166 1334 4228 familiaris
1365 4168 1694 4242 Hebraei03
1740 4187 1921 4246 quam
1955 4170 2042 4229 in-

717 4255 969 4316 usitive
998 4255 1083 4314 sic
1114 4254 1366 4315 reddas:
1439 4255 1556 4316 Ubi
1584 4262 1672 4315 est
1695 4257 2047 4330 promissus

717 4351 781 4402 υ
811 4340 1182 4401 adventus?
1241 4343 1419 4417 Ejus,
1464 4340 1648 4401 refert
1694 4343 2043 4402 Dominum

717 4427 1146 4490 Salvator-em
1161 4452 1186 4505 ‚⁰
1217 4427 1280 4488 id
1313 4431 1475 4488 enim
1509 4431 1852 4508 praecessit.
1907 4429 2044 4489 Ad-

717 4521 909 4577 mm
960 4513 1236 4594 intel-lige
1279 4513 1630 4594 gloriosum,
1674 4536 1794 4595 quo
1842 4518 2044 4575 veniet
2098 4549 2101 4561 „

717 4615 776 4664 n
808 4602 1144 4681 majestate
1171 4621 1418 4682 magna,
1461 4602 1844 4681 judicaturus
1877 4622 2038 4662 mun·

717 4701 807 4762 tn,
839 4696 906 4748 et
927 4687 1165 4765 jndicio
1198 4697 1440 4767 peracto
1472 4690 1603 4749 sine
1625 4688 1744 4749 fine
1765 4698 2040 4767 regnatu·

717 4787 731 4828 ⁸
809 4793 957 4836 cum
1008 4775 1133 4836 suis
1184 4774 1412 4836 electis.
1497 4775 1681 4836 Hunc
1731 4777 1888 4837 enim
1940 4774 2039 4835 ad-

717 4871 891 4924 ntum
938 4880 1115 4921 suum
1161 4860 1296 4940 ipse
1341 4860 1613 4924 Christus
1658 4863 1931 4941 promisit
1982 4864 2043 4924 in

718 4947 997 5030 :angono
1051 4944 1384 5023 multoties,
1439 4948 1815 5029 eundemque
1869 4969 2038 5029 prae-

717 5036 1003 5101 mittunt
1042 5033 1405 5119 Prophetae.
1465 5036 1894 5100 Promissionis
1938 5055 2038 5097 au-

2260 961 2467 1033 Porro,
2514 958 2660 1040 quid
2707 961 3063 1038 impostores
3108 955 3197 1017 illi
3240 955 3559 1028 voluerint,

2176 1045 2454 1106 dicendo:
2530 1047 2646 1107 Ubi
2697 1052 2787 1105 est
2838 1051 2945 1104 etc.
2963 1089 2984 1120 ‚
3039 1043 3299 1104 dubitari
3348 1050 3566 1123 potest.

2173 1133 2361 1205 Beda,
2407 1152 2585 1213 quem
2616 1132 2888 1192 nonnulli
2917 1139 3265 1211 sequuntur,
3310 1129 3461 1189 haee
3491 1127 3567 1188 ab

2173 1218 2294 1280 illis
2326 1217 2485 1279 dicta
2516 1226 2691 1298 putat
2720 1217 2800 1277 ad
2828 1216 3279 1297 significandam
3310 1213 3554 1275 tardita-

2172 1316 2295 1365 tem
2327 1304 2621 1366 adve-ntus
2649 1305 2930 1381 Domini3
2975 1302 3274 1383 quomodo
3322 1300 3563 1361 dicebat

2170 1392 2378 1452 malus
2405 1393 2511 1451 ille
2541 1409 2757 1452 servm
2786 1394 2858 1452 in
2889 1390 3075 1450 eorde
3104 1409 3253 1451 suo.-
3305 1388 3561 1449 Moram

2165 1480 2328 1556 facit
2358 1481 2676 1539 Dominus
2714 1496 2890 1539 meus
2924 1479 3135 1538 venire
3150 1499 3173 1554 ,·
3200 1476 3563 1553 percutiens

2169 1568 2425 1626 intem'm
2458 1582 2786 1626 conservos
2814 1581 2976 1638 suos,
3035 1564 3343 1639 edentque
3373 1568 3432 1621 et
3461 1561 3558 1620 bi-

2170 1652 2318 1712 bens
2348 1671 2490 1712 cum
2523 1653 2800 1725 ebriosis,
2834 1650 3042 1711 Matth.
3063 1652 3164 1711 24.
3198 1658 3258 1710 et
3289 1648 3434 1709 Luc.
3457 1649 3555 1708 12.

2169 1739 2301 1800 Hos
2364 1738 2616 1818 opponit
2666 1737 2839 1798 Beda
2890 1733 3557 1808 Thessalonicensibus,

2169 1829 2273 1904 qui
2305 1824 2459 1885 diem
2491 1826 2740 1886 Domini
2773 1825 3134 1895 viciniorem,
3171 1841 3352 1902 quam
3382 1841 3553 1901 opor-

2164 1914 2297 1986 tuit,
2341 1912 2835 1991 suspicabantur,
2883 1914 2919 1972 2
2953 1910 3170 1971 Thess.
3203 1911 3280 1984 2.,
3327 1927 3399 1968 ac
3426 1927 3550 1969 mo-

2163 2007 2285 2072 net,
2338 2017 2487 2059 sane
2539 2018 2722 2078 quam
2773 1996 3122 2071 salubriter,
3168 1996 3244 2056 ab
3301 2003 3554 2076 utraque

2166 2087 2447 2164 opinione
2477 2082 2875 2146 cohibendum
2906 2103 3247 2145 assensum:
3294 2083 3418 2144 Sed
3448 2101 3551 2144 so-

2162 2173 2296 2232 lum
2326 2173 2462 2246 hoe,
2512 2174 2726 2251 inquit,
2757 2171 2962 2230 seduli
2984 2188 3422 2247 procuremus,
3454 2177 3548 2246 ut,

2160 2261 2289 2318 sive
2334 2260 2523 2333 ocius,
2571 2261 2700 2318 eive
2748 2275 2886 2317 sero
2916 2260 3176 2319 veniens
3206 2259 3548 2332 Dominus,

2155 2353 2423 2421 paratos
2466 2363 2583 2406 nos
2621 2347 2824 2421 possit
2867 2346 3192 2420 invenire,
3239 2344 3394 2403 dum
3440 2363 3549 2404 ve-

2157 2434 2345 2492 ruerit.

2246 2519 2370 2578 Alii
2400 2518 2865 2597 interrogatione
2918 2517 3216 2597 ejusmodi
3261 2519 3545 2598 simplici·

2157 2613 2250 2664 ter
2323 2606 2533 2682 negari
2609 2612 2824 2683 putant
2895 2602 3159 2664 futurum
3217 2605 3545 2666 adventum

2159 2689 2398 2766 Christi,
2442 2700 2511 2751 ut
2555 2692 2861 2769 responsio
2911 2691 3019 2750 sit:
3072 2692 3248 2753 Vana
3291 2701 3381 2753 est
3411 2712 3542 2772 pro-

2157 2778 2395 2853 missio;
2449 2797 2773 2857 numquam
2805 2780 3008 2839 veniet
3036 2777 3344 2839 Dominus.
3408 2777 3544 2859 Quo

2158 2883 2340 2925 sensu
2372 2864 2450 2926 ad
2482 2865 2741 2926 Tobiam
2786 2863 3069 2926 dicebant
3098 2868 3339 2945 cognati
3372 2867 3544 2946 ejus:

2169 2952 2286 3013 Ubi
2331 2959 2419 3012 est
2462 2970 2599 3029 spes
2627 2959 2761 3026 tua,
2806 2970 2928 3028 pro
2958 2972 3088 3029 qua
3126 2956 3546 3029 eleemosynas

2157 3045 2216 3098 et
2261 3040 2621 3116 sepulturas
2660 3038 2989 3116 faciebas?
3046 3040 3147 3100 Sic
3193 3043 3351 3101 enim
3389 3061 3543 3102 uxor

2155 3126 2283 3205 ejus
2329 3128 2605 3205 exponit,
2652 3145 2782 3185 cum
2829 3126 3292 3204 exprobratione
3332 3130 3542 3190 dicens

2154 3216 2245 3272 ei:
2291 3214 2630 3289 Manifeste
2676 3230 2849 3273 vana
2891 3214 3074 3290 faeta
3120 3222 3207 3274 est
3249 3233 3385 3291 spes
3424 3223 3540 3276 tua

2153 3306 2262 3361 etc.
2325 3300 2575 3359 Sensum
2606 3299 2763 3358 bunc
2792 3299 3000 3360 volunt
3028 3302 3285 3361 Liranus
3316 3321 3389 3362 ac
3418 3301 3539 3382 ple·

2150 3390 2325 3465 rique
2356 3386 2669 3461 neoterici3
2703 3387 2885 3465 idque
2916 3388 3151 3447 tectius.
3214 3388 3363 3448 Nam
3404 3409 3537 3449 eum

2148 3474 2331 3551 plane
2383 3474 2572 3552 exigit
2610 3491 2870 3552 sequens
2920 3473 3170 3534 istorum
3221 3477 3538 3554 impiorum

2151 3558 2453 3639 probatio:
2511 3560 2614 3620 Ea:
2661 3578 2785 3635 quo
2817 3561 2984 3619 enim
3015 3569 3231 3636 patres
3260 3563 3539 3623 dormie-

2147 3652 2305 3707 runt
2335 3653 2442 3706 ete.
2458 3691 2479 3722 ‚
2528 3655 2589 3705 et
2632 3645 2951 3724 subjuncta
2979 3646 3292 3708 refutatio:
3355 3650 3541 3710 Latet

2150 3736 2320 3795 enim
2352 3752 2453 3793 eos
2482 3734 2595 3793 hoc
2631 3734 2927 3809 volentes,
2963 3740 3071 3795 etc.

2236 3821 2466 3880 Rursus
2512 3820 2832 3900 quaeritur,
2886 3829 3083 3880 utrum
3131 3822 3281 3881 baec
3325 3822 3401 3882 ab
3431 3824 3537 3882 im-

2148 3906 2493 3987 postoribus
2548 3905 2710 3966 dicta
2751 3906 2974 3967 fuerint
3030 3906 3109 3967 ad
3162 3908 3541 3970 eximendum

2148 4003 2374 4053 metum
2421 3992 2607 4053 futuri
2640 3992 2876 4071 judicii,
2930 4014 3007 4055 an
3060 4014 3204 4056 vero
3249 3994 3328 4055 sd
3373 4016 3539 4075 spem

2150 4078 2530 4139 adimendam
2600 4078 2844 4140 suturae
2917 4084 3413 4145 remunerationis
3483 4091 3544 4143 et

2148 4166 2396 4245 gloriae.
2478 4165 2839 4246 Respondeo
2864 4213 2878 4242 ,
2941 4169 3329 4249 principalius
3382 4168 3543 4232 dicta

2149 4252 2340 4315 fuisse
2371 4252 2448 4313 ad
2479 4273 2646 4333 spem
2678 4252 3075 4316 adimendam.
3134 4255 3315 4336 Quod
3339 4257 3537 4319 decla·

2148 4349 2245 4399 rat
2274 4360 2489 4400 nomen
2530 4343 3006 4419 promissionis3
3047 4364 3185 4404 nam
3229 4344 3542 4423 promissio

2149 4427 2441 4488 bonorum
2494 4434 2600 4487 est.
2687 4428 2931 4508 Quippe
2990 4429 3254 4490 studium
3305 4429 3541 4490 illorum

2150 4516 2543 4592 impostorum
2588 4525 2734 4587 erat,
2781 4515 3121 4576 bominibus
3161 4517 3409 4596 injicere
3439 4516 3540 4578 de-

2153 4604 2558 4681 sperationem
2588 4619 2793 4662 eorum
2840 4601 3150 4677 bonorum,
3197 4621 3357 4683 quae
3405 4612 3542 4682 post

2148 4688 2303 4748 hanc
2354 4690 2537 4749 vitam
2590 4687 2998 4768 exspectanda
3054 4710 3161 4770 per
3212 4690 3537 4770 Apostolos

2150 4772 2375 4836 Christi
2434 4777 2907 4850 nuntiabantur3
2966 4783 3278 4856 tamqnam
3321 4778 3543 4839 inanis

2148 4871 2354 4923 essent
2397 4864 2721 4943 promissa3
2776 4864 3054 4943 quamvis
3108 4872 3544 4943 consequenter

2146 4948 2262 5009 hac
2294 4970 2405 5010 sua
2436 4948 2706 5010 doctrina
2748 4950 2929 5010 etiam
2959 4958 3183 5012 metum
3214 4952 3541 5013 eximerent

2145 5035 2334 5099 futuri
2360 5036 2576 5118 judicii
2605 5055 2677 5098 ae
2704 5035 3034 5118 gehennae.
3087 5037 3308 5122 Itaque
3335 5037 3539 5117 fiebat,
