4442 5825
782 602 946 657 armatas
962 604 990 658 ll.
1007 603 1096 658 sam
1110 602 1206 657 mitt
1240 602 1325 657 vm
1345 604 1384 657 li.
1405 603 1445 657 tr.
1742 610 1820 679 60⁹

370 778 501 854 Maras,
516 797 642 858 qnorum
658 787 714 853 est,
737 779 901 859 longinqua
920 778 1024 841 videre
1039 787 1067 839 et
1120 798 1205 839 snam
1221 778 1359 840 exhibuit
1372 780 1583 858 praesentiam.
1606 779 1738 841 Vooula:
1755 781 1817 842 bu-

369 863 541 925 obserrare
564 865 734 925 Pronomen
756 868 843 927 illias
866 866 1066 926 masculinam
1115 866 1302 941 jaraemodi,
1327 864 1456 926 Graece:
1478 861 1609 941 τοιᾶςδε,
1632 867 1821 929 domonstrat

369 960 436 1013 estr
462 942 598 1027 ἐκείνου,
626 952 775 1013 Christum
800 954 943 1013 referens.
979 952 1068 1014 Unde
1120 971 1249 1034 sequens
1272 953 1486 1013 testimonium:

369 1037 542 1099 lientenius
557 1039 699 1100 sermonis
714 1039 941 1118 ambiguitatem
957 1042 1067 1113 vitans,
1163 1041 1223 1099 Hio
1238 1047 1282 1100 est
1296 1041 1399 1102 rttrar
1413 1057 1500 1100 meas
1514 1039 1654 1100 dilectas.
1677 1039 1746 1100 Hoo
1756 1041 1813 1100 Pa·

369 1126 411 1185 ita
424 1126 536 1186 vertit:
552 1126 615 1187 Sed
631 1128 686 1203 qai
701 1126 799 1186 oeulis
809 1129 926 1188 nostrie
941 1130 1067 1204 aspexi·
1119 1129 1175 1189 tris
1199 1127 1239 1187 de
1259 1126 1336 1187 Jesn
1354 1127 1557 1188 testimonium
1580 1127 1656 1186 tanti
1677 1128 1818 1187 momenti

369 1228 441 1273 orus
453 1212 543 1273 illias
561 1215 767 1286 majestatem.
789 1213 849 1275 Per
869 1213 1067 1289 mapaitadi·
1120 1223 1181 1287 est,
1203 1220 1238 1271 nt
1261 1233 1321 1273 non
1342 1214 1418 1274 satis
1442 1213 1536 1273 luerit
1556 1213 1683 1292 Spiritui
1704 1220 1819 1289 sanato,

369 1316 445 1359 rem
466 1316 524 1359 soa
545 1303 740 1374 majestatem
755 1298 869 1360 Christi
889 1300 999 1362 Petras
1022 1301 1065 1360 in·
1120 1307 1270 1362 narratum
1286 1298 1363 1360 illud
1378 1318 1446 1362 asse
1460 1297 1586 1360 utribus
1601 1299 1819 1379 Evangelistis,

369 1383 1067 1467 telligitillamejusgloriosamspooiem,qnam
1119 1385 1284 1457 Mottbeeo,
1306 1386 1409 1448 Maron
1433 1394 1463 1447 et
1484 1387 1587 1460 Lura,
1613 1385 1667 1448 sod
1689 1385 1819 1447 voluerit

370 1473 432 1533 nis
455 1472 552 1533 oeulis
575 1473 642 1553 ipse
664 1491 732 1533 oum
758 1472 875 1534 Jacobo
897 1481 927 1533 et
945 1474 1068 1536 Joanne
1119 1477 1212 1536 etiam
1227 1470 1283 1534 boo
1297 1473 1363 1534 loeo
1379 1472 1514 1546 aPetro,
1537 1480 1691 1552 tamquam
1707 1482 1817 1553 quarto

370 1567 572 1639 oonspexerat
592 1560 624 1620 in
646 1571 756 1631 monte,
780 1569 815 1620 at
835 1561 991 1640 sequentia
1014 1560 1065 1620 do·
1119 1559 1326 1640 Evangelista,
1340 1561 1446 1639 repeti.
1468 1561 1527 1621 His
1549 1559 1631 1621 addo
1653 1555 1748 1638 (quod
1764 1560 1815 1622 ob·

370 1655 448 1708 rant.
470 1646 573 1724 Hujus
588 1654 690 1707 antem
702 1647 840 1707 meminit
854 1649 932 1708 inter
946 1656 991 1708 tot
1005 1647 1067 1707 alia
1119 1655 1220 1709 servat
1241 1642 1467 1724 Oeoumenins),
1491 1645 1611 1707 Patrem
1632 1667 1693 1707 non
1714 1647 1815 1722 semel,

370 1730 487 1805 llbristi,
515 1751 594 1811 qnae
616 1733 743 1806 viderat,
765 1734 921 1808 miracula,
943 1742 1067 1814 propter
1118 1734 1173 1796 sod
1187 1734 1276 1795 tertio
1291 1735 1492 1795 testimoninm
1515 1732 1642 1794 eoelesti
1656 1753 1733 1794 vooo
1748 1753 1814 1812 per·

370 1838 429 1893 sos,
444 1827 480 1880 nt
494 1818 606 1880 dietum
617 1829 670 1893 est,
687 1821 739 1900 qui
751 1830 889 1901 saspeote
900 1817 1067 1881 reddebant
1119 1822 1249 1882 bibuisse
1264 1820 1352 1882 Filio.
1375 1821 1517 1891 Primum,
1541 1819 1662 1900 quando
1681 1818 1814 1900 baptisa-

370 1905 453 1989 spnd
470 1904 578 1967 fideles
600 1926 646 1980 ea,
669 1925 747 1985 qnae
769 1907 807 1968 ab
823 1907 979 1988 Apostolis
1001 1906 1064 1967 ine·
1118 1918 1168 1969 tas
1184 1908 1239 1968 fnit
1250 1929 1267 1968 ιι
1279 1907 1415 1983 Joaune;
1438 1907 1521 1989 qnod
1536 1905 1638 1966 itidem
1654 1907 1693 1968 ab
1708 1905 1815 1968 iisdem

370 2001 436 2054 rant
449 1992 625 2074 praetiosis
637 1991 675 2054 de
686 1993 786 2055 futuro
798 1992 910 2055 Christi
922 1993 1064 2069 adventu,
1117 1994 1213 2056 tribus
1229 1994 1438 2074 Evangelistis
1453 1992 1634 2074 descriptum
1652 2001 1706 2054 est.
1722 1993 1815 2055 Dein·

370 2078 498 2161 uinaque
515 2100 610 2159 reguo
626 2088 656 2140 et
669 2079 782 2160 gloria,
805 2082 892 2160 cujus
914 2080 1064 2160 quoddam
1119 2083 1165 2155 de,
1193 2082 1225 2140 in
1249 2089 1367 2156 mont03
1394 2078 1433 2142 do
1455 2100 1516 2160 qno
1540 2082 1713 2141 testimonio
1735 2100 1815 2142 nouo

370 2168 524 2247 φοοίιιιοιι
534 2166 962 2248 aopraelibatiofoeratipsius
969 2177 1061 2227 trans
1118 2171 1225 2248 agitur.
1251 2168 1365 2239 Tertio,
1377 2166 1508 2247 quando,
1525 2170 1655 2228 instante
1666 2168 1734 2246 ejas
1746 2186 1814 2248 pas·

370 2250 519 2335 huntio.
556 2253 654 2334 Quam
681 2252 808 2333 proinde
836 2257 887 2335 qai
917 2254 1064 2329 viderent,
1117 2258 1211 2326 sione,
1236 2273 1296 2316 aaa
1322 2252 1361 2314 ad
1384 2272 1451 2314 enm
1477 2254 1516 2315 de
1536 2254 1622 2315 eaelo
1644 2256 1750 2316 verrit:
1772 2256 1817 2316 st

370 2338 470 2402 idonei
494 2346 588 2400 testor
610 2350 711 2415 orant,
738 2340 849 2420 quibos
872 2343 963 2403 etiam
985 2341 1063 2401 latu·
1116 2340 1815 2419 olamtioavi,etiterumolariyioabodoamll.

371 2444 432 2489 rara
452 2425 567 2488 Christi
586 2427 712 2507 gloriam
738 2427 978 2505 praedicentibus
1002 2448 1062 2488 ore·
1120 2406 1138 2445 ⁰
1159 2427 1302 2489 Nouum
1324 2435 1370 2488 est
1383 2429 1415 2488 in
1430 2426 1548 2489 Graeoo
1565 2426 1729 2489 inoulaatio
1743 2428 1815 2488 arti·

371 2510 496 2587 damur,
519 2512 569 2573 vel
591 2513 629 2574 ob
652 2515 693 2586 id,
717 2514 799 2596 qaod
821 2535 882 2576 uon
903 2516 997 2576 solnm
1021 2516 1064 2574 in·
1117 2515 1192 2576 onlir
1207 2508 1225 2574 ὁ
1240 2505 1308 2582 υἱός
1322 2531 1379 2593 μου
1392 2509 1409 2573 ὁ
1422 2505 1587 2591 ἀγαπητὸς
1601 2532 1679 2594 qnae
1693 2513 1813 2595 ompha-

371 2609 534 2679 tpexerant
557 2599 670 2662 Obristi
695 2601 902 2680 transfigurati
928 2602 1065 2681 gloriam,
1117 2604 1174 2662 sim
1188 2601 1280 2662 babet
1294 2601 1335 2662 ad
1355 2600 1586 2682 significandum
1600 2601 1714 2661 Filium
1729 2608 1813 2662 natu-

371 2704 470 2749 rarum
486 2688 581 2748 etiam
596 2687 695 2749 Patris
717 2688 858 2750 eoelestis
874 2691 914 2751 de
929 2709 965 2749 eo
982 2691 1063 2749 testi·
1117 2690 1210 2751 ralem
1226 2708 1262 2749 ao
1278 2690 1400 2769 proprie
1422 2709 1461 2750 ex
1482 2690 1549 2768 ipso
1573 2689 1717 2768 genitum,
1744 2686 1815 2748 dum

371 2776 500 2836 nonium
518 2774 706 2836 audiverant.
730 2775 820 2856 Quod
843 2785 939 2836 totum
955 2776 1064 2836 Petrus
1117 2776 1240 2836 dieitur:
1264 2776 1325 2835 Illo
1347 2777 1451 2837 iilius
1471 2795 1575 2852 meas,
1599 2775 1653 2835 ille
1675 2776 1814 2836 dileotrsr.

371 2859 597 2942 tumprebondit
618 2864 649 2922 in
667 2881 713 2939 eo,
736 2862 817 2944 quod
839 2863 928 2924 dicit:
952 2865 1065 2940 iaspo-
1118 2864 1164 2924 Ao
1187 2881 1276 2935 sane,
1303 2863 1393 2925 etiam
1419 2862 1549 2943 demptio
1571 2861 1707 2924 articulis
1733 2858 1816 2940 (nam

371 2955 467 3012 {arar
480 2949 563 3026 faeti
577 2952 751 3024 majetatis
765 2950 861 3012 iliius.
884 2951 922 3011 Id
934 2948 1067 3012 ostendit
1116 2951 1276 3012 Hebraiois
1304 2950 1407 3012 verbio
1433 2953 1533 3012 sonuit
1557 2971 1618 3011 vox
1653 2951 1723 3025 illa,
1754 2970 1815 3012 non

371 3037 501 3098 mtto
516 3054 658 3115 sequens,
674 3057 734 3117 qua
748 3037 864 3118 probat,
880 3037 962 3117 quod
977 3037 1063 3097 dixit.
1118 3033 1265 3112 Graeois),
1286 3038 1311 3096 si
1327 3035 1473 3101 Christus.
1488 3059 1547 3098 non
1570 3046 1650 3098 esset
1664 3036 1812 3099 naturalis

407 3125 462 3185 17.
484 3124 651 3200 desipiam
672 3128 757 3186 mim
773 3144 794 3184 a
809 3126 876 3185 Deo
892 3127 989 3186 Patro
1004 3126 1062 3184 bo·
1117 3125 1177 3184 Dei
1191 3123 1298 3198 Filius,
1314 3122 1366 3184 sed
1382 3131 1498 3186 tantum
1513 3125 1685 3204 adoptivos,
1701 3132 1735 3184 ιιι
1750 3122 1816 3185 vult

371 3211 680 3285 soromataioriam.
696 3209 968 3291 Portioipiamlooo
979 3210 1065 3271 verbi
1118 3210 1249 3270 haeresis
1265 3206 1455 3286 Nestorisue,
1477 3231 1538 3273 non
1561 3213 1754 3289 singulariter
1775 3210 1815 3271 de

371 3297 485 3373 poenit:
509 3286 625 3371 λαβὼν,
640 3300 809 3374 accipiens,
825 3297 919 3359 idest
934 3300 1063 3374 accepit,
1119 3317 1153 3358 eo
1178 3297 1292 3357 diceret
1314 3296 1421 3357 Pater:
1451 3301 1512 3359 Hie
1534 3300 1705 3359 ciiiilius
1728 3316 1815 3358 meros

371 3391 542 3446 stannotot
557 3381 776 3462 Oeenmenins3
799 3394 853 3447 aut
867 3393 955 3460 certe,
975 3386 1064 3463 juxta
1117 3385 1257 3445 dilectas.
1296 3383 1374 3444 Nam
1405 3404 1460 3463 per
1488 3386 1681 3464 adoptionem
1711 3403 1815 3444 omnes

372 3472 584 3552 proprietatem
599 3473 742 3531 sermonis
757 3472 900 3544 Hebraei,
922 3472 1063 3552 supplan·
1118 3472 1190 3548 justi
1204 3479 1273 3531 sant
1283 3469 1337 3530 filii
1349 3472 1413 3545 Dei,
1429 3481 1460 3532 et
1474 3491 1577 3533 eorum
1590 3472 1713 3550 qnidam
1725 3469 1815 3532 valde

372 3551 1064 3638 lumverbumsubstantivnmraooipieasfait.
1118 3557 1317 3631 excellenter,
1346 3567 1380 3618 at
1404 3559 1540 3621 Joaunes
1566 3559 1723 3638 Baptista,
1753 3576 1815 3636 quo

372 3639 492 3724 ffloqui
529 3642 705 3724 imperfeeta
739 3645 920 3726 relinquitur
960 3648 1063 3716 oratio,
1117 3653 1284 3725 praesente,
1307 3664 1374 3705 oum
1391 3645 1499 3706 Jesam
1513 3644 1708 3726 baptizasset,
1730 3644 1815 3705 tosti·

372 3739 434 3792 turn
462 3749 526 3792 non
547 3740 693 3809 sequatur
715 3732 800 3793 alind
823 3733 960 3804 verbnm,
983 3731 1065 3813 qnod
1117 3733 1246 3793 monium
1269 3729 1344 3792 illud
1366 3733 1492 3793 coelitus
1508 3733 1604 3808 venit3
1632 3731 1671 3792 do
1685 3751 1746 3813 qno
1762 3731 1815 3792 Jo-

372 3819 548 3880 turtentiam
571 3817 718 3879 absolvat
741 3819 854 3880 Sensus
877 3828 931 3893 est,
954 3820 1065 3882 Jesnm
1117 3840 1195 3881 anuo
1217 3827 1323 3898 postea
1338 3819 1432 3881 Jesns
1447 3827 1578 3880 testatus
1594 3827 1649 3891 est,
1671 3820 1749 3880 inter
1763 3838 1816 3878 na·

372 3895 521 3968 dbrirtum
536 3903 695 3966 manifesto
711 3905 770 3966 Dei
784 3908 883 3967 Patris
895 3907 1065 3967 testimonio
1118 3914 1165 3967 tos
1179 3906 1336 3966 mulierum
1359 3926 1419 3966 uon
1433 3905 1524 3967 aliurn
1540 3905 1709 3967 surrexisse
1723 3906 1814 3983 majo·

372 3984 463 4054 trisse
488 3990 667 4052 honoratum
691 4001 723 4052 et
745 3992 953 4072 glorifioatum.
983 3993 1064 4055 Nem
1117 4013 1190 4054 rem.
1213 3992 1278 4053 Neo
1292 4000 1392 4053 tamen
1412 3992 1451 4053 de
1465 3993 1596 4066 Joanne,
1618 3993 1672 4053 sed
1688 3991 1726 4053 de
1739 3990 1816 4053 Jesu

372 4073 484 4150 tloriae
504 4079 730 4158 corporisque,
752 4080 952 4161 qnamPater
973 4079 1064 4142 dede·
1118 4082 1195 4142 baeo
1220 4080 1337 4140 looutas
1364 4090 1411 4140 est
1436 4082 1523 4141 Deus
1550 4080 1657 4141 Pater:
1684 4080 1747 4140 Hie
1772 4085 1816 4139 ost

372 4175 429 4239 at,
452 4164 620 4225 aoeedebat
641 4166 736 4227 bonor
757 4176 788 4227 ot
808 4168 906 4247 gloria
928 4186 968 4227 ex
987 4171 1064 4246 ojus·
1119 4168 1223 4230 stitus
1253 4184 1340 4228 meua
1365 4168 1504 4228 dilectas.
1539 4167 1679 4228 Joannes
1705 4172 1814 4238 satem,

372 4241 434 4314 lum
449 4251 550 4313 Patris
565 4253 663 4313 vocali
683 4255 867 4327 testimonio,
890 4252 1003 4333 dequo
1020 4274 1065 4314 se
1118 4256 1165 4314 vir
1183 4261 1294 4325 tantus,
1317 4251 1356 4313 de
1378 4274 1415 4316 eo
1438 4254 1645 4316 testimonium
1667 4253 1816 4334 perbibet,

372 4342 489 4412 luitur:
1119 4340 1238 4402 dicens:
1261 4342 1335 4402 Non
1349 4360 1418 4402 sam
1433 4341 1549 4417 dipaas
1563 4350 1599 4402 ut
1613 4341 1734 4402 solvam
1749 4343 1816 4415 ejas

414 4428 498 4488 Voce
513 4426 646 4502 delapsa
667 4426 712 4486 od
727 4445 797 4487 oum
813 4428 1029 4501 hujuscemodi
1044 4447 1065 4486 a
1119 4430 1292 4503 corripiam
1308 4429 1524 4504 calceamenti,
1539 4429 1632 4491 Joom
1651 4432 1678 4489 1.

373 4513 540 4591 Myrsinos
573 4514 687 4589 plot-ia.
732 4514 893 4591 Delapsa,
931 4513 1064 4575 Graece:
1162 4514 1294 4574 Additur
1306 4525 1422 4575 autom:
1439 4517 1579 4590 dilectus,
1592 4514 1724 4575 Graece:
1741 4504 1815 4589 ἀγα·

373 4593 562 4679 Μχθιίοης,
585 4601 701 4675 allata,
724 4602 768 4661 ati
786 4601 878 4681 paulo
893 4609 961 4681 post
976 4602 1063 4661 inter·
1119 4594 1229 4677 πητὸς,
1253 4621 1312 4661 non
1326 4604 1523 4664 restrictionis
1539 4622 1640 4673 rausa,
1662 4609 1816 4679 tamqnam

373 4697 436 4750 lras
452 4684 571 4761 reddit3
586 4687 655 4747 alii:
671 4687 788 4748 dolata.
811 4688 968 4766 Significat
985 4690 1064 4767 Apo·
1119 4690 1204 4749 Deus
1231 4688 1327 4747 filium
1354 4690 1521 4750 naturalem
1545 4689 1659 4751 babeat
1684 4688 1815 4767 aliquem

373 4775 475 4845 tolon,
503 4792 610 4834 vooem
633 4775 749 4847 Patris,
772 4776 875 4855 utique
899 4776 1064 4835 ministerio
1119 4776 1249 4837 nonsibi
1261 4774 1414 4850 dilectam,
1429 4774 1513 4856 quod
1525 4773 1814 4853 inhominibnsper·

373 4860 507 4944 ngslieo
528 4862 561 4924 in
581 4867 652 4922 abre
673 4860 847 4930 formatam,
869 4880 959 4941 super
979 4860 1063 4921 Chri·
1119 4881 1211 4942 saepe
1233 4863 1389 4942 oontingit,
1412 4862 1465 4924 sed
1481 4871 1515 4923 ut
1528 4862 1694 4943 epithetum
1711 4879 1813 4922 naass-

373 4949 444 5012 hm
460 4946 558 5008 inisse
572 4944 704 5008 delatam
715 4968 733 5009 e
744 4948 824 5009 nube
835 4948 945 5022 lueida,
961 4950 993 5009 in
1005 4967 1065 5027 qua
1117 4950 1239 5010 sarium.
1258 4949 1369 5029 ¹Neque
1383 4951 1464 5011 anim
1476 4957 1575 5030 potest
1584 4949 1683 5012 Filius
1695 4968 1735 5010 ex
1745 4948 1814 5010 Deo

373 5035 526 5119 notra
554 5041 586 5098 nt
613 5033 744 5116 gloriose
769 5036 918 5117 apparuit,
949 5036 981 5097 id
1010 5042 1063 5111 est,
1116 5036 1295 5099 naturaliter
1315 5038 1455 5118 genitos,
1477 5037 1508 5099 in
1531 5057 1593 5119 quo
1615 5037 1750 5118 periente
1769 5043 1816 5098 est
