4442 5825
394 569 470 639 2⁷0
918 564 1332 648 commemorer.

387 741 482 803 vivet.
520 737 611 799 Prior
640 736 762 819 quidem
792 738 966 801 intellectus
992 739 1088 822 magis
1142 740 1313 818 stificatur,
1330 743 1472 819 quisquis
1488 757 1576 800 metas
1587 740 1758 814 intimat
1780 739 1826 820 Qui

390 826 497 887 obvius
521 834 584 900 est,
612 833 706 905 atque
730 845 798 887 euru
821 826 906 889 dedit
923 826 1107 907 Theophy-'
1144 831 1228 890 enim
1242 847 1302 905 per
1319 847 1419 904 opero
1441 829 1519 903 lepis
1536 825 1756 903 justificetur,
1777 843 1829 887 noe

389 911 487 973 tuclus
514 914 546 973 in
572 921 728 974 comment
755 931 846 994 super
871 912 1033 986 Hebrum,
1060 922 1092 974 et
1144 933 1249 990 meus,
1275 917 1329 975 sed
1343 919 1535 990 suusjuslus
1558 921 1623 987 est,
1651 916 1732 991 quic
1746 930 1830 975 aona

390 999 536 1080 vulgatus
566 1000 716 1080 interpres
742 998 798 1060 hoc
823 999 899 1060 loco.
935 999 1092 1060 Posterior
1143 1020 1210 1077 mc,
1226 1002 1281 1063 secl
1295 1021 1358 1062 osc
1370 1002 1588 1079 imtillcotur,
1605 1007 1636 1062 et
1651 1019 1723 1062 non
1738 1004 1773 1063 in
1786 1019 1831 1074 mc,

391 1094 502 1159 sutem,
518 1087 590 1147 licet
604 1087 736 1147 coactior
749 1085 897 1160 videatur,
917 1105 978 1146 non
991 1095 1091 1146 tamen
1142 1088 1196 1149 sed
1211 1091 1246 1150 in
1269 1109 1300 1151 ec
1323 1091 1492 1165 ploriotur.
1532 1091 1576 1148 At
1598 1089 1658 1164 pusi
1678 1106 1741 1166 per
1754 1087 1831 1164 Μαι

390 1172 472 1235 illico
486 1173 676 1253 rejiciendus.
714 1173 792 1235 Nem
807 1172 917 1235 Greeci
930 1172 969 1234 ab
989 1173 1089 1251 hujus·
1138 1176 1352 1253 justificatur,
1364 1180 1469 1252 instra
1484 1193 1574 1236 meus
1589 1181 1635 1235 eet
1642 1218 1654 1250 ,
1671 1177 1750 1253 puis
1764 1176 1832 1236 doto

390 1259 472 1323 modi
486 1268 637 1323 structura
651 1278 711 1320 non
727 1258 905 1333 abhorrent,
931 1279 991 1340 qus
1006 1260 1089 1339 geni·
1142 1265 1267 1339 proiice
1290 1281 1377 1324 mens
1393 1261 1613 1339 justificatur,
1639 1269 1672 1323 et
1695 1281 1764 1324 non
1779 1261 1833 1336 sili,

390 1350 486 1410 tivum
515 1367 533 1408 a
558 1348 680 1408 nomine
709 1355 834 1426 regente
863 1347 1021 1407 retrahent
1050 1345 1089 1404 ad
1142 1349 1357 1426 praedicetur
1383 1358 1445 1425 cst,
1475 1352 1608 1425 tribuit,
1639 1349 1699 1410 sed
1726 1352 1834 1427 proco

389 1453 425 1498 eu
481 1434 557 1507 'ors,
585 1434 723 1514 quamvis
750 1434 926 1513 interposito
953 1431 1089 1503 articulo,
1142 1454 1231 1495 meuc
1247 1435 1389 1514 deputat.
1413 1437 1502 1498 Hsec
1518 1435 1580 1498 ille.

389 1540 430 1583 vc
468 1519 615 1583 interdurn
643 1516 688 1596 (nt
712 1519 761 1579 hic
787 1515 832 1596 fit)
858 1519 1088 1601 praepositione.
1185 1521 1278 1582 Porro
1305 1524 1380 1604 quid
1405 1522 1787 1603 sicApost010,jastn
1807 1537 1835 1582 a

388 1609 438 1672 De
453 1607 581 1671 srticulo
603 1607 777 1687 interposito
800 1609 911 1686 passim
932 1611 1090 1665 occurrunt
1141 1606 1203 1685 pide
1218 1611 1324 1670 vivere
1332 1654 1342 1684 ,
1359 1608 1523 1691 petendum
1539 1610 1652 1683 exiis,
1675 1627 1758 1689 quae
1771 1607 1833 1669 diri·

390 1714 476 1757 exem
499 1694 545 1766 la,
567 1693 705 1755 uthrn.
722 1692 788 1753 ld:
814 1681 928 1778 Ἐντῷ
951 1685 1089 1769 ζηλῶσαι
1140 1695 1262 1756 mused
1284 1697 1369 1757 Rom.
1388 1703 1415 1758 1.
1430 1706 1461 1758 et
1480 1694 1550 1757 est
1567 1701 1597 1760 3.
1621 1697 1680 1756 Est
1700 1692 1835 1757 sernode

389 1798 448 1862 pou
464 1716 517 1840 cdo
534 1775 645 1860 ζῆλον,
672 1780 766 1841 idest
787 1779 862 1840 dum
886 1781 969 1841 aelst
983 1796 1089 1840 menen
1141 1780 1215 1856 lide,
1231 1802 1291 1863 qus
1306 1783 1437 1845 creditur
1452 1782 1564 1845 divinis
1580 1784 1760 1864 promissis3
1777 1801 1834 1864 quc-

389 1868 511 1944 zclum,
539 1875 570 1928 ct
591 1868 694 1928 Lucae
714 1869 741 1926 7.
766 1874 813 1927 ter
834 1867 867 1927 in
888 1886 950 1928 uua
966 1864 1088 1926 Domini
1141 1888 1206 1929 rnm
1222 1878 1303 1930 certa
1317 1889 1372 1950 spe
1387 1878 1541 1950 concepta,
1560 1869 1656 1932 modo
1671 1890 1712 1932 ne
1727 1877 1834 1933 cature

391 1957 527 2019 oratione
541 1953 697 2035 loquentis
712 1954 750 2015 de
764 1956 945 2033 peccatrice,
964 1952 1017 2012 nbi
1032 1969 1088 2014 nos
1142 1953 1244 2018 desint
1258 1956 1298 2016 sd
1320 1957 1564 2036 justificationem
1588 1955 1741 2021 divinitus
1763 1956 1832 2018 inst

389 2043 532 2124 legimus:
558 2043 647 2104 Haec
668 2048 775 2102 cutem
796 2040 944 2117 lacrymis
970 2041 1089 2116 ripootc
1141 2050 1222 2115 tute,
1249 2063 1309 2104 non
1330 2044 1428 2105 solnm
1449 2043 1539 2105 homo
1560 2064 1598 2105 ex
1621 2051 1787 2124 peccatore
1799 2044 1835 2125 ju

389 2130 487 2210 pedes
497 2147 590 2191 meos.
614 2131 688 2191 Non
698 2130 835 2189 ceseooit
846 2128 986 2190 seculari
994 2124 1089 2211 pedes
1141 2137 1224 2204 stus,
1253 2129 1285 2190 id
1310 2139 1357 2192 est
1382 2151 1420 2196 ex
1449 2138 1567 2192 mortuo
1594 2133 1690 2194 virus
1718 2130 1835 2199 efficitur,

389 2234 483 2280 meos.
537 2218 705 2294 Unpueoto
741 2218 837 2278 uouit
870 2216 968 2294 pedes
996 2231 1088 2274 meos.
1141 2234 1247 2277 rernm
1265 2218 1353 2279 etiarn
1369 2220 1400 2279 in
1419 2219 1484 2280 vita
1495 2219 1637 2298 justitiae
1649 2226 1836 2281 emereatur

390 2303 512 2373 Graece
526 2324 647 2385 semper
661 2312 723 2365 est:
745 2318 804 2380 μου
819 2293 893 2370 rude
907 2292 1016 2369 πόδας.
1041 2300 1089 2360 De
1142 2322 1178 2364 uc
1203 2303 1333 2384 prolicit
1371 2304 1564 2386 Quemquam
1591 2305 1766 2386 Apostolus
1792 2303 1835 2365 to

389 2393 615 2476 praepositione
637 2389 809 2472 exemplum
836 2398 884 2450 est
905 2387 987 2469 apud
1009 2388 1088 2448 Mar·
1142 2390 1225 2465 loco,
1248 2391 1504 2471 quemadmodum
1522 2400 1552 2452 et
1566 2391 1744 2473 Prophsu,
1765 2410 1835 2474 pret

390 2479 700 2560 cumlivsngelistarn.
724 2476 814 2558 Quod
827 2478 906 2539 enim
916 2473 1090 2537 Matthaeus
1143 2478 1231 2558 cipue
1253 2487 1372 2558 spectat
1393 2476 1469 2539 illud
1496 2479 1629 2540 officium
1651 2477 1745 2554 fidei,
1770 2474 1835 2560 quel

391 2587 458 2652 cep.
486 2569 537 2630 26.
559 2574 639 2628 recto
661 2563 766 2625 ordine
789 2565 953 2644 scripserat
973 2561 1012 2622 de
1035 2580 1088 2621 un·
1142 2574 1189 2624 est
1204 2566 1333 2645 erigere,
1350 2573 1522 2627 enatemus
1537 2574 1569 2629 et
1585 2565 1743 2627 consolari
1757 2565 1833 2629 tunt

391 2662 501 2738 guento
522 2672 614 2734 super
637 2659 729 2732 caput
743 2650 909 2712 salvatoris
932 2670 951 2709 a
965 2648 1090 2713 muliere
1142 2671 1210 2712 nem
1231 2653 1262 2711 iu
1283 2651 1390 2714 madiis
1411 2652 1515 2726 malis,
1538 2672 1578 2713 ne
1600 2654 1633 2714 in
1659 2655 1698 2715 iis
1720 2650 1833 2715 monle

391 2742 502 2805 effuso:
529 2731 678 2817 κατέχεεν
694 2727 743 2795 ἐπὶ
759 2729 814 2816 τὴν
829 2728 968 2815 κεφαλὴν
984 2727 1089 2809 αὐτοῦ,
1142 2738 1287 2815 fatigetur
1308 2758 1344 2799 ac
1368 2740 1501 2813 deficiat,
1528 2738 1583 2800 sed
1609 2759 1681 2800 cunr
1699 2738 1833 2822 patieutis

390 2827 422 2890 id
443 2828 565 2888 Marcus
587 2845 651 2906 cap.
673 2826 722 2886 14.
746 2825 867 2904 scripsit
887 2825 1021 2903 genitivo
1044 2840 1089 2882 re·
1143 2823 1231 2885 duret
1245 2843 1345 2906 usquo
1360 2827 1392 2888 in
1407 2827 1506 2901 finem,
1522 2826 1622 2888 donec
1634 2823 1832 2910 apprehendet

392 2914 671 2977 ductosdirontem
678 2911 926 2992 praepositionis:
942 2900 1090 2987 κατέχεεν
1142 2911 1223 2974 bons
1234 2914 1391 2993 promissa.
1416 2914 1508 2994 Quod
1520 2916 1620 2994 ipsum
1631 2914 1674 2977 ud
1686 2911 1831 2977 secundun

391 2995 485 3064 αὑτοῦ
501 2993 582 3061 κατὰ
596 2992 819 3078 τήςκεφαλῇς.
839 2998 1008 3080 Utrobique
1023 3015 1090 3056 ser·
1140 3000 1382 3080 justificationem
1412 3001 1554 3081 pertinet.
1598 3001 1654 3063 Fit
1684 3003 1763 3063 enirn
1788 2999 1831 3062 ht

391 3089 429 3151 tit
443 3090 604 3170 interpres:
628 3087 754 3167 Effudit
776 3104 872 3165 super
895 3092 992 3162 caput
1007 3087 1090 3160 c,ius;
1144 3087 1362 3148 exercitatione
1375 3088 1457 3161 fidei,
1471 3095 1506 3148 ut
1516 3086 1606 3150 homo
1614 3089 1722 3167 justus
1736 3089 1767 3150 in
1779 3085 1829 3148 dies

391 3185 426 3240 ut
442 3185 473 3238 et
487 3175 536 3236 hic
550 3183 679 3255 unaque
694 3171 816 3234 Graeca
839 3172 929 3233 lectio
953 3174 997 3232 sic
1012 3171 1091 3230 verti
1143 3174 1241 3253 magis
1256 3192 1292 3231 oc
1307 3174 1405 3253 magis
1415 3173 1607 3253 justificetur.
1631 3161 1715 3238 Nem
1729 3181 1828 3236 asota

389 3264 501 3347 possit:
527 3265 642 3327 Jaotos
657 3267 763 3321 cutem
780 3279 818 3322 cx
831 3259 893 3337 tide
909 3277 981 3320 mco
997 3260 1089 3318 vivet.
1143 3261 1215 3320 tiarn
1237 3259 1376 3338 Apostoli
1403 3269 1434 3321 et
1455 3260 1631 3341 Prophetes
1658 3261 1700 3323 ad
1721 3262 1827 3344 prinas

389 3348 540 3412 Eusebius
561 3367 633 3409 sene
655 3347 851 3429 posteriorem
873 3346 1031 3406 lectionem
1050 3343 1090 3405 sd
1139 3345 1382 3425 justificationem
1399 3348 1594 3428 restringere,
1611 3348 1697 3429 qnod
1712 3343 1827 3412 nonulli

389 3437 469 3504 hunc
483 3437 606 3497 modum
627 3435 781 3516 accepisse
796 3433 932 3505 uidetur,
956 3429 1089 3513 quondo·
1143 3434 1269 3507 iaciunt,
1293 3433 1332 3493 ab
1348 3436 1508 3513 utriusque
1523 3443 1626 3497 mente
1641 3436 1826 3500 almonet

413 3524 512 3590 uidem
528 3525 571 3584 ita
582 3522 729 3586 lectiones
743 3520 818 3581 dues
829 3528 1008 3582 memoratus
1021 3537 1088 3577 cun·
1142 3528 1176 3579 nt
1198 3519 1382 3580 ostendimus
1405 3522 1495 3582 etism
1519 3522 1559 3582 ad
1581 3521 1672 3584 Rom.
1698 3528 1726 3584 1.
1762 3515 1826 3582 iiiut

390 3544 505 3684 laodic,
520 3618 673 3691 tamquam
688 3607 765 3669 nihil
781 3607 916 3680 intersit,
939 3614 1007 3666 utro
1024 3603 1090 3665 loco
1143 3615 1240 3667 entem
1255 3615 1355 3678 vetat,
1371 3609 1551 3668 sententiam
1567 3628 1607 3669 ex
1623 3629 1658 3670 se
1672 3606 1824 3690 generula

390 3698 540 3780 genitivus
555 3713 614 3775 μου
630 3696 800 3757 collocetur.
1142 3692 1180 3753 ed
1197 3692 1323 3766 diversa,
1338 3702 1429 3773 prout
1442 3713 1491 3756 res
1503 3695 1716 3776 postulaverit,
1732 3711 1824 3758 sceau

435 3784 506 3848 Jarn
532 3784 615 3867 quod
638 3784 677 3844 ad
703 3801 826 3844 sensum
853 3779 976 3851 attinet,
1001 3775 1090 3837 facile
1143 3778 1273 3840 modam.

391 3871 552 3936 diversitas
569 3873 635 3953 jcm
658 3868 739 3931 dicta
762 3889 828 3930 curn
843 3865 983 3928 Hebrcoo
1006 3863 1090 3925 fonte
1187 3865 1278 3947 Quod
1292 3868 1319 3927 ri
1333 3866 1527 3930 eubtruccrit
1541 3886 1573 3929 ec
1580 3913 1591 3944 ,
1615 3887 1687 3932 aon
1708 3866 1826 3948 pluerit

391 3959 584 4035 conciliatur,
611 3960 642 4019 in
669 3976 731 4037 quo
757 3957 884 4037 legitur:
915 3956 1029 4016 Jecur
1054 3954 1090 4011 in
1143 3956 1272 4014 animae
1288 3971 1383 4014 meac.
1423 3953 1559 4016 Graece:
1583 3957 1662 4018 Non
1676 3955 1827 4034 complecti

390 4046 452 4126 {lde
473 4063 533 4108 sua
556 4048 657 4121 vivet,
682 4052 805 4105 etcum
828 4061 888 4124 quo
911 4058 1014 4101 omnes
1037 4038 1088 4098 alii
1142 4043 1254 4101 anima
1279 4058 1350 4100 mea
1374 4043 1411 4102 in
1439 4042 1507 4117 ipso
1513 4086 1523 4117 ,
1555 4040 1587 4101 id
1612 4052 1750 4107 estnon
1768 4038 1827 4104 mill

368 4188 373 4198 .
391 4134 580 4213 interpretes,
591 4132 779 4211 Hieronymo
791 4138 878 4202 teste,
890 4128 1089 4189 consentiunt.
1140 4126 1292 4204 placebit,
1320 4145 1388 4188 aon
1413 4129 1606 4204 probabitur
1629 4134 1744 4192 estimo
1766 4144 1826 4198 mco,

390 4219 450 4281 Est
464 4221 541 4281 enim
557 4221 662 4280 eadem
679 4218 752 4278 fides
766 4226 797 4277 et
813 4218 907 4297 ipsius
919 4214 1011 4294 justi,
1039 4213 1089 4293 qui
1142 4221 1176 4274 ut
1190 4215 1281 4274 vertit
1295 4213 1448 4274 Erasmus.
1471 4215 1555 4275 'Pota
1565 4215 1643 4277 haec
1659 4237 1731 4298 pera
1741 4215 1827 4278 itote·

391 4305 487 4368 credit
501 4326 626 4368 assensu
642 4325 714 4378 suo,
731 4313 762 4365 et
777 4305 851 4375 Dei,
874 4304 906 4363 in
921 4318 1010 4381 quern
1026 4320 1087 4359 crs·
1142 4300 1244 4360 verbis
1259 4299 1388 4361 habetur
1409 4300 1491 4381 apud
1506 4302 1608 4362 LXX.
1647 4304 1687 4365 In
1706 4304 1828 4366 fluuio

391 4391 450 4465 dit,
480 4401 512 4453 et
538 4413 598 4474 quo
627 4393 758 4455 donante
784 4390 891 4462 hebet,
921 4394 955 4446 ut
980 4385 1089 4447 credat.
1143 4396 1243 4447 antem
1259 4388 1302 4446 sic
1318 4387 1446 4467 legitur:
1470 4390 1552 4452 Ecce
1575 4391 1759 4466 elatrasset,
1778 4391 1829 4452 ιίιι

390 4477 476 4541 Idem
500 4499 622 4561 quoque
646 4486 705 4539 est:
731 4480 768 4537 ia
783 4476 862 4552 fids,
891 4482 936 4535 et:
965 4491 1003 4533 es
1018 4473 1088 4550 pide.
1142 4473 1301 4552 auperbit3
1328 4493 1394 4535 aon
1416 4482 1569 4536 ostreola
1590 4480 1708 4539 anima
1731 4476 1830 4555 «μὴ

390 4563 487 4628 Recte
517 4568 609 4627 etism
639 4586 678 4627 ex
708 4581 834 4643 persona
864 4561 922 4621 Dei
960 4559 1088 4620 dicitnr:
1142 4564 1219 4638 ipsu.
1257 4561 1317 4620 Pro
1334 4580 1394 4641 quo
1410 4561 1634 4643 Hieronymus:
1666 4567 1765 4642 Eece,
1790 4559 1831 4643 μ’

394 4655 510 4715 Jonas
523 4650 620 4727 meus,
636 4652 695 4712 hoc
710 4657 765 4721 est,
780 4668 834 4727 per
849 4649 977 4726 gratiam
992 4666 1089 4706 meam
1142 4648 1327 4709 incredulae
1352 4655 1412 4722 est,
1441 4668 1510 4710 nort
1536 4652 1599 4710 crit
1620 4660 1711 4714 rectu
1736 4654 1831 4716 assim

388 4738 489 4816 justus
514 4738 626 4813 lactus,
652 4739 697 4797 ait
723 4733 973 4813 Theophylactue
1000 4752 1090 4812 cuper
1142 4739 1208 4811 eius
1233 4738 1268 4794 in
1294 4742 1388 4795 semet
1414 4737 1492 4812 ipso.
1530 4736 1621 4815 Quae
1649 4741 1709 4801 etsi
1736 4737 1832 4805 vertit

392 4822 548 4884 Habacuc.
579 4821 669 4906 Quod
693 4829 723 4882 et
737 4819 874 4900 pluribus
890 4818 1014 4899 exponit
1028 4821 1088 4881 An·
1140 4823 1200 4883 imo
1217 4831 1248 4883 et
1262 4841 1353 4884 sensu
1369 4821 1583 4902 quadsntonus
1596 4823 1723 4888 diversa
1735 4820 1832 4888 sinist

393 4906 505 4968 eelmus
525 4911 555 4969 in
576 4910 666 4990 hnp‘us
687 4908 745 4968 loci
769 4907 990 4968 commentario.
1026 4908 1091 4967 Per
1142 4930 1194 4981 eo,
1225 4908 1308 4989 qood
1334 4908 1435 4971 LXX.
1460 4919 1618 4972 verterunt
1644 4909 1690 4990 (lei
1716 4925 1834 4993 nomeu

390 4991 504 5072 Mau,
531 4996 643 5078 inquit,
668 5013 738 5058 aon
748 5009 811 5070 pas·
832 5009 929 5070 opero
945 4994 1022 5068 lepis
1031 4998 1089 5069 Ju-
1141 4997 1273 5058 animem
1287 4993 1328 5057 ed
1341 4997 1441 5058 Deum
1455 4996 1608 5073 referunt,
1631 4999 1781 5064 Hebraea
1794 5015 1833 5062 ιι
