4442 5825
337 624 340 629 ·
391 594 467 662 51²
932 589 1166 645 ιοιιιιιιιιιιιιιι
1182 589 1215 645 ιιι
1231 588 1299 644 car.
1316 589 1345 644 u

390 764 452 825 ln
467 772 513 824 est
533 761 657 824 ecbolae
671 759 871 837 Christianae,
895 783 955 845 quo
974 764 1085 845 siguifi-
1140 766 1250 848 prioris
1261 768 1381 847 generis
1393 764 1513 840 efferum
1530 759 1696 842 cujumeii
1709 756 1795 841 quiin

391 864 478 911 catur
492 848 566 931 quid
580 849 783 929 allegoricum,
805 849 836 910 id
850 860 905 924 eat,
927 852 1087 931 allegorice
1141 856 1171 913 iu
1183 853 1320 914 Ecclesia
1335 853 1452 913 nullum
1464 860 1511 911 eat
1522 859 1644 930 praeter
1655 850 1799 910 ineram

391 942 456 998 sive
470 938 600 1018 mystice
614 937 787 1016 significans
803 947 856 998 aut
870 938 1086 1018 significatum
1141 940 1320 1001 sacrificium
1336 940 1467 1020 corporis
1483 946 1515 999 et
1529 936 1687 1016 ιιιιςιιίιιίι
1700 932 1801 1007 neuim
1840 958 1842 1065 p

390 1023 1086 1104 agnffium,ut1cor.10.‚nbimannaet
1141 1028 1302 1108 improprie
1323 1044 1396 1087 vero
1418 1045 1455 1085 ac
1477 1023 1614 1103 generali
1637 1025 1750 1091 ratione,
1770 1019 1805 1101 qil
1841 1072 1842 1081 ,

391 1130 475 1190 aqua
495 1110 533 1171 de
553 1119 640 1191 petra
662 1109 767 1181 fluens.
792 1121 823 1171 et
845 1112 912 1192 ipsa
933 1120 1018 1192 petra
1033 1131 1084 1171 vo·
1141 1115 1312 1192 posterioris
1323 1113 1444 1192 generis
1458 1109 1672 1172 oeeruutneo
1685 1107 1806 1179 sactiie'a

390 1207 496 1259 untur
510 1196 695 1278 spiritualia;
717 1197 923 1277 significatum,
942 1209 978 1259 ut
992 1202 1086 1279 Apoc
1142 1200 1172 1261 id
1195 1209 1254 1274 est,
1277 1201 1461 1280 quicumque
1482 1199 1535 1279 pia
1558 1208 1588 1256 et
1611 1205 1714 1257 sanem
1735 1209 1808 1276 opat

392 1289 452 1357 11.,
474 1283 526 1344 ubi
541 1285 648 1343 civitae
664 1304 781 1364 magua,
805 1284 913 1345 Christi
926 1295 958 1346 et
972 1294 1085 1365 marty·
1140 1288 1205 1348 sive
1235 1286 1404 1366 religionis,
1429 1287 1495 1345 sive
1523 1280 1756 1353 misericordiae.
1775 1296 1809 1341 a

389 1390 455 1431 rum
467 1390 535 1449 epus
545 1370 740 1441 interfectrix.
755 1380 880 1432 vocatur
890 1371 1088 1452 spiritualiter
1141 1374 1358 1453 cujuscumque
1370 1373 1498 1444 virtutis,
1514 1378 1669 1431 exercent
1691 1368 1765 1432 stat
1776 1384 1810 1427 ι

389 1456 521 1519 boclam
533 1465 565 1517 et
575 1458 745 1538 Aegyptus.
761 1458 812 1519 Sic
823 1459 963 1519 Ecclesia
975 1459 1087 1520 domas
1140 1468 1198 1521 tem
1214 1468 1376 1539 utrumque
1398 1459 1577 1518 sacrificium
1600 1475 1658 1517 suo
1679 1454 1761 1517 modo
1776 1471 1810 1515 rr
1839 1414 1842 1541 i

389 1545 577 1623 spiritualis,
601 1546 633 1605 id
655 1552 703 1606 est
722 1547 852 1626 mystica
873 1545 991 1619 dicitur,
1015 1547 1088 1625 quia
1140 1567 1206 1608 rum
1221 1545 1347 1623 dicitur3
1362 1542 1812 1625 externumquidemrerurupsr
1841 1612 1842 1625 χ

390 1652 446 1713 per
461 1630 582 1692 domum
594 1631 778 1692 materialem
791 1640 822 1691 et
833 1634 953 1713 proprie
967 1632 1087 1705 dictam,
1141 1635 1270 1714 prietate
1289 1633 1444 1705 sermonis,
1466 1629 1619 1712 quomodo
1643 1629 1748 1692 dicitur
1762 1644 1813 1687 ras
1841 1640 1842 1711 ζ

389 1729 424 1779 ut
450 1738 506 1799 per
530 1718 756 1779 tabernaculum
781 1718 860 1779 Masi
887 1728 918 1780 et
942 1720 1087 1799 templum
1140 1722 1229 1793 vitis,
1255 1739 1336 1800 quae
1357 1717 1415 1780 fert
1436 1738 1528 1795 uras3
1561 1718 1712 1778 internum
1739 1722 1813 1776 autu

391 1806 571 1878 Salomonis,
586 1804 800 1886 praetigurata.
1141 1826 1255 1880 verum,
1277 1807 1348 1886 quia
1370 1825 1425 1887 per
1444 1824 1478 1866 se
1501 1805 1568 1865 Deo
1592 1803 1812 1884 placitumque

434 1892 653 1956 Sacerdotium
679 1901 833 1954 sunctum.
880 1891 1088 1952 Aedificantur
1141 1892 1229 1953 modo
1262 1892 1399 1953 cbristus
1429 1891 1523 1952 dixit:
1570 1894 1644 1968 Eoo
1672 1908 1737 1952 ιιιιιι
1763 1890 1813 1949 aa

391 1980 496 2041 fideles
523 2000 584 2039 uon
609 1978 704 2040 eclam
725 1989 758 2040 ut
784 1978 890 2039 domus
913 1978 1087 2058 spiritualia,
1141 1980 1421 2054 vcrc,Joau.15.:
1447 1980 1491 2038 sic
1514 1980 1606 2040 etiam
1622 1973 1813 2038 desaeerlet'a

391 2068 446 2129 sed
469 2068 557 2128 etiam
585 2061 678 2147 (quae
697 2087 807 2147 magus
830 2068 962 2145 dignitas
986 2084 1087 2126 eorum
1142 2076 1173 2128 et
1187 2066 1394 2128 sacerdotibus
1410 2066 1668 2145 distinguendum.
1694 2060 1812 2125 Porretls

390 2151 720 2229 est)atsuccrdotiam
731 2161 884 2214 sunctum.
896 2154 957 2215 Ubi
969 2153 1088 2213 nomine
1141 2153 1308 2215 sacerdotio
1336 2155 1498 2233 improprie
1519 2173 1556 2212 ac
1583 2150 1759 2232 generaliter
1779 2166 1811 2209 rr
1841 2226 1842 2233 ἵ

391 2242 576 2317 sacerdotii,
605 2241 692 2301 velut
721 2241 895 2312 collective,
925 2240 1088 2318 significari
1142 2251 1227 2322 cepto
1239 2236 1813 2321 B.Petrumloqui,mauifeatedrelarrni
1840 2274 1842 2329 ἑ

391 2328 513 2390 videtur
534 2337 647 2401 coetus,
669 2327 831 2408 collegium
852 2336 881 2387 et
907 2327 1017 2388 chorus
1040 2347 1086 2386 sa·
1142 2329 1209 2408 ejus
1223 2328 1316 2389 verba
1331 2328 1508 2406 subjuncta:

392 2415 557 2486 cardetum,
580 2417 623 2475 ita
645 2423 679 2475 ut
701 2416 814 2491 singuli
830 2416 891 2474 siut
907 2413 1087 2474 sacerdotes.
1185 2418 1307 2495 Offerre
1320 2414 1503 2491 spirituales
1517 2416 1645 2475 bestias.
1669 2412 1704 2473 ld
1720 2402 1811 2483 eettl
1841 2456 1842 2469 ι

392 2503 506 2565 Verum
518 2503 659 2563 sicutilla
673 2502 785 2563 domus
797 2502 932 2580 figurate,
949 2522 1007 2560 nou
1019 2520 1086 2579 pro·
1142 2501 1326 2564 offerendam
1351 2501 1463 2562 bestias
1486 2502 1552 2560 sive
1579 2500 1727 2560 sacrificis
1747 2493 1810 2576 spiri
1841 2494 1842 2581 l

391 2595 455 2672 pria
468 2589 658 2669 intelligitur,
681 2589 762 2669 quod
786 2589 1011 2668 significabatur
1026 2588 1087 2667 epi·
1143 2591 1246 2652 tualia.
1279 2590 1414 2667 Exponit
1434 2588 1649 2648 sacerdotium
1675 2578 1811 2663 praa&
1841 2592 1842 2643 i

392 2679 475 2738 tbete
490 2679 685 2753 spiritualis:
706 2678 749 2737 ita
764 2689 795 2737 et
810 2676 867 2735 boc
888 2673 1088 2735 sacerdotium
1143 2684 1310 2758 peractum
1327 2675 1488 2756 proprium,
1513 2676 1566 2753 qui
1581 2683 1637 2743 est
1661 2666 1810 2748 offemq'r

393 2784 451 2826 nou
478 2766 599 2845 proprie
621 2762 748 2836 dictum,
774 2761 827 2821 sed
852 2762 1089 2840 metaphoricum
1144 2763 1269 2824 rituales
1295 2762 1418 2835 bestias,
1442 2760 1473 2821 id
1496 2770 1542 2821 est
1563 2780 1659 2840 opera
1682 2759 1810 2825 rirtutut

393 2861 457 2927 est;
480 2850 561 2931 quod
577 2853 746 2911 insinnatur
762 2848 912 2929 epitheto:
935 2856 1088 2910 sanctam.
1143 2870 1223 2930 quae
1238 2848 1358 2932 quidem
1374 2850 1481 2920 emnia,
1497 2857 1651 2928 quatenus
1667 2846 1705 2910 ad
1719 2844 1810 2922 Deirr

393 2938 471 2999 Nam
488 2940 542 3018 qui
558 2937 865 3019 proprie-sacerdotes
880 2936 1029 3008 dicuutur,
1045 2937 1085 2997 vi·
1141 2937 1279 2998 feruntur
1294 2936 1447 3008 bonorem,
1469 2946 1503 2995 ut
1517 2939 1652 2996 auctoris
1666 2953 1702 2996 ae
1716 2927 1811 2994 nonai

393 3024 504 3086 delicet
532 3023 572 3086 ad
601 3035 727 3086 exterus
760 3023 909 3083 sacrificia
938 3021 1088 3085 offerenda
1141 3024 1331 3096 universalis,
1347 3025 1466 3084 hostiae
1482 3022 1637 3100 dicuntum
1660 3015 1812 3099 spiritual!
1839 3007 1843 3078 l

394 3111 538 3191 deputati,
561 3131 620 3172 nou
643 3131 744 3172 omnes
766 3121 837 3170 suut
852 3113 957 3184 sancti,
981 3112 1011 3171 id
1035 3119 1090 3180 est,
1141 3120 1240 3171 autem
1257 3113 1295 3171 ad
1313 3110 1513 3171 differentiam
1537 3111 1704 3170 carnalium
1724 3103 1810 3168 hera
1840 3165 1842 3210 Ι

392 3199 510 3260 iuterna
525 3200 692 3258 animorum
704 3198 900 3258 sanctimonia
918 3208 946 3257 et
961 3198 1089 3277 puritate
1141 3218 1217 3270 rum,
1240 3217 1319 3278 quae
1333 3200 1366 3258 iu
1380 3196 1477 3257 veteri
1493 3195 1562 3275 lege
1577 3195 1777 3264 offerebantur.
1793 3191 1812 3248 U
1840 3223 1842 3288 q

392 3284 531 3366 praediti,
555 3287 645 3345 etism
661 3284 729 3345 dum
746 3305 800 3344 sue
815 3284 980 3363 iunguntur
994 3303 1089 3343 sacer·
1143 3306 1197 3365 per
1212 3304 1287 3365 quas
1299 3286 1427 3364 mystice
1438 3282 1561 3342 fueraut
1575 3283 1769 3363 significatam
1780 3271 1813 3336 d
1840 3295 1842 3348 l

394 3371 485 3445 detio,
500 3382 536 3430 ut
550 3370 652 3451 Opimi
667 3381 697 3430 et
713 3370 853 3443 Phineas,
880 3372 987 3450 IReg.
1004 3372 1043 3442 2.,
1059 3377 1090 3430 et
1142 3373 1307 3452 generatim
1338 3369 1376 3430 ad
1404 3368 1564 3430 discrimen
1592 3370 1693 3430 cultus
1717 3359 1812 3432 exlttl'·
1839 3353 1843 3478 1

394 3458 447 3518 alii
458 3458 545 3517 multi
561 3460 591 3517 iu
606 3459 702 3518 veteri
716 3457 793 3536 lege.
817 3457 878 3537 Qui
890 3477 961 3517 vero
974 3455 1011 3516 ad
1023 3457 1089 3528 bec,
1143 3460 1195 3540 qui
1209 3457 1248 3517 ad
1264 3460 1437 3518 interiorem
1459 3458 1572 3518 cultum
1596 3458 1628 3518 in
1651 3457 1747 3518 auimo
1765 3467 1811 3512 ew

395 3544 434 3605 de
450 3564 509 3625 que
523 3546 632 3605 Petrus
647 3544 788 3624 loquitur,
807 3543 1007 3605 sacerdotium
1023 3563 1087 3622 per·
1142 3547 1296 3606 sistentem
1319 3544 1426 3604 referri
1441 3541 1541 3604 debet
1573 3544 1685 3605 Subest
1705 3535 1812 3622 iamt

394 3632 496 3701 tinent.
518 3632 575 3691 nisi
591 3633 686 3692 sancti
701 3633 769 3703 sint,
793 3630 905 3691 hostias
920 3650 975 3690 suo
991 3648 1087 3691 sacer·
1141 3632 1198 3692 bac
1210 3643 1297 3712 parte
1309 3632 1476 3691 exhortatio
1489 3631 1583 3690 tacita
1595 3629 1635 3691 ad
1650 3626 1812 3712 operalio*

395 3716 476 3778 detio
490 3720 626 3798 proprias
641 3719 748 3778 offerre
762 3738 822 3778 non
838 3726 974 3796 possunt.
1141 3730 1291 3800 tamquam
1312 3716 1350 3777 ad
1373 3716 1546 3798 spirituales
1563 3717 1689 3791 bestias,
1710 3712 1746 3776 ad
1758 3723 1813 3794 q!

386 3848 390 3855 -
438 3805 573 3884 Exque
599 3813 691 3884 patet,
718 3824 771 3865 eos
797 3803 990 3865 vehementer
1014 3801 1088 3872 falli,
1142 3806 1208 3865 Deo
1225 3803 1390 3865 offerendas
1405 3806 1573 3866 consecrati
1590 3797 1813 3866 centenarios·

395 3892 447 3971 qui
469 3891 528 3951 bac
550 3892 634 3951 Petri
657 3892 807 3952 sententia
826 3901 856 3952 et
876 3891 1026 3952 similibus
1045 3889 1085 3949 ni·
1142 3894 1173 3953 in
1187 3892 1346 3970 baptismo.
1841 3931 1842 3958 l

394 3986 502 4050 tentes,
521 3977 694 4057 simpliciter
712 3977 865 4050 affirmant,
889 3997 990 4038 omnes
1006 3975 1089 4037 Clrri·
1185 3979 1399 4054 acceptabiles
1426 3979 1493 4038 Dco
1516 3995 1579 4054 per
1604 3982 1720 4042 Jesstas
1744 3969 1815 4038 Old
1840 3989 1842 4058 ξ

394 4065 509 4124 stianos
525 4084 592 4125 ease
607 4064 794 4141 sacerdotem
818 4065 889 4125 dum
907 4086 966 4125 uon
982 4064 1087 4125 distin·
1140 4073 1233 4126 stum.
1268 4066 1357 4125 Hanc
1379 4072 1514 4143 partem:
1538 4082 1601 4140 per·
1615 4069 1730 4129 Jesttm
1744 4056 1817 4124 (Μ’
1841 4091 1842 4098 ¹

396 4160 493 4230 guum
514 4153 591 4212 iuter
614 4150 653 4223 id,
677 4149 759 4231 quod
780 4153 901 4232 proprie
923 4151 1039 4222 dicitur,
1060 4157 1089 4209 et
1141 4161 1243 4225 stum,
1266 4152 1340 4213 Veu.
1356 4150 1441 4212 Beda
1464 4148 1558 4210 refert
1576 4149 1616 4211 ad
1633 4159 1741 4214 cuneta
1754 4159 1818 4229 pt*

397 4235 444 4310 id,
470 4237 551 4317 quod
577 4238 712 4317 figurate.
750 4237 829 4300 Nam
854 4246 888 4298 ut
912 4238 1088 4298 sacrificium
1142 4240 1248 4311 missa,
1265 4241 1338 4317 quia
1353 4258 1406 4317 per
1422 4235 1535 4298 Christi
1546 4238 1819 4316 gratiametttp*

396 4324 566 4404 specialiter
588 4334 616 4386 et
632 4325 753 4405 proprie
774 4333 910 4398 vocatm,
933 4325 1014 4405 quod
1037 4343 1088 4383 ex·
1142 4324 1337 4387 aedificamur
1363 4327 1394 4385 in
1420 4322 1539 4385 domam
1569 4325 1774 4404 spiritualem.
1798 4320 1821 4376 ⁸

395 4417 479 4471 teruo
505 4413 566 4473 ritu
592 4431 659 4473 cum
687 4412 792 4490 eliqua
815 4415 862 4473 sui
886 4411 1090 4472 immutatione
1142 4410 1308 4473 sacerdotio
1323 4418 1427 4472 saneto
1443 4410 1671 4489 participamus.
1690 4403 1822 4476 esaar

396 4496 464 4557 Deo
485 4498 614 4570 effertur,
643 4507 676 4559 ut
701 4517 841 4577 supremo
864 4499 1012 4572 Domino;
1037 4515 1088 4575 ge·
1143 4499 1209 4559 Deo
1225 4497 1430 4577 acceptabiles
1445 4496 1604 4559 offerimus.
1635 4493 1823 4562 altram

396 4583 536 4645 neraliter
565 4593 664 4645 autem
695 4594 725 4645 et
751 4585 911 4665 improprie
938 4581 1089 4653 nuncid,
1143 4584 1180 4645 ad
1198 4586 1292 4646 solam
1309 4593 1424 4664 partem
1435 4585 1623 4663 proximum:
1639 4575 1823 4666 mepte&

396 4670 477 4750 quod
491 4672 600 4750 agitur,
623 4682 657 4731 ut
678 4679 782 4732 sancta
803 4673 949 4732 societate
964 4672 1030 4731 Deo
1045 4672 1088 4730 in·
1145 4673 1232 4749 Deo,·
1258 4692 1327 4732 uam
1354 4671 1522 4751 spirituales
1544 4671 1681 4747 bestiae,
1707 4663 1823 4754 qud

396 4755 569 4832 haeresium
592 4756 742 4837 quomodo
766 4759 942 4821 describitur
966 4756 1004 4817 ab
1028 4757 1089 4816 Au·
1144 4777 1198 4838 per
1212 4778 1244 4819 se
1258 4767 1364 4837 gratae
1386 4759 1445 4818 siut
1466 4767 1495 4820 et
1509 4757 1648 4838 placitae
1662 4761 1745 4832 Deo.
1766 4767 1822 4836 q*

398 4845 518 4920 guetino
541 4844 591 4905 lib.
613 4846 661 4905 10.
683 4844 721 4905 de
744 4845 856 4904 civitat.
871 4846 940 4915 Dei,
963 4863 1029 4921 cap.
1046 4846 1090 4906 6.:
1144 4854 1232 4905 tenue
1259 4853 1326 4906 suut
1353 4863 1446 4925 opera
1473 4847 1611 4925 pietatis,
1639 4853 1740 4908 ίιιιιιιι
1761 4839 1822 4904 fl

398 4929 440 4990 ita
455 4931 646 5010 peculiariter
668 4939 698 4991 et
715 4933 836 5010 proprie
859 4928 1031 4992 sacerdotes
1045 4927 1090 4988 di·
1143 4930 1247 4992 baberi
1262 4940 1479 5012 neuportum,
1494 4932 1554 4993 uisi
1570 4952 1625 5014 por
1636 4933 1743 4997 derata
1755 4919 1820 5003 U*

399 5025 520 5090 eantur,
550 5036 677 5098 querum
704 5017 832 5078 officium
857 5025 918 5092 est,
943 5016 1092 5078 sacrificia
1143 5026 1238 5093 stum,
1254 5020 1298 5079 ita
1313 5038 1370 5081 uec
1384 5025 1580 5101 acceptantur
1594 5019 1697 5084 aDea
1710 5007 1820 5084 all-h·

1832 5341 1842 5470 ι
