4442 5825
403 595 480 665 400
919 589 1327 647 commutassemus

403 771 489 846 parte
503 761 695 846 praecedenti
709 766 887 840 nominavit,
910 768 1094 849 insequenti
1147 769 1268 849 quidem
1290 767 1425 847 supuda
1450 767 1518 827 sive
1541 763 1698 845 appliqatio
1720 760 1748 827 tt
1764 782 1800 841 pu

402 852 524 913 Filium.
570 851 611 911 Et
636 850 760 932 quidem
789 853 1095 916 accommodatissime
1147 855 1346 915 obedientiam
1368 852 1453 927 fidei,
1477 853 1568 930 juxta
1590 849 1666 917 illud
1686 849 1758 911 Rota
1774 851 1804 915 t:

402 939 488 999 Petri
502 945 634 998 nostram
656 937 831 1001 electionem
847 960 884 1000 ac
899 941 1095 1003 dilectionem
1148 945 1245 1021 (ὶυοηι
1270 942 1439 1017 proposuit
1466 941 1554 999 Deua
1577 938 1802 1014 propitiationem

401 1024 522 1098 tribuit,
544 1025 666 1104 Spiritui
688 1034 793 1085 sancto
818 1027 1094 1104 sanctificationem,
1144 1047 1205 1106 per
1219 1028 1313 1104 tidem
1329 1032 1365 1087 in
1380 1027 1538 1101 sanquine
1553 1027 1662 1100 ipsius.

400 1112 478 1172 Eilic
492 1111 736 1191 redemptionem.
759 1113 907 1192 Sequitur
918 1117 1014 1175 euim:
1191 1113 1350 1175 (laetorum
1365 1112 1528 1173 manifesta
1550 1110 1601 1177 hic
1617 1118 1666 1173 est
1679 1104 1808 1171 allusiosd

443 1200 486 1261 In
501 1198 721 1273 obedientiam,
744 1206 774 1260 et
789 1204 1001 1276 aspersionem
1016 1219 1094 1262 ran·
1146 1201 1340 1279 aspersiones
1365 1201 1523 1278 sanguinis
1551 1196 1705 1259 brutorum
1729 1196 1809 1269 mur

399 1289 507 1362 quinis
527 1290 609 1349 Jeeu
628 1287 752 1349 Obruit.
775 1286 861 1347 Haec
883 1307 1004 1368 quoque
1024 1308 1094 1366 para
1147 1288 1229 1360 lium,
1246 1286 1636 1369 quaefactaelegunturin
1648 1284 1811 1351 vuarim

400 1372 553 1456 dependet
566 1394 587 1432 a
602 1373 695 1433 verbo
711 1375 824 1449 electis,
845 1382 1004 1456 potestque
1022 1373 1094 1435 duo·
1148 1384 1258 1448 mento,
1270 1384 1304 1435 ut
1315 1372 1518 1454 quaefigurae
1530 1370 1811 1447 fuerintntimrpe

400 1459 455 1521 bus
468 1459 722 1520 modis-construi:
738 1461 780 1520 In
792 1460 1002 1522 obedientiam
1014 1480 1093 1525 ean·
1147 1462 1247 1535 sionis,
1256 1460 1295 1523 de
1305 1480 1366 1541 qua
1374 1459 1518 1537 loquitur.
1527 1458 1627 1519 Erant
1634 1466 1732 1525 autern
1739 1472 1813 1535 asper

399 1550 506 1623 puisaia
534 1550 615 1610 Jcau
648 1548 783 1622 annau,
821 1554 852 1608 et
881 1552 1093 1624 aspersionem
1148 1548 1247 1608 siones
1270 1549 1383 1617 variae,
1407 1545 1576 1624 dequibus
1603 1542 1674 1605 ride
1696 1542 1815 1605 Jusnun

400 1634 738 1709 eusdem-sanonum
761 1643 806 1694 et:
826 1635 868 1694 In
882 1635 1092 1697 obedientiam
1147 1634 1321 1695 Hesselium
1345 1635 1374 1693 in
1390 1632 1620 1707 commentario,
1643 1628 1699 1690 sed
1721 1626 1817 1708 respici

399 1725 482 1785 Jeeu
498 1721 623 1794 atrius,
648 1728 678 1780 et
698 1724 909 1797 wernonem
929 1725 1095 1797 aanpuinis
1148 1722 1335 1800 potissimum
1359 1720 1393 1781 B.
1416 1719 1524 1791 Pptrns
1547 1715 1587 1777 ad
1611 1736 1674 1779 mm
1697 1714 1817 1797 upsalia

401 1808 539 1883 ejusdem
549 1810 638 1870 Jeeu.
654 1806 742 1888 Quae
754 1811 900 1887 posterior
913 1811 1094 1870 constructio
1147 1828 1222 1879 nem,
1238 1827 1317 1887 quac
1333 1804 1512 1867 describitur
1527 1804 1627 1871 Exad.
1644 1805 1695 1863 24.
1716 1802 1758 1863 Dc
1770 1818 1817 1881 qua

399 1896 495 1974 magis
521 1893 629 1974 placet.
651 1894 730 1955 Nam
754 1894 952 1956 obedientiam
973 1896 1093 1976 sangui-
1148 1903 1177 1954 et
1192 1894 1306 1955 Penius
1329 1893 1392 1973 agit
1411 1892 1491 1965 dieb.
1510 1895 1548 1965 9.,
1565 1890 1713 1963 ,relerena
1734 1887 1819 1963 ldatu

399 1982 446 2042 nis
460 1998 608 2061 namnam
631 1980 767 2061 legimns.
801 1980 962 2061 Quaeritur
983 1991 1093 2056 autem
1147 1983 1294 2059 sanguine
1314 1979 1475 2051 vitulorum
1490 1986 1521 2041 ot
1535 1976 1694 2049 hircorum,
1716 1970 1818 2057 quade

400 2087 490 2148 qnam
516 2076 604 2127 vocet
619 2067 832 2139 obedientiam
855 2067 990 2146 Christi,
1024 2089 1093 2131 num
1147 2067 1305 2129 dicabatur
1327 2075 1417 2129 uetus
1432 2073 1656 2135 tastamentum,
1679 2060 1819 2143 aspersit

400 2174 482 2227 mm,
513 2173 574 2233 qua
595 2151 738 2215 Christus
768 2153 905 2216 obedivit
934 2156 1019 2218 Patri
1044 2174 1091 2215 ue·
1146 2155 1253 2215 librum
1270 2154 1344 2233 legis
1361 2161 1390 2212 ct
1402 2152 1555 2231 populum,
1573 2158 1606 2213 et
1617 2146 1819 2225 tabernacula!

399 2261 459 2322 que
488 2240 527 2301 ad
556 2248 679 2302 mortem
701 2243 819 2302 ·omcis:
850 2263 891 2304 an
920 2262 1003 2316 eam,
1032 2261 1093 2323 qua
1146 2250 1178 2303 et
1192 2241 1290 2301 omnia
1306 2259 1382 2300 vaae
1395 2239 1470 2317 ejus,
1487 2259 1523 2299 ac
1539 2237 1670 2299 dixisse:
1688 2237 1819 2305 fluum·

400 2348 455 2391 nos
479 2327 596 2389 obruto
626 2326 794 2391 obedimus.
832 2330 880 2390 De
900 2330 1001 2410 priore
1028 2330 1092 2410 qni·
1144 2331 1215 2404 qais
1229 2328 1417 2401 testamenti,
1441 2325 1527 2403 quod
1541 2324 1715 2387 inundauit
1728 2322 1766 2385 ad
1779 2336 1819 2393 att

399 2416 469 2476 dam
491 2415 669 2494 intelligunt.
714 2415 775 2476 Sed
801 2416 839 2475 lia
865 2417 980 2490 obstat,
1011 2414 1093 2496 qaod
1146 2418 1240 2476 Deua
1271 2414 1358 2475 Haec
1384 2414 1462 2485 enim
1487 2411 1596 2491 typice
1621 2409 1819 2490 significatui,

399 2523 461 2563 non
480 2510 560 2562 recte
581 2501 708 2562 dicimur
731 2502 823 2564 electi
845 2504 882 2564 in
897 2503 947 2564 vel
963 2503 1007 2564 ad
1022 2504 1091 2565 obe·
1144 2521 1256 2573 novum
1277 2509 1486 2573 testamentum
1509 2496 1711 2565 dedicandum
1726 2492 1819 2558 sauia

398 2587 558 2662 dientiam,
584 2608 644 2669 qus
669 2587 808 2649 Christus
834 2589 968 2651 obedivit
991 2590 1091 2667 Patri3
1144 2590 1292 2668 sanguine
1312 2586 1437 2659 christi,
1460 2604 1517 2647 nec
1533 2604 1570 2645 eo
1591 2582 1730 2647 mandeti
1748 2596 1819 2664 pau

399 2673 451 2735 aed
473 2676 573 2754 potins
595 2693 657 2752 per
678 2695 752 2736 eam
775 2677 816 2737 At
838 2695 909 2738 vero
928 2685 1010 2737 recte
1024 2696 1091 2738 con·
1145 2675 1319 2755 quidquam,
1334 2675 1382 2734 cui
1397 2692 1456 2735 non
1472 2672 1565 2734 inerit
1579 2690 1730 2753 aspersus.

399 2762 615 2842 venientesque
638 2762 766 2824 dicimur
789 2761 877 2824 electi
897 2762 937 2823 ad
952 2763 1091 2829 obedien·
1190 2763 1303 2825 Gratia
1333 2761 1420 2824 vobis
1445 2766 1475 2820 et
1501 2777 1571 2835 pau
1602 2757 1817 2836 matnpttcetu

398 2849 470 2907 dam
486 2847 607 2911 Christo
630 2848 853 2930 praestandam.
876 2850 978 2928 Hujus
992 2860 1091 2911 autem
1144 2849 1290 2914 Salutatio
1312 2856 1372 2921 eet,
1395 2866 1458 2928 qua
1479 2844 1640 2920 fidelihus,
1660 2846 1759 2932 gnati·
1774 2840 1819 2907 llfl'

399 2933 590 2997 obedientiae
616 2938 752 2997 meminit
777 2937 947 3018 Scriptura,
974 2940 1091 3019 quoties
1142 2937 1405 3017 jampraeventis,
1429 2941 1626 3016 augmentum
1649 2954 1685 3012 ac
1703 2927 1818 3012 antip}

399 3023 588 3084 commendat
623 3023 825 3085 obedientiam
862 3025 1026 3104 Evangelii
1061 3036 1092 3089 et
1145 3026 1292 3086 nationem
1308 3021 1444 3101 ejusdcm
1459 3021 1586 3100 gratiae,
1602 3017 1819 3100 aimuletpaa'a

397 3109 488 3186 fidei,
510 3110 658 3171 interdum
681 3120 711 3171 st
732 3109 852 3183 christi,
866 3112 1026 3191 passivam
1048 3114 1090 3172 vi·
1145 3114 1333 3191 imprecatur.
1358 3110 1488 3178 Gratiae
1510 3127 1620 3169 nomen
1635 3106 1820 3187 complectit:

397 3195 517 3267 delicet,
533 3204 567 3257 ut
581 3199 778 3278 grammatice
790 3197 959 3278 loquamur,
974 3200 1040 3262 Aet.
1051 3201 1090 3273 d,
1145 3217 1233 3261 omne
1244 3197 1303 3258 Dei
1316 3196 1507 3268 beneficiam,
1522 3187 1820 3294 quoprarebimm*

396 3283 483 3344 Rom
501 3291 527 3357 1,
554 3286 601 3345 10.
618 3295 653 3354 et
676 3289 741 3361 i6.;
766 3287 839 3347 item
855 3290 873 3348 2
890 3286 997 3350 Tirsos.
1012 3292 1045 3352 1.
1060 3294 1091 3347 et
1144 3285 1287 3360 salutem
1300 3281 1383 3362 ¹quod
1395 3292 1490 3344 totum
1501 3285 1612 3359 pratia
1624 3295 1753 3355 rentur,
1765 3293 1820 3362 qap

397 3370 476 3432 Heb.
492 3375 521 3434 e.
546 3370 631 3432 Haec
653 3371 827 3434 obedientia
846 3382 899 3444 eat,
921 3373 1046 3440 erdere
1059 3382 1092 3440 et
1144 3374 1240 3452 gratie
1254 3370 1351 3438 datar·
1374 3373 1490 3442 Pacem
1506 3367 1594 3436 multi
1606 3370 1818 3448 interluunt!

396 3476 489 3540 opera
506 3457 588 3518 ‘iidei
616 3466 820 3520 consentanea
851 3479 999 3524 excecere
1042 3458 1091 3528 Aa
1144 3457 1417 3519 reconciliationem
1440 3465 1470 3516 et
1491 3457 1660 3530 amicitiam
1683 3453 1818 3528 caralita

397 3545 472 3606 haec
495 3546 588 3624 igitur
610 3565 629 3605 a
651 3547 718 3606 Deo
746 3547 856 3608 clectos
879 3546 986 3608 Petrus
1010 3546 1091 3620 dicit,
1145 3545 1208 3608 Alii
1222 3547 1553 3625 quistam.et.securam
1569 3537 1818 3614 banommiaD·

396 3632 649 3713 quemadmodum
662 3632 958 3711 etllaulusEph.il.:
972 3634 1090 3709 Oranti,
1144 3633 1371 3711 possessionem.
1416 3630 1535 3694 Rursus
1570 3629 1625 3696 alii
1646 3623 1817 3702 adonai

397 3719 552 3799 iuquitin
560 3719 1090 3796 Obrirtodeauinopeeileuabonis,
1144 3739 1265 3797 genere.
1295 3718 1373 3778 Sunt
1394 3717 1473 3782 enim
1494 3716 1672 3786 Hebraicac
1693 3705 1816 3792 taltffl,

395 3824 478 3882 quae
491 3810 703 3884 praeparauit
719 3808 815 3881 Deus,
838 3813 877 3868 ut
885 3808 926 3870 =ia
941 3808 1005 3874 illie
1021 3826 1091 3868 cm·
1143 3805 1306 3878 formulae:
1332 3806 1404 3866 Pac
1427 3803 1503 3880 tibi5
1525 3804 1600 3866 Pae
1622 3803 1718 3874 undu.
1749 3795 1818 3874 Vidi,

391 3893 549 3954 ardemus.
1145 3912 1222 3972 quae
1243 3913 1261 3952 a
1282 3891 1369 3953 nobis
1386 3899 1630 3960 annomaunt
1651 3889 1695 3956 ad
1717 3883 1816 3962 ruath

440 3978 1091 4058 actitaretust’etrurorperaoaamrcn
1144 3978 1358 4041 salutationem
1367 3977 1525 4060 Epistulae
1533 3976 1823 4050 Bauliadldanttttt·

396 4069 504 4144 puinie
516 4072 598 4131 Jesu
614 4068 740 4142 Christi,
765 4066 865 4140 idest,
890 4067 1090 4149 expiationem

396 4160 583 4236 peccatorum
605 4155 754 4233 sanguine
773 4154 841 4233 ejus
862 4153 988 4225 iactam,
1012 4172 1093 4233 quac
1131 4190 1135 4197 -
1188 4155 1216 4213 3.
1240 4153 1430 4214 Benedictus
1446 4152 1581 4216 Desuet
1596 4152 1697 4212 Pater
1713 4141 1817 4222 Da*

398 4250 444 4301 eat
458 4240 554 4301 altera
569 4259 639 4320 pare
654 4248 774 4301 nostrae
792 4240 1035 4321 justificationia3
1058 4247 1093 4301 ut
1145 4242 1246 4302 naetii
1261 4243 1342 4303 Jeeu
1358 4240 1481 4302 Christi.
1506 4237 1672 4302 Exordium
1692 4229 1823 4322 ΕΡἸΨ

396 4329 518 4401 innuat,
538 4336 638 4388 totam
664 4337 797 4389 nostrum
820 4328 987 4407 justitiam,
1015 4347 1092 4408 quae
1145 4327 1237 4389 sumit
1257 4346 1277 4385 a
1298 4325 1389 4386 laude
1412 4326 1468 4386 Dei
1491 4333 1523 4384 et
1542 4325 1708 4403 gratiaram
1726 4317 1823 4410 Μ

396 4415 504 4495 partim
535 4416 566 4475 in
589 4412 651 4474 fide
677 4423 705 4474 et
734 4417 911 4495 operatione
938 4415 1091 4494 virtutum,
1148 4415 1255 4476 iisdem
1280 4411 1389 4485 verbis,
1413 4411 1521 4491 quibus
1538 4418 1570 4473 et
1586 4410 1704 4472 Paulus
1719 4427 1754 4474 cx

396 4503 503 4583 partim
519 4505 550 4562 in
560 4501 736 4563 remissione
747 4510 937 4580 peccatorum
949 4501 1092 4572 consistit,
1147 4510 1192 4562 est
1218 4500 1387 4577 Epistulam
1413 4496 1452 4559 ad
1479 4495 1657 4560 Corinthios
1685 4487 1823 4572 setam

397 4608 464 4650 ease
479 4587 601 4650 divinae
616 4586 772 4649 electionis
787 4588 935 4652 eflectum.
959 4587 1093 4649 Vocatur
1148 4595 1179 4648 et
1202 4586 1371 4666 Epistulam
1398 4586 1438 4646 ad
1462 4584 1618 4663 Ephesios.
1653 4583 1727 4648 Nam
1747 4579 1823 4666 imi

397 4683 495 4735 autem
507 4676 643 4736 remissio
656 4683 845 4755 peccatorum
861 4677 1001 4752 aspersio
1015 4694 1091 4738 san·
1147 4675 1243 4736 dictio
1266 4671 1366 4734 laudis
1382 4671 1569 4752 intelligitur.
1594 4669 1687 4734 Unde
1802 4669 1823 4750 ¹*

396 4764 645 4839 quinis-Obiirti,
670 4764 744 4840 quia
767 4781 821 4841 per
836 4760 949 4824 Christi
971 4762 1091 4842 sangoi-
1147 4762 1238 4824 vertit
1263 4760 1320 4820 boc
1345 4759 1428 4822 loco:
1455 4757 1662 4822 Laudandus
1685 4763 1745 4826 eat,
1780 4817 1787 4832 „

397 4869 466 4912 nem
476 4868 564 4910 nemo
574 4848 917 4929 mundaturapeccatis,
932 4848 991 4910 nisi
1003 4846 1093 4911 fuerit
1147 4848 1263 4911 Sensus
1274 4856 1337 4907 eat:
1353 4846 1448 4916 Deus,
1462 4844 1609 4924 idemque
1621 4843 1738 4918 Domini
1778 4901 1782 4908 .
1813 4905 1817 4912 ,

398 4956 434 4996 eo
456 4956 612 5017 aspersus,
636 4935 668 4997 id
691 4944 751 5009 eet,
775 4936 834 4997 nisi
857 4933 1040 5015 applicatum
1064 4937 1093 4996 ei
1140 4940 1228 5000 Jeru
1241 4934 1356 4998 Cliriati
1373 4935 1471 5006 l‘atcr,
1487 4933 1526 5000 ait
1541 4930 1728 5006 benedictus,
1740 4921 1823 5020 Μ

389 5023 488 5087 ·icerit
512 5021 794 5107 cunemannus
820 5023 967 5092 maritum.
1003 5021 1092 5104 auae
1147 5020 1287 5096 laudetur
1301 5041 1320 5090 a
1334 5019 1567 5106 nebiapcqptar
1581 5013 1823 5100 ,inscitiam

1813 5369 1823 5470 l
