4442 5825
747 587 911 646 EPlS'lehB
928 587 1016 644 trust!
1031 586 1146 644 thiilil.
1176 588 1260 644 imi.
1282 591 1304 643 l.
1321 591 1347 644 2.
1701 596 1776 664 418

357 766 490 851 ῌΙιΙιίο
509 788 608 833 sermo
626 765 826 831 videturesse
844 767 885 830 ad
901 767 1025 849 presby·
1078 768 1194 849 glorias
1224 764 1338 827 Christi
1374 764 1460 827 uobis
1500 764 1774 827 communicandae.

357 856 621 933 nundinorum,
643 875 770 939 quorum
786 864 859 929 erat,
876 857 907 916 iu
922 856 1026 916 Eccle·
1080 856 1201 937 Quippe
1223 852 1378 933 iudignum
1401 863 1455 928 est,
1478 861 1511 915 ut
1531 854 1691 915 humanam
1713 852 1776 932 glo·

357 934 560 1008 'n'sconwntu
583 943 653 1006 loca
676 944 885 1005 convenientia
900 944 1027 1023 singulis
1079 947 1152 1004 riam
1176 949 1226 1002 ant
1246 948 1380 1022 quaerat,
1407 948 1461 1001 aut
1481 940 1642 1002 admiretur
1665 942 1699 1015 is,
1726 942 1777 1021 qui

357 1031 505 1094 llrrbncre
541 1031 633 1092 uoce
662 1032 753 1092 etium
780 1029 819 1091 ad
845 1030 1025 1110 Episcopus,
1079 1028 1340 1111 participationem
1363 1036 1521 1110 exspectat
1533 1027 1649 1108 gloriae
1665 1025 1777 1090 Christi

357 1136 460 1181 mm
483 1125 537 1193 cat,
562 1118 699 1179 homines
722 1116 845 1178 idoneos
868 1115 907 1177 ad
930 1116 1026 1177 eccle·
1080 1116 1213 1178 Domini.
1237 1113 1300 1195 Qui
1323 1119 1470 1197 posterior
1492 1134 1598 1177 sensus
1614 1113 1777 1195 probabilia

357 1207 451 1267 satia
464 1206 632 1267 ministeria
646 1223 828 1286 promovere.
1080 1211 1135 1280 est,
1158 1204 1223 1264 sive
1239 1202 1357 1264 Graeca
1378 1212 1506 1284 spectes,
1530 1204 1595 1264 sive
1617 1209 1777 1264 cousuetu-

373 1290 763 1371 hemmerannum
773 1293 922 1367 acceptio,
935 1309 1027 1371 quum
1081 1290 1182 1351 dinem
1198 1290 1380 1371 Scripturas.

357 1400 364 1441 ι
383 1378 598 1443 distribuendis
623 1378 789 1441 honoribus
811 1387 864 1438 aut
890 1379 1028 1458 praemiis
1125 1376 1270 1457 Plerique
1292 1385 1392 1437 tumen
1407 1376 1459 1437 alii
1481 1376 1599 1439 malunt
1621 1377 1778 1438 dictionem

357 1484 391 1529 ιιι
413 1486 509 1529 causa
530 1464 712 1541 attenditur,
737 1465 791 1527 sed
814 1483 961 1546 personae
983 1483 1028 1524 re·
1080 1464 1203 1542 plorice
1218 1463 1332 1524 reierre
1347 1462 1386 1524 ad
1397 1466 1537 1544 proxime
1552 1461 1777 1545 praecedentia,

357 1563 454 1637 pectus
473 1552 609 1615 habetur.
634 1553 782 1632 Quoniam
804 1561 903 1614 autem
926 1571 1028 1611 nnum-
1082 1552 1138 1614 hoc
1152 1570 1259 1612 sensu:
1287 1552 1421 1614 Domini
1442 1554 1545 1614 nostri
1566 1555 1647 1615 Jeme
1663 1551 1780 1613 Christi

357 1640 475 1723 sedque
511 1648 667 1721 peccatum
703 1649 786 1701 tanto
822 1641 946 1720 gravius
975 1646 1030 1713 cst,
1081 1641 1221 1715 pleniori.
1245 1636 1438 1719 Quamquam
1462 1640 1514 1700 rtii
1531 1638 1723 1720 peculiariter
1737 1635 1778 1698 ad

357 1736 447 1790 unto
461 1728 494 1789 in
508 1728 615 1810 majori
636 1729 762 1789 materia
783 1736 938 1788 versatur:
961 1746 1028 1786 cou-
1082 1724 1263 1787 vocabulum
1281 1726 1416 1787 Domini
1429 1726 1571 1801 referunt,
1594 1728 1651 1787 hoc
1672 1724 1778 1787 modo:

357 1820 396 1877 trs
418 1815 541 1896 utique,
566 1822 653 1876 tanto
677 1815 800 1895 gravium
823 1833 874 1875 cos
896 1833 1029 1895 peccare,
1082 1812 1189 1875 Fidem
1213 1812 1335 1873 Domini
1357 1815 1451 1874 nostri
1472 1815 1548 1876 Jesu
1571 1812 1690 1888 Christi,
1715 1814 1778 1875 Do·

357 1904 512 1984 ¹u’iniqua
533 1901 708 1984 spiritualia
729 1900 914 1983 dispensent,
941 1920 1030 1982 quam
1083 1901 1164 1976 mini,
1176 1901 1309 1981 inqurm,
1321 1898 1443 1980 gloriae
1467 1901 1545 1962 Nam
1557 1901 1615 1964 hoc
1627 1900 1779 1983 epitheton

357 1990 387 2069 ,ai
408 1990 607 2070 temporalia,
630 1996 741 2071 quanto
764 1998 834 2050 suut
857 1988 1031 2069 spiritualia
1083 1991 1176 2051 etiam
1193 1986 1357 2069 Apostolus
1370 1987 1484 2050 Paulus
1499 1989 1636 2051 attribuit
1651 1988 1779 2063 Christo,

357 2076 549 2160 nporalihus
571 2077 697 2158 potiora
721 2074 839 2137 Graece
852 2076 1032 2137 vitiumhoc
1086 2080 1102 2136 1
1121 2075 1254 2137 Corinth.
1270 2077 1298 2134 2.
1323 2076 1357 2136 Si
1373 2080 1470 2152 enim,
1485 2076 1591 2160 inquit,
1614 2079 1780 2154 connovit-

357 2172 462 2227 uuatnr
485 2156 746 2243 προςωιιοληψία,
774 2161 813 2224 de
835 2163 922 2241 cujus
946 2154 1032 2223 vocis
1083 2170 1163 2239 rent,
1180 2179 1358 2239 numquam
1373 2165 1552 2226 Dominum
1566 2164 1690 2239 clorioe
1705 2182 1779 2226 crre-

357 2252 453 2334 rigine
467 2270 504 2312 ac
519 2253 634 2312 ratione
655 2249 735 2326 vids,
759 2269 839 2331 quae
854 2250 985 2311 diximus
1000 2251 1031 2310 in
1086 2250 1261 2327 misissent.
1292 2251 1394 2331 Atque
1410 2250 1489 2313 hunc
1503 2270 1622 2313 sensum
1638 2254 1779 2313 Erasmus

357 2338 434 2421 lprlst
446 2337 487 2400 ad
498 2337 584 2399 Rom.
594 2342 623 2400 h.
645 2338 758 2399 Senem
769 2337 935 2418 Apostolici
946 2357 1030 2417 prae
1084 2338 1220 2418 sequitur
1230 2339 1261 2397 in
1272 2337 1456 2418 paraphrasi,
1471 2341 1647 2400 Dominum
1658 2341 1781 2416 ctoriae

357 2426 414 2509 epti
428 2435 491 2488 eat:
519 2427 625 2488 Nolite
647 2424 740 2502 tidem
758 2422 957 2486 Christianam
971 2426 1031 2485 bo·
1085 2444 1241 2505 exponens
1256 2425 1353 2485 omnis
1368 2426 1485 2504 gloriae
1501 2427 1676 2507 principem.
1706 2428 1781 2499 Noa,

357 2530 418 2590 tere,
436 2511 468 2573 id
483 2521 530 2574 est
545 2532 589 2589 ea,
613 2532 691 2595 quae
705 2509 898 2573 Christianae
912 2512 1031 2593 religio·
1085 2511 1159 2593 quid
1174 2532 1211 2572 ea
1229 2512 1329 2593 phrasi
1353 2512 1544 2591 significetur,
1566 2513 1718 2594 explicare
1733 2533 1781 2575 co·

357 2600 386 2660 rb
401 2608 479 2673 sunt,
502 2619 602 2680 agere,
625 2618 696 2661 cnm
719 2602 901 2676 acceptione
920 2618 1032 2677 perso·
1085 2599 1148 2661 nati
1159 2618 1263 2660 snmus
1276 2600 1306 2659 in
1319 2604 1533 2663 commentario
1541 2601 1598 2662 loci
1607 2601 1674 2681 jam
1686 2600 1780 2661 citati.

357 2704 468 2749 mm.
483 2686 578 2761 lniis,
590 2685 813 2767 quaehdslium
825 2688 1032 2769 propriarum,
1086 2684 1233 2766 Congruit
1247 2694 1345 2748 autem
1356 2688 1405 2748 hic
1417 2708 1524 2750 sensus
1536 2691 1684 2750 instituto.
1700 2688 1781 2749 Nam

357 2792 436 2835 auum
451 2772 636 2835 nonhabeot
649 2784 806 2854 respectus
821 2792 1032 2856 personarum
1085 2775 1111 2833 si
1137 2772 1272 2835 Christus
1297 2784 1343 2834 est
1365 2776 1513 2837 Dominus
1535 2777 1659 2857 glorios,
1685 2776 1782 2856 magis

357 2862 426 2944 pari
449 2859 544 2923 dicat:
574 2860 611 2922 Ιιι
634 2860 812 2942 vulgaribus
839 2883 875 2924 ac
900 2861 1034 2942 profanis
1086 2860 1177 2942 igitur
1192 2860 1242 2923 ille
1256 2859 1470 2942 glorificandus
1486 2872 1564 2926 esta
1583 2864 1669 2926 nobis
1684 2871 1716 2926 et
1730 2863 1782 2925 hc·

357 2948 474 3010 actibus
502 2956 667 3029 utcumque
696 2948 818 3010 tolernri
847 2957 947 3030 potest
976 2949 1034 3010 hoc
1085 2967 1160 3009 nors
1181 2949 1421 3030 prosequendus,
1443 2953 1496 3033 qui
1518 2951 1637 3013 Christo
1661 2952 1781 3033 propin·

357 3033 463 3112 nlnm3
478 3045 512 3096 at
526 3035 557 3096 iu
571 3035 768 3097 conventibus
782 3035 934 3118 rebusque
946 3033 1032 3097 Chri·
1086 3037 1174 3117 quior
1188 3045 1242 3097 est.

357 3123 447 3184 ιιιιιιὶι
461 3121 652 3183 intolerabile
667 3131 724 3184 est.
1132 3127 1159 3184 2.
1177 3124 1305 3185 Etenim
1320 3126 1348 3184 ri
1362 3127 1524 3184 introierit
1539 3126 1574 3185 in
1590 3133 1781 3188 conventum

384 3209 485 3271 Dictio
507 3210 629 3286 pieriae
656 3211 688 3271 in
709 3210 768 3272 line
790 3208 895 3271 addita
917 3217 1034 3272 senten·
1086 3217 1225 3271 oestrum
1250 3213 1457 3272 visceream
1480 3213 1640 3273 annulum
1666 3214 1783 3275 tatem

357 3293 411 3358 ism
431 3296 566 3357 nonnihil
590 3295 738 3357 obscurat
771 3296 838 3359 Nec
858 3297 937 3358 enim
961 3300 1034 3358 satis
1088 3298 1124 3357 in
1138 3306 1221 3358 verte
1233 3298 1383 3359 candido.
1407 3298 1555 3379 Exemplo
1568 3319 1630 3360 ram
1643 3298 1782 3361 illustrat

357 3392 474 3465 tpparet,
497 3403 558 3465 quo
580 3383 738 3445 referenda
753 3385 799 3457 sit,
819 3392 871 3445 aut
890 3384 961 3468 quid
978 3385 1034 3446 sibi
1088 3383 1125 3444 ln
1133 3404 1194 3467 quo
1207 3406 1266 3446 non
1278 3383 1470 3467 reprehendit
1479 3394 1617 3448 ornatum
1630 3390 1782 3461 restitum,

357 3469 423 3532 tulit.
445 3470 591 3532 Erasmus
613 3470 680 3550 ejus
698 3471 765 3532 loco
779 3472 886 3531 vertit:
909 3489 948 3532 ec
963 3476 1035 3550 opi·
1088 3472 1114 3532 si
1129 3472 1217 3533 modo
1240 3481 1385 3553 congruat
1407 3491 1569 3553 personasr
1592 3474 1646 3534 sed
1661 3481 1722 3534 tam
1739 3472 1782 3534 di·

357 3556 663 3633 moererentur
686 3554 775 3634 (sicut
789 3559 819 3618 iu
835 3560 1035 3622 annotationi·
1087 3559 1169 3633 uitis,
1193 3579 1282 3641 quam
1304 3561 1443 3641 pauperis
1466 3559 1599 3622 habitum
1624 3559 1783 3635 describit3

357 3641 399 3708 lta
411 3641 497 3722 dicit)
514 3644 551 3704 ad
569 3663 786 3723 perrenorum
802 3648 1036 3727 acceptionem
1088 3648 1208 3708 taneto
1224 3648 1256 3708 in
1271 3647 1327 3707 boc
1347 3665 1459 3727 genere
1481 3648 1657 3729 saepissime
1678 3666 1783 3730 pecca·

357 3729 438 3814 iique
452 3750 576 3792 sensus:
599 3731 647 3792 Ne
669 3731 804 3795 babeatis
818 3732 908 3793 fidem
924 3731 1036 3795 Christi
1087 3740 1138 3792 tur
1152 3755 1171 3794 a
1186 3733 1340 3807 divitibus,
1363 3732 1433 3795 dum
1448 3733 1577 3795 mirabili
1592 3735 1728 3795 vanitate
1744 3753 1783 3795 ex

357 3814 379 3880 h
396 3818 577 3880 discretione
598 3837 806 3899 personarum,
825 3821 914 3900 juxta
936 3840 1035 3882 rerum
1088 3819 1248 3901 splendore
1260 3822 1389 3882 vestium
1403 3821 1531 3881 honoras
1546 3828 1677 3901 captant.
1695 3822 1783 3884 Con-

357 3903 558 3968 mdsnarnm
584 3907 833 3968 aestimationem.
872 3905 935 3967 Sed
960 3908 1036 3970 haec
1089 3907 1180 3984 dido,
1203 3906 1318 3969 Graece
1334 3904 1473 3996 λαμπρᾷ,
1497 3910 1528 3970 id
1542 3916 1588 3969 cst
1602 3908 1783 3985 splendido,

357 3989 546 4072 imputatio
569 3991 703 4054 violenta
718 4001 770 4068 est,
791 4001 895 4074 utpote
918 4013 979 4074 qua
993 3996 1036 4056 ni·
1089 3994 1239 4075 quomodo
1261 4003 1418 4056 verterunt
1433 3997 1572 4057 Erasmus
1588 3996 1694 4057 etalii.
1716 3994 1783 4076 erg-

357 4077 400 4140 als
417 4077 509 4161 longo
532 4088 690 4159 separatur
711 4081 862 4160 genitivos
883 4083 1037 4143 auomine
1088 4081 1230 4143 nificatnr
1259 4082 1335 4142 enim
1364 4101 1424 4143 nou
1454 4091 1514 4143 tam
1544 4083 1652 4145 coloris
1680 4100 1785 4164 genus,

357 4173 471 4248 'murm
493 4186 530 4228 ac
545 4175 790 4247 praetermorem
805 4166 1035 4229 Graecisormo·
1090 4188 1179 4248 quam
1203 4166 1345 4249 splendor
1368 4177 1398 4230 et
1419 4169 1619 4250 pulchritudo.
1641 4172 1710 4232 Vox
1733 4189 1783 4231 aa·

357 4245 391 4314 ὗ
402 4253 574 4336 exponitur.
596 4252 693 4328 Adde,
709 4239 798 4336 huod,
814 4256 872 4316 etsi
887 4246 962 4320 etta
977 4257 1035 4336 sip
1091 4253 1158 4316 dem
1174 4257 1249 4317 Luc.
1267 4257 1325 4330 ta..
1341 4256 1393 4318 uhi
1407 4255 1515 4336 legitur
1525 4257 1665 4319 Herodes
1676 4258 1700 4320 J
1702 4276 1785 4319 esum

357 4337 442 4402 fluet
467 4339 619 4402 interdum
643 4342 830 4419 opinionem,
855 4362 915 4402 nou
938 4350 1036 4403 tamen
1090 4340 1227 4404 indutum
1252 4352 1339 4404 veste
1364 4344 1450 4419 cibo,
1476 4343 1506 4404 id
1534 4353 1581 4405 est
1605 4344 1784 4423 splendido,

357 4423 474 4505 rbitror,
496 4429 528 4488 in
551 4428 726 4509 apostolicis
741 4428 899 4509 Scripturis
923 4448 960 4491 ea
976 4431 1035 4511 sig·
1089 4431 1239 4492 remisisse
1261 4430 1301 4491 ad
1325 4429 1466 4491 Pilatum.
1490 4430 1676 4511 Hujosmodi
1698 4439 1785 4493 veste

357 4511 512 4577 &tione
524 4516 662 4596 reperiri.
1090 4516 1229 4580 solebant
1250 4518 1294 4578 uti
1309 4538 1368 4578 non
1384 4518 1488 4593 solum,
1512 4520 1565 4599 qui
1581 4528 1666 4580 erant
1681 4537 1719 4580 ex
1734 4538 1785 4600 ge

382 4599 478 4664 Porro
498 4602 638 4663 nonnulli
659 4602 825 4682 genitivum
847 4602 969 4679 clerice
991 4622 1035 4664 re·
1090 4623 1163 4665 nere
1178 4607 1261 4686 regio
1285 4601 1379 4684 (quod
1394 4603 1530 4665 nonnulli
1547 4602 1710 4686 putarunt),
1733 4624 1783 4667 vc·

357 4685 440 4750 hunt
461 4687 501 4750 ad
524 4687 630 4766 tidem,
657 4690 762 4769 sicque
782 4690 875 4750 verba
897 4690 1036 4770 Apostoli
1090 4711 1153 4751 rum
1170 4694 1259 4753 etiam
1276 4693 1381 4772 quiex
1397 4692 1505 4773 opibus
1526 4694 1689 4773 potentiam
1703 4694 1786 4754 nacti

357 4783 515 4838 mhuunt
529 4783 561 4837 et
574 4783 744 4857 exponunt:
766 4775 866 4837 Nolite
889 4796 953 4837 cum
971 4796 1035 4857 per·
1090 4787 1185 4852 erant,
1212 4787 1246 4839 ut
1268 4780 1299 4840 in
1320 4779 1374 4839 tali
1395 4785 1482 4840 ueste
1505 4778 1627 4860 prodire
1652 4790 1784 4862 possent

357 4881 479 4925 auarum
494 4865 670 4944 acceptioue
693 4863 803 4925 hahere
817 4861 906 4924 fidem
921 4863 1036 4944 gloriae
1090 4864 1168 4926 Nam
1193 4864 1231 4927 dc
1254 4866 1350 4927 divite
1373 4864 1506 4949 loquitur
1520 4867 1699 4948 Apostolum
1725 4888 1785 4929 non

357 4947 460 5014 hmini
474 4951 574 5012 nostri
588 4948 667 5012 Jesu
684 4950 806 5025 Christi,
830 4949 859 5010 id
877 4957 931 5026 est,
946 4950 1036 5012 fidem
1090 4953 1246 5033 speciatim
1262 4953 1300 5015 da
1315 4972 1361 5028 eo,
1383 4955 1435 5034 qui
1451 4953 1489 5014 sit
1504 4953 1584 5016 claro
1607 4974 1719 5035 genere
1733 4974 1784 5017 na·

357 5035 450 5101 lhristi
482 5035 667 5119 glcrlom3
696 5037 761 5111 vel,
790 5045 825 5099 nt
849 5036 918 5114 alii,
947 5036 1037 5100 lidum
1092 5045 1152 5102 tus.
1178 5039 1268 5121 Quas
1282 5049 1381 5104 auteur
1396 5040 1512 5104 Herodi
1527 5060 1622 5105 musa
1635 5040 1727 5106 fucrit
1741 5044 1785 5104 in-
