4442 5825
392 613 466 685 354
520 627 524 635 ·
1010 586 1245 661 commitis

390 788 434 848 Et
445 802 526 859 com,
541 787 594 861 qai
607 785 680 843 emit
692 803 752 859 sos,
767 786 943 845 Dominam
954 790 1083 861 aequat.
1140 786 1246 844 sensus
1261 783 1333 843 erit:
1360 782 1490 858 Omnia,
1514 775 1554 841 de
1573 774 1681 863 quibus
1694 779 1754 840 vob
1765 796 1805 841 res

391 874 476 942 Sunt,
493 874 546 951 qui
563 879 722 950 utrumque
737 871 902 932 membrum
914 870 1086 950 intelligunt
1140 890 1333 932 commouere.

391 961 428 1019 de
445 957 573 1031 Christo,
589 965 749 1037 propterea
761 956 842 1038 quod
854 958 964 1019 Petrus
976 960 1007 1018 in
1019 958 1085 1018 loco
1183 960 1342 1037 Quoniam
1373 960 1469 1020 Jssas
1494 954 1660 1033 populum
1688 954 1724 1016 dr
1744 961 1809 1015 terre

386 1046 547 1125 jamdicto
571 1045 608 1104 dc
632 1044 696 1104 solo
713 1044 832 1105 Christo
854 1046 1003 1125 loquatur.
1027 1046 1084 1106 Ve·
1139 1048 1276 1123 Aeqypti
1290 1045 1432 1119 salvares,
1455 1043 1595 1104 sectando
1616 1059 1677 1117 sos,
1700 1045 1810 1120 wast

389 1151 454 1192 rum
469 1132 544 1192 nibil
559 1141 651 1203 vetat,
675 1131 788 1193 ,ludam
812 1133 881 1212 plus
903 1132 1020 1213 aliquid
1037 1132 1086 1191 hic
1140 1134 1353 1207 crediderant,
1368 1131 1519 1208 perdidit.
1537 1131 1617 1191 Tria
1628 1137 1811 1191 comnenus

390 1220 513 1292 dixisse,
531 1238 620 1298 quum
637 1218 776 1296 Petrum3
797 1229 832 1279 ut
848 1228 878 1279 et
893 1221 924 1279 iu
939 1220 1006 1280 aliis
1022 1220 1083 1298 qui·
1140 1239 1178 1280 ex
1193 1221 1376 1300 antiquitate
1390 1219 1531 1299 exempla
1546 1216 1699 1278 vindictae
1712 1210 1810 1277 divinas

389 1306 516 1367 busdam
532 1307 695 1366 sententiis.
1141 1309 1171 1367 in
1187 1307 1322 1368 homiues
1337 1305 1516 1380 incredulos,
1541 1303 1690 1385 superbos
1704 1313 1733 1364 et
1745 1302 1811 1362 laed

434 1393 596 1472 Quaeritur
621 1402 728 1468 autem,
752 1391 901 1473 quomodo
925 1392 1012 1467 dicat,
1036 1411 1086 1452 eos
1139 1395 1190 1454 via
1206 1404 1368 1475 corruptos,
1391 1402 1425 1452 ut
1440 1390 1591 1465 ostendat,
1614 1411 1676 1452 non
1697 1408 1811 1452 erasmus

391 1483 494 1540 Deum
518 1487 547 1540 et
567 1481 725 1541 Christum
749 1485 815 1554 sy‘us
836 1498 971 1556 esposse.
997 1479 1085 1539 Multi
1139 1500 1277 1541 severum
1294 1482 1353 1541 Dei
1365 1478 1514 1559 judicium
1530 1477 1681 1557 ejusmodi
1694 1477 1811 1557 exempli

391 1569 631 1647 interpretantur,
647 1587 780 1647 negasse,
801 1570 826 1627 si
842 1587 901 1627 non
917 1566 1019 1640 serbo,
1043 1566 1084 1625 fa·
1140 1563 1462 1648 praefiguratumiuam
1472 1569 1584 1628 omnia
1595 1569 1633 1627 irs
1645 1565 1815 1644 daemoes*

391 1657 447 1714 ctis
469 1664 587 1729 tamen3
611 1654 863 1734 quemadmodum
885 1653 939 1728 illi,
963 1652 1000 1713 de
1020 1655 1084 1733 qui·
1140 1657 1305 1730 tinpcbarst
1320 1656 1383 1715 illis
1406 1655 1547 1735 antiquis,
1573 1656 1589 1712 1
1609 1652 1678 1715 (lor.
1697 1646 1753 1726 10.)
1770 1668 1811 1723 est,

390 1742 447 1801 bus
459 1741 574 1801 Paulos
587 1742 651 1800 Tit.
666 1747 709 1802 1.:
726 1742 937 1819 Confitentur,
954 1760 985 1802 ss
997 1759 1087 1802 nosse
1141 1745 1193 1821 qui
1209 1742 1294 1816 falsa,
1317 1743 1420 1821 impia,
1444 1748 1475 1801 et
1489 1743 1609 1821 impura
1632 1759 1689 1801 sua
1704 1738 1810 1800 docui!

392 1831 513 1902 Deum,
539 1830 635 1905 foetis
660 1836 766 1889 autem
792 1837 920 1904 arpent.
954 1827 1012 1889 Sed
1039 1828 1087 1888 bic
1140 1828 1272 1889 fidelium
1303 1831 1416 1888 animos
1442 1834 1630 1907 pervertunt
1664 1829 1704 1888 st
1727 1825 1810 1886 inber

392 1916 621 1977 commentarius
648 1915 794 1977 Sasboldo
820 1918 909 1977 nimis
937 1915 1085 1996 generalis
1141 1916 1265 1976 Petrum
1277 1915 1375 1976 Judas
1388 1917 1531 1988 imitetur,
1548 1912 1633 1996 apud
1644 1933 1729 1994 quem
1743 1913 1808 1973 etin

391 2011 448 2075 est,
461 2011 565 2083 utpote
577 2004 739 2062 communis
752 2004 889 2065 omnibus
900 2002 987 2063 malis
1000 2001 1084 2063 Obri-
1140 2006 1197 2063 tria
1223 2012 1291 2064 sunt
1317 2002 1475 2081 exempla3
1498 2000 1558 2060 duo
1585 2001 1707 2082 quidem
1728 1997 1806 2060 esde

391 2092 504 2150 stianis.
528 2090 613 2149 Haec
636 2098 736 2150 autem
759 2093 880 2170 proprie
902 2091 1040 2150 dicuntur
1055 2092 1086 2150 in
1142 2110 1207 2150 cum
1224 2093 1297 2165 istis,
1321 2092 1437 2150 tertium
1453 2097 1555 2150 sutem
1571 2086 1729 2160 diversum,
1750 2084 1806 2166 quui

391 2177 525 2237 sobolum
542 2176 681 2252 Simonis,
698 2176 1085 2257 aliosqueejusdemgene·
1141 2188 1188 2238 est
1211 2180 1248 2238 de
1272 2177 1395 2249 diluvio,
1419 2177 1505 2253 eujus
1530 2174 1598 2235 loco
1622 2175 1720 2237 Judss
1737 2173 1807 2234 situ
1852 2252 1856 2261 .

391 2267 430 2325 ris
445 2264 629 2338 haereticos,
653 2269 709 2341 qai
734 2267 795 2325 Dei
816 2268 954 2342 qratiam
979 2272 1087 2325 trans·
1141 2265 1309 2345 exemplum
1325 2265 1381 2324 hoe
1397 2266 1525 2342 primum
1542 2260 1580 2323 de
1596 2262 1723 2342 perditis
1736 2261 1805 2321 ob’n
1851 2272 1856 2307 ὲ

389 2352 539 2429 ferebant
567 2354 604 2412 ia
630 2353 803 2413 luxuriam.
841 2355 881 2414 Et
908 2361 1023 2412 constat
1048 2370 1088 2410 ex
1141 2353 1345 2414 credulitatem
1376 2350 1527 2410 Israelitis.
1564 2350 1603 2410 In
1634 2349 1743 2411 Graeco
1767 2362 1805 2408 ru

390 2439 526 2512 Irenaeo,
550 2439 721 2520 Epiphanio
737 2450 767 2499 et
783 2440 858 2514 aliis,
882 2441 935 2518 qui
959 2437 996 2498 de
1015 2438 1086 2497 hee·
1140 2444 1252 2514 desso,
1280 2439 1333 2502 sed
1356 2441 1516 2498 Dominus
1539 2437 1660 2517 legitur.
1692 2433 1746 2498 set
1765 2450 1804 2494 ua

390 2525 507 2586 reeibus
530 2527 723 2606 scripserunt,
750 2526 937 2587 Simonianos
961 2546 997 2585 ac
1019 2544 1086 2585 ese·
1141 2537 1255 2588 temere
1280 2536 1339 2599 est,
1368 2525 1448 2604 quod
1471 2525 1571 2584 Latini
1595 2522 1712 2584 codices
1732 2534 1803 2582 euro

392 2622 472 2673 teres
489 2613 571 2673 illius
587 2615 672 2692 primi
687 2617 830 2694 temporis
842 2611 1087 2674 multsiabulose
1142 2614 1268 2675 hebent:
1294 2619 1411 2688 Jesus;
1435 2610 1689 2691 quemadmodum
1709 2620 1736 2672 et
1754 2606 1804 2687 leti

392 2701 430 2760 de
447 2701 513 2762 Deo
530 2701 717 2774 confinxisse,
741 2701 844 2780 plures
860 2720 913 2782 pro
928 2719 988 2759 uuo
1003 2700 1088 2759 Deos
1140 2701 1342 2780 Hieronymus
1359 2706 1461 2759 contra
1476 2697 1579 2758 Jorin.
1598 2698 1650 2758 lib.
1664 2702 1690 2756 1.
1702 2716 1759 2777 csp.
1771 2693 1802 2754 ll

391 2787 496 2848 mundi
511 2786 728 2866 gubernatores
745 2789 982 2862 introducentes,
1006 2784 1087 2866 quod
1141 2788 1331 2868 Quamquam
1347 2796 1376 2847 et
1391 2788 1550 2846 Dominus
1565 2795 1613 2845 est
1627 2788 1728 2861 Jorrss,
1746 2795 1801 2842 nott

393 2884 458 2935 erat
471 2891 574 2936 auum
591 2875 824 2936 dominatorem
839 2878 944 2937 Deam
960 2890 1086 2950 uapore.
1140 2876 1314 2957 scripturae
1351 2876 1423 2935 novi
1460 2874 1645 2933 testamenti.
1687 2872 1801 2940 &leont

394 2962 500 3023 Jesum
517 2980 640 3041 quoqne
657 2962 805 3036 dicebant,
829 2981 970 3023 necuere
986 2970 1087 3021 natum
1142 2962 1258 3025 Graece
1274 2952 1392 3036 σώσας,
1412 2978 1483 3021 essm
1499 2961 1661 3021 salvasset.

392 3068 471 3121 esse,
493 3068 549 3109 nec
564 3068 694 3128 passum,
718 3070 774 3110 nec
797 3051 1009 3125 resurrexise03
1037 3047 1085 3106 de·
1183 3050 1256 3126 Vos,
1269 3047 1629 3129 inquit,eommoueiaeiu,
1642 3045 1801 3127 quodlss

391 3137 481 3217 nique
495 3156 552 3197 nec
568 3136 664 3216 ipsum
689 3155 755 3198 esse
771 3136 933 3207 Christum,
957 3136 1016 3195 uisi
1031 3154 1085 3213 pa·
1141 3149 1337 3216 posteaquam
1354 3134 1497 3217 populum
1512 3134 1709 3195 Israelitieum
1722 3129 1800 3193 exte

393 3224 570 3303 trouymice,
586 3222 829 3284 denominatione
845 3224 935 3283 ducta
951 3243 969 3282 a
983 3241 1086 3300 supre·
1141 3233 1235 3305 gypto
1265 3223 1445 3284 liberaverat
1474 3230 1504 3281 et
1535 3222 1652 3283 salvum
1682 3218 1800 3284 mmet

393 3331 441 3370 mo
458 3309 587 3381 Christo,
602 3309 746 3371 invisibili
762 3313 989 3389 etincorporec;
1006 3306 1087 3387 quod
1141 3311 1249 3371 deinde
1271 3330 1337 3382 eos,
1365 3311 1415 3390 qui
1438 3308 1505 3368 Deo
1532 3307 1656 3369 luerunt
1676 3300 1799 3370 madri

392 3405 456 3458 erut
483 3399 661 3458 Dominam
687 3406 832 3458 nostmm
854 3402 967 3460 Jssum
995 3396 1087 3457 otri-
1141 3397 1281 3479 perdidit.
1304 3397 1438 3456 Historia
1452 3396 1560 3476 prioris
1574 3397 1670 3476 partis
1683 3383 1813 3480 eetssrtlu·

391 3492 492 3545 etrum
514 3502 641 3559 ruspare.
665 3484 726 3564 Qui
748 3485 976 3546 commentarius
998 3480 1087 3542 valde
1143 3489 1191 3547 12.
1218 3486 1266 3544 13.
1290 3495 1320 3544 et
1337 3486 1395 3555 14.,
1417 3483 1598 3562 posterioris
1621 3482 1708 3542 Num.
1729 3482 1767 3539 tt
1781 3477 1808 3560 ΙΙ

391 3570 556 3652 probabilis
573 3580 627 3631 est.
1143 3576 1201 3646 26,
1225 3572 1278 3633 ubi
1299 3572 1400 3631 Moses
1423 3568 1532 3640 refert,
1553 3589 1666 3642 omues,
1689 3565 1801 3649 quotqd

436 3658 464 3717 5.
482 3659 688 3719 commonere
699 3664 805 3718 autem
819 3675 874 3718 vos
885 3657 969 3731 volo,
985 3657 1087 3716 seien-
1141 3659 1287 3721 numerati
1302 3658 1422 3719 inerant
1437 3657 1576 3736 aviginti
1592 3656 1678 3716 aunis
1692 3663 1720 3716 et
1731 3666 1799 3732 supa

393 3753 436 3805 tes
457 3747 551 3805 semel
573 3749 691 3805 omnio.
723 3744 856 3805 Graece:
880 3747 1010 3805 scientes
1032 3759 1088 3805 vos
1143 3747 1280 3826 exeeptis
1300 3743 1394 3806 Caleb
1416 3751 1447 3803 et
1462 3744 1566 3816 Josue,
1590 3750 1711 3823 propter
1729 3735 1813 3802 bote.

392 3834 485 3893 semel
510 3834 576 3893 lece.
609 3834 647 3893 Et
669 3850 776 3893 sensus
799 3839 859 3894 est:
887 3831 966 3892 Volo
987 3836 1087 3891 autem
1142 3832 1286 3894 dientium
1306 3842 1336 3892 et
1349 3831 1598 3891 murmurationes
1613 3831 1748 3891 adversus
1761 3823 1799 3885 br

392 3939 448 3979 vos
464 3918 720 3980 commonefacere
731 3928 763 3980 et
773 3921 805 3981 in
816 3919 989 3980 memorium
1000 3917 1088 3978 vobis
1142 3922 1269 3995 minum,
1301 3926 1495 3998 consumptos
1523 3916 1622 3978 tuisse
1650 3917 1681 3977 iu
1707 3909 1800 3975 (1ωεὶ

392 4024 535 4066 revocare
557 4006 641 4079 illud,
665 4005 745 4088 quud
769 4008 922 4087 sequitur3
949 4007 1088 4086 quamvis
1143 4006 1234 4087 Quod
1256 4008 1378 4086 respicit
1398 4013 1429 4065 et
1449 4003 1565 4064 Paulus
1593 4009 1609 4063 1
1632 4003 1699 4066 Gor.
1719 4002 1759 4062 10.
1773 3991 1809 4055 fi:

392 4092 450 4152 hoc
470 4094 569 4170 ipsum
592 4114 652 4154 non
673 4096 827 4172 ignoretis,
851 4092 903 4153 sed
926 4092 1029 4167 semel,
1057 4090 1088 4151 id
1143 4113 1225 4154 ecus:
1241 4094 1302 4155 Sed
1317 4110 1385 4155 nors
1400 4094 1436 4152 irs
1454 4090 1606 4167 pluribus
1621 4085 1811 4152 corumw

393 4188 446 4250 est,
466 4178 644 4258 jamdudum
667 4180 797 4259 legendo
813 4180 991 4259 Scripturas,
1014 4180 1088 4239 satis
1139 4182 1297 4257 placitum
1321 4187 1365 4240 est
1389 4180 1466 4239 Deo.
1490 4179 1574 4238 Nom
1595 4167 1803 4255 promotu

393 4273 503 4326 exacte
528 4264 695 4327 didiceritis
718 4277 811 4348 atque
837 4268 991 4329 noveritis.
1018 4265 1088 4326 Nou
1142 4271 1178 4329 irs
1194 4269 1323 4327 deserto.
1347 4265 1477 4327 Causam
1493 4284 1567 4325 vero
1582 4264 1738 4345 punitionis
1757 4271 1801 4320 s*

392 4352 580 4413 dissimiliter
600 4353 709 4414 Petrus
731 4354 865 4436 loquitur
888 4356 906 4413 2
927 4354 1024 4433 Epist.
1042 4357 1087 4413 1.:
1144 4356 1222 4426 dem,
1237 4374 1330 4435 quam
1345 4351 1452 4425 Judas,
1469 4353 1618 4432 expressit
1631 4351 1738 4414 Paulus
1775 4421 1792 4428 Ι,

393 4441 532 4516 Propter
542 4442 628 4517 quod
639 4444 857 4517 incipiumvos
868 4459 992 4517 semper
1002 4458 1088 4501 eom·
1143 4443 1171 4501 3.
1187 4441 1248 4502 Ubi
1260 4440 1299 4501 de
1311 4440 1426 4513 iisdem,
1443 4456 1581 4515 qaorum
1591 4439 1744 4499 cadauera
1774 4511 1776 4516 Ι
1793 4511 1795 4518 Ι

392 4545 520 4588 monere
543 4528 670 4604 ἀθλίας
694 4529 870 4606 etquidem
893 4530 1031 4603 scientes,
1060 4534 1090 4587 st
1142 4530 1377 4589 stratusantirt
1393 4527 1524 4601 deserto,
1542 4525 1700 4600 disseieus,
1713 4525 1749 4584 its
1794 4525 1796 4530 '

393 4614 598 4689 confirmatos
624 4632 680 4675 vos
700 4618 736 4676 itt
762 4617 923 4692 praesenti
945 4617 1088 4676 veritate.
1143 4615 1252 4677 cludit:
1268 4614 1476 4690 Etvidcmus,
1492 4615 1571 4689 quio
1583 4631 1652 4675 rsort
1664 4609 1707 4690 po

392 4698 483 4761 Unde
499 4703 599 4761 nostri
613 4702 712 4763 versio
732 4702 857 4761 habeat:
883 4704 1003 4776 omnio,
1028 4722 1089 4763 non
1141 4705 1277 4765 introire
1302 4704 1339 4762 irs
1362 4703 1501 4779 requiem
1525 4702 1627 4777 ipsias
1639 4704 1763 4778 propter

393 4784 507 4865 liquet3
529 4790 586 4847 uisi
601 4788 677 4848 forte
691 4809 747 4869 pre
767 4783 851 4852 ἅπαξ
867 4787 991 4868 quidam
1008 4788 1087 4849 cudi·
1143 4790 1373 4852 credulitatem.

394 4890 445 4932 ces
461 4873 620 4934 habuerint
636 4867 767 4952 ἅπαντα,
792 4895 829 4935 ac
851 4875 960 4936 deiude
982 4877 1014 4936 in
1028 4876 1087 4936 La·
1184 4876 1256 4939 Jam
1279 4876 1442 4957 quaeritur,
1469 4872 1628 4955 quomodo
1651 4872 1739 4937 Jssus
1784 4869 1786 4874 ’

394 4958 472 5017 tinos
495 4959 613 5020 codices
636 4969 797 5043 utrumque
816 4962 996 5024 vocabulum
1016 4966 1087 5023 irre
1142 4962 1251 5025 iecisse
1274 4962 1401 5037 dicatur,
1424 4961 1477 5042 qui
1498 4959 1635 5022 nondum
1657 4970 1740 5022 ustus

393 5045 505 5123 pserit:
521 5047 615 5108 semel
630 5052 749 5111 omnia.
772 5049 940 5131 Quomodo
956 5050 982 5111 si
998 5048 1088 5132 leges,
1142 5051 1345 5132 Hieronymus
1370 5050 1436 5111 loco
1458 5056 1627 5111 memorato
1649 5048 1753 5111 ἀίω
1852 5053 1856 5092 ¹
