4442 5825
850 594 1013 651 ansroms
1032 594 1071 649 sn
1089 591 1254 649 mensos
1291 593 1375 646 snas.
1394 594 1435 647 es.
1730 599 1802 667 355

379 777 622 841 ⁸nresnrreetione
641 774 765 837 Domini
788 775 993 853 contigerunt,
1020 779 1054 832 ut
1106 771 1177 842 lam,
1194 778 1283 845 terra,
1307 789 1395 831 mare.
1419 770 1507 831 Haec
1523 778 1570 830 cst
1586 792 1622 833 ea
1637 772 1804 845 commotio,

378 864 430 929 st·
442 863 734 936 obtenebrationem,
750 869 850 923 tarrae
865 869 986 933 motum,
1003 879 1052 941 pe·
1107 878 1197 939 quarn
1214 860 1346 937 apertius
1363 858 1494 938 explicat
1507 859 1669 937 Apostolus
1686 858 1805 930 Patras,

378 961 466 1015 harum
481 952 674 1026 scissionem,
690 956 947 1009 monumentorum
967 967 1050 1026 aper·
1108 949 1136 1005 2.
1153 947 1207 1025 Ep.
1225 948 1252 1004 3.
1279 946 1320 1004 ita
1343 946 1491 1005 scribens:
1520 947 1676 1006 Adveniet
1699 954 1804 1006 autem

376 1038 474 1101 bearn.
497 1038 628 1098 hirenus
643 1036 720 1098 coeli
741 1037 968 1096 commotionem
984 1055 1050 1094 con·
1108 1034 1173 1092 dies
1203 1034 1354 1107 Domini,
1388 1040 1424 1091 ut
1453 1034 1531 1110 fur;
1569 1037 1603 1092 in
1635 1052 1697 1110 quo
1727 1034 1806 1094 coeli

375 1126 453 1189 matt
467 1127 496 1185 in
513 1123 627 1186 Christi
645 1125 838 1196 ascensiano,
854 1121 991 1204 quando,
1009 1123 1049 1180 in·
1107 1137 1225 1194 moeno
1240 1123 1359 1194 impetu
1372 1125 1546 1193 transient,
1564 1122 1717 1180 elementa
1730 1137 1806 1179 vero

374 1214 436 1299 pn,
457 1211 635 1272 humanitati
656 1210 724 1291 ejas
746 1209 920 1271 ascendenti
937 1208 1052 1268 coelum
1107 1209 1212 1267 calare
1228 1207 1410 1279 sol-ventur,
1432 1214 1519 1266 terra
1536 1216 1661 1279 eutem,
1679 1216 1708 1266 et
1724 1224 1806 1284 quoae

372 1300 460 1383 patuit
912 1316 915 1319 ’
1107 1296 1229 1370 inipso
1245 1301 1319 1352 sunt
1331 1312 1448 1369 opera,
1466 1303 1649 1367 exurentur,
1667 1304 1696 1354 et
1712 1291 1806 1353 inira:

403 1384 540 1447 llennnlli
555 1383 867 1445 serocomnrotionem
881 1380 1057 1461 intelligunt
1108 1382 1322 1456 Properantes
1338 1383 1373 1439 in
1389 1381 1564 1440 aduentum
1581 1382 1645 1441 dici
1661 1381 1805 1453 Domini,

373 1470 476 1541 unfra
490 1482 603 1545 tarrac,
627 1470 658 1531 id
673 1469 852 1543 entmundi,
880 1466 1054 1550 quaefacta
1104 1484 1166 1542 per·
1187 1486 1278 1543 quem
1301 1468 1380 1526 coeti
1403 1469 1550 1527 ardentes
1573 1470 1753 1541 solventur,
1778 1474 1808 1526 ct

373 1568 411 1637 ᾳ
421 1579 472 1641 per
485 1558 648 1638 Evangelii
664 1556 930 1639 praedicationem.
954 1554 1052 1614 Vehe-
1109 1555 1262 1614 elernenta
1278 1557 1360 1628 ipnis
1375 1555 1492 1614 ardore
1508 1557 1672 1616 tabescent.
1703 1556 1807 1614 Novos

371 1656 470 1719 mter
484 1649 563 1706 enim
575 1643 706 1705 mundus
723 1652 887 1705 commotus
902 1642 961 1701 fuit
975 1660 1055 1699 nova
1109 1657 1184 1700 aero
1200 1642 1317 1715 coelos,
1343 1649 1371 1700 et
1391 1660 1509 1702 nouom
1533 1651 1670 1716 terram,
1694 1659 1807 1701 secun·

371 1728 433 1805 Jn
446 1730 558 1794 Christi
574 1731 737 1812 religione,
764 1750 819 1809 per
842 1732 937 1809 ipsam
954 1727 1053 1797 allata,
1109 1727 1184 1786 dum
1199 1731 1357 1803 promissa
1381 1731 1497 1805 ipsius,
1522 1737 1736 1806 exspectamus
1752 1736 1806 1788 etc.

371 1826 402 1881 ἡ
413 1816 517 1881 deinde
532 1839 588 1899 per
600 1819 665 1898 ejus
678 1816 842 1899 Apostolos
856 1816 1055 1876 disseminata
1109 1816 1154 1873 Ex
1172 1814 1280 1894 quihus
1296 1815 1329 1873 B.
1347 1815 1431 1874 Petri
1449 1817 1548 1875 verbis
1564 1819 1652 1875 ctiam
1667 1815 1805 1893 iutelligi-

371 1902 503 1971 hanna
526 1914 641 1986 gentes.
677 1904 755 1965 Sunt
778 1906 881 1976 etiam,
908 1902 960 1983 qui
977 1920 1053 1960 com·
1108 1910 1171 1973 tur,
1199 1901 1275 1960 hanc
1299 1904 1523 1962 commotionem
1548 1903 1752 1982 accipiendam
1769 1899 1807 1961 de

371 1994 516 2055 §tionem
539 1992 619 2053 banc
641 1992 875 2071 interpretentur
897 1989 1007 2049 iactam
1025 1990 1055 2046 in
1108 1987 1192 2047 coelo
1208 1994 1305 2048 uitreo.
1337 1988 1529 2070 Quamquam
1553 2001 1581 2049 et
1597 1990 1712 2050 coelum
1728 1987 1805 2050 side·

371 2096 415 2154 υ,
434 2078 514 2161 quod
541 2098 597 2158 per
618 2077 728 2139 Christi
752 2087 877 2138 mortem
902 2076 1055 2136 terrestria
1109 2094 1192 2134 reum
1224 2095 1278 2134 suo
1316 2075 1404 2134 modo
1442 2079 1651 2145 transiturum,
1689 2076 1808 2137 aliunde

371 2165 554 2239 uatium,
578 2164 610 2225 id
633 2166 827 2246 esthomines
849 2183 916 2223 cum
940 2161 1056 2241 angelis
1109 2160 1267 2235 discimus,
1299 2162 1418 2222 dicente
1445 2164 1590 2222 Domino:
1622 2165 1749 2226 Caelum
1778 2171 1808 2223 et

371 2254 541 2321 mattiaci
558 2261 637 2327 suunt,
653 2252 740 2327 iuxta
757 2252 935 2331 Apostolum
951 2248 1013 2310 Col.
1028 2251 1055 2307 1.
1109 2257 1196 2308 terra
1211 2250 1412 2324 transibunt,
1441 2250 1649 2311 etPsalmista
1665 2260 1806 2311 canente:

405 2338 509 2403 Verum
535 2340 588 2421 qui
614 2339 660 2398 his
686 2339 786 2400 modis
813 2342 1055 2418 interpretantur,
1110 2337 1216 2411 Opera
1233 2355 1387 2397 manuum
1401 2346 1529 2396 tuarum
1544 2346 1619 2398 sunt
1632 2339 1730 2415 coeli,·
1746 2339 1808 2413 ipsi

371 2418 479 2489 'flium
500 2426 635 2507 proiecto
657 2426 834 2507 Apostolum
858 2445 876 2484 a
898 2445 952 2484 sua
975 2426 1055 2483 iusti·
1107 2424 1267 2498 peribunt.
1292 2424 1340 2482 Dc
1357 2446 1418 2503 qaia
1435 2444 1466 2483 rc
1482 2424 1614 2485 diximus
1626 2426 1663 2486 ad
1681 2432 1706 2485 1.
1720 2430 1809 2505 eaput

371 2512 599 2577 flnabdncunt
634 2510 780 2574 Versatur
795 2516 874 2574 enirn
892 2511 1057 2592 Apostolus
1110 2509 1385 2589 hujusEpistolae.

371 2596 615 2673 haxbortandis
647 2598 814 2671 Hebraeis,
849 2619 888 2660 ne
920 2607 1057 2658 recusent
1154 2596 1214 2657 Hic
1229 2599 1346 2657 interim
1364 2599 1507 2670 observa,
1523 2598 1701 2678 Apostolum
1714 2598 1806 2659 liben-

371 2676 511 2771 ¹¹striatam
528 2688 718 2767 loquentem,
742 2686 858 2766 alioqui
874 2706 933 2745 non
951 2704 1055 2744 evasu-
1110 2694 1156 2744 ter
1172 2690 1309 2763 ingerere
1320 2687 1380 2743 sois
1396 2685 1545 2745 Hebraeis
1561 2689 1743 2749 mentionem
1756 2686 1805 2745 ad·

371 2776 538 2859 ¹bpoenas
553 2772 591 2834 ab
608 2794 660 2845 eo,
684 2781 719 2833 ut
735 2774 820 2851 justo
839 2771 958 2852 judico,
982 2771 1055 2831 infli-
1111 2783 1220 2831 vontus
1237 2769 1347 2831 Christi
1372 2771 1409 2831 ad
1429 2772 1589 2850 judicium3
1618 2783 1678 2834 tum
1702 2784 1734 2832 ut
1756 2793 1809 2853 epe

441 3037 449 3051 “
508 3036 568 3110 ,in
592 3054 653 3115 qno
669 3035 885 3095 commovenda
904 3042 1055 3093 suntcee·
1111 3035 1194 3092 enim
1223 3034 1381 3093 modicum
1410 3036 1726 3112 aliquantulumque,
1755 3037 1809 3112 qui

471 2907 479 2922 .
502 2861 613 2942 Itaque
628 2859 703 2921 iacit
717 2858 868 2922 Christum
889 2859 1057 2939 Prophetae
1111 2857 1315 2919 retributionis
1330 2860 1449 2921 trituras
1460 2860 1634 2940 patientiam
1647 2868 1767 2921 servent
1778 2861 1808 2919 in

396 2947 401 3028 j
434 2949 442 2966 ¹
472 2947 511 3010 de
534 2947 620 3008 coelo
642 2948 868 3008 denuntiantem
892 2946 948 3006 hoc
971 2966 1056 3006 suum
1113 2944 1258 3019 advorsis,
1274 2949 1317 3005 nti
1333 2948 1406 3006 tecit
1417 2967 1481 3025 cap.
1497 2948 1546 3007 10.
1559 2950 1681 3009 dicens:
1699 2948 1810 3009 Adnue

371 2858 569 3280 ἔπη
609 3122 726 3181 Dicitur
741 3124 821 3182 enim
838 3121 895 3180 hoc
911 3120 951 3180 ad
966 3121 1055 3200 signi-
1111 3126 1265 3180 uenturus
1282 3127 1334 3194 est,
1353 3123 1473 3198 steniet5
1490 3131 1626 3183 inmuta
1643 3122 1810 3182 deiectione

456 3227 524 3278 nm,
551 3209 696 3289 quamsit
715 3206 865 3286 judicium
881 3205 957 3266 illud
973 3207 1055 3265 terri-
1111 3206 1300 3267 retrahantur
1322 3217 1402 3266 metu
1426 3206 1517 3269 futuri
1540 3210 1699 3290 supplicii,
1727 3205 1808 3289 quod

371 3277 430 3360 ι
449 3293 522 3356 Huc
536 3295 620 3368 iacit,
648 3293 729 3375 quod
745 3293 879 3374 loquitur
893 3292 1057 3373 Apostolus
1109 3293 1254 3354 fecithoc
1270 3293 1343 3352 loco.

371 3365 468 3462 jhc
481 3381 696 3453 commotione,
723 3389 876 3461 tamquam
901 3379 1055 3440 adhucfn-
1154 3380 1259 3439 Restat
1286 3379 1431 3441 diluenda
1454 3380 1601 3461 ebJectio,
1629 3402 1706 3462 qnae
1733 3381 1809 3442 alios

371 3461 442 3544 ἥς
469 3470 556 3550 qnasi
587 3466 677 3541 dicat,
714 3487 804 3528 unam
835 3466 907 3527 olim
936 3466 1056 3538 iactam,
1110 3471 1290 3546 interpretes
1304 3469 1416 3528 avertit
1431 3490 1450 3528 a
1475 3488 1564 3529 sensu
1586 3470 1648 3547 jam
1669 3470 1755 3539 dato,
1781 3479 1811 3530 et

371 3539 485 3640 *aar
501 3553 603 3616 adhuc
618 3573 656 3615 ex
667 3556 865 3638 promissione
882 3562 1056 3633 exspecten-
1111 3554 1233 3616 induxit
1249 3554 1278 3613 in
1294 3562 1355 3614 tam
1372 3554 1506 3616 diversas
1522 3559 1696 3618 sententias.
1730 3556 1808 3618 Nam

1111 3644 1136 3702 si
1152 3640 1304 3719 Propheta
1320 3641 1357 3699 de
1375 3644 1470 3721 primo
1488 3642 1599 3704 Christi
1619 3644 1751 3704 adventu
1765 3643 1807 3703 lo-

371 3795 387 3808 Ι,
406 3725 534 3792 Proinde
549 3725 800 3808 Chrysostomus,
816 3729 876 3788 imo
893 3726 1003 3788 Graeci
1019 3724 1058 3785 ad

371 3819 453 3898 μ
473 3833 592 3887 omnes,
619 3814 700 3875 hunc
722 3814 822 3874 lacum
845 3822 999 3893 exponunt
1022 3811 1058 3870 de

371 3900 488 3962 &nait
509 3910 540 3961 ot
562 3909 661 3962 terrae
684 3903 897 3974 commotione,
920 3920 1000 3981 quae
1015 3897 1058 3957 lu·

371 3981 428 4046 bn
439 3997 486 4050 eat
501 3989 532 4048 in
546 3987 607 4048 tine
623 3989 753 4061 osecnli,
770 3995 862 4067 atque
878 3990 908 4047 in
925 3984 1058 4045 secundo

371 4063 479 4138 hini
502 4073 653 4147 adventu,
681 4073 803 4154 quando
827 4074 955 4134 mundus
980 4081 1059 4131 totus

371 4145 557 4240 flebitur.
579 4159 659 4222 Nam
671 4169 703 4221 et
715 4160 850 4239 Cyrillus
867 4159 948 4240 apud
961 4158 1058 4220 Oeen·

513 4249 684 4329 perspicuis
710 4245 811 4309 serbis
840 4246 918 4307 hunc
943 4245 1059 4306 intelle·

463 4333 565 4396 tradit.
605 4333 762 4395 Accedant
787 4333 835 4393 his
856 4334 972 4404 Latini,
1000 4333 1059 4392 An·

371 4413 485 4500 finus,
499 4421 535 4482 B.
551 4421 702 4492 Thomas,
719 4419 886 4498 Cajetanus
902 4428 933 4480 et
948 4419 1009 4479 alii.

374 4587 379 4592 Ι
405 4503 499 4568 Vm
513 4508 605 4589 igitur
620 4508 759 4587 Apostoli
776 4524 886 4566 sensus
904 4513 959 4578 est,
975 4505 1059 4566 Chri-

371 4593 439 4674 Ι,ΙΙ
453 4593 569 4656 dicere:
593 4593 700 4654 Adhuc
715 4612 806 4654 unum
824 4593 880 4653 hoo
897 4600 1003 4664 restat,
1029 4600 1062 4651 ut

371 4685 560 4768 moram
585 4700 646 4744 non
669 4679 766 4740 solum
791 4688 922 4752 terram,
949 4678 1002 4737 sed
1030 4685 1061 4738 et

371 4763 484 4848 Uen,
499 4765 614 4830 seilicet
627 4766 761 4829 adventu
772 4785 841 4826 meo
856 4766 895 4825 ad
905 4764 1060 4843 judicium.

371 4837 448 4916 he
460 4854 555 4927 οιιίιιι,
574 4863 607 4915 nt
630 4855 722 4915 totins
736 4852 840 4913 mundi
867 4851 921 4912 fiat
936 4853 1060 4912 innesa-

371 4935 411 5016 ᾖ
420 4959 481 5003 nee
495 4961 556 5003 non
572 4939 609 5001 nd
622 4948 763 5001 terrerem
777 4941 929 5000 venientis
941 4937 1061 5017 jndicio,

371 5028 455 5092 hia
476 5026 629 5090 elementa
650 5024 870 5089 commovenda
884 5034 969 5101 sunt,
992 5044 1059 5085 coe-

1112 3730 1231 3811 quitur,
1257 3731 1301 3788 uti
1316 3730 1451 3807 superius
1468 3730 1625 3809 probatum
1642 3740 1703 3803 ost,
1733 3750 1806 3810 qua·

1112 3836 1197 3886 nam,
1213 3816 1360 3893 inquiunt,
1377 3818 1491 3876 ratione
1508 3817 1608 3877 licebit
1625 3819 1692 3896 ejus
1708 3819 1808 3893 verba,

1112 3902 1151 3961 ab
1167 3900 1312 3980 Apostolo
1329 3903 1437 3973 citata,
1461 3902 1499 3962 de
1523 3905 1655 3965 secundo
1672 3907 1808 3968 adventu

1113 3986 1328 4066 interpretari?
1344 3988 1386 4047 Ut
1401 3988 1449 4048 hic
1464 3994 1711 4069 praetermittam,
1728 3992 1810 4073 qnod

1113 4076 1148 4135 B.
1165 4076 1354 4153 Arrgustinus
1369 4084 1462 4134 tatum
1486 4075 1568 4137 illum
1585 4080 1753 4159 Prophetae
1768 4081 1810 4141 lo·

1114 4182 1180 4222 cum
1206 4160 1353 4220 intellexit
1377 4164 1415 4222 de
1436 4166 1596 4224 novissimo
1621 4163 1731 4227 Christi
1759 4167 1809 4228 ad·

1115 4256 1223 4319 ventu,
1248 4247 1297 4307 lib.
1317 4251 1365 4308 18.
1384 4248 1422 4308 de
1438 4250 1518 4312 civit.
1534 4251 1607 4324 Dei,
1631 4274 1696 4333 cap.
1713 4256 1763 4317 35.
1781 4263 1811 4314 et

1115 4336 1165 4394 48.
1182 4330 1275 4413 (quae
1297 4336 1363 4412 ejus
1387 4344 1431 4395 cst
1455 4338 1615 4414 singularis
1639 4338 1811 4416 sententia),

1116 4422 1250 4482 brevitet
1277 4422 1460 4501 respondeo,
1490 4425 1567 4485 nihil
1596 4437 1715 4500 vetare,
1751 4447 1811 4507 que

1115 4510 1214 4568 minus
1231 4510 1433 4569 testimonium
1458 4509 1577 4591 aliquod
1601 4512 1812 4592 Propheticnm

1116 4597 1181 4654 sive
1196 4614 1244 4674 per
1264 4598 1484 4669 extensionem,
1500 4600 1563 4658 sire
1579 4619 1633 4678 pcr
1647 4620 1811 4660 accommo-

1116 4680 1272 4753 dationem,
1289 4684 1356 4742 sive
1368 4683 1457 4742 ctiam
1474 4703 1527 4762 per
1539 4686 1759 4747 concessionem
1774 4683 1812 4745 ab

1115 4767 1261 4847 Apostolo
1278 4770 1424 4830 referatur
1440 4769 1540 4845 adid,
1564 4772 1601 4831 do
1616 4792 1676 4851 quo
1692 4774 1814 4853 proprie

1117 4853 1269 4933 Propheta
1285 4877 1345 4915 non
1362 4867 1407 4915 est
1422 4858 1556 4933 locutus3
1571 4862 1745 4938 pracsertim
1761 4858 1813 4918 ubi

1117 4960 1176 5001 nen
1200 4940 1396 5020 disputantis,
1423 4942 1476 5003 sed
1504 4944 1690 5006 exhortantis
1713 4954 1814 5026 partes

1117 5028 1195 5107 agit,
1229 5037 1263 5087 ut
1298 5030 1329 5089 in
1365 5031 1528 5110 praesenti.
1573 5031 1623 5091 Ita
1656 5033 1816 5114 respondet

1536 5132 1606 5200 23*
