4442 5825
769 604 932 661 muratas
948 606 967 661 h
984 604 1072 661 estut
1088 604 1185 663 rum
1202 607 1286 661 VERS-
1308 609 1330 662 1.
1676 610 1747 683 521

361 785 510 866 ¹retrahatis
524 804 544 845 a
558 783 680 847 christo
701 792 858 864 acceptae,
881 783 1001 864 quando
1050 785 1192 859 bytemsm
1214 784 1372 859 hocloco,
1398 782 1647 867 quemadmodum
1669 793 1702 846 et
1716 786 1747 846 in

361 881 418 933 turn
433 873 462 932 ei
475 872 546 933 fuit:
577 873 628 933 tu
650 890 680 932 es
698 873 828 957 Petnss,
857 878 887 932 et
908 890 1002 948 supet·
1050 872 1150 945 Actis,
1173 879 1204 932 et
1223 872 1254 935 iu
1269 871 1418 952 Epistolis
1433 871 1570 933 Paulinis
1592 892 1653 933 non
1669 880 1750 931 aeta·

361 958 881 1036 sopatromasda'flcuboEcclesiom
890 977 1001 1020 meam.
1051 961 1090 1019 tis
1105 978 1214 1019 noman
1229 978 1313 1031 esse,
1341 958 1396 1020 sed
1418 957 1505 1019 officii
1527 979 1563 1019 ac
1586 957 1749 1038 diguitatis.

361 1046 421 1107 tibi
434 1037 915 1123 daboialauesreyatcoclorum,
933 1054 999 1122 etc,
1051 1047 1130 1106 Nam
1158 1043 1267 1106 dicitur
1292 1046 1353 1107 eis:
1383 1048 1524 1122 Pascite,
1555 1053 1587 1107 et
1613 1053 1749 1124 pastores

361 1132 412 1195 utu
429 1135 480 1194 16.
511 1134 555 1194 Et
576 1140 612 1194 tu
632 1133 810 1210 aliquando
833 1151 1002 1197 conuersus
1051 1131 1252 1213 appellantur.

361 1220 464 1298 ‚prmo
490 1221 612 1299 fratres
637 1229 725 1295 tuos,
764 1221 836 1280 Luc.
867 1223 918 1281 22.
962 1222 1003 1280 Et
1337 1273 1344 1288 ‚

361 1304 429 1370 rudo
444 1308 535 1369 tertio
549 1306 679 1368 audivit:
704 1310 801 1370 Pasce
822 1326 894 1367 oues
908 1326 1002 1383 meos,
1231 1272 1465 1333 Add⁶t⁸¹⁴⁷²⁰¹⁴l⁰
1483 1273 1521 1333 B·
1537 1272 1573 1332 P·

361 1416 399 1455 ur.
416 1399 468 1456 21.
501 1395 579 1454 Nam
602 1394 707 1455 eadem
721 1395 915 1466 auctoritate,
943 1414 1004 1473 qua
1097 1390 1200 1470 Quare
1215 1395 1326 1453 rectius
1341 1393 1463 1454 fecisset
1482 1394 1625 1472 interpres
1640 1397 1749 1462 uostsr,

361 1489 447 1541 nouat
462 1482 629 1562 Episcopus
652 1481 751 1554 Ponti,
767 1480 912 1550 Galatiae,
929 1480 1004 1562 Cap·
1053 1483 1115 1537 tum
1131 1477 1285 1552 hocloco,
1308 1488 1371 1541 tum
1387 1480 1453 1540 Act.
1474 1480 1520 1539 lb.
1544 1488 1575 1540 st
1589 1479 1621 1538 in
1641 1477 1748 1556 princi·

361 1569 470 1640 locine,
492 1568 584 1629 Asiae
605 1576 634 1628 et
655 1568 835 1647 Bithyniae,
859 1588 936 1647 qaas
957 1587 1002 1628 re·
1054 1565 1111 1642 piis
1128 1566 1329 1644 Epistularum
1344 1569 1378 1628 B.
1394 1566 1524 1628 Joennis
1548 1563 1750 1626 secundusne

361 1674 411 1716 uss
428 1656 461 1715 in
475 1653 573 1715 fronte
587 1655 746 1736 Epistulae
763 1655 937 1728 nominavit,
953 1674 1003 1734 po·
1055 1652 1180 1724 tertiae,
1200 1655 1226 1714 si
1241 1653 1393 1715 Graecum
1409 1673 1518 1714 nomen
1532 1652 1705 1730 presbyteri
1720 1659 1752 1711 at

361 1750 411 1803 ‚et
426 1741 561 1822 reliquos
575 1742 745 1822 Episcopus
765 1761 879 1813 omnes,
905 1743 1005 1803 ubivis
1055 1741 1297 1816 compresbyteri
1323 1742 1509 1816 retinuisset3
1536 1740 1617 1819 qnod
1641 1738 1749 1800 iacian-

361 1829 506 1903 stitutos,
529 1827 700 1907 admonere.
735 1830 838 1910 Quare
853 1830 942 1889 etiam
959 1829 1007 1890 hic
1055 1824 1125 1885 dnm
1143 1848 1226 1900 esse,
1253 1827 1372 1907 quando
1388 1848 1422 1887 eo
1437 1830 1559 1889 nornine
1572 1848 1632 1888 non
1647 1823 1752 1887 senilis

361 1934 390 1978 rs
412 1915 453 1977 ad
476 1915 710 1977 confirmandum
724 1916 807 1977 Petri
830 1935 921 1997 super
942 1918 1005 1976 uui·
1055 1921 1154 1989 aetas,
1179 1916 1234 1976 ssd
1254 1915 1478 1975 ecclesiasticus
1499 1913 1624 1994 gradm,
1645 1921 1678 1975 nt
1693 1911 1750 1985 hic,

361 2022 429 2065 earn
454 2000 626 2064 Ecclesiam
652 2004 808 2082 primatum
835 2004 1007 2082 cumprimis
1056 1999 1249 2080 designatur,
1276 2002 1341 2082 ipse
1364 2004 1453 2063 etiam
1479 2001 1661 2062 Laurentius
1683 1998 1749 2058 dili·

361 2098 399 2153 κ.
429 2090 497 2151 Nec
512 2089 626 2162 obstat,
649 2088 730 2171 qnod
745 2109 777 2151 se
792 2094 1006 2152 concentorem
1056 2096 1163 2166 genter
1178 2091 1293 2149 monuit
1308 2091 1338 2149 in
1355 2090 1463 2149 Annot.
1483 2089 1523 2149 sd
1538 2109 1602 2170 cap.
1622 2089 1669 2148 15.
1686 2087 1751 2146 Act

361 2184 416 2253 nt,
432 2186 468 2237 ιιι
480 2177 586 2258 objicit
601 2176 761 2247 Calvinus,
778 2176 893 2238 dicens:
909 2179 943 2239 st
954 2182 1008 2253 jus
1058 2183 1086 2233 et
1102 2175 1142 2235 ad
1157 2177 1219 2236 init.
1236 2174 1386 2237 secundae
1400 2176 1434 2236 Β.
1451 2177 1589 2249 Joeunis,
1607 2177 1753 2254 probante

361 2272 471 2326 motus
496 2263 668 2339 habuisset,
690 2271 818 2341 poterat
842 2264 925 2325 illud
951 2265 1006 2325 ob·
1056 2262 1123 2341 ipso
1138 2282 1258 2343 quaque
1273 2262 1430 2323 Desiderio
1452 2270 1552 2323 annot.
1572 2265 1602 2321 iu
1618 2283 1684 2342 cap.
1701 2263 1751 2321 20.

361 2352 455 2425 dere,
482 2353 578 2430 idque
600 2352 644 2411 od
656 2359 854 2428 praesentem
876 2370 1004 2413 causam
1057 2347 1122 2408 Act.
1140 2357 1170 2409 et
1186 2352 1217 2410 in
1240 2350 1320 2410 hunc
1335 2350 1370 2410 B.
1386 2350 1469 2410 Petri
1492 2348 1600 2409 lacum.
1639 2349 1750 2429 erem·

361 2441 417 2501 irre
430 2439 554 2518 fuisset.
583 2437 663 2498 Nam
686 2441 754 2519 quis
776 2459 836 2498 nou
858 2439 1009 2517 intelligat
1056 2433 1217 2496 admodum
1243 2438 1382 2498 videmus
1408 2437 1514 2497 fecisse
1540 2435 1570 2497 S.
1598 2436 1751 2515 Hierony·

363 2524 405 2587 od
428 2543 459 2586 er
477 2524 678 2588 Oacumanius
700 2522 884 2600 admonuit),
908 2524 1007 2586 mode
1057 2543 1137 2583 mum
1153 2524 1294 2604 Epistola
1313 2523 1366 2584 illa
1382 2524 1450 2600 85.;
1473 2523 1651 2601 presbyteri
1672 2525 1752 2584 enim

361 2632 384 2675 a
407 2632 504 2674 cansa
518 2613 642 2674 Petram
665 2614 708 2674 sic
728 2612 885 2673 locutum?
906 2613 1009 2691 utqui
1059 2618 1090 2671 st
1104 2611 1347 2688 compresbyteri
1360 2631 1467 2671 nomen
1482 2618 1616 2690 usurpat

361 2710 418 2772 ret,
436 2699 631 2761 efficaciorem
647 2699 712 2761 fora
728 2719 810 2759 suam
826 2700 866 2760 ud
881 2700 1007 2779 Episco·
1101 2697 1163 2756 Ubi
1192 2706 1293 2759 tamen
1324 2699 1491 2776 quaeritur,
1532 2707 1631 2758 utrum
1662 2699 1752 2758 etiarn

361 2808 365 2846 ι
390 2786 652 2860 exhortationem,
678 2788 703 2849 si
729 2806 781 2847 eos
808 2785 1011 2866 alloqueretur
1059 2782 1213 2862 simplices
1229 2785 1417 2865 presbyteri,
1433 2805 1512 2865 ¹quos
1535 2805 1692 2859 vocamus,
1715 2804 1752 2845 eo

361 2873 472 2937 hatres
488 2882 517 2936 at
530 2876 646 2951 socios,
675 2894 765 2955 quam
787 2874 829 2946 si,
855 2882 888 2934 ut
908 2874 1008 2953 suhja-
1058 2871 1485 2951 nominecomprehendautur.
1509 2872 1598 2947 Sane,
1612 2872 1752 2951 quamvis

361 2981 385 3024 s.
407 2963 491 3024 Hinc
505 2971 535 3022 et
549 2962 705 3023 Romanus
721 2962 903 3040 Episcopus,
930 2960 1011 3021 Petri
1057 2979 1165 3020 nomen
1181 2963 1351 3042 presbyteri
1372 2959 1513 3040 generale
1535 2963 1575 3021 sit
1590 2962 1679 3021 etiam
1697 2980 1752 3021 usu

361 3068 470 3112 caesor
484 3057 516 3110 st
529 3051 678 3123 imitator,
695 3055 827 3109 caeteros
842 3049 1010 3128 Episcopos
1058 3048 1288 3125 Apostolorum,
1304 3058 1337 3108 ut
1353 3068 1472 3123 (truces,
1488 3049 1541 3128 qui
1557 3056 1625 3110 sunt
1640 3048 1753 3109 ordinis

361 3139 422 3198 ruis
437 3135 478 3197 ad
492 3155 545 3197 eos
561 3136 698 3215 epistolis
717 3156 752 3195 ac
767 3137 921 3215 rescriptis
936 3136 1009 3212 fra·
1060 3134 1270 3209 sacerdotalis,
1297 3136 1529 3215 complectatur,
1560 3135 1751 3214 quemadmo-

361 3223 526 3286 rsalutare
540 3224 716 3300 cousuevit3
736 3222 882 3284 interdum
898 3224 1011 3302 cotlpis·
1059 3221 1129 3281 dum
1147 3223 1219 3283 alihi
1234 3221 1405 3297 docuimus3
1425 3232 1459 3282 ut
1474 3221 1553 3282 Phil.
1573 3227 1615 3296 1.,
1641 3224 1752 3284 1Τίιιι.

361 3331 406 3373 ros
421 3319 455 3372 et
470 3309 715 3385 consacerdotem
730 3329 894 3388 numquam
911 3318 1009 3370 antem
1059 3310 1088 3368 3.
1112 3317 1143 3369 et
1165 3309 1193 3370 5.
1217 3319 1248 3370 et
1270 3311 1333 3371 'Pit
1360 3314 1404 3382 1.,
1427 3310 1632 3388 principaliter
1653 3318 1754 3372 tamen

361 3417 398 3461 os.
431 3395 525 3477 Quod
539 3398 564 3457 si
581 3397 745 3476 quidquam
762 3398 878 3458 valeret
894 3396 1012 3458 Caluini
1058 3396 1116 3457 hoc
1145 3417 1282 3458 sermone
1309 3397 1389 3458 solos
1418 3397 1584 3476 Episcopos
1614 3398 1754 3458 convenit

361 3485 462 3557 hctio,
488 3491 679 3562 sequeretur,
713 3504 770 3545 neo
793 3485 931 3558 Petrum,
955 3503 1011 3544 nec
1059 3484 1183 3555 Petrus,
1206 3493 1241 3544 ut
1263 3486 1314 3564 qni
1337 3485 1393 3545 soli
1417 3485 1535 3565 propris
1557 3493 1587 3545 ot
1601 3485 1692 3566 plana
1706 3504 1751 3544 ra·

361 3571 440 3634 ulum
451 3570 594 3631 habuisse
606 3571 1008 3652 potestatemullamregimi·
1059 3573 1141 3632 tione
1157 3572 1217 3632 sint
1238 3572 1378 3633 dominici
1396 3573 1498 3651 gregis
1520 3580 1672 3651 pastores3
1693 3593 1754 3632 non

381 3677 476 3738 supra
490 3657 601 3738 vulgus
623 3656 767 3719 fidelium.
800 3658 879 3718 Nam
899 3660 930 3718 iu
945 3659 1011 3717 auis
1060 3660 1090 3718 in
1114 3667 1228 3736 partam
1253 3661 1353 3737 operis
1376 3660 1493 3730 vocati,
1517 3659 1603 3720 velut
1623 3658 1754 3739 parochi,

361 3745 573 3807 iatolisomnas
580 3746 827 3823 fratresrocant.
838 3746 1011 3805 Meminisse
1059 3745 1114 3806 sad
1136 3746 1305 3808 ahsolutum
1331 3754 1362 3807 et
1386 3746 1565 3807 illimitatam
1592 3744 1687 3826 (quod
1714 3745 1753 3806 ad

361 3832 444 3895 >chat
456 3830 611 3905 Calvinus,
624 3834 722 3912 ipsum
736 3834 893 3893 Dominum
906 3832 1010 3893 Salva·
1060 3833 1193 3893 divinam
1219 3834 1267 3911 jus
1299 3830 1418 3910 attinet)
1445 3832 1604 3894 exercendi
1638 3835 1669 3894 iu
1698 3853 1753 3893 suo

361 3939 405 3981 sm
427 3919 466 3981 da
486 3920 552 3980 suis
567 3918 722 3999 Apostolis
743 3920 784 3978 ita
799 3938 864 3979 esse
879 3920 1009 3979 locutum
1059 3940 1151 4000 grege
1165 3922 1323 3999 pastoralia
1345 3921 1431 3981 officii
1451 3927 1627 3998 potestatem
1642 3920 1752 3981 haben·

361 4006 418 4068 tth.
433 4007 501 4068 28.:
517 4007 576 4079 Ite,
590 4010 738 4068 nuntiate
747 4005 905 4084 fratribus
916 4010 992 4067 meis
998 4029 1009 4082 ;
1058 4015 1110 4066 tas.
1149 4007 1198 4068 Ad
1215 4028 1292 4081 qaros
1315 4006 1441 4087 proinde
1455 4016 1589 4085 spectat,
1611 4029 1672 4069 nou
1688 4018 1752 4068 tan·

360 4116 379 4155 n
418 4093 605 4155 Salvatoram
641 4094 754 4155 dixisse
786 4094 878 4154 Petro
907 4094 1010 4154 Lucae
1059 4103 1121 4153 turn
1148 4093 1325 4174 praedicare
1347 4095 1408 4156 Dei
1433 4096 1575 4167 verbum,
1601 4102 1631 4154 et
1656 4114 1752 4156 sacra·

361 4206 378 4241 ¹z
403 4181 569 4258 Goadrma
581 4182 702 4259 fratres
716 4188 793 4241 tuos.
1057 4188 1158 4241 menta
1172 4182 1351 4254 ministrare,
1367 4183 1447 4263 quod
1458 4189 1619 4261 utrumque
1630 4181 1754 4263 parochi

361 4267 476 4330 &asca
501 4267 678 4345 particulam
703 4268 851 4328 illativum
875 4288 935 4328 nou
957 4267 1008 4328 ha·
1058 4265 1191 4344 faciunt3
1217 4287 1320 4329 verum
1344 4271 1434 4330 etiam
1457 4267 1542 4348 leges
1570 4289 1698 4347 ponera,
1724 4275 1755 4329 at

361 4364 397 4431 rt;
420 4356 465 4415 sic
482 4362 583 4415 autem
606 4353 693 4417 reddi
709 4365 851 4435 possunt:
875 4355 1009 4430 Presby·
1057 4362 1290 4433 transgressores
1307 4357 1430 4436 punire,
1457 4365 1487 4415 et
1509 4363 1700 4417 contumaces
1715 4355 1754 4416 ab

361 4462 409 4516 oa,
427 4444 483 4520 pra·
498 4446 583 4504 tater
597 4461 652 4503 oos
667 4450 758 4514 sunt,
776 4442 930 4502 adhortor
943 4446 1009 4519 ipse
1057 4441 1195 4502 ldcelasia
1210 4462 1263 4523 par
1279 4445 1615 4505 excommunicationem
1632 4444 1753 4522 ejicere.

361 4529 549 4607 apresbyler.
572 4530 648 4589 Nam
661 4524 855 4606 παρακαλεῖν
871 4531 1009 4590 usitatius
1057 4528 1145 4589 Unde
1168 4537 1198 4590 et
1220 4531 1252 4592 iu
1274 4531 1453 4603 canonibus,
1468 4539 1507 4605 ¹,ot
1529 4529 1608 4611 apud
1624 4538 1753 4602 veteres,

361 4617 480 4677 honori
509 4616 673 4694 significat,
705 4613 800 4694 ‘quam
839 4615 1007 4676 obsecrare.
1056 4615 1115 4687 ipsi
1132 4616 1188 4676 soli
1202 4625 1351 4678 vocantur
1373 4627 1518 4697 pastores.
1552 4616 1613 4678 Sed
1628 4624 1660 4677 et
1674 4616 1753 4676 Pau·

361 4703 1007 4783 asbyterorumnominesigniiicsnturhlpis·
1056 4701 1103 4762 lus
1118 4702 1194 4783 Eph.
1211 4707 1256 4777 4.,
1281 4713 1426 4780 pastores
1448 4712 1478 4765 et
1499 4704 1641 4765 doctores
1660 4704 1753 4762 nami·

361 4790 385 4852 t
423 4789 466 4851 Sc
492 4809 564 4851 reru
591 4791 876 4866 compresbyterum
908 4810 1008 4851 eorum
1056 4809 1149 4865 nans,
1168 4791 1248 4852 solos
1263 4791 1435 4872 Episcopos
1449 4792 1606 4852 intellexit
1631 4788 1755 4850 caeteri

361 4883 413 4952 at,
442 4874 473 4936 id
498 4885 545 4936 est
560 4879 779 4957 coepiscopum.
817 4877 914 4938 Recte
929 4878 1007 4937 enim
1056 4896 1129 4937 vero
1145 4897 1246 4937 curem
1262 4879 1428 4939 animarum
1448 4877 1594 4938 hahentes
1617 4877 1687 4938 alirn
1703 4896 1755 4936 vo·

361 4963 468 5026 rotavit
480 4960 574 5038 Beda,
595 4972 624 5023 et
638 4971 787 5025 antaeum
803 4963 1009 5044 Hieronymus
1057 4963 1203 5025 cahantur
1213 4965 1406 5041 presbyteri,
1428 4974 1533 5042 postea
1547 4967 1668 5038 curati,
1682 4964 1755 5039 ple·

361 5050 447 5134 lpist.
458 5047 521 5128 85,
537 5069 618 5132 quae
632 5050 725 5114 estad
735 5050 908 5131 uranium,
916 5069 1009 5130 pres·
1057 5049 1144 5128 boni,
1158 5053 1294 5129 parochi
1305 5072 1356 5114 sau
1370 5053 1598 5131 parochiarum
1610 5060 1754 5115 rectores.
