4442 5825
608 606 1015 665 murosummsmsos.
1049 608 1136 664 rurs.
1155 611 1222 664 ee.
1329 589 1333 596 ’
1589 610 1636 682 re

374 790 453 862 ejus,
470 793 636 864 tamquam
646 786 804 863 famulue.
820 784 889 847 Hoc
941 788 1001 847 ait:
1024 787 1065 847 Iu
1081 787 1298 847 testimouium
1313 785 1380 846 sive
1394 787 1432 846 iss
1446 783 1640 861 nauticatio-

371 883 384 934 t
406 883 624 953 argumentum,
652 892 713 951 quo
737 870 888 934 Christum
940 872 1122 947 sermidam
1137 878 1191 944 est,
1215 870 1296 952 quod
1310 874 1348 934 iu
1362 869 1595 933 annuntiando
1610 876 1640 930 et

371 960 431 1022 [ose
451 961 597 1041 majorem
615 979 690 1021 esse
722 960 822 1021 Utitur
838 979 890 1020 au·
941 960 1149 1037 reponendo,
1172 960 1222 1019 vel
1244 959 1347 1039 potius
1367 959 1411 1018 ad
1433 960 1640 1021 annuutiau·

371 1067 395 1108 a
415 1066 492 1108 voce
513 1044 670 1125 tapinos,
691 1065 771 1126 quae
792 1047 887 1107 famu·
941 1047 1018 1108 dum
1045 1053 1076 1107 ct
1101 1046 1345 1123 exponendum
1380 1052 1416 1105 nt
1441 1043 1641 1106 subaudiatur

371 1136 505 1195 minirum
519 1135 678 1213 significat,
696 1152 764 1193 cum
780 1135 810 1193 in
825 1134 887 1195 He·
941 1135 1140 1209 constitutus,
1153 1141 1207 1194 aut
1220 1133 1316 1193 simile
1330 1131 1411 1213 quid.
1434 1132 1545 1211 Neque
1559 1133 1638 1191 enim

371 1238 467 1295 mutes,
493 1221 583 1281 Num.
602 1224 660 1291 12,
685 1219 725 1280 ed
740 1240 831 1298 quem
846 1220 887 1282 lo·
941 1222 1144 1282 testimonium
1168 1221 1199 1279 in
1214 1219 1306 1280 sacris
1328 1220 1424 1279 literis
1439 1217 1536 1278 solum
1551 1217 1637 1278 intel·

371 1328 379 1368 t
400 1307 567 1387 Apostolus
590 1309 721 1387 respicit
745 1307 836 1368 Unde
858 1316 890 1367 et
941 1308 1051 1388 ligitur,
1074 1307 1127 1367 ubi
1142 1314 1237 1367 testas
1259 1305 1442 1367 adhibentur
1457 1304 1496 1366 ad
1510 1305 1638 1386 proben-

371 1413 394 1455 u
408 1396 452 1456 ibi
467 1397 573 1455 vertit:
597 1398 639 1455 At
653 1412 722 1455 uon
733 1393 807 1457 talis
821 1412 887 1454 ser·
941 1393 1012 1455 dum
1028 1392 1156 1475 aliquid,
1172 1393 1226 1454 sed
1240 1412 1333 1471 sespe
1348 1393 1474 1453 sumitur
1488 1412 1544 1471 pro
1558 1389 1640 1471 nuda

375 1482 489 1555 uma,
513 1486 569 1559 qut
591 1490 647 1542 etc.
681 1482 795 1541 Verum
818 1482 887 1541 scri·
942 1482 1112 1562 cujuspiam
1138 1481 1378 1554 asseveratione,
1412 1479 1588 1559 praesertim
1613 1478 1641 1538 si

371 1568 435 1629 olaa
456 1587 512 1628 suo
534 1587 618 1628 more
642 1567 828 1647 Scriptorum
844 1567 887 1628 al·
942 1570 1010 1648 ejus
1025 1567 1187 1629 auctoritas
1209 1565 1297 1628 fidem
1319 1574 1479 1639 mereatur,
1499 1574 1535 1628 ut
1549 1562 1639 1627 Jouu.

371 1655 559 1715 mersionem
571 1655 670 1717 Lxx.
685 1657 889 1734 interpretum,
944 1660 980 1728 1.,
1006 1655 1058 1715 ubi
1073 1653 1113 1716 de
1128 1654 1251 1714 Joanne
1265 1653 1406 1734 Baptista
1423 1652 1549 1716 dieitur:
1577 1654 1641 1713 Hic

381 1761 420 1802 eo
435 1741 502 1802 loco
517 1734 675 1819 θεράπων,
700 1761 762 1802 non
776 1737 889 1809 δοῦλος
944 1746 1031 1803 veuit
1051 1744 1088 1803 iu
1110 1742 1341 1816 testimonium,
1364 1747 1402 1802 ut
1423 1740 1639 1803 ammonium

371 1847 433 1910 que
451 1828 531 1889 torte
546 1847 582 1888 eo
597 1831 697 1907 magis
712 1828 808 1889 Paulo
824 1830 887 1909 pls·
941 1829 1119 1906 perhiberet
1141 1828 1180 1888 de
1203 1827 1343 1903 lumine,
1366 1826 1398 1888 id
1420 1836 1475 1902 est,
1501 1827 1585 1888 venit
1606 1833 1641 1887 ut

371 1918 426 1976 uri
449 1917 674 1994 nuncupatione
695 1917 820 1976 nimium
838 1914 889 1976 de·
941 1935 1051 1996 praeco
1058 1914 1098 1978 ed
1105 1913 1346 1975 annuntiandum
1357 1915 1530 1977 hominibus
1537 1933 1641 1974 veram

371 2001 463 2063 [osam
501 2004 733 2062 existimaretur.
777 2003 889 2081 Itaque
942 2004 1056 2076 iucem,
1083 2020 1165 2082 quac
1189 2010 1237 2062 est
1259 1998 1407 2063 Christus.
1429 2002 1481 2063 Ita
1503 2000 1642 2064 Christus

371 2090 398 2149 it
427 2108 495 2149 eum
529 2089 697 2149 ministrum
726 2090 889 2168 appellare,
942 2092 1009 2170 ipse
1024 2088 1110 2152 dese
1127 2087 1208 2167 apud
1221 2087 1369 2150 Pilatum:
1385 2089 1438 2151 Aa
1448 2091 1517 2164 hee,
1533 2088 1641 2170 inquit,

371 2173 494 2235 'amilius
510 2177 683 2255 cujuspiam
699 2175 889 2254 dispensator
942 2179 1016 2238 veui
1031 2180 1067 2236 tn
1082 2173 1253 2249 muudum,
1275 2183 1312 2236 ut
1326 2179 1541 2238 testimouium
1563 2193 1640 2252 pcr-

371 2262 526 2334 rtdomini,
549 2282 568 2321 e
590 2283 652 2342 quo
669 2261 801 2323 familiae
816 2281 889 2323 cura
942 2264 1065 2324 uideam
1081 2263 1222 2336 ueritati,
1238 2261 1329 2323 Josn.
1347 2265 1405 2334 18„
1420 2261 1453 2323 id
1468 2272 1523 2335 est,
1537 2271 1571 2323 ut
1587 2281 1640 2341 pa·

371 2354 422 2410 uta
437 2357 491 2409 est.
942 2351 1002 2411 iem
1017 2347 1189 2429 praedicem
1204 2349 1375 2409 hominibus
1390 2350 1560 2413 veritatem.

371 2438 504 2496 nonium
517 2453 638 2508 comm,
655 2453 737 2512 quae
753 2434 889 2497 dicenda
986 2439 1016 2497 6.
1039 2436 1181 2498 Christus
1205 2453 1278 2496 uero
1302 2442 1468 2512 tamquam
1493 2436 1579 2513 tilius
1605 2437 1642 2495 iu

371 2522 511 2603 nliqnet,
534 2531 634 2583 utrum
656 2523 733 2582 haec
755 2542 825 2601 pars
844 2542 888 2584 re
942 2524 1036 2584 dumo
1062 2541 1131 2583 sua.
1166 2520 1283 2584 Graece
1310 2529 1341 2581 et
1366 2522 1508 2603 Syrisce:
1529 2523 1642 2599 ..Super

371 2618 383 2669 t
409 2609 450 2669 ad
483 2607 558 2669 iliud
587 2610 732 2670 anterius:
769 2610 891 2671 Fidelis
943 2611 1073 2672 domum
1088 2626 1188 2670 suam.
1212 2608 1290 2670 Sunt
1304 2611 1456 2670 euimtam
1471 2608 1643 2682 inGraeco,

371 2695 409 2756 sd
430 2695 512 2756 istud
535 2696 699 2775 posterius:
726 2703 890 2773 tamquam
943 2717 1033 2777 quum
1049 2696 1177 2776 Syriaco
1199 2697 1439 2776 praepositiones
1454 2696 1595 2758 diversas
1609 2697 1643 2757 in

371 2781 441 2842 Nisi
463 2781 545 2861 quod
567 2784 666 2862 aptius
690 2784 831 2863 conjungi
847 2784 889 2843 vi·
941 2785 999 2844 huc
1018 2791 1111 2863 purte,
1138 2784 1191 2844 ubi
1215 2782 1254 2842 de
1275 2780 1398 2845 Christo
1421 2786 1530 2864 agitur,
1557 2790 1589 2844 et
1605 2785 1642 2864 ⁸iu

371 2888 382 2930 r
397 2867 452 2929 ilio
467 2870 574 2950 priore,
589 2877 624 2930 ut
634 2871 674 2931 sit
689 2889 810 2933 sensus:
825 2870 888 2931 Mo·
943 2871 1108 2951 superiore,
1122 2869 1176 2931 ubi
1191 2869 1230 2931 de
1240 2867 1338 2931 Mose.
1361 2871 1403 2932 Et
1416 2869 1523 2933 eadem
1538 2869 1643 2951 phrasi

371 2964 391 3016 rt
404 2955 565 3028 deminum,
581 2957 635 3017 sed
649 2963 684 3018 ut
697 2957 844 3019 famulum
859 2959 890 3018 in
944 2959 1054 3019 dicitru
1068 2957 1207 3019 Christus
1228 2957 1374 3020 mcerdoe
1394 2977 1533 3035 maquua
1547 2975 1643 3034 super·

371 3043 454 3104 tomo
476 3043 646 3104 Israelitica
670 3043 801 3105 fideliter
822 3063 888 3106 ver·
943 3046 1073 3105 domum
1094 3046 1167 3119 Dei,
1191 3044 1269 3105 inira
1291 3064 1358 3125 esp.
1384 3047 1432 3106 10.
1459 3046 1516 3106 Est
1541 3052 1642 3106 autem

371 3149 412 3190 ns
427 3137 457 3190 at
473 3131 591 3210 integra
606 3130 668 3190 fide
681 3131 822 3193 retulisse
838 3151 889 3212 po·
942 3131 993 3191 hic
1018 3150 1116 3192 sermo
1144 3131 1352 3210 imperfectus,
1379 3152 1469 3213 quem
1495 3132 1642 3192 Erasmus

371 3234 509 3298 mumque
532 3236 549 3275 e
572 3217 639 3277 Deo
660 3217 822 3294 jubebatur
844 3219 891 3279 illi
943 3238 999 3278 sua
1026 3219 1165 3278 versione
1193 3218 1235 3277 ita
1260 3217 1393 3299 perficit:
1430 3222 1473 3280 rit
1500 3219 1643 3282 Christus

373 3301 473 3383 Quem
501 3304 730 3365 constructionis
756 3304 890 3366 ordinem
943 3313 1106 3382 tamquam
1133 3303 1220 3381 filius
1245 3305 1487 3367 administrauit
1509 3306 1639 3366 domum

391 3399 439 3451 eat
452 3392 482 3450 in
498 3390 578 3469 Syra
591 3392 742 3451 versione.
768 3393 890 3453 Partem
942 3394 1049 3468 ipsius.
1073 3389 1163 3450 Alius
1187 3391 1310 3470 quidam
1333 3391 1392 3451 sic:
1419 3391 1559 3455 mersu
1580 3409 1641 3452 au·

371 3493 444 3537 mua
469 3479 500 3537 in
525 3478 700 3558 paraphrasi
729 3479 821 3539 trehit
850 3479 889 3540 sd
942 3486 1015 3553 tem,
1036 3485 1073 3538 ut
1088 3476 1184 3554 filius,
1208 3480 1265 3555 qui
1286 3478 1397 3537 domui
1418 3497 1494 3539 auae
1507 3485 1642 3556 praeeat.

371 3562 612 3642 tEvangelium,
636 3565 809 3643 significans
824 3584 889 3625 eum
944 3564 1059 3625 Verum
1081 3565 1259 3645 respicienti
1273 3562 1312 3625 ad
1329 3575 1446 3645 partem
1461 3564 1643 3646 praeceden-

371 3649 474 3711 udam:
497 3652 585 3728 Quae
607 3652 743 3712 dicenda
762 3659 890 3712 crauta
942 3661 1003 3712 tem
1019 3654 1119 3732 potius
1141 3649 1292 3713 videbitur
1312 3651 1369 3712 hoe
1392 3652 1481 3714 modu
1501 3652 1641 3734 suppleu-

371 3736 454 3811 loaes,
478 3738 584 3816 inquit,
606 3747 698 3818 typos
720 3748 836 3800 tuntum
855 3759 891 3799 ec
943 3738 1024 3811 dum,
1047 3737 1131 3819 quod
1152 3737 1204 3799 hic
1224 3738 1350 3800 dicitnr:
1378 3741 1520 3803 Uiriatus
1534 3747 1642 3802 autem

371 3823 717 3899 umsdierebutearum,
733 3845 809 3905 quas
822 3833 891 3905 post
943 3825 1044 3902 {idelis
1056 3828 1134 3905 suit,
1158 3833 1324 3903 tamquam
1348 3825 1434 3903 filius
1454 3828 1642 3889 constitutus

371 3920 416 3971 rat
435 3910 650 3990 explicaturus.
673 3912 763 3973 Unde
780 3921 811 3974 et
825 3932 890 3973 ver·
943 3928 1039 3990 super
1053 3913 1184 3973 domum
1200 3931 1301 3973 auam
1319 3913 1372 3974 Sic
1387 3915 1466 3975 enim
1478 3916 1543 3996 ipse
1555 3912 1640 3975 chri-

372 4005 446 4075 poat
460 3998 598 4059 dicenda
613 4006 714 4061 eram.
746 3999 842 4079 Atqui
858 4001 889 4060 in
943 4006 1007 4059 stas
1021 3999 1155 4078 loquitur
1176 3999 1207 4060 in
1229 4019 1266 4060 eo
1281 3999 1411 4076 Psalmo,
1434 4002 1466 4063 in
1480 4021 1540 4083 quo
1557 4002 1585 4063 ei
1600 3998 1642 4061 di·

380 4093 434 4156 eat,
457 4084 536 4165 quod
553 4085 592 4146 ed
611 4086 692 4146 hunc
707 4105 830 4146 sensum
845 4087 890 4146 iu·
943 4086 1034 4145 citur:
1061 4086 1167 4147 Filius
1192 4104 1280 4148 mnu
1302 4106 1332 4149 cr
1354 4094 1398 4148 tu.
1432 4089 1513 4166 qu,
1537 4088 1642 4167 inquit,

377 4190 449 4231 vero
464 4173 657 4251 participium
673 4172 821 4234 Graecum
836 4168 888 4231 λα·
942 4174 1131 4234 eosutitutua
1151 4191 1220 4234 sum
1244 4191 1301 4236 reu
1325 4173 1365 4236 ab
1391 4194 1426 4236 eo
1439 4179 1543 4253 'aupes‘
1563 4177 1642 4240 Sion

371 4273 416 4316 ων
429 4278 492 4319 rem
506 4259 598 4337 paulo
614 4267 682 4338 post
695 4260 825 4320 trituram
838 4258 887 4319 de·
942 4266 1081 4322 montem
1093 4266 1240 4321 sanctum
1250 4264 1327 4337 ejus,
1337 4262 1533 4339 praedicam
1541 4281 1641 4340 prae·

374 4343 501 4425 proinde
522 4366 582 4406 uun
597 4346 659 4406 alia
674 4347 889 4427 significentur,
942 4353 1067 4421 ceptum
1082 4350 1158 4423 etue.
1182 4347 1244 4408 Ubi
1267 4346 1404 4423 observa,
1428 4351 1557 4412 eandem
1573 4368 1642 4411 esse

371 4451 387 4493 s
407 4431 446 4493 ab
471 4434 536 4511 ipso
551 4433 636 4492 Mose
656 4432 783 4493 dicenda
804 4441 890 4493 erant
942 4430 1089 4494 Graecum
1104 4436 1365 4515 praepositionem,
1390 4456 1469 4519 quae
1489 4435 1547 4498 hoe
1564 4435 1662 4510 loeo‚·

371 4537 408 4579 m
432 4517 524 4598 Quod
540 4519 714 4597 intelligens
735 4521 830 4600 Syrus
845 4520 888 4580 in·
942 4519 1100 4601 eidemque
1123 4521 1206 4582 casui
1218 4522 1366 4601 junctam.

371 4615 397 4666 ta
426 4606 597 4686 supplevit:
636 4608 724 4685 Quae
753 4606 890 4667 dicenda
983 4606 1155 4682 Caeterum,
1170 4609 1252 4689 quod
1264 4610 1408 4672 Erasmus
1419 4611 1514 4671 vertit
1527 4610 1639 4687 ipsius,

371 4709 506 4754 manum
528 4696 638 4769 tpu'us,
661 4692 755 4754 idest
775 4712 829 4773 per
844 4695 887 4773 ip
941 4701 973 4755 et
986 4714 1046 4756 uon
1060 4713 1164 4771 surm,
1188 4697 1278 4776 qussi
1300 4698 1394 4778 poerit
1415 4697 1506 4757 etiem
1526 4693 1565 4756 ad
1579 4695 1639 4757 Pa·

371 4779 527 4842 stliosen.
941 4788 1016 4841 trem
1030 4781 1145 4857 referri,
1165 4802 1226 4844 non
1241 4792 1323 4845 recte
1338 4802 1372 4844 se
1386 4782 1485 4843 habet
1512 4780 1592 4843 Nam
1607 4784 1640 4844 iu

371 4867 461 4948 igitur
483 4875 544 4939 est,
571 4884 659 4946 quem
683 4865 761 4940 dixi,
781 4866 889 4927 Mosen
942 4867 1060 4931 Graeco
1082 4870 1241 4932 relativum
1264 4878 1310 4932 est
1328 4870 1513 4948 reciprocum
1534 4862 1639 4945 αὑτοῦ,

371 4961 478 5015 uotum
492 4954 585 5014 fuisse
607 4953 702 5013 officio
722 4953 889 5032 perferendi
941 4975 1009 5016 eum
1024 4956 1217 5036 aspiratione,
1239 4955 1270 5016 id
1286 4962 1333 5017 est
1347 4957 1398 5016 sut
1418 4957 1539 5034 ipsius,⁶
1561 4957 1640 5017 siem

371 5059 403 5104 m
426 5038 573 5103 mundata
595 5039 665 5102 Dei.
698 5038 778 5103 Nam
804 5041 889 5123 quod
941 5048 973 5105 et
987 5040 1070 5126 apud
1084 5042 1273 5104 Matthaeum
1288 5040 1345 5105 sub
1360 5039 1448 5103 finem
1466 5061 1533 5124 cap.
1550 5046 1578 5105 7.
1592 5060 1639 5104 se·
