4442 5825
400 600 473 667 ιιι
915 591 1150 648 conmortuos
1168 593 1198 647 rr
1217 593 1283 648 car.
1301 593 1339 647 ιιι.
1387 663 1390 669 .

399 779 445 832 est
459 768 649 832 manifestum
664 790 724 829 rem
738 768 866 843 dedisse,
889 790 948 831 non
963 771 1093 831 vocabu·
1147 769 1218 830 stoli
1233 771 1276 830 sic
1292 769 1451 849 intelligit·
1466 760 1632 848 {Linguam
1647 785 1729 829 anam
1741 763 1817 827 nullm

397 858 468 918 lum.
502 856 668 937 Postquam
683 857 763 916 enim
779 867 1010 918 commemorata
1024 867 1095 919 sunt
1147 856 1295 917 hominum
1312 877 1366 936 per
1381 876 1421 930 se,
1444 855 1568 935 suisque
1582 854 1709 927 viribus,
1722 851 1819 923 donata

398 942 540 1005 animalia
569 941 768 1015 irrationalia,
799 965 881 1024 quas
910 943 1093 1024 gradiantur,
1148 954 1262 1025 potest·
1285 945 1340 1005 sed
1356 944 1439 1004 Dens
1461 943 1493 1003 id
1516 952 1634 1022 potest,
1656 950 1689 1003 et
1709 957 1819 1021 pergra

398 1051 477 1112 qnae
501 1029 618 1103 volent,
645 1049 723 1111 quae
745 1041 868 1110 repant,
896 1033 948 1111 qui
970 1038 1094 1091 caetera
1147 1032 1218 1090 tiam
1244 1050 1329 1091 snam
1356 1029 1470 1091 homini
1498 1038 1651 1109 praestat,
1689 1040 1723 1087 ut
1746 1024 1823 1089 taut

398 1118 487 1190 dicit,
503 1138 652 1198 quaenam
668 1117 730 1177 elia
745 1117 910 1196 significat,
930 1138 1017 1197 quam
1034 1138 1093 1177 ma·
1147 1117 1209 1177 Alii
1225 1115 1347 1196 quidam
1369 1116 1427 1176 id
1419 1134 1518 1195 rpsum
1533 1116 1691 1195 accipiunt
1704 1111 1825 1187 absoluta

398 1162 487 1265 ιιιιιι
1148 1205 1297 1265 neminem
1312 1223 1402 1285 posse
1424 1222 1510 1265 suam
1532 1204 1630 1283 ipsius
1648 1202 1775 1281 linguam
1788 1198 1825 1259 do

439 1291 536 1370 Igitur
559 1299 726 1371 exaggerat
746 1290 910 1369 Apostolus
928 1291 985 1352 bac
1007 1298 1095 1370 parte
1147 1311 1245 1364 mare,
1270 1288 1302 1350 id
1325 1299 1372 1351 est
1394 1290 1437 1351 ita
1458 1287 1628 1364 refrenare,
1655 1298 1691 1351 ut
1712 1307 1769 1349 ucu
1786 1285 1827 1349 ali

396 1378 541 1439 malitiam
549 1379 698 1439 humanae
710 1379 835 1457 linguae
847 1377 1007 1438 collatione
1020 1375 1092 1437 alio·
1148 1375 1269 1458 qnando
1285 1384 1463 1457 prorumpat
1480 1378 1511 1436 in
1526 1376 1653 1449 verbum
1667 1376 1795 1443 otiosum

396 1485 461 1525 rum
485 1466 674 1537 animalium,
700 1484 828 1545 quorum
850 1465 963 1526 nullum
987 1473 1094 1525 natura
1189 1465 1232 1526 At
1246 1483 1354 1525 revera
1376 1462 1565 1545 probabilius
1580 1472 1644 1536 cat,
1668 1460 1829 1542 Apostolus

396 1560 457 1611 tam
483 1552 579 1612 ferum
607 1561 653 1611 cst
677 1559 731 1611 aut
757 1571 899 1626 saevum,
926 1550 1007 1632 quod
1033 1572 1094 1611 non
1146 1552 1195 1611 bic
1211 1550 1675 1631 nonageredeproprialingua
1690 1548 1828 1619 domanda

396 1637 550 1700 hominum
565 1659 614 1699 ars
630 1646 661 1698 st
683 1637 829 1699 industria
845 1639 967 1699 domare
982 1639 1093 1717 possit,
1148 1639 1201 1698 sed
1217 1637 1255 1698 de
1270 1640 1385 1715 aliona·
1402 1647 1437 1698 ιιι
1448 1656 1554 1699 sensus
1570 1638 1626 1697 sit:
1644 1634 1722 1697 Cum
1732 1636 1830 1716 possint

396 1726 463 1785 sive
486 1735 628 1786 terrestre
654 1727 691 1786 sit
717 1725 843 1799 animal,
870 1726 934 1785 siva
960 1724 1093 1793 uolatile,
1146 1725 1282 1785 homines
1297 1746 1385 1786 omne
1407 1744 1502 1805 genus
1525 1723 1704 1785 animalium
1719 1722 1829 1794 domasa

396 1814 459 1874 sive
485 1813 608 1891 reptile,
638 1814 703 1873 sive
728 1816 883 1873 marinum
921 1812 989 1873 Hac
1012 1812 1093 1871 enim
1147 1814 1295 1873 neminem
1311 1820 1413 1873 tamen
1428 1831 1511 1884 esse,
1530 1831 1583 1891 qur
1574 1810 1719 1872 frenum
1733 1810 1829 1871 aliaust

396 1899 609 1960 distributione
651 1901 745 1958 utitur
787 1899 960 1979 Apostolus
1013 1898 1092 1957 Nam
1147 1899 1270 1979 linguae
1287 1901 1384 1979 possit
1407 1899 1548 1978 injicere,
1575 1895 1761 1979 probibendo
1775 1876 1829 1957 ead

395 1981 508 2064 θηρία,
536 2007 590 2088 pro
614 2006 673 2065 quo
697 1987 809 2047 bestias
832 1989 979 2066 interpres
994 1986 1092 2057 vertit,
1147 2009 1165 2046 a
1181 1986 1435 2059 detractionibus,
1450 1984 1687 2057 contumeliis,
1662 1984 1737 2045 rrxis
1746 2002 1828 2058 ,urar

395 2092 432 2133 ea
446 2075 564 2154 proprie
580 2080 649 2134 sunt
663 2075 740 2133 inter
751 2075 909 2146 terrestria,
926 2093 1007 2151 quae
1021 2073 1091 2134 leri·
1146 2072 1258 2145 duciis,
1282 2072 1507 2146 fraudulentiis,
1534 2070 1787 2132 susurrationibus
1805 2076 1829 2128 et

395 2168 457 2221 tate
471 2172 523 2222 aut
538 2180 654 2220 veneno
669 2170 788 2223 nocent.
812 2159 903 2239 Quod
920 2169 1021 2220 autem
1033 2161 1091 2219 ait:
1146 2160 1216 2220 aliis
1231 2159 1261 2219 id
1276 2179 1380 2238 genus.
1404 2161 1462 2220 Est
1476 2160 1554 2218 enim
1573 2177 1675 2220 sermo
1691 2156 1829 2237 delinges

397 2248 571 2309 domantur
587 2259 618 2308 ιι
633 2249 852 2321 domitarum,
869 2266 1011 2328 praesens
1027 2248 1091 2326 qui·
1146 2247 1241 2320 mala,
1265 2267 1344 2326 quae
1366 2267 1425 2307 non
1450 2245 1545 2305 solum
1571 2243 1761 2306 indomabilia
1786 2252 1828 2315 att.

397 2336 463 2396 dem
480 2346 598 2413 tompus
614 2339 716 2415 posuit
738 2335 777 2395 ad
797 2336 963 2416 potentiam
980 2333 1089 2412 signifi·
1145 2335 1355 2395 verumetiam
1377 2332 1584 2394 inevitabilem
1604 2340 1636 2391 et
1649 2330 1827 2393 insanabilem

395 2422 535 2499 candam3
563 2425 754 2502 praeteritum
777 2442 849 2482 vero
872 2420 966 2481 refert
987 2419 1025 2479 ad
1048 2423 1092 2482 ιιι
1146 2422 1266 2503 plagam
1293 2421 1400 2497 infert3
1431 2418 1683 2502 quemadmodum
1709 2418 1827 2501 plantus

394 2509 493 2570 factae
509 2511 744 2588 experientiam,
761 2529 797 2569 ac
812 2510 837 2568 si
852 2507 950 2568 dicat:
967 2507 1091 2567 Nullum
1147 2522 1177 2572 et
1197 2506 1320 2587 pulchre
1343 2508 1431 2568 docet
1452 2506 1693 2567 Ecclesiasticus
1715 2530 1775 2591 cap.
1788 2508 1827 2570 ιι

395 2604 442 2657 ιιι
465 2615 560 2674 genus
576 2598 763 2669 animalium,
789 2594 871 2675 qood
895 2595 1009 2655 domari
1033 2616 1091 2655 non
1146 2597 1223 2658 Tale
1239 2601 1285 2655 est
1300 2605 1331 2656 et
1346 2594 1418 2656 illud
1435 2593 1547 2655 Psalm.
1566 2594 1656 2653 119.:
1688 2596 1769 2675 Quid
1781 2595 1826 2656 da·

394 2685 489 2764 possit
504 2683 542 2743 ab
566 2682 702 2761 bomine;
732 2682 882 2762 siqnidem
905 2682 1092 2761 experientia
1147 2693 1200 2745 tur
1222 2681 1296 2755 tibi,
1324 2691 1382 2744 cut
1404 2682 1483 2760 quid
1506 2689 1698 2758 opponatur
1720 2683 1772 2743 ttbi
1794 2678 1827 2741 cd

395 2769 499 2843 docet,
524 2768 617 2829 multa
637 2788 746 2849 saepe,
770 2770 955 2847 etiam-quac
970 2768 1090 2829 ferocis·
1147 2773 1291 2846 linquam
1327 2769 1492 2831 dolosam?
1528 2769 1674 2843 Sopittae
1707 2770 1827 2848 porreta

395 2857 460 2918 simi
476 2865 545 2917 sunt
567 2857 700 2935 generis,
726 2856 838 2917 domita
861 2855 899 2915 ab
923 2856 1092 2918 hominibus
1147 2866 1259 2920 cautae
1295 2875 1366 2917 cum
1404 2854 1595 2917 carbonibus
1637 2857 1825 2920 dmotutorlit

396 2964 433 3005 ac
449 2946 581 3003 cicurata
596 2945 703 3017 fnisse,
726 2953 760 3003 ιιι
774 2942 889 3017 leones,
915 2961 1008 3018 ursos,
1025 2965 1091 3024 par·
1146 2947 1236 3007 Hunc
1251 2962 1372 3004 sensum
1395 2945 1494 3023 arguit
1513 2948 1702 3021 comparatio
1716 2945 1826 3006 isram

398 3031 470 3102 dos,
487 3028 619 3110 tigrides,
636 3032 764 3110 aquilas,
778 3030 922 3102 vultures,
938 3028 1093 3102 dracones,
1143 3034 1207 3113 jam
1230 3029 1376 3103 adducta,
1405 3050 1485 3110 qnae
1512 3029 1550 3089 ab
1578 3028 1650 3090 aliis
1677 3031 1824 3094 domantur·

396 3115 533 3197 aspides,
549 3114 714 3196 delphines.
737 3117 886 3196 Exempla
901 3117 1094 3195 suppeditant
1146 3121 1220 3179 Item
1236 3118 1410 3178 confirmant
1423 3137 1475 3191 ea,
1494 3135 1576 3196 quae
1593 3129 1776 3197 sequuntur:

395 3201 547 3264 historiae.
1188 3208 1373 3283 Inqutctum
1393 3205 1524 3265 melum.
1559 3204 1670 3265 Potest
1684 3206 1757 3266 baec
1770 3219 1826 3286 pau

438 3292 466 3350 8.
491 3291 651 3364 Limaeam
675 3297 781 3351 autem
803 3291 913 3350 nullus
927 3292 1091 3351 bominum
1146 3294 1313 3373 appositive
1323 3294 1412 3372 jungi
1429 3312 1495 3351 cum
1514 3290 1710 3370 praecedenti
1725 3307 1824 3353 accusa

396 3378 526 3437 domare
545 3383 656 3452 potest.
693 3376 782 3436 Hanc
805 3376 945 3456 Apostoli
973 3386 1091 3437 senten·
1145 3380 1208 3438 tivo
1224 3380 1386 3454 linquam,
1415 3377 1470 3437 boc
1492 3396 1600 3438 sensu:
1624 3377 1723 3440 Nemo
1745 3383 1825 3460 porra

394 3466 465 3525 tiam
488 3463 557 3522 olim
573 3462 733 3542 Pelagius,
756 3461 860 3522 addita
882 3465 1091 3541 interrogatio·
1145 3466 1277 3544 lingnam
1301 3464 1439 3536 domare,
1468 3470 1571 3542 utpote
1592 3465 1708 3526 malum
1725 3465 1823 3546 inquia-

393 3551 439 3610 nis
454 3558 541 3623 nota,
567 3548 728 3630 torquebat
747 3551 779 3609 in
801 3568 923 3610 sensnm
945 3550 1091 3624 alienum,
1145 3561 1206 3611 tum
1224 3561 1253 3611 et
1268 3551 1451 3611 indomitum.
1488 3549 1593 3610 Potest
1615 3552 1706 3613 etiam
1721 3551 1823 3614 seorsim

393 3644 546 3739 tamquam
573 3634 687 3696 diceret
717 3637 897 3716 Apostolus·
931 3637 976 3710 Si,
1012 3636 1092 3717 quod
1145 3638 1254 3717 accipi,
1280 3656 1352 3697 casu
1369 3634 1556 3711 nominandi,
1582 3638 1663 3698 sicut
1677 3639 1823 3701 membru!

392 3723 490 3802 majus
505 3732 567 3793 cst,
589 3721 870 3797 facinnthomines3
898 3681 1090 3803 quodminus
1145 3744 1291 3804 sequens:
1314 3725 1413 3801 plana
1429 3741 1550 3784 veneno
1566 3732 1624 3783 etc.
1661 3726 1822 3802 ιιιιιιιιι·

393 3819 448 3882 est,
464 3809 565 3869 lacere
579 3830 640 3869 non
656 3808 820 3888 poterunt?
834 3768 870 3870 Si
884 3809 1006 3871 domare
1022 3829 1088 3889 pos·
1145 3811 1255 3890 plcnda
1281 3813 1336 3871 erit
1363 3812 1524 3872 sententia:
1551 3810 1608 3870 Est
1633 3814 1714 3874 enim
1737 3813 1822 3891 lingat

392 3903 461 3955 sunt
475 3915 564 3956 omno
579 3915 674 3974 genus
694 3895 873 3968 bestiarum,
903 3905 1015 3977 quanto
1030 3916 1089 3955 ma·
1144 3898 1275 3957 malum
1267 3898 1449 3977 inquietum,
1466 3895 1597 3957 Graece:
1615 3887 1820 3977 ἀκατάσχετοι,

392 3983 439 4060 gis
454 3982 586 4061 linguam
599 4002 728 4062 quisquc
742 3981 849 4043 suam?
872 3982 1020 4043 Referunt
1033 3983 1091 4043 hoc
1145 3984 1176 4043 id
1206 3993 1252 4043 est
1280 3985 1497 4056 incoercibila,
1534 3992 1568 4042 ut
1597 3982 1652 4044 alii
1681 3989 1819 4048 vastarunt

392 4066 431 4128 de
445 4069 570 4146 Pelagio
586 4071 769 4147 Augustinus
783 4068 833 4128 lib.
850 4068 889 4128 de
899 4079 960 4129 nat.
974 4078 1003 4130 et
1014 4078 1089 4147 grat
1144 4071 1349 4149 Hieronymus
1379 4071 1429 4130 lib.
1460 4070 1488 4127 2.
1519 4067 1593 4130 dial.
1629 4081 1708 4136 cont
1736 4070 1820 4146 Palas·

392 4174 457 4235 cap.
485 4157 533 4215 15.
558 4165 588 4216 et
603 4155 718 4216 Paulus
741 4154 866 4216 Orosius
886 4156 917 4215 in
939 4156 1089 4234 apologia,
1142 4157 1230 4237 legit:
1256 4159 1460 4218 incontinens
1483 4156 1624 4232 molum,
1652 4158 1736 4238 qnod
1753 4153 1819 4222 iurat

392 4261 481 4322 quam
492 4243 637 4302 adversus
649 4241 809 4322 Pelagium
824 4243 953 4321 scripsit.
978 4243 1087 4320 Quam·
1142 4243 1202 4323 ligo
1217 4245 1356 4324 passive,
1373 4264 1426 4324 pro
1442 4262 1494 4316 eo,
1521 4242 1605 4322 quod
1621 4246 1764 4307 contineri
1774 4259 1820 4304 n

392 4348 481 4407 quam
494 4329 544 4389 bic
555 4347 661 4389 sensus
674 4331 764 4390 etiam
778 4328 859 4409 apud
871 4327 1089 4388 Oecumenium
1143 4339 1248 4409 potest.
1273 4331 1372 4391 Sentit
1388 4349 1458 4409 ergo
1474 4328 1508 4389 B.
1525 4328 1679 4408 Jacobus,
1701 4332 1821 4412 lingum

391 4415 509 4494 legitur.
532 4414 732 4495 Respondent
743 4425 845 4476 autern
858 4416 1042 4494 Augustinus
1059 4423 1089 4474 ιι
1143 4418 1281 4495 quamvis
1298 4418 1324 4476 ei
1341 4425 1450 4477 natura
1472 4414 1586 4495 duplex
1610 4427 1820 4498 sopmnoppr

391 4500 529 4577 Orosius,
547 4502 723 4585 Apostolum
737 4502 926 4563 condicere:
943 4503 1089 4577 linquam
1142 4506 1235 4563 suerit
1249 4503 1397 4563 labiorum
1422 4512 1453 4564 et
1474 4501 1626 4579 dentium,
1651 4505 1820 4570 coercetis

390 4590 500 4651 nullus
515 4551 646 4651 domare
665 4597 785 4665 potest,
810 4588 880 4649 sed:
908 4589 1088 4649 collocbo
1141 4609 1211 4650 men
1238 4608 1298 4650 non
1321 4608 1426 4669 posse,
1453 4589 1526 4668 quin
1552 4589 1663 4652 solutis
1690 4585 1823 4690 rapas&

389 4679 533 4753 minum,
550 4687 583 4736 ut
592 4696 706 4756 ,quum
723 4675 876 4749 domatur,
899 4674 929 4734 ιιι
945 4675 1003 4735 Der
1019 4693 1086 4752 gra
1142 4686 1297 4777 erumpat,
1316 4683 1347 4735 et
1361 4673 1823 4760 grmrerurmnormnnnpsnr

390 4762 433 4821 ιιι
454 4764 519 4824 fieri
541 4763 694 4823 fateamur
728 4764 822 4822 Recte
846 4764 996 4821 etiamen
1023 4762 1087 4838 ipso
1142 4763 1225 4822 ciem
1248 4763 1363 4824 Allnsio
1380 4771 1428 4824 est
1443 4762 1482 4823 ad
1497 4763 1588 4836 taras,
1605 4784 1686 4845 quae
1701 4763 1825 4830 danttb!

390 4858 532 4910 contextu
547 4849 637 4927 hujus
651 4849 710 4909 loci
732 4867 852 4910 sensnm
868 4849 986 4926 Pelagii
1001 4845 1086 4907 reiel-
1142 4858 1173 4907 et
1188 4849 1308 4928 ungulis
1324 4850 1451 4910 infestae
1466 4858 1552 4924 sunt,
1579 4859 1628 4923 et,
1654 4871 1694 4914 ιιι
1708 4855 1826 4924 nummi

391 4933 427 4994 lit
441 4936 646 5015 Augustinus,
662 4936 831 5007 ostendens,
847 4936 1005 5014 sequentia
1020 4953 1088 4995 cum
1141 4935 1284 4998 cancellis
1311 4936 1445 4997 inclusae
1468 4943 1625 5014 tenentur3
1650 4937 1825 5020 411th

392 5040 430 5084 sc
444 5041 506 5083 uon
518 5021 688 5083 cohaerere.
717 5022 902 5084 Sententiam
917 5041 990 5084 vcro
1005 5022 1087 5101 Apo·
1140 5020 1212 5082 dum
1237 5022 1371 5085 membro
1396 5032 1544 5104 seqnsuta
1566 5023 1722 5104 alluditur
1742 5025 1827 5104 adq
