4442 5825
718 583 881 642 :uterum
897 587 916 643 Ι.
931 586 1020 642 ΒΕΔΤΙ
1035 586 1132 643 PETRI.
1153 587 1237 643 ms.
1253 590 1297 643 21.
1315 590 1357 645 22
1696 596 1770 667 605

357 761 471 822 tunium
505 763 747 824 murationes
782 768 864 826 Jeeu
894 764 1021 839 C'itrieti,
1116 763 1212 826 Porro
1228 763 1339 825 dioitnr
1354 766 1423 844 quia
1436 765 1567 826 unimam
1580 784 1665 827 auam
1681 767 1771 827 eaed-

357 848 439 908 eti.
472 846 544 928 Quo
565 850 696 928 pertinet
716 857 747 909 et
768 849 844 910 illud
866 849 956 910 Joan.
975 852 1019 911 7.:
1071 850 1161 911 doure
1176 870 1228 911 een
1252 851 1416 931 pnridoaro
1430 871 1483 930 per
1497 849 1597 927 fidem,
1620 851 1692 912 dnm
1708 873 1771 915 one·

357 933 480 996 'oum
501 943 571 996 aaut
585 936 724 1012 spiritua
738 937 844 1012 datur,
867 939 944 1014 quio
958 943 987 1001 J
987 957 1019 997 o·
1074 939 1149 998 dene
1160 938 1191 997 in
1203 935 1366 1010 Christum,
1378 948 1409 997 et
1420 936 1586 998 eeoundum
1599 938 1662 1016 ejna
1674 939 1771 1018 legem

357 1038 379 1083 tt
402 1019 550 1083 noudum
572 1029 641 1083 erut
665 1023 869 1100 ploriffiootttt.
903 1023 1021 1085 Deinde
1073 1025 1179 1085 vivere
1200 1033 1332 1104 paratue,
1355 1026 1526 1104 impetrata
1541 1026 1609 1085 Doo
1633 1036 1771 1104 peceato·

357 1115 471 1169 αωιιιλ
492 1107 542 1169 hin
559 1128 664 1170 oenone
686 1129 753 1171 oum
768 1130 811 1184 eo,
834 1109 917 1190 quod
932 1130 1018 1189 supe
1072 1131 1138 1171 rum
1160 1129 1281 1172 tuorum
1305 1112 1520 1192 purgationem,
1543 1131 1709 1191 verumque
1720 1114 1770 1191 jn·

357 1214 388 1256 na
412 1194 508 1255 dixit:
539 1197 642 1258 Deum
672 1215 872 1273 reymerum
897 1215 956 1258 nor
983 1201 1020 1259 iu
1073 1199 1198 1270 utitiam,
1226 1198 1275 1260 vel
1302 1199 1369 1277 ejue
1395 1206 1597 1277 augmentum.
1634 1199 1713 1259 Nam
1740 1208 1772 1261 et

357 1300 413 1343 um
438 1284 547 1343 oioorn
570 1301 630 1360 prr
655 1288 916 1347 remorationem
939 1287 1020 1347 Jeeu
1070 1284 1227 1362 justificati
1241 1284 1415 1366 quotidiana
1437 1284 1537 1345 adhue
1560 1284 1695 1365 indigent
1717 1306 1771 1364 por

357 1369 444 1429 britti
457 1386 498 1430 ox
512 1372 653 1432 mortuo.
1073 1370 1160 1431 fidem
1176 1373 1396 1452 pnrifioatione.
1419 1371 1498 1451 Quia
1514 1373 1593 1432 enim
1606 1381 1654 1433 eet
1667 1373 1698 1432 in
1713 1372 1771 1433 hee

368 1457 419 1518 22.
443 1458 579 1517 Animae
604 1464 723 1519 oaetror
751 1459 959 1537 coatifloontoa
983 1461 1020 1518 iu
1073 1459 1137 1518 vita
1153 1459 1348 1532 siemundus,
1371 1468 1479 1519 utnon
1494 1459 1532 1517 eit
1547 1459 1642 1539 magio
1657 1461 1768 1539 magia·

357 1542 507 1604 todiauiio
528 1546 681 1606 toritotia.
705 1544 819 1608 Graeca
835 1555 865 1606 et
880 1545 1019 1625 Syriaco:
1074 1564 1134 1623 que
1145 1545 1357 1607 mundandue?
1368 1546 1607 1625 aitAnguatinue
1618 1555 1706 1606 treet.
1720 1548 1770 1608 80.

357 1669 360 1685 .
380 1628 565 1691 odedientia
586 1634 743 1707 uaritotiu
771 1630 1020 1712 quemadmodum
1074 1633 1103 1692 in
1120 1632 1143 1692 J
1145 1652 1210 1693 oan.
1240 1631 1374 1694 Eandem
1390 1633 1469 1693 huno
1483 1630 1572 1692 fidem
1587 1634 1686 1693 etatim
1702 1642 1771 1712 poet

357 1716 582 1797 ;Eierouymoe
595 1718 669 1798 legit
683 1718 734 1780 lib.
754 1723 780 1779 l.
798 1728 901 1779 eontra
916 1719 939 1779 J
940 1721 1019 1779 ovin.
1076 1719 1268 1780 commendat
1282 1720 1338 1781 enb
1352 1721 1473 1780 nomine
1491 1719 1584 1781 Verbi
1595 1721 1665 1781 Dei.
1693 1719 1772 1781 Sunt

357 1802 448 1865 ddunt
465 1802 591 1866 Graeci:
618 1799 668 1864 διὰ
683 1799 864 1883 πνεύματος,
881 1823 939 1882 par
953 1809 1020 1882 epi·
1074 1816 1174 1867 eutem
1211 1805 1389 1886 scripturae
1426 1806 1557 1867 eimileer
1599 1812 1679 1870 Jom
1716 1825 1771 1868 voa

357 1897 432 1952 um.
464 1890 556 1970 Quod
582 1910 639 1952 neo
661 1892 730 1973 Syri
757 1893 875 1954 nodioee
898 1892 1020 1966 habent,
1073 1893 1188 1953 muudi
1212 1897 1282 1954 aaut
1304 1902 1437 1971 propter·
1459 1912 1655 1969 termonem,
1678 1913 1770 1971 quom

357 1996 381 2039 ta
402 1976 523 2052 Latini,
543 1997 599 2039 neo
621 1978 742 2041 additur
761 1979 800 2041 ab
822 1981 1019 2058 Hieronymo.
1073 1981 1280 2041 locutorium
1299 1982 1394 2055 vobit,
1419 1980 1511 2042 Joan.
1530 1979 1577 2041 m.
1603 1981 1771 2043 Mundum

357 2064 500 2125 otandum
530 2066 637 2137 etiam,
667 2086 721 2147 pro
751 2068 960 2144 camisianum
990 2068 1021 2126 in
1075 2085 1145 2126 eom
1160 2066 1290 2128 looooro
1306 2086 1410 2146 oquae
1425 2071 1461 2129 iu
1476 2069 1583 2142 orreo,
1599 2068 1680 2148 Eph.
1697 2068 1726 2129 5.

357 2170 444 2213 taeeo
468 2170 538 2212 eaae
560 2153 747 2233 partieipium
772 2155 926 2233 praeteriti
949 2163 1020 2213 tem·
1119 2154 1160 2214 Iu
1179 2156 1398 2232 fromuitotia
1420 2156 1529 2215 umora
1551 2156 1705 2232 timpliei,
1734 2173 1772 2216 eu

357 2239 405 2299 nia
420 2229 596 2318 ἡγνικότες,
620 2239 650 2300 id
672 2250 717 2300 eet
741 2243 795 2317 qui
815 2242 1019 2318 puritiooatiu,
1074 2239 1168 2300 corde
1184 2244 1318 2302 invitem
1335 2242 1457 2316 dilioite
1472 2245 1635 2303 attention.
1652 2240 1772 2303 Graeoa

357 2324 461 2387 iotam
476 2324 730 2402 purificatorum
756 2327 1020 2408 Undovertitqui·
1074 2328 1119 2387 oio
1145 2327 1272 2389 habent:
1298 2331 1340 2388 In
1365 2329 1508 2406 {rutrum
1534 2346 1674 2389 amorem
1703 2347 1771 2390 nou

357 2432 411 2473 tm:
436 2413 616 2475 Auimobua
638 2417 747 2475 neutris
766 2415 954 2491 purificatio.
980 2414 1022 2475 It·
1073 2415 1270 2488 aimoinum,
1296 2434 1334 2477 au
1355 2433 1439 2491 puro
1454 2416 1548 2476 eorde
1569 2416 1653 2476 aliua
1668 2415 1770 2477 olium

429 2519 468 2560 ox
490 2498 570 2579 Syro
595 2502 685 2561 vertit
711 2501 837 2561 Latione
860 2503 1020 2579 interpres:
1074 2501 1197 2576 diliyite
1211 2506 1353 2578 impertae
1368 2504 1435 2562 eive
1450 2505 1610 2577 contiuua,
1634 2520 1702 2563 uon
1716 2506 1770 2563 iu·

357 2604 431 2648 tum
452 2586 727 2662 aonotitiooveritia
749 2590 878 2649 animoa
894 2595 1020 2649 veatror.
1073 2595 1225 2665 tempta.
1242 2588 1333 2667 Quod
1345 2587 1534 2649 Graooeeet:
1551 2581 1694 2657 iuretur.
1711 2588 1771 2649 Hie

362 2672 437 2743 dam
450 2681 597 2735 nttextue
608 2674 661 2734 fiat
672 2674 787 2749 olarior,
803 2674 1022 2736 observandum
1073 2675 1237 2755 respondet
1247 2676 1374 2756 Syriaca
1388 2676 1588 2755 paraphraeie.
1605 2676 1717 2736 Noeter
1728 2677 1760 2737 in

357 2768 377 2836 t,
397 2761 433 2822 Β.
450 2761 577 2822 Petrum
598 2761 648 2822 hio
668 2761 767 2823 redire
787 2761 826 2822 ad
841 2763 1021 2823 exhortatio·
1074 2772 1188 2841 terpree
1203 2782 1273 2842 pro:
1299 2781 1367 2824 nou
1381 2763 1541 2837 airuuloto,
1563 2764 1671 2824 vertit:
1693 2765 1771 2824 aim·

417 2866 516 2929 nuper
541 2848 724 2923 iuohoatam,
751 2856 786 2908 ut
808 2849 847 2909 rb
874 2868 909 2909 eo
936 2848 1019 2909 loco:
1073 2849 1159 2926 plici.
1183 2849 1261 2910 Nam
1275 2849 1389 2911 Graece
1401 2860 1449 2911 eet
1461 2842 1673 2928 ἀνυπόκριτον,
1690 2849 1772 2930 qnod

357 2938 475 3010 iontem
494 2936 580 3014 qood
594 2955 663 2998 noa
677 2937 947 3016 corruptibilibus,
972 2955 1019 2997 ue·
1074 2936 1151 2996 aliae
1168 2938 1255 2998 alitor
1276 2936 1384 3013 reddit,
1405 2947 1438 2997 ot
1452 2938 1537 2999 Rom.
1556 2939 1622 2999 12:
1645 2938 1771 3000 dileetio

357 3041 381 3084 re
394 3021 438 3083 ad
453 3022 532 3085 hano
548 3033 665 3103 partem
677 3025 718 3084 eit
729 3025 918 3103 parentheeie
930 3044 1021 3107 queo
1074 3028 1142 3085 eiua
1157 3025 1372 3099 aimuiotiouo,
1392 3029 1407 3085 1
1421 3025 1501 3085 Tim.
1515 3030 1560 3086 1.:
1577 3044 1616 3088 aa
1629 3025 1693 3102 tide
1704 3044 1772 3087 nou

357 3129 393 3171 un
415 3109 593 3183 verborum,
616 3110 725 3190 qnibne
748 3110 787 3172 ad
808 3111 1020 3192 explioandnm
1074 3112 1155 3190 tinto.
1186 3113 1299 3192 Liquet
1321 3113 1420 3189 igitur,
1447 3112 1611 3191 epithetum
1636 3114 1773 3189 aimpliei

371 3196 647 3259 eommendandum
667 3196 878 3279 redemptionie
899 3208 1021 3260 uoetrae
1075 3219 1142 3260 cnm
1168 3217 1278 3260 umore
1300 3199 1488 3278 jungendum
1512 3218 1597 3271 oeae,
1622 3218 1682 3260 non
1704 3219 1772 3260 enm

357 3285 503 3347 nefieinm
517 3283 669 3365 paululum
681 3283 831 3364 digreeeue
844 3295 897 3347 eet.
912 3287 1022 3367 ltaque
1074 3285 1179 3360 cordo,
1202 3287 1289 3361 enine
1307 3283 1490 3362 adjeotirum
1505 3294 1550 3347 eet
1570 3304 1665 3363 puro,
1690 3284 1773 3364 qnod

357 3379 426 3434 taut
438 3372 518 3434 huon
532 3391 603 3452 para
625 3373 720 3433 attexi
733 3371 796 3434 iliis
811 3374 914 3435 verbio
930 3392 1019 3451 eope·
1074 3374 1222 3453 interpres
1238 3372 1344 3448 omieit,
1358 3371 1435 3433 forte
1444 3381 1538 3443 ratur,
1552 3372 1584 3434 id
1595 3375 1671 3433 eatie
1685 3372 1773 3434 intel·

357 3459 471 3522 m'boa:
485 3461 528 3521 Iu
538 3462 652 3521 timore
663 3461 821 3521 tueolotua
831 3463 928 3522 vostri
942 3468 1021 3522 um·
1075 3460 1128 3540 ligi
1142 3460 1173 3521 in
1188 3459 1319 3521 diutione
1344 3459 1490 3536 oimpltoi.
1513 3461 1588 3521 Nem
1609 3479 1689 3539 qnae
1703 3461 1772 3520 eim·

357 3565 402 3610 »re
423 3549 680 3622 convertemini,
701 3548 881 3625 purificatio
904 3550 1022 3609 animia
1074 3546 1174 3628 plicia,
1187 3567 1262 3628 pura
1270 3556 1348 3608 eunt.
1361 3548 1420 3607 Pro
1428 3548 1644 3625 fraternitatis
1651 3565 1772 3622 umore,

357 3651 375 3698 t.
400 3634 510 3696 Poteet
524 3637 614 3696 etiam
626 3635 742 3695 initium
754 3655 822 3696 eaeo
831 3655 929 3696 novae
943 3635 1020 3716 peri·
1076 3633 1193 3696 (iraeoe
1219 3643 1266 3696 eet
1293 3628 1499 3713 φιλαδελφία,
1528 3654 1589 3713 qna
1615 3654 1706 3706 vooe,
1734 3653 1773 3694 ex

357 3741 425 3804 φοι,
448 3723 537 3802 nnjue
557 3722 682 3784 verbnm
705 3724 760 3783 eit:
784 3723 916 3799 dimite,
939 3721 1022 3804 qnod
1075 3739 1185 3783 amora
1211 3731 1243 3783 et
1266 3724 1372 3801 {rotro
1394 3724 1576 3801 compositu,
1604 3720 1773 3800 significare

357 3811 429 3871 ttim
452 3809 597 3889 aequiter.
627 3808 741 3870 Seneue
762 3819 823 3871 eat:
851 3810 951 3889 Quum
967 3828 1022 3889 per
1076 3809 1176 3869 uolent
1202 3808 1339 3890 Apostoli
1367 3817 1502 3870 mutuum
1533 3807 1770 3870 Christianorum

357 3896 422 3970 lem,
445 3916 508 3975 qna
530 3895 661 3958 obeditio
683 3905 715 3958 et
736 3898 929 3977 aequioeoitie
946 3898 1020 3958 veri·
1076 3898 1154 3956 inter
1176 3898 1258 3977 ipeoe
1280 3914 1420 3957 amorem.
1452 3896 1527 3956 Nam
1550 3894 1661 3973 legitur
1683 3895 1774 3955 etiam

357 3985 387 4060 tt,
403 3982 639 4064 pnriiioaueritie
650 3985 766 4044 animae
779 3994 901 4057 reetraa,
918 3985 1021 4063 utique
1075 3983 1161 4044 Rom.
1177 3986 1234 4059 12„
1252 3988 1268 4045 1
1283 3984 1394 4044 These.
1409 3986 1438 4044 4.
1457 3989 1487 4041 et
1497 3981 1575 4042 Heb.
1591 3982 1640 4041 13.
1662 3981 1772 4042 Petrua

357 4069 489 4134 nundum
504 4070 571 4140 hoo,
586 4072 666 4152 qnod
682 4069 760 4130 idem
774 4071 935 4151 Apostolus
950 4069 1023 4130 dioit
1075 4078 1179 4131 autom
1201 4073 1233 4132 in
1254 4078 1382 4149 utraque
1398 4069 1538 4147 Epistola
1552 4065 1714 4128 identidem
1732 4069 1773 4129 in·

357 4167 388 4220 tt.
404 4159 473 4220 lo:
489 4158 570 4220 Fido
583 4156 762 4234 puriliooua
777 4159 875 4220 cordo
891 4176 1020 4232 aorum3
1075 4155 1184 4217 ouloat.
1207 4156 1302 4218 Addit
1326 4164 1442 4216 antem:
1468 4156 1615 4232 aimplioi,
1639 4173 1707 4216 nou
1729 4157 1773 4215 ai·

357 4242 481 4324 tiqnod
497 4243 545 4305 hia
568 4246 699 4305 activam
716 4244 797 4305 illam
819 4245 1021 4321 purificatio·
1074 4245 1209 4319 muloto,
1224 4242 1502 4323 nteignitioeteam
1518 4240 1717 4312 dilectionem.
1735 4240 1774 4303 de

357 4353 394 4395 on
411 4330 549 4392 attribuit
562 4331 743 4402 hominibus,
766 4330 829 4393 illio
844 4333 921 4393 Deo.
952 4331 1022 4410 Qua
1076 4350 1137 4408 qna
1153 4332 1287 4393 Joannee
1306 4335 1320 4390 1
1339 4329 1436 4410 Epist.
1450 4333 1496 4393 3.:
1512 4330 1586 4390 Nou
1601 4328 1773 4404 dilioomua

364 4437 402 4480 ra
417 4417 502 4479 nulia
526 4424 572 4479 eet
594 4420 812 4499 repugnantia3
836 4418 891 4479 eed
915 4437 1019 4497 ooope·
1078 4418 1182 4493 uerbo,
1197 4437 1300 4496 neque
1316 4417 1439 4493 linquo,
1463 4416 1516 4477 aad
1531 4433 1626 4492 opera
1641 4423 1671 4476 et
1685 4418 1772 4476 oeri-

357 4506 399 4567 tio
414 4503 939 4585 eignifloatorhumanaevoluntatis
955 4524 1021 4565 oum
1074 4511 1148 4565 tote.
1172 4507 1288 4566 Rurene
1304 4525 1370 4565 oum
1387 4502 1476 4565 dioit:
1499 4522 1538 4564 ex
1557 4520 1643 4579 petro
1665 4502 1771 4580 eorde,

357 4611 387 4655 to
402 4599 436 4654 ot
451 4590 508 4652 eub
522 4592 599 4653 Deo.
622 4593 693 4652 Nou
708 4593 788 4652 euim
804 4592 926 4653 eredere
942 4593 1020 4672 quie·
1075 4592 1209 4653 excindit
1233 4612 1364 4653 amorem
1387 4592 1534 4673 impurum
1557 4598 1589 4650 et
1613 4588 1774 4665 carnalem,

357 4699 414 4741 ram
430 4685 542 4760 ponet,
557 4687 611 4739 aut
624 4681 752 4740 animum
768 4698 854 4739 uuam
870 4678 1021 4741 eredendo
1075 4697 1111 4737 uo
1128 4680 1215 4740 eimnl
1229 4698 1347 4740 omnem
1370 4697 1447 4750 enm,
1471 4697 1530 4757 quo
1554 4677 1710 4755 proximue
1724 4698 1775 4737 no·

357 4765 490 4838 uiduata,
511 4765 571 4827 niti
585 4766 652 4826 Deo
676 4766 715 4826 ad
737 4765 813 4826 hoen
827 4767 945 4845 agendo
960 4765 1019 4825 effi·
1077 4773 1138 4825 oter
1152 4787 1212 4826 non
1227 4772 1350 4845 propter
1365 4766 1463 4825 Deum
1483 4763 1625 4842 diligitur.

357 4855 436 4916 niter
454 4869 523 4913 eum
545 4860 695 4923 movente,
718 4851 884 4932 quodvult
906 4851 1022 4912 additio
1120 4851 1278 4913 Caeterum
1295 4852 1367 4931 quia
1385 4851 1501 4913 Graece
1517 4871 1578 4911 non
1593 4857 1656 4912 eet:
1676 4841 1707 4910 du
1723 4866 1774 4928 φι-

357 4957 508 5008 aeeorum
519 4937 672 4999 eodioom:
689 4941 925 5016 perspiritum,
938 4938 1019 5000 vide·
1076 4933 1248 5017 λαδελφίᾳ,
1274 4942 1309 4999 iu
1332 4958 1442 5000 amora
1462 4941 1630 5018 somno,
1654 4937 1708 5000 eod
1728 4929 1775 5006 ti<

357 5034 391 5092 at
403 5033 555 5103 eamn,
577 5026 631 5108 qui
644 5026 730 5089 Deua
745 5034 800 5089 eat
1075 5020 1291 5105 φιλαδελφίαν,
1317 5028 1353 5089 in
1367 5026 1418 5089 val
1432 5026 1476 5088 od
1491 5044 1633 5089 umorem
1648 5026 1773 5107 froter-
