4442 5825
435 595 508 663 sou
897 592 942 649 a
1046 582 1314 687 mum..
1430 648 1433 653 .

432 769 521 822 taxat
547 762 579 822 in
604 762 662 823 isto
684 761 805 825 homins
826 763 882 824 hoc
905 781 996 825 sessu
1012 771 1131 844 etseq,
1182 781 1246 823 rem
1260 759 1312 823 rai
1323 779 1481 834 monerem,
1496 762 1564 840 ipse
1578 759 1645 822 ullo
1658 758 1783 821 honore
1793 757 1880 840 digna-

433 848 574 918 ambitio,
600 847 812 910 oraledioentia
836 851 865 910 in
881 849 1069 926 Apostolum,
1085 851 1128 912 in·
1182 857 1271 919 retur,
1283 857 1476 911 contemnens
1485 848 1630 909 nimirum
1641 855 1784 908 nostram
1795 858 1883 907 aucto

434 934 624 1011 hospitalitas
638 937 672 997 ln
682 955 830 1015 pauperes
843 932 972 1012 chrias,
986 934 1042 999 set
1055 936 1130 999 baec
1183 937 1309 1009 ritatem,
1324 945 1429 995 nostra
1442 933 1596 1005 mandata,
1608 935 1744 1006 monita,
1760 934 1883 993 consilia

433 1021 533 1080 omnia
548 1040 587 1080 ox
602 1020 776 1083 onarodice
790 1021 1010 1083 ridenturorta
1025 1018 1130 1097 inissa
1225 1020 1316 1101 Quod
1339 1031 1385 1081 eet
1406 1022 1439 1081 in
1465 1018 1618 1101 principio
1646 1020 1745 1099 hujus
1774 1039 1882 1081 sersus:

432 1107 571 1167 nirnirnm
587 1106 712 1169 haeresi.
734 1106 814 1168 Nam
827 1107 923 1169 fuisse
933 1109 1130 1181 haereticum,
1181 1108 1378 1184 &ripam
1399 1108 1534 1184 forsan,
1561 1105 1594 1168 id
1621 1106 1750 1168 Graeca
1772 1104 1884 1187 legitur:

434 1195 552 1253 omnino
569 1193 704 1267 ridetur,
729 1192 852 1257 ethano
866 1196 1037 1274 opinionem
1054 1195 1129 1257 indi·
1182 1193 1318 1272 Scripsi,
1334 1184 1464 1272 ἔγραψα.
1501 1190 1563 1254 Sed
1578 1203 1722 1274 utraque
1739 1192 1881 1254 leotiobo·

434 1292 482 1340 cat
505 1277 722 1352 Oecnmenius,
745 1280 887 1359 exprimit
907 1290 1007 1342 antem
1030 1281 1127 1341 Vena·
1182 1301 1253 1341 num
1282 1300 1404 1343 sensum
1430 1280 1537 1353 babet,
1565 1290 1596 1341 ot
1625 1288 1736 1360 potest
1761 1282 1883 1342 connecti

433 1366 534 1427 rabilis
550 1367 653 1438 Beda,
675 1377 707 1429 et
721 1387 759 1428 ex
775 1387 809 1427 eo
826 1367 885 1429 alii.
909 1366 1060 1428 Credibile
1075 1376 1129 1442 est,
1181 1366 1239 1429 hoc
1249 1367 1354 1428 modo:
1370 1365 1486 1446 Scripsi
1497 1367 1573 1427 aliae
1582 1367 1757 1427 Ecclesiae
1766 1379 1881 1440 rescae,

433 1452 528 1513 inisse
553 1455 723 1531 quempiam
748 1474 784 1514 ex
810 1453 869 1514 illis
890 1454 1018 1517 ludaeis
1040 1455 1129 1516 titulo
1181 1453 1237 1514 aad
1266 1452 1394 1529 frustra,
1424 1454 1565 1534 quoniam
1596 1454 1807 1533 Diotrephes,
1841 1457 1882 1534 qui

434 1549 521 1600 tenura
546 1535 737 1612 Christiania,
765 1541 818 1617 qni
844 1540 953 1601 Christi
976 1539 1063 1601 iidem
1086 1540 1131 1603 ita
1182 1541 1249 1601 istic
1272 1546 1407 1621 praerat,
1428 1540 1514 1601 nobis
1541 1537 1751 1616 adversatnr;
1779 1540 1880 1621 quade

433 1625 655 1707 suscipiendam
679 1625 839 1706 putabant,
861 1638 895 1688 nt
918 1627 1008 1688 simul
1026 1646 1128 1688 sorra·
1146 1642 1148 1646 '
1182 1648 1274 1688 musa
1288 1647 1369 1688 nunc
1383 1646 1443 1687 non
1457 1625 1565 1698 scribo,
1581 1628 1767 1706 scripturus
1780 1628 1880 1707 alioqui

433 1712 806 1783 raturloxoaeremouialis
818 1714 905 1774 Mosi.
928 1715 1039 1793 Neque
1050 1717 1128 1774 enim
1181 1713 1328 1781 fortassis.

433 1801 519 1860 initio
547 1794 738 1860 Christianae
760 1798 915 1878 religionis
939 1820 977 1862 ea
999 1801 1129 1876 majores
1226 1801 1276 1861 10.
1295 1801 1431 1877 Propter
1445 1802 1520 1876 boc,
1536 1798 1564 1861 sl
1579 1817 1727 1876 venero,
1753 1818 1878 1861 commo·

433 1884 511 1948 ullos
537 1887 566 1946 in
593 1885 728 1949 doctrina
752 1886 940 1947 adversarios
962 1906 1052 1966 passa
1075 1896 1129 1961 est,
1181 1887 1261 1948 acto
1276 1890 1342 1962 ejus
1358 1906 1474 1963 opera,
1499 1906 1581 1964 quos
1605 1887 1703 1964 socii.
1746 1888 1879 1949 Commo·

433 1993 524 2049 qoem
539 1975 613 2034 istos
627 1972 844 2049 Judaisantes3
858 1982 892 2033 nt
907 1993 945 2033 ex
958 1973 1129 2051 Epiphanio
1181 1974 1278 2048 acho,
1306 1966 1479 2051 ὑπομνήσω.
1516 1971 1606 2033 Idem
1634 1972 1785 2045 verbnm,
1811 1973 1876 2054 qual

433 2058 551 2120 discere
567 2078 732 2139 possumus,
748 2060 830 2121 haer.
847 2060 897 2120 28.
910 2064 960 2122 29.
973 2061 1033 2133 30,
1050 2080 1129 2141 quae
1182 2070 1231 2122 est
1253 2062 1285 2123 in
1308 2059 1444 2139 Epistola
1468 2060 1500 2120 R
1517 2058 1638 2131 dudae,
1668 2079 1751 2121 vora
1774 2060 1821 2134 5.,
1842 2059 1880 2121 nli

433 2154 504 2206 sont
532 2145 809 2219 Corinthianornm,
846 2146 1070 2207 Nazaraeorum
1101 2156 1129 2207 et
1181 2148 1257 2207 satis
1273 2146 1385 2225 liquet,
1411 2146 1489 2206 idem
1512 2145 1641 2218 valere,
1669 2147 1760 2226 qnod
1782 2146 1811 2208 in
1831 2167 1878 2207 ne

431 2231 649 2295 Ebionitarum.
680 2232 796 2293 Horum
812 2231 1042 2294 Judaiaanrium
1065 2254 1127 2295 ma·
1181 2235 1306 2294 moriam
1323 2233 1479 2306 reducere,
1502 2234 1686 2293 memoriam
1703 2234 1796 2295 alicui
1810 2232 1877 2293 refri-

432 2319 542 2398 gistros
557 2318 636 2379 solet
651 2319 763 2380 Paulus
785 2318 942 2398 appellare
960 2319 1127 2399 pseudapo·
1182 2340 1268 2393 care,
1295 2322 1467 2400 quempiam
1492 2318 1773 2381 commonefacere
1803 2319 1875 2399 Quae

432 2404 533 2465 stoloa.
557 2404 618 2484 Qui
634 2407 740 2483 utique
753 2409 833 2466 veris
845 2403 956 2466 Christi
973 2405 1129 2485 discipulis
1182 2409 1303 2486 propria
1323 2407 1389 2485 ejus
1416 2406 1500 2465 vorbi
1523 2406 1715 2485 significatio
1739 2408 1803 2468 huic
1821 2406 1875 2465 loco

434 2489 545 2571 legalia
575 2492 814 2571 negligentibus,
852 2500 881 2552 et
907 2494 988 2552 reris
1015 2490 1129 2553 Christi
1181 2492 1272 2555 valde
1288 2493 1431 2572 quadrat,
1448 2493 1673 2554 utsensusait:
1702 2493 1740 2553 Si
1755 2496 1875 2555 istosne

431 2578 593 2656 Apostolis,
607 2579 811 2651 cessationem,
827 2580 887 2638 imo
904 2599 1013 2638 noxam
1028 2599 1127 2640 caere·
1180 2582 1285 2640 venire
1301 2583 1471 2660 contingat,
1493 2577 1650 2638 refricabo
1671 2578 1816 2642 fidelibus
1828 2600 1873 2640 ns

432 2665 570 2725 monialis
585 2675 652 2744 post.
667 2664 852 2744 divulgatum
866 2666 1061 2744 Evangelium
1077 2665 1126 2726 ob·
1181 2671 1304 2727 moriam
1325 2684 1534 2746 eorumquae
1555 2685 1657 2745 prave
1687 2669 1756 2747 agit
1776 2669 1873 2728 Diotre

431 2753 611 2812 servationis
626 2768 747 2812 strenue
763 2751 1020 2830 praedicantibus,
1043 2762 1130 2814 erant
1182 2753 1263 2833 phos.
1288 2750 1872 2835 VulttamenApostolusintelligi,quod

433 2837 635 2909 infestissimi,
660 2849 693 2899 ut
708 2858 746 2898 ex
762 2839 847 2900 Actis
863 2838 1074 2918 Apostolorum
1098 2848 1129 2899 et
1181 2840 1270 2900 simul
1296 2859 1332 2900 ea
1357 2838 1518 2919 redarguet
1543 2859 1648 2900 coram
1676 2840 1874 2915 Ecclesia,ai

432 2946 471 2987 ex
499 2925 634 2987 Paulinis
664 2926 813 3007 Epistolis
851 2926 1039 2988 manifestum
1073 2935 1127 2987 est.
1181 2928 1266 3006 cujus
1282 2928 1413 3000 intersit,
1439 2947 1533 3008 prava
1549 2926 1617 3004 ejus
1635 2926 1728 2988 facta
1744 2925 1874 3008 redargui

431 3015 541 3089 anue
566 3012 603 3075 do
629 3034 722 3075 causa
752 3015 917 3075 verisimile
943 3023 1004 3085 est,
1038 3016 1128 3075 istum
1181 3015 1262 3075 Inter
1277 3022 1396 3076 caetera
1419 3026 1520 3074 autem
1535 3027 1818 3078 commemorantur
1828 3011 1874 3075 dno

431 3100 621 3181 Diotrephan
642 3120 711 3162 sese
732 3100 910 3162 malevolum
935 3112 965 3162 et
989 3100 1127 3164 infestum
1180 3101 1238 3163 boc
1263 3101 1347 3175 loco,
1372 3099 1474 3162 verbis
1501 3101 1646 3180 proxime
1672 3101 1874 3179 sequenhbus3

430 3185 605 3267 praebuisse
631 3187 743 3249 Joanni
776 3187 939 3268 Apostolo,
976 3190 1128 3269 fuisseque
1181 3209 1306 3270 quorum
1330 3189 1412 3269 prius
1434 3195 1496 3259 est,
1524 3189 1616 3247 istius
1639 3187 1782 3251 bominis
1803 3188 1874 3250 male

431 3283 584 3346 conatum,
615 3282 648 3334 nt
673 3274 866 3336 Judaismum
891 3277 922 3336 in
949 3276 1128 3349 Ecclesiam,
1180 3275 1315 3337 dicentia
1343 3277 1375 3336 in
1403 3283 1517 3335 tantum
1548 3272 1671 3338 Christi
1713 3276 1874 3358 Apostolum

431 3362 480 3421 cui
496 3371 647 3437 praeerat,
674 3362 884 3423 introduceret
921 3363 990 3423 Hoc
1004 3361 1043 3423 de
1057 3362 1128 3423 bae·
1180 3362 1340 3423 Joannem.
1370 3361 1488 3435 Verbis,
1504 3362 1556 3433 ait,
1572 3362 1739 3438 malignis
1748 3368 1874 3441 garriat

430 3449 490 3509 resi
507 3449 611 3522 ipsius.
1180 3452 1216 3510 ira
1228 3466 1303 3525 aot,
1331 3446 1362 3509 id
1377 3457 1422 3508 est
1443 3448 1528 3509 nobis
1551 3446 1754 3523 obtrectans,
1781 3447 1876 3512 nonni

474 3535 576 3614 Hnjos
591 3534 720 3596 bominis
736 3534 927 3597 ambitionem
948 3544 1032 3596 notat
1048 3536 1127 3616 Apo·
1179 3544 1281 3596 nostro
1297 3534 1473 3611 detrabens;
1495 3554 1531 3595 oo
1546 3534 1670 3596 scilicet
1687 3536 1766 3612 fine,
1782 3547 1815 3598 nt
1826 3539 1878 3618 ipse

430 3621 524 3682 stolus
539 3620 598 3682 illis
613 3622 726 3682 verbis:
742 3624 793 3697 Is,
821 3625 876 3697 qui
899 3631 988 3683 umet
1003 3625 1127 3698 prima·
1180 3623 1219 3683 sit
1234 3623 1264 3683 in
1281 3623 1385 3702 pretio,
1401 3629 1432 3682 et
1446 3620 1588 3682 audiatur
1604 3643 1625 3682 a
1640 3622 1801 3697 fidelibus,
1816 3641 1876 3703 quas

431 3716 498 3770 snm
513 3728 621 3783 perere
636 3711 672 3769 ia
684 3713 744 3782 sis,
763 3710 849 3787 quasi
866 3707 960 3769 dicat:
985 3709 1045 3788 Qui
1061 3728 1128 3769 sess
1180 3710 1264 3788 cupit
1274 3706 1421 3782 seductos.
1445 3709 1498 3769 Est
1509 3714 1616 3769 antem
1630 3709 1794 3782 credibile,
1803 3712 1878 3791 jorts

430 3795 461 3857 in
477 3795 695 3874 praefecturam
717 3796 798 3858 illius
813 3795 972 3856 Ecclesiae
996 3796 1126 3856 insinua·
1180 3814 1224 3867 es,
1241 3814 1319 3875 quac
1333 3793 1414 3856 dicta
1429 3803 1498 3856 suut
1509 3793 1697 3857 adversum
1712 3799 1876 3877 praecolen-

431 3884 475 3942 vit
489 3892 520 3942 et
534 3885 667 3962 ingessit,
685 3902 784 3961 eaque
796 3882 982 3963 praefectura
997 3881 1126 3943 delecta·
1180 3890 1256 3954 tem,
1283 3883 1373 3942 istam
1400 3880 1503 3942 eadem
1530 3880 1649 3943 dixisse
1679 3886 1715 3946 in
1743 3885 1876 3947 Joanncn

431 3976 479 4029 tur
493 3978 647 4041 tamqnam
671 3989 779 4048 magno
803 3969 932 4047 quodam
954 3968 1049 4044 bon03
1076 3969 1128 4048 qni
1180 3968 1375 4047 Apostolum,
1391 3988 1471 4047 quae
1482 3966 1723 4048 pseudapostoli
1736 3972 1875 4052 judaiun-

431 4054 545 4134 gaudet
554 4074 712 4134 praeesse,
728 4078 788 4117 non
804 4065 837 4116 nt
852 4056 961 4136 prosit,
986 4054 1039 4115 ssd
1056 4057 1129 4136 qnia
1181 4066 1226 4116 tes
1244 4056 1387 4117 dixerunt
1408 4056 1437 4115 iu
1457 4055 1582 4115 Petrum
1608 4065 1640 4116 et
1658 4057 1797 4121 Paulum
1814 4063 1873 4138 spo

431 4140 546 4219 pando
560 4142 673 4217 aliquid
691 4151 778 4222 potat
792 4140 869 4202 istud
886 4161 1042 4220 praeesse,
1068 4144 1128 4201 imo
1181 4140 1291 4210 stolon,
1307 4144 1339 4203 in
1355 4141 1539 4220 Stephanum
1555 4139 1835 4226 protomartyrem,
1856 4152 1876 4204 at

431 4230 502 4307 qnia
524 4247 562 4288 ea
581 4227 770 4302 praefectura
793 4228 925 4289 abutitur
944 4227 985 4289 ad
1007 4247 1127 4307 gregem
1180 4228 1359 4308 generaliter
1375 4229 1405 4289 in
1424 4247 1527 4290 omnes
1542 4226 1663 4292 Christi
1680 4230 1812 4296 Domini
1825 4250 1875 4312 gra·

431 4314 541 4374 Christi
566 4315 754 4377 inficiandum
787 4317 955 4396 perniciosa
980 4314 1126 4376 doctrina.
1181 4317 1253 4375 tiam
1276 4327 1308 4376 et
1330 4313 1533 4376 Christianam
1559 4313 1749 4382 libertatem
1777 4322 1877 4382 sineere

430 4400 578 4480 Ejusdem
594 4402 784 4463 ambitionem
809 4411 839 4463 et
859 4401 1126 4463 insolentissimam
1181 4399 1406 4480 praedicantes:
1440 4419 1508 4462 esse
1537 4419 1591 4462 eos
1631 4404 1781 4468 inimicos
1809 4404 1874 4484 loga

431 4488 601 4568 superbiam
628 4488 783 4550 declarant
808 4497 838 4550 st
864 4489 916 4549 illa
942 4488 1035 4550 verbs
1061 4508 1127 4566 pro·
1180 4490 1318 4549 inimicos
1333 4488 1425 4562 Mori,
1451 4487 1552 4547 bostes
1571 4490 1685 4571 templi
1702 4495 1820 4565 sancti,
1837 4491 1875 4551 bo

430 4575 525 4635 xima:
556 4577 629 4637 Non
652 4578 766 4652 recipis
784 4594 859 4650 ries,
892 4575 998 4637 idest:
1029 4574 1127 4635 Nihili
1180 4586 1241 4636 stes
1257 4576 1351 4655 ipsius
1368 4576 1442 4652 Dei,
1469 4575 1571 4652 utqui
1597 4576 1769 4652 docerent,
1796 4581 1874 4658 lage!

430 4659 503 4722 facit
519 4679 675 4738 personam
691 4674 840 4735 nostram,
864 4671 996 4724 nostrum
1018 4679 1126 4722 monus
1181 4662 1426 4735 ceremonialom,
1452 4658 1613 4740 divulgato
1641 4663 1764 4728 Christi
1791 4667 1872 4728 Erae·

430 4747 654 4823 Apoamlicum,
670 4771 728 4826 quo
744 4749 912 4828 fungimur,
932 4756 1063 4810 nostrum
1079 4766 1125 4808 ec·
1180 4748 1268 4827 gelio,
1281 4749 1429 4810 nemiuem
1440 4746 1596 4826 obligare,
1610 4752 1675 4813 imo
1689 4772 1762 4818 esse
1773 4752 1874 4815 norun

432 4834 630 4896 clesiasticum
648 4837 860 4916 principatum,
876 4856 963 4916 quem
979 4843 1043 4894 tota
1056 4834 1129 4895 Asia
1181 4835 1357 4906 observatu,
1375 4841 1481 4916 utpote
1496 4834 1595 4898 falsae
1610 4837 1873 4918 significationes

431 4929 606 4981 reverentur
627 4925 768 5002 suscipit;
792 4921 921 5000 ideoque
940 4942 998 4983 neo
1019 4922 1128 5001 episto·
1181 4923 1305 4982 materis
1335 4921 1420 4998 fidei,
1459 4921 1547 5002 quasi
1581 4922 1731 4990 Christus
1761 4923 1873 4990 nomia·

431 5003 479 5069 las
493 5016 624 5084 nostras,
649 5010 838 5092 quibusoam
853 5007 1021 5074 Ecclesiam
1038 5006 1126 5070 doce·
1182 5009 1305 5072 venerit
