4442 5825
319 620 321 623 -
430 583 503 651 230
894 630 898 639 .
943 582 1358 642 mmmmm&

429 749 527 813 dicat:
553 750 690 817 Omnino.
727 754 841 818 Sensus
861 757 952 837 igitur
972 758 1050 820 idem
1077 768 1124 821 eat
1176 761 1246 824 Non
1269 768 1369 822 cesmt
1390 766 1489 820 autem
1510 757 1624 835 offerri;
1649 777 1722 838 ergo
1743 777 1805 820 non
1819 779 1870 839 po·

428 840 586 920 utriusque
605 841 760 918 lectionis3
782 862 906 924 nempe,
931 864 1051 908 cessare
1072 846 1125 908 de·
1176 857 1234 910 test
1250 850 1347 910 Deum
1363 847 1476 907 bomini
1493 847 1663 926 propitiare.

428 924 530 987 buisee
544 928 688 989 sacrificia
709 927 803 1007 legis,
825 931 850 990 si
867 933 1038 1009 potuissent
1052 933 1122 994 ode·
1218 936 1311 996 Hanc
1321 934 1517 1014 posteriorem
1539 932 1743 1011 objectionem
1755 931 1815 993 sibi
1828 929 1871 993 ia-

428 1020 531 1074 rentes
546 1013 646 1075 iacere
661 1015 817 1094 perfectos.
855 1015 985 1080 Nostrae
1003 1020 1124 1080 lectioni
1175 1023 1258 1082 ciunt
1280 1041 1384 1082 omnes
1410 1019 1475 1080 iere
1501 1028 1747 1080 commentatores
1774 1018 1871 1080 ortho-

429 1099 627 1179 suffragantur
642 1103 740 1181 Regia
749 1101 856 1175 biblia,
872 1111 901 1164 et
915 1105 1123 1186 interpretatio
1175 1107 1265 1186 doxi;
1299 1107 1472 1169 nominatim
1499 1104 1745 1185 chrysostomus,
1774 1104 1871 1166 'ibeo-

429 1184 564 1266 Syriaca
586 1187 637 1250 Sic
652 1189 741 1250 etiam
760 1189 902 1252 cohaeret
917 1192 966 1266 id,
981 1192 1061 1272 qnod
1077 1213 1122 1254 se·
1175 1194 1348 1275 phylactus,
1364 1192 1565 1254 Oecnmenius
1581 1202 1612 1258 et
1627 1193 1668 1265 is,
1684 1192 1736 1271 qui
1752 1191 1872 1252 titulum

329 1300 332 1305 ·
428 1275 546 1354 quitur:
1175 1285 1254 1361 gerit
1275 1280 1440 1353 Ambrosii,
1472 1299 1509 1341 ae
1534 1280 1643 1340 caeteri
1668 1278 1787 1350 Latini,
1817 1278 1871 1338 bos

471 1360 548 1422 Ideo
578 1362 663 1437 quod
692 1362 817 1423 nullam
851 1365 1003 1426 baberent
1033 1366 1123 1426 ultro
1174 1370 1280 1428 secuti.
1303 1366 1374 1447 Qua
1388 1387 1425 1427 ex
1440 1386 1474 1427 re
1488 1365 1560 1427 iicet
1574 1353 1759 1444 intelligere,
1774 1384 1873 1441 neque

428 1449 651 1511 conscientiam
687 1452 810 1524 peccati
852 1453 987 1513 cultores
1029 1453 1123 1513 semel
1175 1475 1293 1526 novam,
1308 1473 1409 1532 neque
1424 1453 1615 1532 improvisam
1627 1470 1693 1513 ease
1708 1449 1787 1510 banc
1801 1448 1871 1511 bae·

427 1533 586 1596 madert.
624 1536 767 1611 Peccati,
794 1536 909 1598 Graece
931 1545 961 1599 et
981 1537 1122 1618 Syrisce:
1176 1542 1335 1601 reticorum
1344 1540 1558 1618 objectionem,
1575 1546 1605 1598 et
1615 1536 1795 1615 intelligitur
1806 1537 1874 1600 binc

423 1629 635 1698 peccatorum.
649 1621 805 1697 Cetturae,
815 1623 944 1685 Graece:
958 1619 1123 1702 λατρεύον-
1175 1627 1250 1688 illud
1274 1628 1453 1706 praecipuo,
1481 1644 1573 1704 quam
1598 1623 1715 1685 illustre
1738 1625 1871 1685 testimo·

428 1722 499 1784 τες,
522 1707 673 1782 colentes,
700 1712 917 1771 ministrantes
924 1735 936 1788 ,·
961 1713 1121 1775 Erasmus:
1173 1714 1256 1775 nium
1272 1714 1462 1793 antiquitatis
1482 1710 1594 1773 habeat
1613 1711 1794 1772 sacrificium
1809 1730 1870 1773 cor

427 1797 483 1874 qui
496 1794 739 1873 mentiremur,
761 1797 921 1857 Anselmus
935 1817 1055 1880 quoqne
1069 1816 1123 1858 aa·
1174 1803 1257 1881 poris
1279 1809 1310 1861 et
1332 1799 1488 1879 sanguinis
1503 1798 1640 1870 Domini,
1667 1795 1748 1878 qnod
1768 1797 1800 1857 in
1814 1797 1871 1859 Ec-

427 1881 619 1958 criptentorea
634 1885 776 1961 exponit,
798 1883 847 1943 bic
862 1885 940 1945 enim
963 1884 1061 1946 cultus
1077 1886 1120 1945 in·
1175 1885 1269 1948 ciesia
1283 1887 1421 1959 offertur,
1436 1882 1559 1967 quando
1574 1892 1690 1945 veteres
1705 1883 1799 1964 hujus
1813 1883 1871 1947 loci

426 1967 581 2047 telligitur.
604 1965 747 2030 Probatio
762 1970 832 2031 telis
847 1978 910 2031 est:
936 1972 970 2032 st
984 1970 1060 2050 legis
1074 1991 1120 2031 sa-
1175 1982 1353 2035 tractetores
1369 1981 1429 2032 tam
1445 1970 1574 2032 sollicite
1592 1979 1739 2032 conantur
1753 1968 1871 2033 diluere

427 2054 542 2116 crificia
557 2056 725 2134 potuissent
739 2054 896 2117 offerentes
910 2059 1067 2139 perticere,
1090 2066 1123 2118 et
1175 2059 1257 2140 qnod
1272 2061 1416 2122 adversus
1432 2056 1509 2119 illud
1523 2078 1562 2118 ex
1574 2057 1621 2119 his
1635 2057 1739 2118 verbis
1754 2066 1873 2138 poterat

426 2159 445 2201 a
456 2142 588 2221 peccatis
600 2141 754 2217 mundare,
762 2143 826 2220 jam
839 2145 1001 2207 desiissent
1012 2144 1119 2206 offerri.
1175 2146 1275 2226 objici.

425 2225 526 2291 Semel
542 2229 619 2289 enim
633 2248 687 2309 per
702 2249 802 2290 eorum
814 2230 996 2292 oblationem
1011 2233 1120 2292 saneti·
1218 2234 1400 2314 Priusquam
1416 2239 1518 2292 autem
1533 2230 1579 2290 hia
1592 2229 1814 2309 objectionibus
1827 2249 1870 2291 re·

425 2314 505 2375 ficati
520 2322 551 2375 et
564 2334 583 2374 a
597 2318 730 2395 peccatis
748 2315 885 2376 mundati
908 2319 1039 2379 cultores
1054 2318 1120 2378 nul·
1175 2318 1373 2399 spondeatur,
1390 2315 1621 2389 ostendendum,
1637 2324 1752 2397 quanta
1766 2317 1870 2378 absur-

425 2400 484 2463 lam
508 2402 637 2482 amplius
658 2402 805 2465 baberent
826 2406 1037 2466 conscientiam
1053 2424 1119 2483 pec·
1175 2408 1253 2468 ditas
1269 2425 1321 2467 eos
1336 2413 1493 2484 sequatur,
1510 2405 1564 2483 qui
1577 2403 1668 2463 Pauli
1680 2406 1870 2476 sententiam,

426 2497 576 2561 catorum,
612 2500 734 2570 propter
762 2509 842 2570 quae
870 2493 1017 2554 sacrificiu
1045 2492 1122 2571 ipsis
1174 2512 1234 2574 qua
1257 2489 1296 2553 ex'
1318 2492 1496 2571 repetitione
1517 2489 1654 2552 sacrificii
1671 2489 1787 2570 colligit
1803 2490 1871 2570 ejus

425 2573 588 2656 repetenda
617 2576 724 2637 iurent.
765 2579 862 2655 Atqui
890 2598 949 2639 non
979 2579 1123 2639 desinunt
1175 2579 1377 2648 inefficaciam,
1394 2579 1435 2637 itu
1451 2578 1542 2637 crude
1553 2576 1714 2654 accipiunt,
1729 2585 1763 2638 ut
1778 2577 1871 2638 verba

425 2662 539 2737 offerri3
561 2661 612 2722 lex
627 2664 706 2723 enim
720 2664 882 2744 praecipit,
905 2685 941 2726 ea
956 2667 1052 2745 repeti
1067 2684 1123 2743 per
1174 2669 1270 2748 primo
1285 2663 1387 2726 auditu
1403 2672 1520 2723 sonant.
1552 2664 1675 2724 Etenim
1689 2663 1718 2724 si
1732 2665 1871 2746 repetitio

425 2748 559 2827 singulos
581 2768 692 2825 annos3
720 2768 790 2828 ergo
812 2770 974 2830 numquam
999 2758 1122 2831 possunt
1175 2752 1310 2813 sacrificii
1328 2752 1426 2830 arguit
1450 2751 1516 2828 ejus
1539 2749 1733 2810 inefficaciam
1759 2747 1800 2810 ad
1813 2749 1868 2812 tol·

425 2835 556 2896 cultores
571 2836 636 2896 sive
650 2836 1004 2916 offerentesperficereot
1019 2858 1037 2897 a
1053 2856 1121 2917 pec·
1174 2838 1296 2902 lendum
1318 2849 1489 2917 peccatum,
1515 2834 1623 2897 eadem
1649 2836 1707 2896 erit
1729 2836 1807 2897 ratio
1834 2837 1870 2897 de

425 2924 499 2984 catis
513 2921 667 2985 mandere.
689 2922 738 2984 Ita
753 2924 872 3004 quidem
889 2926 1062 3003 Apostolus.
1174 2927 1241 2988 aliie
1256 2925 1393 2986 remediis
1408 2924 1447 2985 ad
1459 2924 1665 3005 purgationem
1677 2933 1872 3004 peccatorum

467 3008 529 3072 Sed
550 3007 630 3090 qnod
649 3011 679 3070 in
702 3010 758 3070 bac
781 3015 1041 3091 argumentatione
1062 3014 1120 3092 pri·
1174 3013 1316 3075 divinitus
1339 3012 1501 3085 ordinetis,
1527 3020 1561 3070 ut
1584 3017 1654 3070 eunt
1674 3029 1768 3091 opera
1789 3011 1871 3086 iidei,

424 3116 506 3159 mum
521 3098 664 3171 sumitur,
688 3117 827 3177 magnam
850 3118 885 3158 ae
904 3098 1054 3160 difficilem
1071 3099 1120 3159 ba·
1173 3102 1245 3180 spei,
1261 3099 1400 3168 caritatis,
1413 3098 1625 3178 poenitentiae,
1640 3098 1871 3172 misericordiae,

423 3184 479 3245 bet
493 3186 716 3264 quaestionem:
733 3203 792 3262 quo
807 3193 895 3266 pacto
907 3204 1012 3247 uerum
1027 3187 1073 3259 sit,
1090 3194 1122 3245 et
1174 3188 1269 3250 oratio
1282 3185 1442 3246 Dominica
1453 3193 1545 3265 etque
1556 3185 1655 3262 ipsum
1667 3186 1872 3263 poenitentiae

423 3290 515 3355 quam
540 3279 621 3332 recte
645 3270 786 3351 probetur
811 3273 1030 3352 patrationem
1053 3273 1119 3332 aub-
1173 3282 1400 3334 sacramentnm.
1425 3270 1514 3351 Quae
1529 3270 1627 3331 omnia
1641 3269 1871 3350 frequentantur

420 3361 566 3440 junctam.
599 3358 712 3420 Dicent
726 3361 804 3420 enirn
820 3360 968 3433 Hebraei,
994 3359 1119 3439 singulis
1173 3380 1192 3420 a
1220 3358 1374 3432 fidelibus,
1405 3366 1440 3417 ut
1465 3378 1519 3439 per
1543 3358 1618 3417 baec
1643 3359 1751 3419 iterum
1776 3368 1872 3439 atque

423 3448 526 3518 annis,
552 3445 610 3505 imo
633 3446 760 3526 singulis
789 3446 897 3507 diebus
920 3446 1039 3508 easdem
1067 3446 1118 3505 ho·
1174 3449 1280 3507 iterum
1303 3467 1321 3506 a
1343 3446 1477 3524 peccatis
1496 3443 1703 3506 emundentur.
1742 3445 1871 3525 Quoties

423 3535 496 3595 stiae
511 3532 677 3594 secundum
699 3532 799 3612 legem
822 3533 937 3607 offerri,
962 3554 1022 3595 non
1037 3532 1118 3613 quod
1173 3535 1252 3594 onim
1281 3534 1487 3611 peccavimus,
1519 3531 1725 3592 remissionem
1754 3532 1872 3612 peccati

423 3621 595 3682 offerentem
611 3639 630 3678 a
646 3620 775 3697 peccatis
797 3620 943 3689 mundare
958 3628 1119 3699 nequeant,
1172 3620 1356 3701 quaerimus,
1384 3617 1542 3679 excitando
1558 3619 1590 3678 in
1604 3618 1690 3679 nobis
1705 3618 1796 3680 fidem
1809 3638 1870 3682 me·

422 3706 478 3768 aed
493 3707 578 3788 qnia,
605 3706 753 3785 prioribus
776 3706 922 3779 remissie,
947 3726 1028 3766 nova
1048 3706 1117 3765 sub·
1173 3706 1297 3768 dietoris
1313 3726 1378 3766 eum
1400 3704 1512 3765 fiducia
1530 3703 1736 3783 impetrandae
1751 3708 1871 3779 venias,

423 3792 494 3856 iude
516 3802 644 3873 peccata
666 3793 903 3863 committantur,
930 3812 1010 3872 quae
1033 3793 1119 3852 novis
1173 3803 1202 3854 st
1216 3791 1255 3854 ad
1269 3813 1360 3872 opera
1375 3793 1523 3866 caritatis,
1547 3792 1763 3871 poenitentiae,
1783 3792 1868 3854 mise

423 3881 576 3942 sacrificiis
591 3880 650 3938 sint
669 3878 830 3957 expianda.
868 3878 988 3940 Deinde
1003 3880 1029 3939 si
1045 3899 1119 3939 vera
1172 3879 1319 3940 ricordiae
1348 3880 1544 3952 recurrimus,
1573 3886 1694 3957 pactum
1725 3880 1870 3944 orationis

424 3976 471 4030 eet.
483 3965 622 4048 Apostoli
643 3966 806 4045 propositio
827 3974 858 4027 et
872 3965 951 4026 bona
967 3966 1035 4043 ejus
1051 3985 1117 4044 pro·
1172 3965 1348 4027 Dominicae
1360 3964 1556 4040 obtendimus,
1568 3964 1719 4026 dicentes:
1734 3968 1872 4030 Dimitte

422 4054 522 4125 batio,
545 4054 611 4133 pari
625 4050 739 4112 ratione
754 4051 925 4127 docebitur,
945 4053 1057 4113 Missae
1071 4070 1117 4112 sa
1171 4053 1262 4115 nobie
1277 4052 1383 4112 debita
1398 4059 1525 4128 nostre,
1548 4054 1628 4113 sicut
1644 4060 1674 4113 et
1686 4070 1747 4114 nos
1760 4054 1873 4114 dimit-

423 4141 581 4213 crificium,
597 4137 677 4218 qnod
692 4139 722 4199 in
737 4139 872 4200 Ecclesia
887 4138 1045 4200 catholica
1060 4138 1118 4199 ire·
1172 4144 1267 4201 umus
1281 4138 1475 4201 debitoribus
1485 4142 1610 4200 nostris.
1646 4138 1789 4219 Denique
1803 4161 1872 4202 con-

424 4235 602 4308 qusntatur,
632 4224 745 4287 nullam
770 4225 882 4288 habere
907 4227 967 4286 vim
990 4226 1118 4292 sanctiti-
1172 4227 1304 4305 fugimus
1318 4224 1358 4285 ad
1373 4233 1591 4287 sacramentum
1611 4227 1872 4302 reconciliationis,

424 4312 527 4387 caudi,
553 4332 610 4374 nec
626 4331 692 4373 esse
706 4313 963 4392 propitiatorium,
990 4311 1022 4372 id
1037 4312 1119 4392 quod
1172 4312 1255 4394 qnod
1270 4330 1373 4384 nemo,
1388 4313 1444 4372 nisi
1457 4313 1656 4385 Novatianus,
1671 4315 1771 4393 repeti
1782 4333 1873 4394 posse

423 4400 568 4466 haeretici
584 4401 677 4460 nostri
692 4401 835 4479 temporis
846 4399 1039 4460 vehementer
1049 4419 1115 4459 con·
1173 4407 1273 4479 neget.
1296 4398 1382 4460 Haec
1398 4407 1500 4460 autem
1515 4400 1616 4460 omnia
1631 4398 1761 4473 trustra,
1786 4402 1872 4463 aire·

423 4489 565 4564 tendunt,
589 4486 648 4548 boc
671 4486 812 4565 Apostoli
840 4487 907 4547 loco
933 4487 1120 4567 potissimum
1172 4487 1305 4547 medium
1332 4504 1370 4545 ex
1394 4504 1430 4546 eo
1446 4486 1583 4546 inefficax
1606 4494 1653 4546 eet
1667 4484 1708 4547 ad
1722 4490 1872 4550 mmitten·

423 4569 566 4643 nitentes.
598 4572 693 4647 Nam,
707 4573 862 4652 inquiunt,
889 4593 956 4634 cum
970 4572 1119 4654 Apostolo
1173 4572 1244 4633 dum
1270 4580 1441 4653 peccatum,
1467 4575 1540 4653 quia
1561 4571 1690 4634 subinde
1711 4576 1872 4655 repetitum

424 4662 469 4723 sic
493 4662 718 4722 ratiocinamur:
744 4659 778 4721 Si
803 4660 916 4721 Missae
942 4661 1119 4722 sacrificium
1173 4678 1241 4720 cum
1260 4658 1457 4720 haecomnia
1479 4657 1701 4740 eutpleraque
1724 4680 1826 4724 eorum
1841 4662 1872 4722 in

424 4757 528 4828 posset
541 4748 639 4814 Deum
655 4744 765 4806 bomini
779 4748 930 4824 peccatori
944 4749 1119 4828 propitiare,
1172 4746 1336 4823 scripturis
1364 4746 1454 4806 etiam
1483 4745 1633 4806 sacrificia
1656 4757 1815 4821 voantur,
1841 4754 1872 4808 ut

420 4835 485 4914 jam
515 4840 664 4896 oeuaaset
699 4832 814 4905 offerri,
850 4843 1009 4915 propterea
1038 4831 1121 4914 qnod
1172 4832 1347 4893 sacrificium
1363 4834 1515 4905 orationis,
1530 4834 1652 4911 spiritns
1667 4834 1871 4908 contribulati,

424 4919 514 4982 bomo
535 4919 626 4981 murel
647 4940 666 4980 a
685 4928 810 5001 peceato
832 4920 1120 4983 munderuennllan
1173 4917 1269 4981 cordis
1284 4918 1405 4979 contriti
1427 4928 1459 4980 et
1480 4918 1644 4993 humiliati,
1669 4920 1741 4984 ile·
1760 4921 1871 4986 teum·

424 5005 554 5088 amplius
587 5005 714 5072 habuc
747 5008 958 5073 conscientiam
992 5008 1119 5091 pcccati
1172 5007 1307 5084 oeutiae,
1332 5003 1432 5076 laudis
1458 5015 1490 5068 et
1516 5004 1728 5084 confessionis,
1755 5010 1790 5074 in
1814 5008 1871 5100 liae
