4442 5825
666 695 670 701 Ι
788 622 953 685 srrssotas
969 623 1010 679 su
1028 621 1194 702 messos
1228 620 1312 687 itt-t
1330 620 1356 674 t
1374 619 1399 702 7·
1738 622 1809 693 sol

365 799 457 860 ilium
469 801 506 859 in
513 799 757 861 tabernaculum
770 801 949 860 testimonii.
966 798 1063 860 orm-
1116 797 1195 879 puli;
1210 798 1366 878 utriusque
1382 814 1453 857 vero
1465 793 1644 874 sanguinem
1659 789 1769 854 inierat
1782 792 1813 854 in

365 906 424 963 que
448 889 619 949 innocent
644 887 779 962 diuitum
804 889 840 947 in
862 889 1063 961 susspuinem,
1117 885 1333 957 sanctuarium,
1357 889 1393 942 ut
1413 880 1489 942 illud
1512 900 1547 941 eo
1562 889 1704 960 aspergat
1719 887 1813 960 atque

366 981 513 1050 asperpet
537 992 609 1034 eam
634 976 745 1049 septies
772 992 879 1035 corum
909 976 1062 1047 Domino,
1117 970 1268 1032 emundet.
1304 969 1393 1031 Unde
1422 969 1471 1028 bic
1501 967 1622 1028 dicitur:
1651 986 1720 1029 non
1745 969 1812 1028 sine

365 1068 481 1125 contro
504 1061 610 1121 uelum
635 1063 831 1135 sanctuarii,
849 1068 1011 1136 ponetque
1026 1059 1065 1120 de
1116 1060 1280 1134 sanquine.
1312 1056 1383 1138 Qua
1406 1061 1491 1136 parte
1511 1057 1598 1115 suam
1621 1053 1813 1116 subindicare

366 1147 472 1209 eodan
497 1150 654 1222 wopaina
679 1167 775 1224 super
800 1165 925 1210 cornua
950 1149 1065 1208 altaris
1117 1146 1214 1205 voluit
1227 1144 1408 1224 Apostolus,
1428 1144 1602 1223 sangninem
1618 1141 1701 1202 illum
1716 1140 1813 1202 iuiss'e

365 1237 593 1308 thymiamatis.
638 1233 730 1314 Quod
753 1237 849 1314 ipsum
876 1255 945 1295 mox
972 1236 1063 1295 etiam
1117 1240 1224 1312 typum
1240 1231 1394 1312 sanguinis
1409 1227 1530 1302 Christi,
1547 1248 1605 1309 quo
1621 1226 1814 1290 emundanda

361 1323 491 1400 jubetur
508 1322 571 1381 fieri
591 1320 630 1382 de
644 1322 789 1383 sacrificio
808 1321 910 1381 oblato
927 1342 980 1400 pro
997 1340 1062 1400 pec·
1117 1327 1181 1380 erat
1192 1315 1344 1393 solorio
1359 1318 1438 1378 sicut
1448 1324 1479 1376 et
1489 1314 1628 1397 pontifex
1640 1315 1692 1376 ille
1703 1323 1812 1396 typum

366 1419 435 1468 esto
451 1408 566 1489 populi.
600 1408 661 1468 Sed
676 1407 847 1476 selendum.
869 1409 948 1469 banc
964 1427 1063 1467 caere·
1116 1406 1212 1488 gessit
1227 1405 1375 1482 pontificis
1391 1401 1512 1464 Christi.

366 1498 498 1556 munism
514 1495 584 1554 istis
607 1493 724 1556 duobus
742 1495 900 1556 sacrificiis
915 1495 1064 1574 propriam
1159 1493 1262 1557 Movet
1277 1510 1349 1572 ergo
1365 1492 1423 1552 boc
1444 1490 1512 1551 loco
1532 1490 1741 1570 quaestionem
1757 1484 1820 1561 Oe«,

367 1604 402 1643 ac
418 1583 602 1661 peculiarem
615 1582 719 1655 fuisse,
734 1602 794 1642 non
809 1583 947 1643 omnibus
962 1600 1063 1642 crueu·
1117 1579 1272 1641 cumenius
1288 1598 1325 1638 ex
1343 1599 1395 1652 eo,
1425 1575 1506 1657 quod
1521 1574 1621 1636 Exod.
1637 1575 1687 1637 30.
1703 1575 1817 1654 legitur

366 1673 404 1730 tis
419 1688 623 1742 communem,
640 1678 674 1728 ut
686 1677 769 1749 patet
784 1689 821 1730 ex
836 1670 972 1739 caeteris,
988 1686 1066 1747 quae
1117 1674 1313 1749 praeceptum
1328 1664 1479 1746 pontifici,
1503 1671 1537 1722 ut
1557 1661 1605 1722 bis
1620 1660 1755 1745 quotidie
1771 1660 1813 1722 iu·

366 1755 479 1817 ibidem
496 1764 671 1835 sequuntur.
710 1757 859 1836 Quocirca
878 1754 1064 1836 probabilius
1117 1752 1284 1834 grediatur,
1306 1752 1459 1813 oblaturus
1483 1746 1637 1811 incensum
1658 1767 1748 1828 super
1762 1766 1813 1808 au·

365 1852 425 1915 eet,
442 1841 527 1923 quod
542 1844 635 1922 priori
650 1842 717 1902 loco
733 1841 806 1902 dixi.
1117 1860 1201 1901 reum
1215 1839 1324 1914 altars,
1340 1838 1421 1919 quod
1437 1847 1508 1911 erat,
1529 1837 1635 1916 inquit,
1650 1838 1680 1897 in
1695 1834 1815 1896 Sanctis

1118 1934 1294 1987 sanctorum.
1329 1924 1456 1987 Videtur
1471 1926 1549 1986 enim
1564 1923 1622 1984 boe
1636 1923 1820 1984 contrarium

597 2041 729 2101 min-0
750 2041 789 2100 Β,
813 2040 842 2100 p
1118 2013 1265 2094 Apostolo
1282 2013 1409 2084 dicenti,
1432 2012 1602 2092 pontificem
1618 2008 1712 2070 semel
1728 2015 1814 2087 quot·

1119 2102 1207 2161 anuis
1222 2099 1294 2160 illuc
1310 2098 1434 2178 ingredi.
1473 2095 1652 2178 Respondet
1667 2093 1815 2157 Oecume·

407 2190 447 2251 Iu
470 2186 635 2250 secundum
661 2185 888 2247 tabernaculum
915 2185 1008 2246 semel
1036 2187 1069 2246 iu
1120 2189 1202 2263 nius,
1226 2189 1394 2268 quodcum
1417 2182 1701 2264 sanguinequidem
1718 2183 1816 2262 ingre·
1872 2213 1874 2217 <

367 2296 447 2339 auno
483 2275 580 2335 solum
608 2273 787 2335 Pontificem
824 2273 990 2347 introiisse,
1026 2272 1068 2333 ait
1120 2272 1553 2351 diebatursemelqnotaunis3
1566 2270 1815 2350 quemadmodum

366 2360 536 2445 Apostolus
550 2360 651 2422 verbis
667 2359 880 2440 sequentibus3
896 2379 952 2420 uso
967 2368 1069 2418 umen
1120 2361 1211 2421 etiam
1228 2367 1387 2420 memorato
1409 2358 1511 2419 Exodi
1533 2358 1601 2419 loco
1624 2356 1746 2417 dicitur:
1771 2355 1816 2415 ad

367 2458 528 2532 propterea
542 2447 622 2520 vult,
646 2447 728 2528 quod
749 2448 828 2507 intra
843 2447 921 2507 illud
936 2446 1067 2525 aliquem
1120 2447 1314 2508 adolendum
1347 2464 1422 2506 vcro
1452 2446 1498 2506 bis
1527 2445 1635 2506 diebus
1663 2444 1815 2520 einpulis,·

366 2538 497 2598 hostiam
508 2533 959 2609 mactaveritvelcremaverit3
974 2551 1068 2612 quare
1121 2536 1251 2614 ideoque
1265 2537 1421 2614 signanter
1440 2531 1575 2594 additum
1598 2549 1663 2591 esse
1678 2530 1717 2591 ab
1732 2529 1816 2608 Apo·

368 2628 399 2684 in
413 2623 481 2695 bia,
509 2640 588 2702 quae
602 2642 684 2683 nunc
699 2621 787 2694 dicit,
809 2641 868 2681 non
883 2628 929 2680 ast
943 2638 1069 2681 neeesse
1121 2623 1214 2682 stolo:
1241 2639 1309 2682 non
1330 2622 1398 2681 sine
1413 2622 1599 2695 sanquine,
1626 2616 1658 2677 id
1680 2627 1726 2678 est
1748 2634 1815 2677 oum

368 2710 515 2789 intelligi,
538 2710 621 2788 quod
636 2710 668 2769 in
681 2710 779 2789 priora
794 2707 990 2769 tabernaculo
1006 2706 1070 2767 ulla
1120 2713 1275 2788 sauguine.
1284 2708 1428 2771 Similiter
1435 2706 1538 2785 glossa
1546 2703 1704 2767 ordinaria.
1716 2705 1817 2780 Sceps

368 2799 471 2859 bostis
486 2794 580 2856 fuerit
601 2814 690 2856 cama
711 2804 766 2858 aut
783 2803 927 2868 cremata,
953 2803 987 2856 ut
1001 2814 1066 2876 pro·
1120 2796 1258 2873 quidem,
1274 2796 1380 2875 iuquit
1396 2797 1464 2856 nne
1478 2795 1635 2871 sanpaine
1648 2791 1816 2865 introibat,

369 2895 478 2967 pterea
499 2883 621 2946 nomine
646 2885 754 2964 prioris
779 2881 969 2944 tabernaculi
991 2901 1069 2944 com-
1120 2883 1174 2945 scd
1186 2901 1256 2946 cum
1268 2885 1424 2959 sanquine
1437 2900 1515 2958 non,
1529 2880 1703 2943 nisisemel.
1728 2878 1817 2959 Quae

368 2971 519 3053 prehendi
540 2970 651 3031 debeat
672 2991 708 3032 aa
728 2991 798 3050 para
820 2971 907 3042 atrii,
933 2969 983 3031 ubi
1005 2979 1071 3031 erat
1121 2971 1222 3052 glossa
1249 2973 1406 3050 desumpta
1431 2970 1555 3032 videtur
1580 2988 1619 3029 ex
1644 2965 1817 3047 Augustino

369 3060 465 3121 altare
476 3059 726 3119 holocaustorum.
750 3057 868 3119 Sufficit
879 3060 957 3118 enim
969 3058 1068 3119 verbis
1121 3078 1211 3139 super
1226 3056 1323 3119 Exod.
1340 3078 1369 3136 q.
1388 3061 1457 3120 133.
1471 3064 1502 3118 et
1515 3058 1585 3119 174.
1610 3055 1728 3135 Quibus
1741 3054 1818 3116 locis

367 3146 525 3228 Apostoli,
541 3143 623 3224 quod
638 3146 812 3207 sacerdotes
828 3145 980 3224 quotidie,
999 3146 1069 3206 dum
1121 3146 1177 3206 boc
1192 3147 1288 3226 ipsum
1304 3144 1394 3225 plane
1410 3144 1490 3206 dicit.
1523 3143 1635 3205 Eidem
1651 3144 1818 3204 sententiae

368 3236 499 3297 bostiam
515 3233 656 3294 oberrent
672 3233 703 3294 iu
718 3234 802 3305 atrio,
818 3252 879 3292 non
890 3232 1070 3293 omittebant
1122 3234 1284 3294 subscriblt
1310 3230 1492 3313 Gaignaeus.
1530 3230 1590 3293 Sed
1617 3249 1682 3290 eam
1711 3231 1817 3291 morin

368 3323 494 3384 introire
508 3322 539 3382 in
554 3320 779 3380 tabernaculum
795 3319 872 3382 illud
886 3321 979 3401 priua.
1011 3320 1067 3380 Fa·
1121 3320 1219 3398 rejicit
1233 3318 1494 3399 Tbeopbylactue,
1510 3338 1547 3378 ac
1560 3318 1639 3378 bens
1653 3316 1748 3390 docet,
1765 3315 1816 3376 ab·
1842 3364 1844 3369 .

369 3409 489 3471 ciebant
503 3408 641 3469 nimirum
658 3406 713 3467 boc
725 3407 832 3468 saltem
848 3408 991 3468 orationis
1002 3404 1068 3466 iuu-
1122 3406 1219 3468 solute
1233 3425 1337 3470 verum
1354 3413 1438 3478 esse,
1454 3403 1537 3483 q'uod
1549 3405 1598 3465 bie
1609 3404 1727 3475 dicitur,
1743 3422 1815 3481 pou·

369 3496 489 3559 dendus
504 3513 612 3570 causa3
636 3495 706 3554 item
729 3514 821 3556 causa
843 3493 986 3555 offerendi
1001 3493 1068 3571 tby-
1121 3493 1230 3555 tificem
1253 3494 1416 3573 quotannis
1442 3491 1535 3552 semel
1560 3498 1675 3551 tautum
1701 3486 1818 3568 ingredi

369 3585 530 3655 miamatis,
548 3602 639 3643 mene
653 3590 685 3642 et
698 3584 836 3662 vesperi,
857 3591 892 3644 ut
909 3592 957 3641 est
970 3579 1068 3641 Exod.
1121 3579 1243 3643 solitum
1255 3581 1286 3643 iu
1297 3580 1407 3642 Sancte
1419 3588 1597 3640 sauctorum.
1621 3578 1699 3638 Nam
1712 3567 1823 3651 altare,

370 3674 420 3735 30.
443 3670 522 3732 Nam
535 3671 674 3749 quamvis
690 3669 754 3729 illic
768 3670 861 3730 solius
875 3669 1005 3729 Aaronis
1017 3667 1071 3727 liat
1122 3667 1203 3751 quod
1217 3677 1343 3729 vocatur
1353 3667 1475 3738 incensi,
1490 3665 1530 3727 ad
1542 3663 1625 3745 quod
1636 3662 1818 3726 adolendum

368 3758 492 3830 mentio,
508 3764 612 3817 tamen
627 3776 699 3818 usus
715 3767 745 3818 et
755 3757 880 3816 traditio
894 3758 1067 3835 iuterpreta-
1121 3757 1168 3819 bis
1184 3756 1350 3816 intrabatur
1365 3751 1517 3832 quotidie,
1541 3773 1601 3814 uou
1623 3753 1703 3813 intra
1717 3750 1818 3813 velum

367 3848 456 3908 batur
471 3841 684 3905 desacerdote
699 3845 840 3925 quopiam
852 3843 1019 3916 Aarouico,
1035 3850 1070 3901 ut
1121 3850 1184 3904 erat
1209 3844 1242 3903 iu
1266 3842 1385 3906 Sanctis
1412 3850 1598 3914 sauctorum,
1623 3848 1656 3900 ut
1677 3847 1817 3901 auctores

366 3931 561 3996 manifestum
576 3940 677 3991 estex
695 3933 797 3992 Lucae
814 3936 841 3991 1.
1003 3968 1005 3971 v
1122 3929 1166 3991 illi
1191 3935 1348 4009 putarunt,
1371 3925 1424 3988 sed
1445 3928 1575 3988 exterius
1598 3926 1626 3988 si
1648 3925 1818 4001 admotum3

411 4026 440 4081 7.
466 4020 509 4081 ln
524 4019 662 4080 secundo
684 4026 792 4080 antem
812 4017 906 4080 semet
926 4019 963 4076 in
978 4034 1067 4077 anno
1121 4013 1372 4097 quomadmodum
1404 4022 1435 4075 et
1463 4033 1519 4074 nos
1545 4012 1658 4074 dudum
1684 4010 1819 4074 ostendi·

366 4110 455 4170 solus
469 4107 619 4184 pontifex
636 4123 704 4167 non
726 4108 795 4167 sine
809 4106 973 4180 sanquine.
1010 4103 1067 4164 Ro
1121 4123 1203 4175 mus,
1227 4122 1293 4163 cum
1316 4100 1354 4162 de
1370 4120 1463 4162 aureo
1478 4100 1632 4163 thuribulo
1650 4119 1818 4181 ageremus.

367 4197 463 4258 otius:
479 4197 516 4256 in
531 4193 715 4266 secandum,
736 4201 769 4252 ut
785 4201 831 4253 est
845 4192 875 4251 iu
892 4189 1023 4264 Graeco,
1038 4196 1068 4250 et
1121 4192 1233 4271 Itaque
1252 4187 1337 4250 nulla
1358 4191 1559 4268 repugnantia
1581 4196 1627 4249 est
1649 4187 1739 4268 hujus
1758 4186 1819 4248 looi

366 4281 452 4365 apud
466 4281 736 4353 ambrosiastrum,
758 4280 808 4360 qui
832 4280 863 4338 in
879 4297 967 4337 versu
982 4295 1066 4357 prae·
1122 4298 1187 4339 oum
1204 4296 1254 4352 eo,
1284 4275 1364 4357 quod
1386 4276 1417 4336 in
1438 4272 1546 4337 Exodo
1568 4273 1685 4337 dicitur.
1720 4274 1820 4356 Quem

367 4369 498 4432 cedente
513 4366 587 4446 legit
601 4387 739 4448 qnoque:
763 4369 925 4443 primam,
953 4362 1067 4424 conior·
1121 4385 1182 4426 rem
1204 4366 1294 4425 etum
1317 4362 1398 4423 clare
1420 4361 1603 4424 demonstrat
1622 4363 1658 4425 B.
1674 4362 1818 4433 Thomas,

366 4459 458 4519 miter
472 4453 600 4516 Graeco.
634 4456 684 4515 De
699 4454 755 4515 boc
770 4457 907 4533 ingressu
923 4452 1069 4531 pontificia
1121 4453 1250 4513 Lirenas
1279 4456 1309 4510 et
1337 4451 1519 4512 Franciscus
1546 4450 1660 4512 Ribera
1694 4453 1725 4509 in
1755 4450 1819 4510 suis

369 4547 402 4606 iu
417 4541 659 4615 tabernaculum,
685 4540 791 4613 idest,
819 4543 851 4600 in
865 4539 979 4602 Sancta
1000 4558 1066 4598 aau-
1122 4539 1358 4611 commentariis,
1383 4557 1450 4598 cum
1473 4556 1617 4619 expressa
1634 4535 1820 4597 refutatione

367 4639 501 4702 ciorum,
517 4630 579 4707 agit
592 4629 694 4689 Moses
707 4627 806 4688 Exod.
823 4629 889 4698 30,
906 4625 960 4685 sed
975 4625 1068 4685 multo
1122 4625 1257 4706 glossam
1280 4643 1338 4685 nac
1359 4645 1420 4685 non
1443 4624 1522 4684 idem
1545 4625 1671 4684 Liranus
1686 4619 1822 4682 scribens

368 4718 482 4780 clarius
497 4735 532 4775 sc
545 4715 716 4777 distinctius
729 4714 828 4774 Lavit.
844 4717 901 4784 16..
917 4712 969 4774 ubi
982 4731 1067 4791 prae·
1123 4714 1153 4773 iu
1168 4711 1324 4783 Exodum,
1345 4711 1395 4771 ubl
1411 4710 1537 4772 eandem
1552 4730 1613 4770 rem
1629 4707 1751 4788 plenius
1766 4728 1818 4769 ex·

367 4806 479 4886 cipitur
493 4801 609 4863 Aaroni
623 4801 770 4884 pontifici,
783 4810 817 4860 ut
831 4802 862 4860 iu
877 4799 1003 4859 solemni
1018 4796 1068 4858 die
1121 4798 1224 4880 plicat.
1249 4799 1366 4861 Annuit
1380 4797 1451 4857 huic
1468 4795 1636 4857 sententiae
1653 4797 1744 4855 etiam
1757 4792 1818 4855 Ga·

368 4892 593 4973 expiationum,
623 4891 676 4969 qui
703 4898 768 4950 erat
793 4887 925 4947 decimus
950 4884 1069 4966 septimi
1117 4886 1250 4966 jstauus.

366 4979 498 5053 mensu,
529 4976 635 5037 offerat
660 4975 788 5038 vitulum
822 4995 874 5053 pro
901 4992 935 5033 se
958 4980 989 5032 et
1013 4991 1068 5052 pro
1164 4974 1265 5049 Quem
1279 4972 1373 5051 offert
1384 4987 1447 5045 pro
1468 4984 1526 5027 nea
1549 4974 1579 5027 et
1595 4968 1711 5045 populi
1724 4970 1819 5044 ipno·

368 5064 545 5142 dumosam
570 5064 642 5128 itam
663 5064 778 5126 bunum
799 5080 854 5144 pro
874 5068 999 5141 peccato
1014 5080 1071 5142 po„
1122 5059 1240 5121 santia
1347 5102 1351 5109 -
