4442 5825
677 616 840 673 atteram
855 618 944 673 essu
960 616 1073 673 tecum.
1107 616 1192 671 md.
1215 620 1330 672 tu-rr.
1614 625 1688 695 ⁴0⁵1

371 796 559 877 laquearium
578 793 728 873 jubebant
749 794 854 867 silere,
881 813 942 875 quo
995 802 1098 875 cepta,
1125 813 1205 874 quae
1221 795 1359 874 proxime
1380 792 1520 869 dederat,
1543 794 1691 875 incipieus

371 902 423 943 ium
438 882 551 942 utiliter
572 880 686 965 aliquid
709 880 792 961 loqui
808 890 940 961 possent.
995 903 1014 942 a
1039 890 1200 960 postremo.
1237 884 1407 944 Justits'am
1435 883 1497 942 Dei
1526 879 1691 962 (lajetsnus

371 988 437 1029 uam
452 968 619 1029 exhortatio
634 968 774 1048 Apostoli
790 976 874 1029 reete
890 988 940 1028 ex·
994 967 1152 1047 intelligit,
1173 986 1263 1047 quam
1280 968 1368 1027 Deus
1383 976 1505 1029 exercet
1518 969 1550 1029 in
1564 970 1689 1049 punien-

371 1056 483 1116 retiam
498 1054 537 1115 ad
553 1055 756 1136 quotidianum
768 1074 941 1128 sermonem,
995 1054 1042 1114 dis
1057 1053 1162 1127 mulis,
1179 1063 1212 1114 ut
1227 1073 1333 1116 sensus
1348 1055 1398 1115 sit:
1420 1054 1471 1115 Ira
1486 1055 1616 1116 hominis
1630 1074 1691 1115 non

371 1144 489 1223 sparsi
514 1149 545 1201 et
566 1143 772 1222 circumspecti
796 1143 890 1203 simus
905 1162 942 1201 ae
995 1143 1171 1222 exsequitur
1192 1142 1343 1219 justitiam
1368 1140 1436 1201 Dei.
1477 1141 1587 1220 Neque
1612 1142 1690 1202 enim

371 1248 453 1289 rnon
469 1249 488 1288 a
504 1229 601 1289 noxiis
615 1236 733 1287 tantum
748 1228 864 1301 verbis,
887 1226 942 1288 ssd
994 1227 1079 1288 Deus
1109 1227 1148 1288 ad
1177 1226 1403 1308 exsequendam
1433 1246 1519 1288 suam
1541 1227 1691 1305 justitiam

371 1315 506 1375 botiosis
521 1323 552 1376 et
566 1314 723 1395 superfluis
739 1314 940 1375 cohibeamus.
994 1313 1143 1374 ordinavit
1169 1316 1245 1374 irem
1268 1314 1437 1386 bominum,
1463 1314 1629 1374 volentium
1657 1316 1691 1373 s'e

371 1404 410 1463 im
427 1402 573 1482 pertinet,
592 1399 674 1481 quod
689 1420 748 1461 non
765 1400 858 1461 multo
874 1408 942 1479 post
993 1400 1165 1476 vindicare,
1192 1401 1248 1460 sed
1259 1399 1379 1478 judices
1403 1398 1443 1460 ad
1458 1419 1525 1461 eum
1541 1400 1632 1462 tinem
1647 1400 1689 1459 in·

387 1487 428 1549 de
449 1486 629 1548 refrenanda
652 1488 764 1566 lingua.
803 1488 897 1565 Cujus
912 1496 942 1546 ct
993 1488 1099 1547 stituit.
1124 1486 1183 1546 Alii
1195 1490 1353 1563 laetitiam
1370 1488 1432 1547 Dei
1446 1489 1690 1567 interpretantur,

371 1575 447 1635 orius
462 1576 626 1636 insectatur
640 1594 704 1653 cap.
720 1576 749 1633 3.
993 1573 1137 1655 qusquis
1159 1592 1233 1634 vore
1255 1583 1285 1634 et
1307 1593 1408 1634 coram
1422 1573 1491 1635 Deo
1510 1574 1612 1652 justus
1635 1581 1690 1648 est,

371 1662 469 1720 ardue
494 1661 537 1720 ad
562 1664 655 1720 iram.
693 1659 880 1733 Notandum,
910 1663 940 1721 in
994 1678 1135 1739 quaeque
1166 1660 1264 1721 Deum
1294 1660 1387 1720 babet
1415 1669 1576 1721 auctorem.
1621 1659 1691 1741 Qua

383 1766 551 1809 termonem
573 1747 743 1827 asyndeton
764 1766 847 1806 esse:
879 1748 938 1807 Ve·
992 1746 1209 1825 significatione
1226 1749 1355 1820 justitia
1371 1748 1433 1808 Dei
1455 1748 1564 1828 passim
1580 1746 1689 1826 accipi·

371 1834 584 1908 audiendum,
611 1834 726 1894 tardus
743 1834 787 1893 ad
803 1836 938 1911 loquert-
992 1840 1040 1893 tur
1054 1834 1137 1913 apud
1153 1833 1281 1893 Paulum
1303 1835 1333 1894 iu
1351 1834 1451 1911 Epist
1474 1833 1513 1893 ad
1528 1834 1630 1906 Rom,
1655 1841 1690 1893 ut

371 1921 478 1982 turdus
498 1922 542 1980 ad
563 1924 656 1981 iram.
691 1919 839 2001 Adiungit
857 1920 938 2001 Apo·
992 1939 1056 2000 cap.
1076 1924 1103 1979 1.
1120 1920 1149 1979 3.
1166 1928 1195 1979 et
1212 1922 1260 1980 10.
1284 1920 1334 1980 Its
1348 1939 1454 1980 sensus
1470 1928 1532 1981 est:
1558 1920 1615 1980 Vir
1631 1921 1687 1980 irs·

371 2009 483 2068 ortium
513 2007 568 2068 boe
602 2016 793 2088 praeceptum
822 2007 938 2067 duobus
992 2015 1040 2067 tus
1056 2025 1129 2085 prae
1144 2025 1234 2066 caeco
1257 2007 1349 2067 animi
1372 2008 1485 2086 impetu
1500 2008 1594 2069 multa
1609 2027 1686 2067 com·

371 2094 460 2167 tons,
484 2112 520 2153 eo
543 2092 624 2173 quod
647 2093 870 2173 disputantibus
893 2094 937 2154 la·
990 2093 1080 2152 mittit
1093 2093 1227 2171 justitiae
1239 2090 1428 2153 Christianae
1444 2096 1607 2169 contraria,
1623 2100 1686 2153 teu·

371 2190 419 2241 eet
439 2181 597 2241 iracundis
618 2180 762 2256 suboriri;
786 2199 846 2259 qua
868 2179 937 2240 dum
990 2191 1055 2238 tum
1082 2179 1182 2251 abest,
1212 2188 1247 2239 ut
1272 2181 1459 2242 contentiose
1482 2181 1688 2259 disputatione

371 2267 548 2338 rnubilstnr,
573 2269 707 2327 inventio
730 2269 867 2327 veritatis
882 2269 936 2327 im·
989 2284 1100 2338 veram,
1116 2285 1208 2346 quam
1224 2284 1369 2346 quaerere
1384 2265 1522 2339 ridetur,
1544 2285 1686 2346 assequa-

371 2372 473 2434 ,qnae
488 2354 556 2413 finis
571 2372 639 2414 esse
654 2353 746 2414 debet
761 2353 936 2432 disputatio·
989 2361 1038 2412 tur
1048 2352 1209 2430 justitiam.
1245 2352 1305 2412 Hie
1326 2371 1432 2412 sensus
1455 2356 1552 2414 textui
1572 2353 1686 2414 contor-

371 2461 401 2501 m
429 2442 569 2517 sicergo
596 2441 746 2520 praecipit
767 2439 939 2500 tarditatem·
989 2441 1063 2500 misr
1092 2448 1153 2512 est,
1184 2447 1216 2500 et
1245 2438 1486 2519 probabilitatem
1513 2441 1623 2518 accipit
1648 2458 1687 2501 ex

371 2528 404 2601 li,
431 2526 581 2606 quomodo
597 2529 752 2607 praecepit
766 2526 936 2587 tarditatem
990 2527 1079 2586 simili
1102 2526 1264 2597 sententis,
1288 2544 1368 2604 quse
1389 2534 1437 2586 est
1458 2526 1635 2588 Ecclesiast
1657 2529 1685 2585 1.

374 2617 400 2691 i,
427 2615 515 2693 quusi
541 2613 651 2674 bonum
674 2616 714 2674 sit
735 2615 838 2686 irasci,
861 2616 937 2674 sicut
989 2612 1153 2673 secuudum
1169 2612 1316 2673 Graecam
1337 2611 1510 2675 lectionem:
1537 2614 1611 2675 Nau
1622 2629 1685 2690 pa·

371 2708 413 2761 est
427 2700 526 2779 loqui,
553 2699 642 2759 modo
665 2700 745 2762 tardi
767 2709 799 2759 et
819 2700 936 2779 providi
989 2701 1252 2761 teritiracuudus
1267 2702 1318 2760 vir
1327 2699 1509 2776 justificari.
1546 2700 1625 2761 Nam
1641 2700 1684 2761 ri·

371 2788 387 2849 d
410 2795 585 2866 utrunque:
612 2786 666 2848 sed
688 2788 727 2848 ab
748 2789 793 2846 ira
814 2796 938 2847 revocat
990 2786 1055 2847 deri
1069 2795 1171 2866 potest
1187 2785 1348 2868 Apostolus
1370 2786 1409 2847 ad
1428 2806 1496 2849 eum
1511 2786 1685 2867 Scripturas

371 2894 391 2934 n
405 2874 444 2935 sb
460 2873 567 2935 edecus
583 2874 708 2950 vitioso,
728 2873 810 2954 quod
824 2876 935 2954 passim
989 2873 1088 2935 locum
1103 2873 1252 2935 allusisse.

371 2962 493 3023 rostolus
507 2961 631 3034 Paulus,
649 2965 722 3022 iram
738 2981 938 3022 annumerans
1033 2963 1084 3022 31.
1106 2963 1244 3038 Propter
1258 2961 1344 3040 quad
1365 2963 1547 3037 abjicientes
1561 2979 1686 3022 omnem

371 3051 400 3110 ia
421 3058 546 3127 peccate
569 3048 706 3109 fidelibus
727 3048 865 3108 absolute
888 3068 936 3108 ea·
989 3049 1229 3109 inimumditiam
1244 3056 1273 3109 et
1285 3049 1519 3110 abundantiam
1532 3049 1685 3109 malitiae.

378 3143 413 3196 ut
435 3134 502 3196 Gal.
526 3137 572 3209 5,
597 3134 672 3214 pr.
696 3137 741 3207 4.,
769 3134 883 3196 (loloes.
901 3139 938 3208 3.,
989 3135 1195 3210 abjicientur,
1213 3134 1345 3196 Graece.
1362 3128 1563 3214 ἀποθέμενοι,
1587 3135 1686 3239 dspo-

371 3223 397 3282 3.
988 3228 1114 3296 uenter,
1138 3241 1192 3283 seu
1218 3225 1328 3300 potius:
1351 3225 1494 3300 deposita
1516 3224 1605 3284 omni
1624 3226 1686 3282 im·

378 3310 509 3388 pertinet
531 3310 621 3368 etiam
646 3308 700 3368 illa
721 3308 843 3368 Domini
870 3327 935 3369 een·
988 3310 1239 3382 macerrimam.
1266 3309 1685 3408 Quumqucmproimmuu·

372 3394 538 3457 blaubb.
566 3397 693 3468 Omnis,
717 3398 773 3471 qui
786 3397 937 3455 irascitur
989 3397 1070 3455 ditia
1092 3395 1209 3457 Grecos
1232 3405 1281 3456 est
1301 3383 1454 3474 perrupit,
1482 3415 1560 3475 qnae
1578 3413 1640 3456 vox
1654 3396 1686 3456 in

371 3501 427 3555 ssa,
443 3500 516 3542 reus
531 3482 733 3556 critjudicio
764 3479 842 3541 (lum
857 3482 935 3542 euim
988 3482 1171 3563 Apostolicis
1186 3483 1280 3543 literis
1295 3483 1366 3543 alibi
1390 3502 1450 3544 non
1465 3483 1627 3562 reperitur,
1649 3501 1685 3542 ao

371 3571 497 3649 ppetitus
510 3568 789 3640 vindictae,nemiur
781 3567 935 3648 proiecto
987 3571 1108 3648 proprie
1133 3569 1281 3647 significat
1305 3569 1413 3631 sordeo
1437 3589 1475 3630 ao
1496 3571 1684 3646 spurcitiam

371 3657 431 3724 aei,
454 3657 501 3716 cui
517 3654 662 3716 nonlicet
677 3656 865 3727 eutulcisei,
882 3663 936 3714 snt
987 3656 1172 3732 corporibus
1189 3656 1432 3734 adsumentem,-
1454 3656 1683 3718 translatorem
1706 3684 1710 3694 ·

371 3743 435 3802 osb
451 3761 497 3814 eo,
513 3743 560 3802 oni
575 3740 656 3814 lieet,
671 3739 839 3803 faciendam
855 3741 933 3802 desi·
988 3742 1028 3802 sd
1049 3745 1182 3804 animum
1203 3744 1352 3822 significat
1371 3746 1565 3818 auaritiam,
1593 3761 1683 3822 quam

390 3829 505 3890 Ulcisei
520 3847 592 3890 vero
607 3828 769 3901 nonlicet,
785 3829 842 3890 nisi
858 3828 935 3898 Deo,
989 3830 1079 3890 etism
1101 3829 1204 3890 Latini
1227 3830 1333 3891 sordeo
1355 3839 1476 3901 vocant,
1503 3838 1537 3890 ut
1558 3847 1684 3890 aruum

371 3917 400 3975 it:
427 3915 507 3977 dlilsi
528 3916 687 3991 madida,
711 3922 740 3974 ct
762 3931 817 3990 spo
839 3917 935 3974 retri-
987 3915 1174 3992 sordidum
1190 3914 1525 3978 tametsiOecumenius
1539 3914 1683 3993 impudi-

379 4001 464 4062 llom.
483 4002 547 4072 13,
574 4002 731 4080 atquibus
749 4002 848 4062 sDeo
865 4000 937 4062 deta
989 4005 1096 4062 citiam
1111 4002 1297 4064 intellexisse
1311 4002 1437 4063 ridetur.
1469 4002 1566 4064 Nobis
1580 4001 1682 4063 verisi-

371 4097 439 4150 stas
453 4089 580 4149 aliorum
596 4088 705 4148 delicta
725 4086 881 4168 puniendi,
904 4086 935 4146 id
988 4089 1058 4149 mile
1080 4097 1142 4160 est,
1168 4086 1346 4169 Apostolum
1373 4108 1409 4148 eo
1436 4090 1583 4151 vocabulo
1607 4107 1684 4149 com·

371 4217 373 4226 .
382 4173 539 4254 judicibus
554 4194 590 4234 sc
606 4174 774 4253 praelectis.
810 4172 935 4234 Deside·
989 4174 1176 4254 prehendere
1213 4175 1345 4237 voluisse
1381 4176 1532 4257 quaslibet
1568 4176 1686 4239 animes

371 4282 395 4322 u
409 4261 574 4331 nonlicet,
598 4262 657 4322 nisi
675 4261 765 4340 juxte
785 4261 936 4321 dictamen
989 4261 1100 4333 sordes,
1118 4263 1149 4323 id
1164 4270 1212 4323 est
1224 4262 1436 4342 quodcumque
1447 4283 1545 4343 genus
1558 4262 1684 4344 percuti.

371 4355 423 4409 tet
437 4348 576 4408 caritatis.
607 4347 719 4409 Sensus
740 4349 833 4426 igitur
845 4347 937 4426 hujus
988 4349 1053 4408 Nec
1068 4349 1146 4408 enim
1162 4357 1290 4427 apparet
1306 4351 1396 4423 ratio,
1416 4351 1533 4412 curbis
1549 4347 1684 4430 speciali·

372 4435 397 4496 ti
411 4433 746 4513 estquoniamdifficile
759 4434 936 4504 rathamim,
990 4443 1034 4495 ter
1045 4436 1255 4512 impudicitiae
1266 4434 1379 4497 laceret
1390 4439 1583 4498 mentionem.
1606 4434 1685 4496 Num

371 4539 410 4582 us
425 4521 627 4601 impossibile,
653 4540 814 4600 numquam
837 4520 937 4592 irasci,
989 4529 1018 4581 et
1032 4521 1114 4600 qrrod
1130 4525 1284 4601 sequitur:
1303 4525 1346 4585 Es
1363 4524 1599 4586 abundantiam
1614 4537 1686 4581 ma-

371 4608 394 4669 si
408 4605 576 4670 carendum
592 4626 675 4679 esee,
701 4627 740 4668 ne
754 4608 793 4666 eit
807 4606 847 4666 ad
862 4608 935 4666 imru
989 4610 1095 4682 litiae,
1112 4609 1253 4687 generale
1268 4617 1321 4670 est
1355 4610 1451 4671 Vocat
1466 4621 1565 4671 autem
1580 4609 1686 4670 abuu-

371 4715 395 4768 s,
419 4693 474 4754 sed
488 4694 528 4754 ab
543 4715 579 4756 ea
594 4693 652 4755 sibi
667 4701 821 4771 temperet,
842 4713 936 4772 quan·
989 4695 1136 4755 dautiam
1151 4697 1293 4756 malitiae
1308 4697 1453 4757 malitiam
1464 4695 1686 4759 redundantem

371 4789 431 4842 ast
466 4781 558 4841 Hune
579 4799 698 4841 sensum
725 4789 756 4842 et
777 4781 855 4840 benc
874 4781 937 4840 bae
989 4801 1025 4842 ac
1040 4783 1220 4860 superfluam
1238 4781 1281 4856 (id
1297 4782 1492 4844 vultGraeca
1507 4803 1567 4844 vox
1579 4797 1686 4860 περιο-

371 4887 444 4930 mem
461 4867 617 4930 confirmat
630 4867 706 4927 ratio
723 4867 892 4944 subjuncto.
990 4861 1076 4943 asia,
1092 4869 1329 4942 redundantia,
1353 4866 1578 4949 superfluitas),
1595 4870 1687 4932 idest

371 4955 416 5016 ira
430 4956 518 5018 euim
539 4955 773 5028 airijurtitiam
789 4956 850 5016 Dei
868 4971 938 5014 uon
988 4956 1081 5029 vitia,
1111 4975 1189 5036 quae
1218 4959 1311 5017 instar
1339 4955 1484 5017 malarum
1514 4956 1686 5033 herbarum,

371 5061 402 5134 r.
436 5039 584 5106 aalma
604 5041 748 5122 deinceps
769 5042 827 5102 tria
848 5059 935 5120 prse-
987 5061 1068 5124 quae
1082 5042 1206 5108 inutiles
1221 5061 1258 5108 se
1280 5042 1407 5138 proinde
1421 5043 1594 5128 superfluae
1607 5052 1690 5122 susat,¹
