<?xml version="1.0" encoding="UTF-8"?>
<!DOCTYPE html PUBLIC "-//W3C//DTD XHTML 1.0 Transitional//EN"
    "http://www.w3.org/TR/xhtml1/DTD/xhtml1-transitional.dtd">
<html xmlns="http://www.w3.org/1999/xhtml" xml:lang="en" lang="en">
 <head>
  <title>
</title>
<meta http-equiv="Content-Type" content="text/html;charset=utf-8" />
  <meta name='ocr-system' content='tesseract 3.04.00' />
  <meta name='ocr-capabilities' content='ocr_page ocr_carea ocr_par ocr_line ocrx_word'/>
</head>
<body>
  <div class='ocr_page' id='page_1' title='image "./guilielmiestiii01estigoog_0569.png"; bbox 0 0 4442 5825; ppageno 0'>
   <div class='ocr_carea' id='block_1_1' title="bbox 745 599 1777 677">
    <p class='ocr_par' dir='ltr' id='par_1_1' title="bbox 745 599 1777 677">
     <span class='ocr_line' id='line_1_1' title="bbox 745 599 1777 677; baseline 0.009 -22"><span class='ocrx_word' id='word_1_1' title='bbox 745 599 908 656; x_wconf 66' lang='lat' dir='ltr'><strong>santonas</strong></span> <span class='ocrx_word' id='word_1_2' title='bbox 925 600 942 655; x_wconf 89' lang='lat' dir='ltr'><strong>l.</strong></span> <span class='ocrx_word' id='word_1_3' title='bbox 960 600 1048 656; x_wconf 78' lang='grc' dir='ltr'><strong>ΒΕΑΤΙ</strong></span> <span class='ocrx_word' id='word_1_4' title='bbox 1064 601 1159 655; x_wconf 80' lang='lat' dir='ltr'>PETRI.</span> <span class='ocrx_word' id='word_1_5' title='bbox 1194 600 1278 655; x_wconf 75' lang='lat' dir='ltr'><strong>tusa</strong></span> <span class='ocrx_word' id='word_1_6' title='bbox 1297 603 1322 655; x_wconf 73' lang='lat' dir='ltr'><strong>d.</strong></span> <span class='ocrx_word' id='word_1_7' title='bbox 1340 602 1365 654; x_wconf 89' lang='grc'><strong>7.</strong></span> <span class='ocrx_word' id='word_1_8' title='bbox 1703 606 1777 677; x_wconf 67' lang='grc'><strong>569</strong></span> 
     </span>
    </p>
   </div>
   <div class='ocr_carea' id='block_1_2' title="bbox 347 777 1779 5115">
    <p class='ocr_par' dir='ltr' id='par_1_2' title="bbox 347 777 1779 5115">
     <span class='ocr_line' id='line_1_2' title="bbox 347 777 1777 861; baseline -0.001 -20"><span class='ocrx_word' id='word_1_9' title='bbox 347 778 437 855; x_wconf 79' lang='lat' dir='ltr'><strong>aarit3</strong></span> <span class='ocrx_word' id='word_1_10' title='bbox 466 779 621 861; x_wconf 60' lang='lat' dir='ltr'><strong>specium</strong></span> <span class='ocrx_word' id='word_1_11' title='bbox 652 798 739 853; x_wconf 90' lang='lat' dir='ltr'><strong>vcro,</strong></span> <span class='ocrx_word' id='word_1_12' title='bbox 773 796 808 841; x_wconf 88' lang='lat' dir='ltr'><strong>sa</strong></span> <span class='ocrx_word' id='word_1_13' title='bbox 831 777 873 841; x_wconf 81' lang='lat' dir='ltr'><strong>ad</strong></span> <span class='ocrx_word' id='word_1_14' title='bbox 901 797 938 839; x_wconf 88' lang='lat' dir='ltr'><strong>aa</strong></span> <span class='ocrx_word' id='word_1_15' title='bbox 963 778 1030 839; x_wconf 87' lang='lat' dir='ltr'><strong>loca</strong></span> <span class='ocrx_word' id='word_1_16' title='bbox 1081 779 1223 838; x_wconf 77' lang='lat' dir='ltr'><strong>tornines</strong></span> <span class='ocrx_word' id='word_1_17' title='bbox 1251 779 1288 837; x_wconf 81' lang='lat' dir='ltr'><strong>tn</strong></span> <span class='ocrx_word' id='word_1_18' title='bbox 1317 795 1431 853; x_wconf 80' lang='lat' dir='ltr'><strong>carna,</strong></span> <span class='ocrx_word' id='word_1_19' title='bbox 1466 777 1588 855; x_wconf 89' lang='lat' dir='ltr'><strong>ponitur</strong></span> <span class='ocrx_word' id='word_1_20' title='bbox 1623 784 1777 860; x_wconf 81' lang='lat' dir='ltr'><strong>tamquam</strong></span> 
     </span>
     <span class='ocr_line' id='line_1_3' title="bbox 347 863 1778 948; baseline 0 -21"><span class='ocrx_word' id='word_1_21' title='bbox 347 863 538 939; x_wconf 65' lang='lat' dir='ltr'><strong>lucendisse,</strong></span> <span class='ocrx_word' id='word_1_22' title='bbox 559 874 607 939; x_wconf 90' lang='lat' dir='ltr'><strong>ut,</strong></span> <span class='ocrx_word' id='word_1_23' title='bbox 632 873 786 948; x_wconf 86' lang='lat' dir='ltr'><strong>tamquam</strong></span> <span class='ocrx_word' id='word_1_24' title='bbox 807 867 913 927; x_wconf 87' lang='lat' dir='ltr'><strong>mortis</strong></span> <span class='ocrx_word' id='word_1_25' title='bbox 936 872 966 924; x_wconf 92' lang='lat' dir='ltr'><strong>et</strong></span> <span class='ocrx_word' id='word_1_26' title='bbox 989 867 1030 925; x_wconf 92' lang='lat' dir='ltr'><strong>in·</strong></span> <span class='ocrx_word' id='word_1_27' title='bbox 1081 884 1174 926; x_wconf 86' lang='lat' dir='ltr'><strong>causa</strong></span> <span class='ocrx_word' id='word_1_28' title='bbox 1190 863 1355 943; x_wconf 85' lang='lat' dir='ltr'><strong>praedicati</strong></span> <span class='ocrx_word' id='word_1_29' title='bbox 1372 864 1552 942; x_wconf 76' lang='lat' dir='ltr'><strong>Evangelii3</strong></span> <span class='ocrx_word' id='word_1_30' title='bbox 1567 863 1621 925; x_wconf 86' lang='lat' dir='ltr'><strong>sed</strong></span> <span class='ocrx_word' id='word_1_31' title='bbox 1636 868 1778 946; x_wconf 88' lang='lat' dir='ltr'><strong>supponi·</strong></span> 
     </span>
     <span class='ocr_line' id='line_1_4' title="bbox 347 949 1778 1033; baseline -0.001 -18"><span class='ocrx_word' id='word_1_32' title='bbox 347 953 409 1015; x_wconf 74' lang='lat' dir='ltr'><strong>nni</strong></span> <span class='ocrx_word' id='word_1_33' title='bbox 422 953 536 1027; x_wconf 86' lang='lat' dir='ltr'><strong>victor,</strong></span> <span class='ocrx_word' id='word_1_34' title='bbox 561 954 646 1033; x_wconf 87' lang='lat' dir='ltr'><strong>ipsos</strong></span> <span class='ocrx_word' id='word_1_35' title='bbox 666 973 684 1014; x_wconf 92' lang='lat' dir='ltr'><strong>s</strong></span> <span class='ocrx_word' id='word_1_36' title='bbox 706 972 838 1027; x_wconf 85' lang='lat' dir='ltr'><strong>carcere,</strong></span> <span class='ocrx_word' id='word_1_37' title='bbox 866 972 926 1032; x_wconf 90' lang='lat' dir='ltr'><strong>quo</strong></span> <span class='ocrx_word' id='word_1_38' title='bbox 949 961 1030 1012; x_wconf 88' lang='lat' dir='ltr'><strong>teue-</strong></span> <span class='ocrx_word' id='word_1_39' title='bbox 1081 961 1128 1012; x_wconf 91' lang='lat' dir='ltr'><strong>tur</strong></span> <span class='ocrx_word' id='word_1_40' title='bbox 1151 949 1357 1031; x_wconf 87' lang='lat' dir='ltr'><strong>exponendum</strong></span> <span class='ocrx_word' id='word_1_41' title='bbox 1387 970 1442 1030; x_wconf 89' lang='lat' dir='ltr'><strong>per</strong></span> <span class='ocrx_word' id='word_1_42' title='bbox 1463 949 1686 1012; x_wconf 81' lang='lat' dir='ltr'><strong>adversativam</strong></span> <span class='ocrx_word' id='word_1_43' title='bbox 1709 973 1778 1015; x_wconf 88' lang='lat' dir='ltr'><strong>oon·</strong></span> 
     </span>
     <span class='ocr_line' id='line_1_5' title="bbox 347 1037 1779 1120; baseline 0 -19"><span class='ocrx_word' id='word_1_44' title='bbox 347 1047 455 1113; x_wconf 75' lang='lat' dir='ltr'><strong>untur,</strong></span> <span class='ocrx_word' id='word_1_45' title='bbox 485 1040 630 1120; x_wconf 87' lang='lat' dir='ltr'><strong>eriperet,</strong></span> <span class='ocrx_word' id='word_1_46' title='bbox 660 1051 753 1120; x_wconf 88' lang='lat' dir='ltr'><strong>atque</strong></span> <span class='ocrx_word' id='word_1_47' title='bbox 777 1059 839 1100; x_wconf 88' lang='lat' dir='ltr'><strong>uua</strong></span> <span class='ocrx_word' id='word_1_48' title='bbox 865 1058 964 1100; x_wconf 87' lang='lat' dir='ltr'><strong>secum</strong></span> <span class='ocrx_word' id='word_1_49' title='bbox 991 1037 1030 1096; x_wconf 93' lang='lat' dir='ltr'><strong>ad</strong></span> <span class='ocrx_word' id='word_1_50' title='bbox 1077 1040 1279 1119; x_wconf 80' lang='lat' dir='ltr'><strong>junctionem,</strong></span> <span class='ocrx_word' id='word_1_51' title='bbox 1310 1038 1353 1096; x_wconf 92' lang='lat' dir='ltr'><strong>uti</strong></span> <span class='ocrx_word' id='word_1_52' title='bbox 1382 1038 1517 1097; x_wconf 77' lang='lat' dir='ltr'><strong>fecimus.</strong></span> <span class='ocrx_word' id='word_1_53' title='bbox 1563 1037 1614 1098; x_wconf 82' lang='lat' dir='ltr'><strong>Sic</strong></span> <span class='ocrx_word' id='word_1_54' title='bbox 1639 1041 1718 1099; x_wconf 87' lang='lat' dir='ltr'><strong>anim</strong></span> <span class='ocrx_word' id='word_1_55' title='bbox 1748 1051 1779 1101; x_wconf 89' lang='lat' dir='ltr'><strong>et</strong></span> 
     </span>
     <span class='ocr_line' id='line_1_6' title="bbox 347 1124 1777 1204; baseline -0.001 -16"><span class='ocrx_word' id='word_1_56' title='bbox 347 1125 432 1188; x_wconf 82' lang='lat' dir='ltr'><strong>celos</strong></span> <span class='ocrx_word' id='word_1_57' title='bbox 458 1125 655 1200; x_wconf 74' lang='lat' dir='ltr'><strong>subveheret,</strong></span> <span class='ocrx_word' id='word_1_58' title='bbox 685 1129 846 1204; x_wconf 81' lang='lat' dir='ltr'><strong>captivum</strong></span> <span class='ocrx_word' id='word_1_59' title='bbox 876 1126 1030 1186; x_wconf 76' lang='lat' dir='ltr'><strong>ducturus</strong></span> <span class='ocrx_word' id='word_1_60' title='bbox 1080 1124 1195 1186; x_wconf 87' lang='lat' dir='ltr'><strong>Paulus</strong></span> <span class='ocrx_word' id='word_1_61' title='bbox 1217 1125 1349 1204; x_wconf 86' lang='lat' dir='ltr'><strong>loquitur</strong></span> <span class='ocrx_word' id='word_1_62' title='bbox 1371 1124 1457 1184; x_wconf 86' lang='lat' dir='ltr'><strong>Rom.</strong></span> <span class='ocrx_word' id='word_1_63' title='bbox 1474 1126 1519 1185; x_wconf 87' lang='lat'><strong>6.:</strong></span> <span class='ocrx_word' id='word_1_64' title='bbox 1548 1124 1676 1186; x_wconf 80' lang='lat' dir='ltr'><strong>Gratius</strong></span> <span class='ocrx_word' id='word_1_65' title='bbox 1697 1128 1777 1203; x_wconf 79' lang='lat' dir='ltr'><strong>Deo,</strong></span> 
     </span>
     <span class='ocr_line' id='line_1_7' title="bbox 347 1210 1777 1293; baseline 0 -19"><span class='ocrx_word' id='word_1_66' title='bbox 347 1215 558 1291; x_wconf 81' lang='lat' dir='ltr'><strong>uptivr’tatcm.</strong></span> <span class='ocrx_word' id='word_1_67' title='bbox 580 1212 633 1274; x_wconf 82' lang='lat' dir='ltr'><strong>Sic</strong></span> <span class='ocrx_word' id='word_1_68' title='bbox 648 1215 727 1275; x_wconf 89' lang='lat' dir='ltr'><strong>euim</strong></span> <span class='ocrx_word' id='word_1_69' title='bbox 743 1222 774 1273; x_wconf 92' lang='lat' dir='ltr'><strong>et</strong></span> <span class='ocrx_word' id='word_1_70' title='bbox 785 1216 915 1293; x_wconf 83' lang='lat' dir='ltr'><strong>priorem</strong></span> <span class='ocrx_word' id='word_1_71' title='bbox 933 1211 1029 1272; x_wconf 89' lang='lat' dir='ltr'><strong>locum</strong></span> <span class='ocrx_word' id='word_1_72' title='bbox 1080 1213 1166 1290; x_wconf 70' lang='lat' dir='ltr'><strong>qnod</strong></span> <span class='ocrx_word' id='word_1_73' title='bbox 1178 1213 1286 1290; x_wconf 74' lang='lat' dir='ltr'><strong>fuistis</strong></span> <span class='ocrx_word' id='word_1_74' title='bbox 1303 1214 1386 1271; x_wconf 80' lang='lat' dir='ltr'><strong>scrvr&#39;</strong></span> <span class='ocrx_word' id='word_1_75' title='bbox 1399 1214 1538 1287; x_wconf 79' lang='lat' dir='ltr'><strong>pcccati,</strong></span> <span class='ocrx_word' id='word_1_76' title='bbox 1561 1210 1591 1271; x_wconf 92' lang='lat' dir='ltr'><strong>id</strong></span> <span class='ocrx_word' id='word_1_77' title='bbox 1614 1214 1777 1293; x_wconf 71' lang='lat' dir='ltr'><strong>estquod,</strong></span> 
     </span>
     <span class='ocr_line' id='line_1_8' title="bbox 347 1299 1777 1381; baseline 0 -20"><span class='ocrx_word' id='word_1_78' title='bbox 347 1318 429 1381; x_wconf 80' lang='lat' dir='ltr'><strong>mpsr</strong></span> <span class='ocrx_word' id='word_1_79' title='bbox 443 1301 648 1379; x_wconf 76' lang='lat' dir='ltr'><strong>exponimur.</strong></span> <span class='ocrx_word' id='word_1_80' title='bbox 1081 1319 1149 1360; x_wconf 91' lang='lat' dir='ltr'><strong>cum</strong></span> <span class='ocrx_word' id='word_1_81' title='bbox 1165 1299 1278 1359; x_wconf 83' lang='lat' dir='ltr'><strong>fueritis</strong></span> <span class='ocrx_word' id='word_1_82' title='bbox 1294 1299 1374 1358; x_wconf 86' lang='lat' dir='ltr'><strong>servi</strong></span> <span class='ocrx_word' id='word_1_83' title='bbox 1389 1299 1513 1376; x_wconf 89' lang='lat' dir='ltr'><strong>peccati,</strong></span> <span class='ocrx_word' id='word_1_84' title='bbox 1528 1317 1616 1360; x_wconf 83' lang='lat' dir='ltr'><strong>nanc</strong></span> <span class='ocrx_word' id='word_1_85' title='bbox 1632 1299 1777 1361; x_wconf 80' lang='lat' dir='ltr'><strong>obedistis</strong></span> 
     </span>
     <span class='ocr_line' id='line_1_9' title="bbox 377 1385 1777 1463; baseline -0.001 -14"><span class='ocrx_word' id='word_1_86' title='bbox 377 1386 420 1449; x_wconf 80' lang='lat' dir='ltr'><strong>tn</strong></span> <span class='ocrx_word' id='word_1_87' title='bbox 428 1387 619 1462; x_wconf 78' lang='lat' dir='ltr'><strong>judicentur</strong></span> <span class='ocrx_word' id='word_1_88' title='bbox 637 1387 762 1463; x_wconf 76' lang='lat' dir='ltr'><strong>quidam</strong></span> <span class='ocrx_word' id='word_1_89' title='bbox 785 1386 957 1447; x_wconf 78' lang='lat' dir='ltr'><strong>secandam</strong></span> <span class='ocrx_word' id='word_1_90' title='bbox 972 1387 1030 1446; x_wconf 79' lang='lat' dir='ltr'><strong>bo·</strong></span> <span class='ocrx_word' id='word_1_91' title='bbox 1082 1404 1120 1447; x_wconf 81' lang='lat' dir='ltr'><strong>cn</strong></span> <span class='ocrx_word' id='word_1_92' title='bbox 1134 1386 1228 1446; x_wconf 80' lang='lat' dir='ltr'><strong>corde</strong></span> <span class='ocrx_word' id='word_1_93' title='bbox 1240 1388 1275 1445; x_wconf 84' lang='lat' dir='ltr'><strong>tn</strong></span> <span class='ocrx_word' id='word_1_94' title='bbox 1286 1404 1357 1445; x_wconf 83' lang='lat' dir='ltr'><strong>cam</strong></span> <span class='ocrx_word' id='word_1_95' title='bbox 1365 1385 1508 1462; x_wconf 76' lang='lat' dir='ltr'><strong>sormam</strong></span> <span class='ocrx_word' id='word_1_96' title='bbox 1522 1393 1577 1446; x_wconf 91' lang='lat' dir='ltr'><strong>ctc.</strong></span> <span class='ocrx_word' id='word_1_97' title='bbox 1584 1408 1597 1462; x_wconf 89' lang='lat'><strong>,·</strong></span> <span class='ocrx_word' id='word_1_98' title='bbox 1612 1394 1644 1446; x_wconf 90' lang='lat' dir='ltr'><strong>et</strong></span> <span class='ocrx_word' id='word_1_99' title='bbox 1655 1385 1777 1448; x_wconf 84' lang='lat' dir='ltr'><strong>Jesaias</strong></span> 
     </span>
     <span class='ocr_line' id='line_1_10' title="bbox 347 1471 1777 1553; baseline 0.001 -18"><span class='ocrx_word' id='word_1_100' title='bbox 347 1475 433 1535; x_wconf 73' lang='lat' dir='ltr'><strong>tinet</strong></span> <span class='ocrx_word' id='word_1_101' title='bbox 455 1475 493 1534; x_wconf 82' lang='lat' dir='ltr'><strong>s‘n</strong></span> <span class='ocrx_word' id='word_1_102' title='bbox 514 1491 631 1550; x_wconf 55' lang='lat' dir='ltr'><strong>cornu</strong></span> <span class='ocrx_word' id='word_1_103' title='bbox 655 1478 768 1534; x_wconf 76' lang='lat' dir='ltr'><strong>vivont</strong></span> <span class='ocrx_word' id='word_1_104' title='bbox 790 1481 896 1533; x_wconf 80' lang='lat' dir='ltr'><strong>antem</strong></span> <span class='ocrx_word' id='word_1_105' title='bbox 918 1491 1029 1533; x_wconf 74' lang='lat' dir='ltr'><strong>semn-</strong></span> <span class='ocrx_word' id='word_1_106' title='bbox 1081 1492 1146 1553; x_wconf 86' lang='lat' dir='ltr'><strong>cap.</strong></span> <span class='ocrx_word' id='word_1_107' title='bbox 1165 1476 1228 1533; x_wconf 72' lang='lat' dir='ltr'><strong>ta:</strong></span> <span class='ocrx_word' id='word_1_108' title='bbox 1245 1471 1426 1548; x_wconf 71' lang='lat' dir='ltr'><strong>Oonfltcbor</strong></span> <span class='ocrx_word' id='word_1_109' title='bbox 1439 1472 1506 1547; x_wconf 79' lang='lat' dir='ltr'><strong>ttbr&#39;,</strong></span> <span class='ocrx_word' id='word_1_110' title='bbox 1523 1474 1673 1549; x_wconf 75' lang='lat' dir='ltr'><strong>Domina,</strong></span> <span class='ocrx_word' id='word_1_111' title='bbox 1697 1493 1777 1551; x_wconf 81' lang='lat' dir='ltr'><strong>qao·</strong></span> 
     </span>
     <span class='ocr_line' id='line_1_11' title="bbox 347 1557 1775 1640; baseline -0.001 -17"><span class='ocrx_word' id='word_1_112' title='bbox 347 1560 409 1623; x_wconf 81' lang='lat' dir='ltr'><strong>ltmr</strong></span> <span class='ocrx_word' id='word_1_113' title='bbox 425 1561 532 1622; x_wconf 79' lang='lat' dir='ltr'><strong>Deum</strong></span> <span class='ocrx_word' id='word_1_114' title='bbox 547 1563 583 1621; x_wconf 78' lang='lat' dir='ltr'><strong>in</strong></span> <span class='ocrx_word' id='word_1_115' title='bbox 597 1561 730 1637; x_wconf 70' lang='lat' dir='ltr'><strong>Spiritu.</strong></span> <span class='ocrx_word' id='word_1_116' title='bbox 753 1561 794 1620; x_wconf 84' lang='lat' dir='ltr'><strong>In</strong></span> <span class='ocrx_word' id='word_1_117' title='bbox 813 1578 920 1636; x_wconf 82' lang='lat' dir='ltr'><strong>carne,</strong></span> <span class='ocrx_word' id='word_1_118' title='bbox 938 1559 1029 1621; x_wconf 85' lang='lat' dir='ltr'><strong>Grae·</strong></span> <span class='ocrx_word' id='word_1_119' title='bbox 1080 1564 1172 1620; x_wconf 80' lang='lat' dir='ltr'><strong>ntum</strong></span> <span class='ocrx_word' id='word_1_120' title='bbox 1186 1563 1289 1620; x_wconf 77' lang='lat' dir='ltr'><strong>tratas</strong></span> <span class='ocrx_word' id='word_1_121' title='bbox 1304 1577 1334 1619; x_wconf 85' lang='lat' dir='ltr'><strong>cs</strong></span> <span class='ocrx_word' id='word_1_122' title='bbox 1349 1560 1443 1634; x_wconf 76' lang='lat' dir='ltr'><strong>milti,</strong></span> <span class='ocrx_word' id='word_1_123' title='bbox 1467 1557 1499 1618; x_wconf 90' lang='lat' dir='ltr'><strong>id</strong></span> <span class='ocrx_word' id='word_1_124' title='bbox 1514 1560 1672 1640; x_wconf 88' lang='lat' dir='ltr'><strong>estquod,</strong></span> <span class='ocrx_word' id='word_1_125' title='bbox 1694 1569 1775 1640; x_wconf 88' lang='lat' dir='ltr'><strong>post·</strong></span> 
     </span>
     <span class='ocr_line' id='line_1_12' title="bbox 347 1641 1778 1728; baseline 0.001 -20"><span class='ocrx_word' id='word_1_126' title='bbox 347 1666 380 1708; x_wconf 84' lang='lat' dir='ltr'><strong>a:</strong></span> <span class='ocrx_word' id='word_1_127' title='bbox 404 1641 517 1725; x_wconf 80' lang='grc' dir='ltr'><strong>σαρκί,</strong></span> <span class='ocrx_word' id='word_1_128' title='bbox 534 1665 648 1723; x_wconf 76' lang='lat' dir='ltr'><strong>carne,</strong></span> <span class='ocrx_word' id='word_1_129' title='bbox 665 1647 780 1726; x_wconf 85' lang='lat' dir='ltr'><strong>absque</strong></span> <span class='ocrx_word' id='word_1_130' title='bbox 799 1647 1028 1728; x_wconf 86' lang='lat' dir='ltr'><strong>praepositione.</strong></span> <span class='ocrx_word' id='word_1_131' title='bbox 1081 1666 1170 1727; x_wconf 88' lang='lat' dir='ltr'><strong>quam</strong></span> <span class='ocrx_word' id='word_1_132' title='bbox 1197 1648 1289 1707; x_wconf 86' lang='lat' dir='ltr'><strong>iratus</strong></span> <span class='ocrx_word' id='word_1_133' title='bbox 1308 1646 1382 1706; x_wconf 91' lang='lat' dir='ltr'><strong>mihi</strong></span> <span class='ocrx_word' id='word_1_134' title='bbox 1413 1646 1512 1720; x_wconf 86' lang='lat' dir='ltr'><strong>luisti,</strong></span> <span class='ocrx_word' id='word_1_135' title='bbox 1541 1664 1708 1709; x_wconf 74' lang='lat' dir='ltr'><strong>conversus</strong></span> <span class='ocrx_word' id='word_1_136' title='bbox 1734 1656 1778 1710; x_wconf 85' lang='lat' dir='ltr'><strong>cst</strong></span> 
     </span>
     <span class='ocr_line' id='line_1_13' title="bbox 347 1727 1777 1813; baseline -0.001 -16"><span class='ocrx_word' id='word_1_137' title='bbox 347 1734 492 1797; x_wconf 69' lang='lat' dir='ltr'><strong>imiliter:</strong></span> <span class='ocrx_word' id='word_1_138' title='bbox 511 1738 547 1797; x_wconf 83' lang='lat' dir='ltr'><strong>in</strong></span> <span class='ocrx_word' id='word_1_139' title='bbox 562 1735 702 1811; x_wconf 75' lang='lat' dir='ltr'><strong>spirita,</strong></span> <span class='ocrx_word' id='word_1_140' title='bbox 722 1727 886 1810; x_wconf 82' lang='grc' dir='ltr'>πνεύματι,</span> <span class='ocrx_word' id='word_1_141' title='bbox 902 1736 1027 1811; x_wconf 77' lang='lat' dir='ltr'><strong>spiritu,</strong></span> <span class='ocrx_word' id='word_1_142' title='bbox 1079 1736 1177 1813; x_wconf 74' lang='lat' dir='ltr'><strong>furor</strong></span> <span class='ocrx_word' id='word_1_143' title='bbox 1192 1742 1282 1809; x_wconf 81' lang='lat' dir='ltr'><strong>tuas,</strong></span> <span class='ocrx_word' id='word_1_144' title='bbox 1306 1740 1335 1793; x_wconf 83' lang='lat' dir='ltr'><strong>ct</strong></span> <span class='ocrx_word' id='word_1_145' title='bbox 1355 1733 1533 1794; x_wconf 76' lang='lat' dir='ltr'><strong>consolatus</strong></span> <span class='ocrx_word' id='word_1_146' title='bbox 1548 1752 1579 1794; x_wconf 84' lang='lat' dir='ltr'><strong>cs</strong></span> <span class='ocrx_word' id='word_1_147' title='bbox 1593 1754 1651 1795; x_wconf 85' lang='lat' dir='ltr'><strong>mc.</strong></span> <span class='ocrx_word' id='word_1_148' title='bbox 1689 1734 1777 1796; x_wconf 80' lang='lat' dir='ltr'><strong>Haec</strong></span> 
     </span>
     <span class='ocr_line' id='line_1_14' title="bbox 347 1818 1776 1903; baseline 0.001 -22"><span class='ocrx_word' id='word_1_149' title='bbox 347 1820 411 1903; x_wconf 69' lang='lat' dir='ltr'><strong>prod</strong></span> <span class='ocrx_word' id='word_1_150' title='bbox 426 1829 456 1881; x_wconf 88' lang='lat' dir='ltr'><strong>et</strong></span> <span class='ocrx_word' id='word_1_151' title='bbox 470 1823 503 1882; x_wconf 91' lang='lat' dir='ltr'><strong>in</strong></span> <span class='ocrx_word' id='word_1_152' title='bbox 517 1822 635 1882; x_wconf 87' lang='lat' dir='ltr'><strong>Latinis</strong></span> <span class='ocrx_word' id='word_1_153' title='bbox 649 1821 803 1882; x_wconf 90' lang='lat' dir='ltr'><strong>nonnullis</strong></span> <span class='ocrx_word' id='word_1_154' title='bbox 825 1820 943 1901; x_wconf 79' lang='lat' dir='ltr'><strong>legitur.</strong></span> <span class='ocrx_word' id='word_1_155' title='bbox 980 1818 1028 1881; x_wconf 83' lang='lat' dir='ltr'><strong>Ad</strong></span> <span class='ocrx_word' id='word_1_156' title='bbox 1081 1822 1290 1902; x_wconf 76' lang='lat' dir='ltr'><strong>interpretatio</strong></span> <span class='ocrx_word' id='word_1_157' title='bbox 1305 1818 1630 1901; x_wconf 88' lang='lat' dir='ltr'><strong>utriusquslocinobis</strong></span> <span class='ocrx_word' id='word_1_158' title='bbox 1645 1825 1776 1883; x_wconf 90' lang='lat' dir='ltr'><strong>omnium</strong></span> 
     </span>
     <span class='ocr_line' id='line_1_15' title="bbox 347 1907 1776 1988; baseline -0.001 -17"><span class='ocrx_word' id='word_1_159' title='bbox 347 1916 538 1987; x_wconf 74' lang='lat' dir='ltr'><strong>napartem</strong></span> <span class='ocrx_word' id='word_1_160' title='bbox 550 1908 737 1968; x_wconf 86' lang='lat' dir='ltr'><strong>reterendum</strong></span> <span class='ocrx_word' id='word_1_161' title='bbox 750 1916 798 1968; x_wconf 91' lang='lat' dir='ltr'><strong>est</strong></span> <span class='ocrx_word' id='word_1_162' title='bbox 807 1908 882 1969; x_wconf 89' lang='lat' dir='ltr'><strong>illud</strong></span> <span class='ocrx_word' id='word_1_163' title='bbox 891 1908 1027 1970; x_wconf 84' lang='lat' dir='ltr'><strong>causale:</strong></span> <span class='ocrx_word' id='word_1_164' title='bbox 1081 1910 1212 1969; x_wconf 85' lang='lat' dir='ltr'><strong>maxims</strong></span> <span class='ocrx_word' id='word_1_165' title='bbox 1234 1907 1392 1988; x_wconf 89' lang='lat' dir='ltr'><strong>probatur,</strong></span> <span class='ocrx_word' id='word_1_166' title='bbox 1423 1907 1505 1987; x_wconf 88' lang='lat' dir='ltr'><strong>quod</strong></span> <span class='ocrx_word' id='word_1_167' title='bbox 1530 1916 1561 1967; x_wconf 90' lang='lat' dir='ltr'><strong>st</strong></span> <span class='ocrx_word' id='word_1_168' title='bbox 1587 1928 1606 1968; x_wconf 89' lang='lat' dir='ltr'><strong>a</strong></span> <span class='ocrx_word' id='word_1_169' title='bbox 1632 1917 1776 1970; x_wconf 85' lang='lat' dir='ltr'><strong>consueto</strong></span> 
     </span>
     <span class='ocr_line' id='line_1_16' title="bbox 347 1995 1776 2073; baseline 0.001 -18"><span class='ocrx_word' id='word_1_170' title='bbox 347 2002 463 2073; x_wconf 63' lang='lat' dir='ltr'><strong>popter</strong></span> <span class='ocrx_word' id='word_1_171' title='bbox 485 1996 559 2070; x_wconf 79' lang='lat' dir='ltr'><strong>boc,</strong></span> <span class='ocrx_word' id='word_1_172' title='bbox 583 1997 647 2055; x_wconf 89' lang='lat' dir='ltr'><strong>sive</strong></span> <span class='ocrx_word' id='word_1_173' title='bbox 668 1997 705 2055; x_wconf 80' lang='lat' dir='ltr'><strong>tn</strong></span> <span class='ocrx_word' id='word_1_174' title='bbox 719 1996 794 2070; x_wconf 84' lang='lat' dir='ltr'><strong>ltoc,</strong></span> <span class='ocrx_word' id='word_1_175' title='bbox 821 2006 854 2056; x_wconf 90' lang='lat' dir='ltr'><strong>ut</strong></span> <span class='ocrx_word' id='word_1_176' title='bbox 876 1997 971 2055; x_wconf 89' lang='lat' dir='ltr'><strong>oratio</strong></span> <span class='ocrx_word' id='word_1_177' title='bbox 987 1995 1029 2054; x_wconf 89' lang='lat' dir='ltr'><strong>sic</strong></span> <span class='ocrx_word' id='word_1_178' title='bbox 1081 2015 1170 2058; x_wconf 87' lang='lat' dir='ltr'><strong>seusu</strong></span> <span class='ocrx_word' id='word_1_179' title='bbox 1186 1998 1343 2056; x_wconf 88' lang='lat' dir='ltr'><strong>verborum</strong></span> <span class='ocrx_word' id='word_1_180' title='bbox 1367 2014 1457 2073; x_wconf 83' lang='lat' dir='ltr'><strong>quam</strong></span> <span class='ocrx_word' id='word_1_181' title='bbox 1479 1995 1631 2055; x_wconf 91' lang='lat' dir='ltr'><strong>minimum</strong></span> <span class='ocrx_word' id='word_1_182' title='bbox 1645 1995 1776 2070; x_wconf 88' lang='lat' dir='ltr'><strong>recedat,</strong></span> 
     </span>
     <span class='ocr_line' id='line_1_17' title="bbox 347 2080 1775 2164; baseline 0 -21"><span class='ocrx_word' id='word_1_183' title='bbox 347 2080 500 2144; x_wconf 86' lang='lat' dir='ltr'><strong>rdinstur:</strong></span> <span class='ocrx_word' id='word_1_184' title='bbox 531 2084 615 2143; x_wconf 88' lang='lat' dir='ltr'><strong>Nom</strong></span> <span class='ocrx_word' id='word_1_185' title='bbox 631 2089 661 2142; x_wconf 83' lang='lat' dir='ltr'><strong>ct</strong></span> <span class='ocrx_word' id='word_1_186' title='bbox 674 2085 809 2142; x_wconf 80' lang='lat' dir='ltr'><strong>mortula</strong></span> <span class='ocrx_word' id='word_1_187' title='bbox 826 2084 1028 2159; x_wconf 77' lang='lat' dir='ltr'><strong>cvnnyels’ac·</strong></span> <span class='ocrx_word' id='word_1_188' title='bbox 1082 2091 1113 2145; x_wconf 91' lang='lat' dir='ltr'><strong>et</strong></span> <span class='ocrx_word' id='word_1_189' title='bbox 1137 2083 1178 2143; x_wconf 85' lang='lat' dir='ltr'><strong>sd</strong></span> <span class='ocrx_word' id='word_1_190' title='bbox 1203 2080 1418 2142; x_wconf 87' lang='lat' dir='ltr'><strong>stabiliendum</strong></span> <span class='ocrx_word' id='word_1_191' title='bbox 1445 2080 1636 2142; x_wconf 74' lang='lat' dir='ltr'><strong>catholicum</strong></span> <span class='ocrx_word' id='word_1_192' title='bbox 1658 2082 1775 2164; x_wconf 73' lang='lat' dir='ltr'><strong>dogma,</strong></span> 
     </span>
     <span class='ocr_line' id='line_1_18' title="bbox 347 2167 1775 2250; baseline -0.001 -17"><span class='ocrx_word' id='word_1_193' title='bbox 347 2186 399 2233; x_wconf 74' lang='lat' dir='ltr'><strong>tm</strong></span> <span class='ocrx_word' id='word_1_194' title='bbox 414 2177 476 2245; x_wconf 81' lang='lat' dir='ltr'><strong>cat,</strong></span> <span class='ocrx_word' id='word_1_195' title='bbox 503 2169 600 2246; x_wconf 78' lang='lat' dir='ltr'><strong>idque</strong></span> <span class='ocrx_word' id='word_1_196' title='bbox 621 2171 658 2230; x_wconf 84' lang='lat' dir='ltr'><strong>r‘n</strong></span> <span class='ocrx_word' id='word_1_197' title='bbox 677 2170 752 2244; x_wconf 79' lang='lat' dir='ltr'><strong>boc,</strong></span> <span class='ocrx_word' id='word_1_198' title='bbox 779 2168 811 2229; x_wconf 89' lang='lat' dir='ltr'><strong>id</strong></span> <span class='ocrx_word' id='word_1_199' title='bbox 835 2179 883 2229; x_wconf 93' lang='lat' dir='ltr'><strong>est</strong></span> <span class='ocrx_word' id='word_1_200' title='bbox 905 2172 935 2231; x_wconf 93' lang='lat' dir='ltr'><strong>in</strong></span> <span class='ocrx_word' id='word_1_201' title='bbox 950 2170 1030 2229; x_wconf 88' lang='lat' dir='ltr'><strong>bunc</strong></span> <span class='ocrx_word' id='word_1_202' title='bbox 1082 2189 1142 2250; x_wconf 89' lang='lat' dir='ltr'><strong>qno</strong></span> <span class='ocrx_word' id='word_1_203' title='bbox 1165 2167 1327 2242; x_wconf 88' lang='lat' dir='ltr'><strong>credimus,</strong></span> <span class='ocrx_word' id='word_1_204' title='bbox 1356 2169 1473 2228; x_wconf 86' lang='lat' dir='ltr'><strong>animas</strong></span> <span class='ocrx_word' id='word_1_205' title='bbox 1495 2188 1613 2244; x_wconf 85' lang='lat' dir='ltr'><strong>eorum,</strong></span> <span class='ocrx_word' id='word_1_206' title='bbox 1638 2171 1775 2250; x_wconf 89' lang='lat' dir='ltr'><strong>quicum</strong></span> 
     </span>
     <span class='ocr_line' id='line_1_19' title="bbox 347 2254 1777 2337; baseline -0.001 -18"><span class='ocrx_word' id='word_1_207' title='bbox 347 2257 757 2331; x_wconf 57' lang='lat' dir='ltr'><strong>nommcjadtcentarrra</strong></span> <span class='ocrx_word' id='word_1_208' title='bbox 779 2255 893 2317; x_wconf 90' lang='lat' dir='ltr'><strong>Verum</strong></span> <span class='ocrx_word' id='word_1_209' title='bbox 910 2257 1029 2317; x_wconf 86' lang='lat' dir='ltr'><strong>ethaeo</strong></span> <span class='ocrx_word' id='word_1_210' title='bbox 1082 2258 1196 2337; x_wconf 88' lang='lat' dir='ltr'><strong>pietate</strong></span> <span class='ocrx_word' id='word_1_211' title='bbox 1224 2254 1430 2315; x_wconf 85' lang='lat' dir='ltr'><strong>dormitionem</strong></span> <span class='ocrx_word' id='word_1_212' title='bbox 1464 2266 1661 2335; x_wconf 89' lang='lat' dir='ltr'><strong>acceperuut,</strong></span> <span class='ocrx_word' id='word_1_213' title='bbox 1694 2256 1777 2317; x_wconf 88' lang='lat' dir='ltr'><strong>baud</strong></span> 
     </span>
     <span class='ocr_line' id='line_1_20' title="bbox 347 2341 1777 2423; baseline -0.002 -18"><span class='ocrx_word' id='word_1_214' title='bbox 347 2362 402 2405; x_wconf 74' lang='lat' dir='ltr'><strong>ars</strong></span> <span class='ocrx_word' id='word_1_215' title='bbox 425 2345 511 2404; x_wconf 86' lang='lat' dir='ltr'><strong>varie</strong></span> <span class='ocrx_word' id='word_1_216' title='bbox 532 2345 711 2422; x_wconf 83' lang='lat' dir='ltr'><strong>exponitur;</strong></span> <span class='ocrx_word' id='word_1_217' title='bbox 737 2362 806 2403; x_wconf 89' lang='lat' dir='ltr'><strong>nam</strong></span> <span class='ocrx_word' id='word_1_218' title='bbox 826 2345 982 2419; x_wconf 77' lang='lat' dir='ltr'><strong>judicium</strong></span> <span class='ocrx_word' id='word_1_219' title='bbox 1000 2350 1031 2400; x_wconf 92' lang='lat' dir='ltr'><strong>et</strong></span> <span class='ocrx_word' id='word_1_220' title='bbox 1082 2362 1204 2423; x_wconf 88' lang='lat' dir='ltr'><strong>prorsus</strong></span> <span class='ocrx_word' id='word_1_221' title='bbox 1221 2345 1288 2422; x_wconf 88' lang='lat' dir='ltr'><strong>puri</strong></span> <span class='ocrx_word' id='word_1_222' title='bbox 1299 2341 1464 2422; x_wconf 87' lang='lat' dir='ltr'><strong>culparum,</strong></span> <span class='ocrx_word' id='word_1_223' title='bbox 1477 2345 1582 2422; x_wconf 88' lang='lat' dir='ltr'><strong>poenis</strong></span> <span class='ocrx_word' id='word_1_224' title='bbox 1594 2346 1777 2423; x_wconf 78' lang='lat' dir='ltr'><strong>purgatoriis</strong></span> 
     </span>
     <span class='ocr_line' id='line_1_21' title="bbox 347 2428 1776 2511; baseline -0.001 -19"><span class='ocrx_word' id='word_1_225' title='bbox 347 2428 490 2492; x_wconf 85' lang='lat' dir='ltr'><strong>nbonsm</strong></span> <span class='ocrx_word' id='word_1_226' title='bbox 506 2438 624 2511; x_wconf 79' lang='lat' dir='ltr'><strong>partem</strong></span> <span class='ocrx_word' id='word_1_227' title='bbox 635 2432 730 2510; x_wconf 80' lang='lat' dir='ltr'><strong>accipi</strong></span> <span class='ocrx_word' id='word_1_228' title='bbox 744 2438 860 2510; x_wconf 91' lang='lat' dir='ltr'><strong>potest,</strong></span> <span class='ocrx_word' id='word_1_229' title='bbox 876 2439 907 2491; x_wconf 89' lang='lat' dir='ltr'><strong>st</strong></span> <span class='ocrx_word' id='word_1_230' title='bbox 922 2431 952 2491; x_wconf 89' lang='lat' dir='ltr'><strong>iu</strong></span> <span class='ocrx_word' id='word_1_231' title='bbox 968 2449 1029 2489; x_wconf 88' lang='lat' dir='ltr'><strong>ms·</strong></span> <span class='ocrx_word' id='word_1_232' title='bbox 1082 2434 1114 2492; x_wconf 89' lang='lat' dir='ltr'><strong>iu</strong></span> <span class='ocrx_word' id='word_1_233' title='bbox 1129 2431 1225 2491; x_wconf 86' lang='lat' dir='ltr'><strong>altera</strong></span> <span class='ocrx_word' id='word_1_234' title='bbox 1239 2432 1304 2490; x_wconf 88' lang='lat' dir='ltr'><strong>vita</strong></span> <span class='ocrx_word' id='word_1_235' title='bbox 1326 2429 1461 2508; x_wconf 83' lang='lat' dir='ltr'><strong>expiari,</strong></span> <span class='ocrx_word' id='word_1_236' title='bbox 1484 2449 1544 2491; x_wconf 89' lang='lat' dir='ltr'><strong>uon</strong></span> <span class='ocrx_word' id='word_1_237' title='bbox 1567 2432 1710 2510; x_wconf 76' lang='lat' dir='ltr'><strong>exiguum</strong></span> <span class='ocrx_word' id='word_1_238' title='bbox 1726 2430 1776 2490; x_wconf 82' lang='lat' dir='ltr'><strong>ba·</strong></span> 
     </span>
     <span class='ocr_line' id='line_1_22' title="bbox 347 2515 1360 2598; baseline -0.007 -17"><span class='ocrx_word' id='word_1_239' title='bbox 347 2536 401 2581; x_wconf 79' lang='lat' dir='ltr'><strong>tm.</strong></span> <span class='ocrx_word' id='word_1_240' title='bbox 426 2516 549 2578; x_wconf 87' lang='lat' dir='ltr'><strong>Deinde</strong></span> <span class='ocrx_word' id='word_1_241' title='bbox 563 2517 612 2577; x_wconf 88' lang='lat' dir='ltr'><strong>val</strong></span> <span class='ocrx_word' id='word_1_242' title='bbox 624 2536 766 2597; x_wconf 86' lang='lat' dir='ltr'><strong>praesens</strong></span> <span class='ocrx_word' id='word_1_243' title='bbox 774 2515 920 2596; x_wconf 88' lang='lat' dir='ltr'><strong>judicium</strong></span> <span class='ocrx_word' id='word_1_244' title='bbox 932 2524 1031 2598; x_wconf 90' lang='lat' dir='ltr'><strong>potest</strong></span> <span class='ocrx_word' id='word_1_245' title='bbox 1082 2517 1155 2579; x_wconf 89' lang='lat' dir='ltr'><strong>baat</strong></span> <span class='ocrx_word' id='word_1_246' title='bbox 1170 2524 1360 2577; x_wconf 88' lang='lat' dir='ltr'><strong>momentum.</strong></span> 
     </span>
     <span class='ocr_line' id='line_1_23' title="bbox 347 2602 1776 2684; baseline -0.002 -17"><span class='ocrx_word' id='word_1_247' title='bbox 347 2602 481 2684; x_wconf 72' lang='lat' dir='ltr'><strong>ttslligi,</strong></span> <span class='ocrx_word' id='word_1_248' title='bbox 502 2603 552 2663; x_wconf 90' lang='lat' dir='ltr'><strong>vel</strong></span> <span class='ocrx_word' id='word_1_249' title='bbox 576 2605 782 2684; x_wconf 83' lang='lat' dir='ltr'><strong>praeteritum,</strong></span> <span class='ocrx_word' id='word_1_250' title='bbox 808 2604 860 2665; x_wconf 90' lang='lat' dir='ltr'><strong>vel</strong></span> <span class='ocrx_word' id='word_1_251' title='bbox 880 2604 1030 2679; x_wconf 80' lang='lat' dir='ltr'><strong>loturum3</strong></span> <span class='ocrx_word' id='word_1_252' title='bbox 1127 2608 1154 2665; x_wconf 84' lang='grc'><strong>7.</strong></span> <span class='ocrx_word' id='word_1_253' title='bbox 1179 2605 1330 2665; x_wconf 81' lang='lat' dir='ltr'><strong>Omnium</strong></span> <span class='ocrx_word' id='word_1_254' title='bbox 1357 2608 1463 2661; x_wconf 82' lang='lat' dir='ltr'><strong>uatem</strong></span> <span class='ocrx_word' id='word_1_255' title='bbox 1491 2602 1565 2679; x_wconf 70' lang='lat' dir='ltr'><strong>finit</strong></span> <span class='ocrx_word' id='word_1_256' title='bbox 1594 2606 1776 2681; x_wconf 79' lang='lat' dir='ltr'><strong>appropin-</strong></span> 
     </span>
     <span class='ocr_line' id='line_1_24' title="bbox 347 2687 1777 2771; baseline -0.001 -18"><span class='ocrx_word' id='word_1_257' title='bbox 347 2692 466 2771; x_wconf 70' lang='lat' dir='ltr'><strong>nique</strong></span> <span class='ocrx_word' id='word_1_258' title='bbox 480 2693 567 2766; x_wconf 84' lang='lat' dir='ltr'><strong>vt&#39;to,</strong></span> <span class='ocrx_word' id='word_1_259' title='bbox 590 2688 641 2750; x_wconf 88' lang='lat' dir='ltr'><strong>vel</strong></span> <span class='ocrx_word' id='word_1_260' title='bbox 655 2693 776 2752; x_wconf 89' lang='lat' dir='ltr'><strong>animas</strong></span> <span class='ocrx_word' id='word_1_261' title='bbox 791 2691 900 2765; x_wconf 89' lang='lat' dir='ltr'><strong>solius,</strong></span> <span class='ocrx_word' id='word_1_262' title='bbox 923 2692 972 2752; x_wconf 88' lang='lat' dir='ltr'><strong>vel</strong></span> <span class='ocrx_word' id='word_1_263' title='bbox 986 2699 1029 2750; x_wconf 94' lang='lat' dir='ltr'><strong>to·</strong></span> <span class='ocrx_word' id='word_1_264' title='bbox 1082 2694 1201 2770; x_wconf 76' lang='lat' dir='ltr'><strong>quasit.</strong></span> <span class='ocrx_word' id='word_1_265' title='bbox 1238 2690 1319 2750; x_wconf 85' lang='lat' dir='ltr'><strong>Male</strong></span> <span class='ocrx_word' id='word_1_266' title='bbox 1345 2687 1468 2768; x_wconf 83' lang='lat' dir='ltr'><strong>quidam</strong></span> <span class='ocrx_word' id='word_1_267' title='bbox 1491 2688 1626 2751; x_wconf 88' lang='lat' dir='ltr'><strong>codices:</strong></span> <span class='ocrx_word' id='word_1_268' title='bbox 1653 2708 1777 2767; x_wconf 83' lang='lat' dir='ltr'><strong>oppro-</strong></span> 
     </span>
     <span class='ocr_line' id='line_1_25' title="bbox 347 2774 1779 2857; baseline -0.001 -18"><span class='ocrx_word' id='word_1_269' title='bbox 347 2794 389 2839; x_wconf 74' lang='grc' dir='ltr'><strong>,ιι</strong></span> <span class='ocrx_word' id='word_1_270' title='bbox 403 2778 546 2851; x_wconf 87' lang='lat' dir='ltr'><strong>bominis,</strong></span> <span class='ocrx_word' id='word_1_271' title='bbox 561 2796 651 2856; x_wconf 84' lang='lat' dir='ltr'><strong>quam</strong></span> <span class='ocrx_word' id='word_1_272' title='bbox 663 2777 832 2857; x_wconf 85' lang='lat' dir='ltr'><strong>praestabit</strong></span> <span class='ocrx_word' id='word_1_273' title='bbox 842 2779 1029 2839; x_wconf 89' lang='lat' dir='ltr'><strong>resurrectio.</strong></span> <span class='ocrx_word' id='word_1_274' title='bbox 1078 2777 1259 2856; x_wconf 77' lang='lat' dir='ltr'><strong>pinquubs&#39;t.</strong></span> <span class='ocrx_word' id='word_1_275' title='bbox 1294 2776 1372 2836; x_wconf 82' lang='lat' dir='ltr'><strong>Nam</strong></span> <span class='ocrx_word' id='word_1_276' title='bbox 1399 2778 1431 2836; x_wconf 88' lang='lat' dir='ltr'><strong>iu</strong></span> <span class='ocrx_word' id='word_1_277' title='bbox 1457 2774 1572 2837; x_wconf 88' lang='lat' dir='ltr'><strong>Graeco</strong></span> <span class='ocrx_word' id='word_1_278' title='bbox 1599 2785 1629 2837; x_wconf 92' lang='lat' dir='ltr'><strong>et</strong></span> <span class='ocrx_word' id='word_1_279' title='bbox 1658 2779 1779 2857; x_wconf 89' lang='lat' dir='ltr'><strong>optimis</strong></span> 
     </span>
     <span class='ocr_line' id='line_1_26' title="bbox 372 2857 1776 2948; baseline 0 -22"><span class='ocrx_word' id='word_1_280' title='bbox 372 2864 458 2939; x_wconf 73' lang='lat' dir='ltr'><strong>llos,</strong></span> <span class='ocrx_word' id='word_1_281' title='bbox 474 2862 554 2943; x_wconf 83' lang='lat' dir='ltr'><strong>quod</strong></span> <span class='ocrx_word' id='word_1_282' title='bbox 571 2864 701 2925; x_wconf 86' lang='lat' dir='ltr'><strong>maxims</strong></span> <span class='ocrx_word' id='word_1_283' title='bbox 712 2865 868 2945; x_wconf 77' lang='lat' dir='ltr'><strong>probabile</strong></span> <span class='ocrx_word' id='word_1_284' title='bbox 883 2872 1030 2946; x_wconf 90' lang='lat' dir='ltr'><strong>putamus,</strong></span> <span class='ocrx_word' id='word_1_285' title='bbox 1083 2864 1375 2948; x_wconf 86' lang='lat' dir='ltr'><strong>quibusqueLatiuis</strong></span> <span class='ocrx_word' id='word_1_286' title='bbox 1382 2864 1577 2941; x_wconf 89' lang='lat' dir='ltr'><strong>praeteritum</strong></span> <span class='ocrx_word' id='word_1_287' title='bbox 1585 2873 1644 2926; x_wconf 88' lang='lat' dir='ltr'><strong>est:</strong></span> <span class='ocrx_word' id='word_1_288' title='bbox 1656 2857 1776 2945; x_wconf 73' lang='grc' dir='ltr'><strong>ἤγγικε.</strong></span> 
     </span>
     <span class='ocr_line' id='line_1_27' title="bbox 347 2951 1778 3034; baseline 0.001 -22"><span class='ocrx_word' id='word_1_289' title='bbox 347 2951 563 3033; x_wconf 80' lang='lat' dir='ltr'><strong>tsuprsdictis</strong></span> <span class='ocrx_word' id='word_1_290' title='bbox 575 2960 816 3026; x_wconf 87' lang='lat' dir='ltr'><strong>cousentaneum,</strong></span> <span class='ocrx_word' id='word_1_291' title='bbox 831 2951 963 3013; x_wconf 87' lang='lat' dir='ltr'><strong>breviter</strong></span> <span class='ocrx_word' id='word_1_292' title='bbox 973 2953 1031 3013; x_wconf 90' lang='lat' dir='ltr'><strong>boc</strong></span> <span class='ocrx_word' id='word_1_293' title='bbox 1082 2954 1160 3034; x_wconf 83' lang='lat' dir='ltr'><strong>Syra</strong></span> <span class='ocrx_word' id='word_1_294' title='bbox 1176 2951 1299 3033; x_wconf 89' lang='lat' dir='ltr'><strong>quidem</strong></span> <span class='ocrx_word' id='word_1_295' title='bbox 1315 2953 1414 3011; x_wconf 88' lang='lat' dir='ltr'><strong>versio</strong></span> <span class='ocrx_word' id='word_1_296' title='bbox 1437 2959 1557 3031; x_wconf 84' lang='lat' dir='ltr'><strong>tempus</strong></span> <span class='ocrx_word' id='word_1_297' title='bbox 1579 2953 1672 3013; x_wconf 89' lang='lat' dir='ltr'><strong>habet</strong></span> <span class='ocrx_word' id='word_1_298' title='bbox 1692 2972 1778 3033; x_wconf 80' lang='lat' dir='ltr'><strong>prae·</strong></span> 
     </span>
     <span class='ocr_line' id='line_1_28' title="bbox 347 3038 1776 3120; baseline -0.001 -18"><span class='ocrx_word' id='word_1_299' title='bbox 347 3055 421 3102; x_wconf 73' lang='lat' dir='ltr'><strong>nav</strong></span> <span class='ocrx_word' id='word_1_300' title='bbox 441 3038 678 3119; x_wconf 85' lang='lat' dir='ltr'><strong>eomplectimur.</strong></span> <span class='ocrx_word' id='word_1_301' title='bbox 715 3038 765 3099; x_wconf 79' lang='lat' dir='ltr'><strong>Ad</strong></span> <span class='ocrx_word' id='word_1_302' title='bbox 786 3039 856 3113; x_wconf 90' lang='lat' dir='ltr'><strong>boc,</strong></span> <span class='ocrx_word' id='word_1_303' title='bbox 880 3040 981 3120; x_wconf 84' lang='lat' dir='ltr'><strong>iuquit</strong></span> <span class='ocrx_word' id='word_1_304' title='bbox 994 3039 1029 3099; x_wconf 91' lang='grc' dir='ltr'><strong>Β.</strong></span> <span class='ocrx_word' id='word_1_305' title='bbox 1083 3059 1166 3102; x_wconf 87' lang='lat' dir='ltr'><strong>seua:</strong></span> <span class='ocrx_word' id='word_1_306' title='bbox 1191 3041 1449 3115; x_wconf 79' lang='lat' dir='ltr'><strong>appropinquat,</strong></span> <span class='ocrx_word' id='word_1_307' title='bbox 1466 3041 1583 3113; x_wconf 78' lang='lat' dir='ltr'><strong>instat,</strong></span> <span class='ocrx_word' id='word_1_308' title='bbox 1599 3039 1656 3100; x_wconf 91' lang='lat' dir='ltr'><strong>ssd</strong></span> <span class='ocrx_word' id='word_1_309' title='bbox 1671 3038 1776 3100; x_wconf 88' lang='lat' dir='ltr'><strong>eodem</strong></span> 
     </span>
     <span class='ocr_line' id='line_1_29' title="bbox 347 3124 1778 3206; baseline -0.001 -18"><span class='ocrx_word' id='word_1_310' title='bbox 347 3129 450 3200; x_wconf 70' lang='lat' dir='ltr'><strong>’sarua</strong></span> <span class='ocrx_word' id='word_1_311' title='bbox 466 3128 558 3185; x_wconf 85' lang='lat' dir='ltr'><strong>etiam</strong></span> <span class='ocrx_word' id='word_1_312' title='bbox 569 3127 695 3186; x_wconf 77' lang='lat' dir='ltr'><strong>mortuis</strong></span> <span class='ocrx_word' id='word_1_313' title='bbox 706 3126 929 3206; x_wconf 75' lang='lat' dir='ltr'><strong>evangelizavit</strong></span> <span class='ocrx_word' id='word_1_314' title='bbox 945 3125 1030 3187; x_wconf 83' lang='lat' dir='ltr'><strong>Obri-</strong></span> <span class='ocrx_word' id='word_1_315' title='bbox 1083 3148 1151 3188; x_wconf 89' lang='lat' dir='ltr'><strong>cum</strong></span> <span class='ocrx_word' id='word_1_316' title='bbox 1166 3124 1291 3186; x_wconf 85' lang='lat' dir='ltr'><strong>Graecis</strong></span> <span class='ocrx_word' id='word_1_317' title='bbox 1306 3143 1412 3200; x_wconf 80' lang='lat' dir='ltr'><strong>sonsu3</strong></span> <span class='ocrx_word' id='word_1_318' title='bbox 1436 3124 1620 3203; x_wconf 74' lang='lat' dir='ltr'><strong>significatur</strong></span> <span class='ocrx_word' id='word_1_319' title='bbox 1641 3127 1720 3187; x_wconf 89' lang='lat' dir='ltr'><strong>euim</strong></span> <span class='ocrx_word' id='word_1_320' title='bbox 1735 3128 1778 3187; x_wconf 92' lang='lat' dir='ltr'><strong>sic</strong></span> 
     </span>
     <span class='ocr_line' id='line_1_30' title="bbox 347 3211 1777 3295; baseline 0.001 -22"><span class='ocrx_word' id='word_1_321' title='bbox 347 3217 410 3288; x_wconf 79' lang='lat' dir='ltr'><strong>tna,</strong></span> <span class='ocrx_word' id='word_1_322' title='bbox 438 3220 487 3286; x_wconf 89' lang='lat' dir='ltr'><strong>ut,</strong></span> <span class='ocrx_word' id='word_1_323' title='bbox 515 3212 654 3292; x_wconf 85' lang='lat' dir='ltr'><strong>quamvis</strong></span> <span class='ocrx_word' id='word_1_324' title='bbox 671 3213 810 3287; x_wconf 78' lang='lat' dir='ltr'><strong>judicati</strong></span> <span class='ocrx_word' id='word_1_325' title='bbox 829 3214 955 3291; x_wconf 74' lang='lat' dir='ltr'><strong>fuerint</strong></span> <span class='ocrx_word' id='word_1_326' title='bbox 962 3259 973 3289; x_wconf 87' lang='lat'><strong>,</strong></span> <span class='ocrx_word' id='word_1_327' title='bbox 999 3211 1031 3272; x_wconf 90' lang='lat' dir='ltr'><strong>id</strong></span> <span class='ocrx_word' id='word_1_328' title='bbox 1082 3213 1355 3295; x_wconf 73' lang='lat' dir='ltr'><strong>appropinquasse,</strong></span> <span class='ocrx_word' id='word_1_329' title='bbox 1378 3220 1412 3269; x_wconf 90' lang='lat' dir='ltr'><strong>ut</strong></span> <span class='ocrx_word' id='word_1_330' title='bbox 1423 3211 1486 3289; x_wconf 87' lang='lat' dir='ltr'><strong>jam</strong></span> <span class='ocrx_word' id='word_1_331' title='bbox 1501 3213 1619 3272; x_wconf 87' lang='lat' dir='ltr'><strong>vicinus</strong></span> <span class='ocrx_word' id='word_1_332' title='bbox 1634 3215 1672 3274; x_wconf 91' lang='lat' dir='ltr'><strong>sit</strong></span> <span class='ocrx_word' id='word_1_333' title='bbox 1686 3221 1777 3294; x_wconf 88' lang='lat' dir='ltr'><strong>atque</strong></span> 
     </span>
     <span class='ocr_line' id='line_1_31' title="bbox 347 3296 1776 3380; baseline -0.001 -20"><span class='ocrx_word' id='word_1_334' title='bbox 347 3307 378 3360; x_wconf 76' lang='lat' dir='ltr'><strong>tt</strong></span> <span class='ocrx_word' id='word_1_335' title='bbox 401 3299 518 3380; x_wconf 89' lang='lat' dir='ltr'><strong>puniti,</strong></span> <span class='ocrx_word' id='word_1_336' title='bbox 545 3317 636 3358; x_wconf 69' lang='lat' dir='ltr'><strong>urus</strong></span> <span class='ocrx_word' id='word_1_337' title='bbox 662 3318 716 3359; x_wconf 86' lang='lat' dir='ltr'><strong>seu</strong></span> <span class='ocrx_word' id='word_1_338' title='bbox 741 3319 880 3380; x_wconf 89' lang='lat' dir='ltr'><strong>corpore,</strong></span> <span class='ocrx_word' id='word_1_339' title='bbox 907 3298 1030 3379; x_wconf 82' lang='lat' dir='ltr'><strong>quaudo</strong></span> <span class='ocrx_word' id='word_1_340' title='bbox 1082 3301 1242 3360; x_wconf 83' lang='lat' dir='ltr'><strong>immineat.</strong></span> <span class='ocrx_word' id='word_1_341' title='bbox 1273 3301 1387 3360; x_wconf 80' lang='lat' dir='ltr'><strong>Fr&#39;ncm</strong></span> <span class='ocrx_word' id='word_1_342' title='bbox 1410 3301 1553 3358; x_wconf 80' lang='lat' dir='ltr'><strong>omnium</strong></span> <span class='ocrx_word' id='word_1_343' title='bbox 1576 3296 1776 3359; x_wconf 88' lang='lat' dir='ltr'><strong>Oscumenius</strong></span> 
     </span>
     <span class='ocr_line' id='line_1_32' title="bbox 347 3382 1775 3467; baseline -0.001 -19"><span class='ocrx_word' id='word_1_344' title='bbox 347 3399 383 3448; x_wconf 73' lang='lat' dir='ltr'><strong>t·</strong></span> <span class='ocrx_word' id='word_1_345' title='bbox 403 3404 504 3466; x_wconf 80' lang='lat' dir='ltr'><strong>aquae</strong></span> <span class='ocrx_word' id='word_1_346' title='bbox 527 3382 635 3445; x_wconf 89' lang='lat' dir='ltr'><strong>diluvii</strong></span> <span class='ocrx_word' id='word_1_347' title='bbox 656 3386 855 3461; x_wconf 79' lang='lat' dir='ltr'><strong>suffocarunt,</strong></span> <span class='ocrx_word' id='word_1_348' title='bbox 877 3393 907 3445; x_wconf 86' lang='lat' dir='ltr'><strong>et</strong></span> <span class='ocrx_word' id='word_1_349' title='bbox 928 3386 958 3447; x_wconf 91' lang='lat' dir='ltr'><strong>id</strong></span> <span class='ocrx_word' id='word_1_350' title='bbox 982 3405 1030 3447; x_wconf 84' lang='lat' dir='ltr'><strong>sc·</strong></span> <span class='ocrx_word' id='word_1_351' title='bbox 1082 3389 1307 3467; x_wconf 83' lang='lat' dir='ltr'><strong>interpretatur,</strong></span> <span class='ocrx_word' id='word_1_352' title='bbox 1331 3385 1361 3445; x_wconf 93' lang='lat' dir='ltr'><strong>in</strong></span> <span class='ocrx_word' id='word_1_353' title='bbox 1384 3404 1446 3462; x_wconf 89' lang='lat' dir='ltr'><strong>quo</strong></span> <span class='ocrx_word' id='word_1_354' title='bbox 1469 3385 1598 3445; x_wconf 88' lang='lat' dir='ltr'><strong>omnium</strong></span> <span class='ocrx_word' id='word_1_355' title='bbox 1613 3386 1775 3466; x_wconf 89' lang='lat' dir='ltr'><strong>propbeta·</strong></span> 
     </span>
     <span class='ocr_line' id='line_1_33' title="bbox 347 3471 1776 3553; baseline 0 -19"><span class='ocrx_word' id='word_1_356' title='bbox 347 3473 471 3534; x_wconf 66' lang='lat' dir='ltr'><strong>udum</strong></span> <span class='ocrx_word' id='word_1_357' title='bbox 497 3472 656 3547; x_wconf 70' lang='lat' dir='ltr'><strong>domines,</strong></span> <span class='ocrx_word' id='word_1_358' title='bbox 683 3472 741 3533; x_wconf 90' lang='lat' dir='ltr'><strong>boc</strong></span> <span class='ocrx_word' id='word_1_359' title='bbox 763 3482 824 3546; x_wconf 87' lang='lat' dir='ltr'><strong>est,</strong></span> <span class='ocrx_word' id='word_1_360' title='bbox 856 3473 977 3553; x_wconf 90' lang='lat' dir='ltr'><strong>publico</strong></span> <span class='ocrx_word' id='word_1_361' title='bbox 1000 3482 1030 3533; x_wconf 87' lang='lat' dir='ltr'><strong>st</strong></span> <span class='ocrx_word' id='word_1_362' title='bbox 1082 3493 1147 3534; x_wconf 89' lang='lat' dir='ltr'><strong>rum</strong></span> <span class='ocrx_word' id='word_1_363' title='bbox 1177 3473 1321 3534; x_wconf 86' lang='lat' dir='ltr'><strong>vaticinia</strong></span> <span class='ocrx_word' id='word_1_364' title='bbox 1354 3471 1555 3550; x_wconf 81' lang='lat' dir='ltr'><strong>complentur,</strong></span> <span class='ocrx_word' id='word_1_365' title='bbox 1586 3480 1617 3531; x_wconf 91' lang='lat' dir='ltr'><strong>et</strong></span> <span class='ocrx_word' id='word_1_366' title='bbox 1646 3473 1686 3534; x_wconf 90' lang='lat' dir='ltr'><strong>de</strong></span> <span class='ocrx_word' id='word_1_367' title='bbox 1714 3492 1776 3553; x_wconf 88' lang='lat' dir='ltr'><strong>quo</strong></span> 
     </span>
     <span class='ocr_line' id='line_1_34' title="bbox 347 3554 1776 3642; baseline 0.002 -26"><span class='ocrx_word' id='word_1_368' title='bbox 347 3573 358 3616; x_wconf 84' lang='lat' dir='ltr'><strong>r</strong></span> <span class='ocrx_word' id='word_1_369' title='bbox 376 3557 533 3620; x_wconf 86' lang='lat' dir='ltr'><strong>bominum</strong></span> <span class='ocrx_word' id='word_1_370' title='bbox 547 3559 656 3619; x_wconf 87' lang='lat' dir='ltr'><strong>notitia</strong></span> <span class='ocrx_word' id='word_1_371' title='bbox 667 3554 739 3636; x_wconf 86' lang='lat' dir='ltr'><strong>(fuit</strong></span> <span class='ocrx_word' id='word_1_372' title='bbox 754 3560 833 3620; x_wconf 88' lang='lat' dir='ltr'><strong>euim</strong></span> <span class='ocrx_word' id='word_1_373' title='bbox 845 3559 898 3621; x_wconf 89' lang='lat' dir='ltr'><strong>illa</strong></span> <span class='ocrx_word' id='word_1_374' title='bbox 913 3560 1029 3642; x_wconf 89' lang='lat' dir='ltr'><strong>punitio</strong></span> <span class='ocrx_word' id='word_1_375' title='bbox 1082 3560 1198 3620; x_wconf 84' lang='lat' dir='ltr'><strong>Paulus</strong></span> <span class='ocrx_word' id='word_1_376' title='bbox 1220 3561 1306 3620; x_wconf 88' lang='lat' dir='ltr'><strong>Rom.</strong></span> <span class='ocrx_word' id='word_1_377' title='bbox 1326 3559 1387 3618; x_wconf 85' lang='lat'>10.:</span> <span class='ocrx_word' id='word_1_378' title='bbox 1415 3559 1505 3619; x_wconf 71' lang='lat' dir='ltr'><strong>dlns&#39;s</strong></span> <span class='ocrx_word' id='word_1_379' title='bbox 1526 3560 1601 3633; x_wconf 69' lang='lat' dir='ltr'><strong>lenis</strong></span> <span class='ocrx_word' id='word_1_380' title='bbox 1627 3560 1776 3622; x_wconf 75' lang='lat' dir='ltr'><strong>Christus.</strong></span> 
     </span>
     <span class='ocr_line' id='line_1_35' title="bbox 347 3643 1776 3726; baseline 0 -19"><span class='ocrx_word' id='word_1_381' title='bbox 347 3646 469 3707; x_wconf 73' lang='lat' dir='ltr'><strong>mnibus</strong></span> <span class='ocrx_word' id='word_1_382' title='bbox 485 3644 653 3705; x_wconf 89' lang='lat' dir='ltr'><strong>bominibus</strong></span> <span class='ocrx_word' id='word_1_383' title='bbox 665 3645 834 3720; x_wconf 79' lang='lat' dir='ltr'><strong>manifesta,</strong></span> <span class='ocrx_word' id='word_1_384' title='bbox 850 3666 905 3707; x_wconf 86' lang='lat' dir='ltr'><strong>aaa</strong></span> <span class='ocrx_word' id='word_1_385' title='bbox 918 3648 1028 3707; x_wconf 88' lang='lat' dir='ltr'><strong>discor·</strong></span> <span class='ocrx_word' id='word_1_386' title='bbox 1080 3647 1207 3707; x_wconf 87' lang='lat' dir='ltr'><strong>Rectius</strong></span> <span class='ocrx_word' id='word_1_387' title='bbox 1221 3647 1274 3707; x_wconf 88' lang='lat' dir='ltr'><strong>alii</strong></span> <span class='ocrx_word' id='word_1_388' title='bbox 1297 3645 1472 3725; x_wconf 86' lang='lat' dir='ltr'><strong>simpliciter</strong></span> <span class='ocrx_word' id='word_1_389' title='bbox 1490 3643 1602 3705; x_wconf 91' lang='lat' dir='ltr'><strong>dictum</strong></span> <span class='ocrx_word' id='word_1_390' title='bbox 1618 3648 1776 3726; x_wconf 85' lang='lat' dir='ltr'><strong>accipiunt,</strong></span> 
     </span>
     <span class='ocr_line' id='line_1_36' title="bbox 347 3728 1775 3809; baseline 0.003 -19"><span class='ocrx_word' id='word_1_391' title='bbox 347 3729 426 3794; x_wconf 76' lang='lat' dir='ltr'><strong>nbat</strong></span> <span class='ocrx_word' id='word_1_392' title='bbox 440 3731 553 3792; x_wconf 90' lang='lat' dir='ltr'><strong>electos</strong></span> <span class='ocrx_word' id='word_1_393' title='bbox 569 3751 588 3790; x_wconf 79' lang='lat' dir='ltr'><strong>a</strong></span> <span class='ocrx_word' id='word_1_394' title='bbox 602 3728 767 3809; x_wconf 87' lang='lat' dir='ltr'><strong>reprobis),</strong></span> <span class='ocrx_word' id='word_1_395' title='bbox 796 3736 907 3794; x_wconf 77' lang='lat' dir='ltr'><strong>vivont</strong></span> <span class='ocrx_word' id='word_1_396' title='bbox 922 3742 1028 3794; x_wconf 82' lang='lat' dir='ltr'><strong>tomen</strong></span> <span class='ocrx_word' id='word_1_397' title='bbox 1081 3750 1190 3793; x_wconf 81' lang='lat' dir='ltr'><strong>rcracm</strong></span> <span class='ocrx_word' id='word_1_398' title='bbox 1205 3736 1346 3795; x_wconf 82' lang='lat' dir='ltr'><strong>omnium</strong></span> <span class='ocrx_word' id='word_1_399' title='bbox 1361 3732 1467 3809; x_wconf 70' lang='lat' dir='ltr'><strong>finam,</strong></span> <span class='ocrx_word' id='word_1_400' title='bbox 1483 3731 1513 3792; x_wconf 93' lang='lat' dir='ltr'><strong>id</strong></span> <span class='ocrx_word' id='word_1_401' title='bbox 1529 3741 1576 3792; x_wconf 91' lang='lat' dir='ltr'><strong>est</strong></span> <span class='ocrx_word' id='word_1_402' title='bbox 1589 3733 1693 3793; x_wconf 89' lang='lat' dir='ltr'><strong>muudi</strong></span> <span class='ocrx_word' id='word_1_403' title='bbox 1707 3753 1775 3794; x_wconf 87' lang='lat' dir='ltr'><strong>cou-</strong></span> 
     </span>
     <span class='ocr_line' id='line_1_37' title="bbox 347 3813 1776 3908; baseline 0 -28"><span class='ocrx_word' id='word_1_404' title='bbox 347 3813 461 3880; x_wconf 75' lang='lat' dir='ltr'><strong>tlieiter</strong></span> <span class='ocrx_word' id='word_1_405' title='bbox 483 3826 515 3878; x_wconf 87' lang='lat' dir='ltr'><strong>at</strong></span> <span class='ocrx_word' id='word_1_406' title='bbox 536 3818 623 3878; x_wconf 86' lang='lat' dir='ltr'><strong>beate</strong></span> <span class='ocrx_word' id='word_1_407' title='bbox 642 3838 699 3908; x_wconf 90' lang='lat' dir='ltr'><strong>per</strong></span> <span class='ocrx_word' id='word_1_408' title='bbox 714 3818 828 3881; x_wconf 83' lang='lat' dir='ltr'><strong>Christi</strong></span> <span class='ocrx_word' id='word_1_409' title='bbox 848 3822 1027 3900; x_wconf 85' lang='lat' dir='ltr'><strong>redemptio·</strong></span> <span class='ocrx_word' id='word_1_410' title='bbox 1081 3822 1322 3893; x_wconf 86' lang='lat' dir='ltr'><strong>summationem,</strong></span> <span class='ocrx_word' id='word_1_411' title='bbox 1349 3838 1410 3879; x_wconf 81' lang='lat' dir='ltr'><strong>crac</strong></span> <span class='ocrx_word' id='word_1_412' title='bbox 1423 3821 1460 3879; x_wconf 80' lang='lat' dir='ltr'><strong>in</strong></span> <span class='ocrx_word' id='word_1_413' title='bbox 1472 3821 1668 3895; x_wconf 76' lang='lat' dir='ltr'><strong>propinquo.</strong></span> <span class='ocrx_word' id='word_1_414' title='bbox 1706 3819 1776 3899; x_wconf 80' lang='lat' dir='ltr'><strong>Qua</strong></span> 
     </span>
     <span class='ocr_line' id='line_1_38' title="bbox 347 3903 1776 3986; baseline 0.001 -20"><span class='ocrx_word' id='word_1_415' title='bbox 347 3915 400 3966; x_wconf 67' lang='grc' dir='ltr'><em>η</em></span> <span class='ocrx_word' id='word_1_416' title='bbox 416 3907 550 3982; x_wconf 78' lang='lat' dir='ltr'><strong>spiritu,</strong></span> <span class='ocrx_word' id='word_1_417' title='bbox 573 3903 606 3964; x_wconf 91' lang='lat' dir='ltr'><strong>id</strong></span> <span class='ocrx_word' id='word_1_418' title='bbox 628 3912 674 3965; x_wconf 87' lang='lat' dir='ltr'><strong>est</strong></span> <span class='ocrx_word' id='word_1_419' title='bbox 699 3908 814 3981; x_wconf 88' lang='lat' dir='ltr'><strong>anima,</strong></span> <span class='ocrx_word' id='word_1_420' title='bbox 837 3926 927 3986; x_wconf 88' lang='lat' dir='ltr'><strong>quam</strong></span> <span class='ocrx_word' id='word_1_421' title='bbox 943 3906 1027 3968; x_wconf 81' lang='lat' dir='ltr'><strong>Obri-</strong></span> <span class='ocrx_word' id='word_1_422' title='bbox 1081 3925 1161 3967; x_wconf 89' lang='lat' dir='ltr'><strong>nunc</strong></span> <span class='ocrx_word' id='word_1_423' title='bbox 1183 3908 1300 3968; x_wconf 88' lang='lat' dir='ltr'><strong>ratione</strong></span> <span class='ocrx_word' id='word_1_424' title='bbox 1326 3904 1431 3966; x_wconf 86' lang='lat' dir='ltr'><strong>suadet</strong></span> <span class='ocrx_word' id='word_1_425' title='bbox 1455 3905 1636 3986; x_wconf 83' lang='lat' dir='ltr'><strong>Apostolus,</strong></span> <span class='ocrx_word' id='word_1_426' title='bbox 1662 3908 1776 3986; x_wconf 84' lang='lat' dir='ltr'><strong>patien-</strong></span> 
     </span>
     <span class='ocr_line' id='line_1_39' title="bbox 347 3991 1776 4075; baseline -0.001 -21"><span class='ocrx_word' id='word_1_427' title='bbox 347 4003 412 4067; x_wconf 66' lang='lat' dir='ltr'><strong>ts,</strong></span> <span class='ocrx_word' id='word_1_428' title='bbox 426 3992 604 4052; x_wconf 77' lang='lat' dir='ltr'><strong>muuutiato</strong></span> <span class='ocrx_word' id='word_1_429' title='bbox 619 3992 695 4071; x_wconf 92' lang='lat' dir='ltr'><strong>ipsis</strong></span> <span class='ocrx_word' id='word_1_430' title='bbox 710 3993 894 4074; x_wconf 80' lang='lat' dir='ltr'><strong>Evangelio,</strong></span> <span class='ocrx_word' id='word_1_431' title='bbox 912 3994 1028 4075; x_wconf 81' lang='lat' dir='ltr'><strong>gloriae</strong></span> <span class='ocrx_word' id='word_1_432' title='bbox 1081 3994 1153 4053; x_wconf 91' lang='lat' dir='ltr'><strong>tiam</strong></span> <span class='ocrx_word' id='word_1_433' title='bbox 1169 4012 1233 4055; x_wconf 90' lang='lat' dir='ltr'><strong>esse</strong></span> <span class='ocrx_word' id='word_1_434' title='bbox 1249 3991 1427 4054; x_wconf 85' lang='lat' dir='ltr'><strong>servandam</strong></span> <span class='ocrx_word' id='word_1_435' title='bbox 1442 3993 1473 4052; x_wconf 93' lang='lat' dir='ltr'><strong>iu</strong></span> <span class='ocrx_word' id='word_1_436' title='bbox 1486 3992 1629 4066; x_wconf 83' lang='lat' dir='ltr'><strong>adversis,</strong></span> <span class='ocrx_word' id='word_1_437' title='bbox 1644 3993 1724 4073; x_wconf 87' lang='lat' dir='ltr'><strong>quod</strong></span> <span class='ocrx_word' id='word_1_438' title='bbox 1740 4012 1776 4052; x_wconf 87' lang='lat' dir='ltr'><strong>es</strong></span> 
     </span>
     <span class='ocr_line' id='line_1_40' title="bbox 347 4076 1777 4159; baseline -0.001 -19"><span class='ocrx_word' id='word_1_439' title='bbox 347 4087 404 4140; x_wconf 73' lang='grc' dir='ltr'><strong>Ιιο</strong></span> <span class='ocrx_word' id='word_1_440' title='bbox 423 4079 602 4159; x_wconf 78' lang='lat' dir='ltr'><strong>participem</strong></span> <span class='ocrx_word' id='word_1_441' title='bbox 625 4076 714 4153; x_wconf 82' lang='lat' dir='ltr'><strong>fecit,</strong></span> <span class='ocrx_word' id='word_1_442' title='bbox 745 4082 799 4140; x_wconf 86' lang='lat' dir='ltr'><strong>atsi</strong></span> <span class='ocrx_word' id='word_1_443' title='bbox 823 4099 912 4140; x_wconf 90' lang='lat' dir='ltr'><strong>carue</strong></span> <span class='ocrx_word' id='word_1_444' title='bbox 930 4078 1028 4141; x_wconf 84' lang='lat' dir='ltr'><strong>adbuc</strong></span> <span class='ocrx_word' id='word_1_445' title='bbox 1081 4100 1149 4140; x_wconf 90' lang='lat' dir='ltr'><strong>cum</strong></span> <span class='ocrx_word' id='word_1_446' title='bbox 1171 4079 1274 4140; x_wconf 92' lang='lat' dir='ltr'><strong>muudi</strong></span> <span class='ocrx_word' id='word_1_447' title='bbox 1297 4080 1355 4140; x_wconf 87' lang='lat' dir='ltr'><strong>fine</strong></span> <span class='ocrx_word' id='word_1_448' title='bbox 1373 4079 1438 4158; x_wconf 87' lang='lat' dir='ltr'><strong>jam</strong></span> <span class='ocrx_word' id='word_1_449' title='bbox 1463 4081 1594 4139; x_wconf 86' lang='lat' dir='ltr'><strong>instante</strong></span> <span class='ocrx_word' id='word_1_450' title='bbox 1609 4078 1702 4140; x_wconf 86' lang='lat' dir='ltr'><strong>linem</strong></span> <span class='ocrx_word' id='word_1_451' title='bbox 1716 4081 1777 4140; x_wconf 89' lang='lat' dir='ltr'><strong>siut</strong></span> 
     </span>
     <span class='ocr_line' id='line_1_41' title="bbox 347 4164 1776 4247; baseline 0 -19"><span class='ocrx_word' id='word_1_452' title='bbox 347 4166 545 4246; x_wconf 74' lang='lat' dir='ltr'><strong>&#39;mptiousm</strong></span> <span class='ocrx_word' id='word_1_453' title='bbox 568 4166 720 4245; x_wconf 81' lang='lat' dir='ltr'><strong>patieute;</strong></span> <span class='ocrx_word' id='word_1_454' title='bbox 747 4173 776 4226; x_wconf 86' lang='lat' dir='ltr'><strong>at</strong></span> <span class='ocrx_word' id='word_1_455' title='bbox 800 4166 832 4227; x_wconf 92' lang='lat' dir='ltr'><strong>id</strong></span> <span class='ocrx_word' id='word_1_456' title='bbox 853 4167 1027 4229; x_wconf 81' lang='lat' dir='ltr'><strong>secandam</strong></span> <span class='ocrx_word' id='word_1_457' title='bbox 1081 4176 1252 4247; x_wconf 88' lang='lat' dir='ltr'><strong>acceptura.</strong></span> <span class='ocrx_word' id='word_1_458' title='bbox 1285 4166 1335 4228; x_wconf 85' lang='lat' dir='ltr'><strong>Sic</strong></span> <span class='ocrx_word' id='word_1_459' title='bbox 1351 4165 1465 4227; x_wconf 90' lang='lat' dir='ltr'><strong>Paulus</strong></span> <span class='ocrx_word' id='word_1_460' title='bbox 1486 4164 1584 4226; x_wconf 79' lang='lat' dir='ltr'><strong>lcor.</strong></span> <span class='ocrx_word' id='word_1_461' title='bbox 1603 4167 1646 4227; x_wconf 80' lang='lat' dir='ltr'><strong>l.:</strong></span> <span class='ocrx_word' id='word_1_462' title='bbox 1673 4169 1776 4228; x_wconf 83' lang='lat' dir='ltr'><strong>Prac-</strong></span> 
     </span>
     <span class='ocr_line' id='line_1_42' title="bbox 347 4247 1775 4332; baseline -0.001 -18"><span class='ocrx_word' id='word_1_463' title='bbox 347 4247 436 4314; x_wconf 63' lang='grc' dir='ltr'><strong>’πω</strong></span> <span class='ocrx_word' id='word_1_464' title='bbox 443 4297 454 4328; x_wconf 86' lang='grc'><strong><em>,</em></strong></span> <span class='ocrx_word' id='word_1_465' title='bbox 478 4250 510 4312; x_wconf 91' lang='lat' dir='ltr'><strong>id</strong></span> <span class='ocrx_word' id='word_1_466' title='bbox 526 4261 575 4311; x_wconf 92' lang='lat' dir='ltr'><strong>est</strong></span> <span class='ocrx_word' id='word_1_467' title='bbox 593 4269 692 4312; x_wconf 87' lang='lat' dir='ltr'><strong>coram</strong></span> <span class='ocrx_word' id='word_1_468' title='bbox 707 4251 792 4327; x_wconf 89' lang='lat' dir='ltr'><strong>Deo,</strong></span> <span class='ocrx_word' id='word_1_469' title='bbox 814 4254 885 4315; x_wconf 91' lang='lat' dir='ltr'><strong>licet</strong></span> <span class='ocrx_word' id='word_1_470' title='bbox 900 4252 1027 4314; x_wconf 89' lang='lat' dir='ltr'><strong>mundus</strong></span> <span class='ocrx_word' id='word_1_471' title='bbox 1080 4257 1153 4314; x_wconf 81' lang='lat' dir='ltr'><strong>tcrr&#39;t</strong></span> <span class='ocrx_word' id='word_1_472' title='bbox 1167 4254 1272 4330; x_wconf 70' lang='lat' dir='ltr'><strong>flaura</strong></span> <span class='ocrx_word' id='word_1_473' title='bbox 1286 4254 1380 4329; x_wconf 70' lang='lat' dir='ltr'><strong>bajas</strong></span> <span class='ocrx_word' id='word_1_474' title='bbox 1390 4253 1512 4314; x_wconf 78' lang='lat' dir='ltr'><strong>mandi.</strong></span> <span class='ocrx_word' id='word_1_475' title='bbox 1537 4251 1627 4332; x_wconf 78' lang='lat' dir='ltr'><strong>Quae</strong></span> <span class='ocrx_word' id='word_1_476' title='bbox 1642 4254 1775 4314; x_wconf 88' lang='lat' dir='ltr'><strong>admoui·</strong></span> 
     </span>
     <span class='ocr_line' id='line_1_43' title="bbox 347 4337 1776 4420; baseline 0.003 -24"><span class='ocrx_word' id='word_1_477' title='bbox 347 4345 385 4396; x_wconf 70' lang='grc' dir='ltr'><strong>Ι·</strong></span> <span class='ocrx_word' id='word_1_478' title='bbox 397 4337 478 4420; x_wconf 79' lang='lat' dir='ltr'><strong>apud</strong></span> <span class='ocrx_word' id='word_1_479' title='bbox 492 4338 594 4399; x_wconf 88' lang='lat' dir='ltr'><strong>Deum</strong></span> <span class='ocrx_word' id='word_1_480' title='bbox 617 4339 720 4399; x_wconf 85' lang='lat' dir='ltr'><strong>vivere</strong></span> <span class='ocrx_word' id='word_1_481' title='bbox 741 4342 874 4413; x_wconf 84' lang='lat' dir='ltr'><strong>nesciat,</strong></span> <span class='ocrx_word' id='word_1_482' title='bbox 900 4349 1026 4401; x_wconf 86' lang='lat' dir='ltr'><strong>autnon</strong></span> <span class='ocrx_word' id='word_1_483' title='bbox 1080 4342 1122 4400; x_wconf 92' lang='lat' dir='ltr'><strong>tio</strong></span> <span class='ocrx_word' id='word_1_484' title='bbox 1139 4350 1259 4400; x_wconf 88' lang='lat' dir='ltr'><strong>estnon</strong></span> <span class='ocrx_word' id='word_1_485' title='bbox 1274 4348 1336 4401; x_wconf 88' lang='lat' dir='ltr'><strong>tam</strong></span> <span class='ocrx_word' id='word_1_486' title='bbox 1357 4338 1396 4399; x_wconf 83' lang='lat' dir='ltr'><strong>ad</strong></span> <span class='ocrx_word' id='word_1_487' title='bbox 1418 4339 1553 4418; x_wconf 84' lang='lat' dir='ltr'><strong>singulos</strong></span> <span class='ocrx_word' id='word_1_488' title='bbox 1573 4339 1679 4400; x_wconf 83' lang='lat' dir='ltr'><strong>fideles</strong></span> <span class='ocrx_word' id='word_1_489' title='bbox 1693 4338 1776 4417; x_wconf 88' lang='lat' dir='ltr'><strong>(uam</strong></span> 
     </span>
     <span class='ocr_line' id='line_1_44' title="bbox 347 4423 1775 4507; baseline 0.001 -21"><span class='ocrx_word' id='word_1_490' title='bbox 347 4423 440 4486; x_wconf 70' lang='lat' dir='ltr'><strong>edas</strong></span> <span class='ocrx_word' id='word_1_491' title='bbox 1079 4427 1207 4507; x_wconf 81' lang='lat' dir='ltr'><strong>singulis</strong></span> <span class='ocrx_word' id='word_1_492' title='bbox 1236 4446 1309 4487; x_wconf 86' lang='lat' dir='ltr'><strong>suaa</strong></span> <span class='ocrx_word' id='word_1_493' title='bbox 1341 4424 1541 4488; x_wconf 80' lang='lat' dir='ltr'><strong>adversitates</strong></span> <span class='ocrx_word' id='word_1_494' title='bbox 1571 4426 1715 4489; x_wconf 89' lang='lat' dir='ltr'><strong>finiuntur</strong></span> <span class='ocrx_word' id='word_1_495' title='bbox 1744 4427 1775 4488; x_wconf 90' lang='lat' dir='ltr'><strong>iu</strong></span> 
     </span>
     <span class='ocr_line' id='line_1_45' title="bbox 365 4509 1776 4594; baseline 0 -22"><span class='ocrx_word' id='word_1_496' title='bbox 365 4509 464 4574; x_wconf 78' lang='lat' dir='ltr'><strong>lianc</strong></span> <span class='ocrx_word' id='word_1_497' title='bbox 479 4531 600 4573; x_wconf 86' lang='lat' dir='ltr'><strong>sensum</strong></span> <span class='ocrx_word' id='word_1_498' title='bbox 623 4509 661 4571; x_wconf 91' lang='lat' dir='ltr'><strong>de</strong></span> <span class='ocrx_word' id='word_1_499' title='bbox 671 4510 788 4589; x_wconf 78' lang='lat' dir='ltr'><strong>juditio</strong></span> <span class='ocrx_word' id='word_1_500' title='bbox 803 4532 858 4575; x_wconf 89' lang='lat' dir='ltr'><strong>seu</strong></span> <span class='ocrx_word' id='word_1_501' title='bbox 873 4515 1027 4593; x_wconf 87' lang='lat' dir='ltr'><strong>punitione</strong></span> <span class='ocrx_word' id='word_1_502' title='bbox 1079 4509 1201 4589; x_wconf 87' lang='lat' dir='ltr'><strong>morte),</strong></span> <span class='ocrx_word' id='word_1_503' title='bbox 1216 4533 1307 4594; x_wconf 81' lang='lat' dir='ltr'><strong>quam</strong></span> <span class='ocrx_word' id='word_1_504' title='bbox 1322 4513 1361 4574; x_wconf 80' lang='lat' dir='ltr'><strong>ad</strong></span> <span class='ocrx_word' id='word_1_505' title='bbox 1381 4520 1475 4573; x_wconf 89' lang='lat' dir='ltr'><strong>totam</strong></span> <span class='ocrx_word' id='word_1_506' title='bbox 1490 4513 1676 4586; x_wconf 78' lang='lat' dir='ltr'><strong>Ecclesiam,</strong></span> <span class='ocrx_word' id='word_1_507' title='bbox 1692 4512 1776 4573; x_wconf 87' lang='lat' dir='ltr'><strong>velut</strong></span> 
     </span>
     <span class='ocr_line' id='line_1_46' title="bbox 347 4598 1776 4681; baseline -0.002 -19"><span class='ocrx_word' id='word_1_508' title='bbox 347 4601 391 4662; x_wconf 61' lang='lat' dir='ltr'>h</span> <span class='ocrx_word' id='word_1_509' title='bbox 410 4599 484 4660; x_wconf 90' lang='lat' dir='ltr'><strong>olim</strong></span> <span class='ocrx_word' id='word_1_510' title='bbox 505 4598 587 4660; x_wconf 81' lang='lat' dir='ltr'><strong>facta</strong></span> <span class='ocrx_word' id='word_1_511' title='bbox 610 4598 764 4659; x_wconf 79' lang='lat' dir='ltr'><strong>coufirmat</strong></span> <span class='ocrx_word' id='word_1_512' title='bbox 787 4600 910 4660; x_wconf 86' lang='lat' dir='ltr'><strong>verbum</strong></span> <span class='ocrx_word' id='word_1_513' title='bbox 933 4600 1024 4661; x_wconf 81' lang='lat' dir='ltr'><strong>Gras-</strong></span> <span class='ocrx_word' id='word_1_514' title='bbox 1079 4620 1168 4661; x_wconf 90' lang='lat' dir='ltr'><strong>unam</strong></span> <span class='ocrx_word' id='word_1_515' title='bbox 1184 4620 1356 4680; x_wconf 89' lang='lat' dir='ltr'><strong>personam,</strong></span> <span class='ocrx_word' id='word_1_516' title='bbox 1383 4619 1462 4681; x_wconf 89' lang='lat' dir='ltr'><strong>quae</strong></span> <span class='ocrx_word' id='word_1_517' title='bbox 1484 4620 1543 4660; x_wconf 87' lang='lat' dir='ltr'><strong>nou</strong></span> <span class='ocrx_word' id='word_1_518' title='bbox 1559 4600 1644 4679; x_wconf 86' lang='lat' dir='ltr'><strong>prius</strong></span> <span class='ocrx_word' id='word_1_519' title='bbox 1658 4600 1776 4660; x_wconf 84' lang='lat' dir='ltr'><strong>desinet</strong></span> 
     </span>
     <span class='ocr_line' id='line_1_47' title="bbox 347 4683 1776 4769; baseline -0.001 -21"><span class='ocrx_word' id='word_1_520' title='bbox 347 4693 411 4748; x_wconf 56' lang='lat' dir='ltr'><strong>mr:</strong></span> <span class='ocrx_word' id='word_1_521' title='bbox 432 4683 580 4764; x_wconf 74' lang='grc' dir='ltr'><strong>κριθῶσι,</strong></span> <span class='ocrx_word' id='word_1_522' title='bbox 605 4684 760 4765; x_wconf 85' lang='lat' dir='ltr'><strong>quodnou</strong></span> <span class='ocrx_word' id='word_1_523' title='bbox 775 4686 869 4746; x_wconf 82' lang='lat' dir='ltr'><strong>futuri</strong></span> <span class='ocrx_word' id='word_1_524' title='bbox 884 4689 1025 4766; x_wconf 85' lang='lat' dir='ltr'><strong>temporis</strong></span> <span class='ocrx_word' id='word_1_525' title='bbox 1077 4688 1169 4767; x_wconf 80' lang='lat' dir='ltr'><strong>affligi</strong></span> <span class='ocrx_word' id='word_1_526' title='bbox 1199 4686 1237 4747; x_wconf 88' lang='lat' dir='ltr'><strong>ab</strong></span> <span class='ocrx_word' id='word_1_527' title='bbox 1266 4689 1382 4769; x_wconf 90' lang='lat' dir='ltr'><strong>impiis,</strong></span> <span class='ocrx_word' id='word_1_528' title='bbox 1416 4705 1506 4767; x_wconf 87' lang='lat' dir='ltr'><strong>quam</strong></span> <span class='ocrx_word' id='word_1_529' title='bbox 1535 4685 1689 4747; x_wconf 87' lang='lat' dir='ltr'><strong>saeculum</strong></span> <span class='ocrx_word' id='word_1_530' title='bbox 1718 4686 1776 4746; x_wconf 90' lang='lat' dir='ltr'><strong>boc</strong></span> 
     </span>
     <span class='ocr_line' id='line_1_48' title="bbox 347 4768 1209 4856; baseline -0.002 -22"><span class='ocrx_word' id='word_1_531' title='bbox 347 4769 511 4856; x_wconf 54' lang='lat' dir='ltr'><strong>&amp;quidam</strong></span> <span class='ocrx_word' id='word_1_532' title='bbox 526 4768 661 4853; x_wconf 85' lang='lat' dir='ltr'><strong>putant),</strong></span> <span class='ocrx_word' id='word_1_533' title='bbox 684 4774 737 4833; x_wconf 89' lang='lat' dir='ltr'><strong>sed</strong></span> <span class='ocrx_word' id='word_1_534' title='bbox 757 4775 912 4854; x_wconf 80' lang='lat' dir='ltr'><strong>praeteriti</strong></span> <span class='ocrx_word' id='word_1_535' title='bbox 927 4775 1025 4854; x_wconf 85' lang='lat' dir='ltr'><strong>potius</strong></span> <span class='ocrx_word' id='word_1_536' title='bbox 1078 4774 1209 4834; x_wconf 82' lang='lat' dir='ltr'><strong>liniatur.</strong></span> 
     </span>
     <span class='ocr_line' id='line_1_49' title="bbox 347 4847 1774 4940; baseline -0.001 -18"><span class='ocrx_word' id='word_1_537' title='bbox 347 4847 420 4922; x_wconf 60' lang='lat' dir='ltr'><strong>*bat</strong></span> <span class='ocrx_word' id='word_1_538' title='bbox 433 4859 693 4940; x_wconf 72' lang='lat' dir='ltr'><strong>significationem.</strong></span> <span class='ocrx_word' id='word_1_539' title='bbox 726 4860 781 4919; x_wconf 86' lang='lat' dir='ltr'><strong>Est</strong></span> <span class='ocrx_word' id='word_1_540' title='bbox 796 4862 874 4921; x_wconf 90' lang='lat' dir='ltr'><strong>enim</strong></span> <span class='ocrx_word' id='word_1_541' title='bbox 890 4862 1024 4933; x_wconf 84' lang='lat' dir='ltr'><strong>aoristus,</strong></span> <span class='ocrx_word' id='word_1_542' title='bbox 1122 4859 1235 4939; x_wconf 79' lang='lat' dir='ltr'><strong>Quaeri</strong></span> <span class='ocrx_word' id='word_1_543' title='bbox 1250 4869 1350 4921; x_wconf 84' lang='lat' dir='ltr'><strong>tamen</strong></span> <span class='ocrx_word' id='word_1_544' title='bbox 1364 4868 1479 4939; x_wconf 86' lang='lat' dir='ltr'><strong>potest,</strong></span> <span class='ocrx_word' id='word_1_545' title='bbox 1506 4859 1656 4940; x_wconf 90' lang='lat' dir='ltr'><strong>quomodo</strong></span> <span class='ocrx_word' id='word_1_546' title='bbox 1671 4879 1774 4920; x_wconf 84' lang='lat' dir='ltr'><strong>verum</strong></span> 
     </span>
     <span class='ocr_line' id='line_1_50' title="bbox 347 4943 1774 5030; baseline 0 -24"><span class='ocrx_word' id='word_1_547' title='bbox 347 4951 360 4994; x_wconf 81' lang='lat' dir='ltr'><strong>t</strong></span> <span class='ocrx_word' id='word_1_548' title='bbox 385 4948 508 5030; x_wconf 84' lang='lat' dir='ltr'><strong>proprie</strong></span> <span class='ocrx_word' id='word_1_549' title='bbox 530 4943 710 5007; x_wconf 87' lang='lat' dir='ltr'><strong>reddendus.</strong></span> <span class='ocrx_word' id='word_1_550' title='bbox 749 4946 839 5007; x_wconf 90' lang='lat' dir='ltr'><strong>Unde</strong></span> <span class='ocrx_word' id='word_1_551' title='bbox 864 4966 918 5007; x_wconf 87' lang='lat' dir='ltr'><strong>nec</strong></span> <span class='ocrx_word' id='word_1_552' title='bbox 941 4949 1023 5028; x_wconf 91' lang='lat' dir='ltr'><strong>prius</strong></span> <span class='ocrx_word' id='word_1_553' title='bbox 1077 4949 1229 5028; x_wconf 85' lang='lat' dir='ltr'><strong>scripserit</strong></span> <span class='ocrx_word' id='word_1_554' title='bbox 1244 4948 1279 5007; x_wconf 91' lang='lat' dir='ltr'><strong>B.</strong></span> <span class='ocrx_word' id='word_1_555' title='bbox 1295 4947 1421 5020; x_wconf 90' lang='lat' dir='ltr'><strong>Petrus,</strong></span> <span class='ocrx_word' id='word_1_556' title='bbox 1440 4949 1584 5007; x_wconf 63' lang='lat' dir='ltr'><strong>omnium</strong></span> <span class='ocrx_word' id='word_1_557' title='bbox 1601 4946 1697 5023; x_wconf 69' lang='lat' dir='ltr'><strong>finem</strong></span> <span class='ocrx_word' id='word_1_558' title='bbox 1711 4965 1774 5023; x_wconf 86' lang='lat' dir='ltr'><strong>up·</strong></span> 
     </span>
     <span class='ocr_line' id='line_1_51' title="bbox 347 5009 1774 5115; baseline 0.001 -21"><span class='ocrx_word' id='word_1_559' title='bbox 347 5033 579 5097; x_wconf 64' lang='lat' dir='ltr'><strong>armambrum:</strong></span> <span class='ocrx_word' id='word_1_560' title='bbox 600 5040 638 5093; x_wconf 78' lang='lat' dir='ltr'><strong>act</strong></span> <span class='ocrx_word' id='word_1_561' title='bbox 654 5009 1024 5109; x_wconf 69' lang='lat' dir='ltr'><strong>jaldtccntrcrrccsndum</strong></span> <span class='ocrx_word' id='word_1_562' title='bbox 1073 5036 1311 5113; x_wconf 75' lang='lat' dir='ltr'><strong>propinquasse</strong></span> <span class='ocrx_word' id='word_1_563' title='bbox 1341 5041 1372 5094; x_wconf 87' lang='lat' dir='ltr'><strong>et</strong></span> <span class='ocrx_word' id='word_1_564' title='bbox 1398 5033 1528 5109; x_wconf 83' lang='lat' dir='ltr'><strong>instare,</strong></span> <span class='ocrx_word' id='word_1_565' title='bbox 1558 5053 1649 5115; x_wconf 82' lang='lat' dir='ltr'><strong>quum</strong></span> <span class='ocrx_word' id='word_1_566' title='bbox 1674 5032 1713 5096; x_wconf 82' lang='lat' dir='ltr'><strong>ab</strong></span> <span class='ocrx_word' id='word_1_567' title='bbox 1739 5054 1774 5095; x_wconf 87' lang='lat' dir='ltr'><strong>so</strong></span> 
     </span>
    </p>
   </div>
   <div class='ocr_carea' id='block_1_3' title="bbox 0 0 2226 5825">
    <p class='ocr_par' dir='ltr' id='par_1_3' title="bbox 0 0 2226 5825">
     <span class='ocr_line' id='line_1_52' title="bbox 0 0 2226 5825; baseline 0 0"><span class='ocrx_word' id='word_1_568' title='bbox 0 0 2226 5825; x_wconf 95' lang='lat' dir='ltr'><strong> </strong></span> 
     </span>
    </p>
   </div>
  </div>
 </body>
</html>
