4442 5825
636 592 1143 661 mmmmmcccrrsu
1163 594 1205 649 rr.
1224 595 1267 649 rs.
1597 600 1670 671 itt

371 772 406 833 de
428 769 605 854 quotidiano
627 762 737 833 miseco
761 770 922 845 sacrificio,
972 766 1096 833 tendmu
1125 768 1232 831 inerit:
1265 769 1375 832 &reno
1404 776 1511 831 aretem
1533 771 1671 844 jorim·

371 859 463 920 rietus
486 861 518 920 iu
540 857 646 919 ultime
668 878 764 921 coena
785 860 921 932 instituit,
973 859 1089 931 randi,
1105 857 1191 934 quod
1205 864 1277 933 post
1291 857 1389 933 lepem
1404 863 1465 933 cet,
1489 855 1538 918 vel
1554 857 1671 937 potius:

371 942 458 1027 idum
472 953 532 1019 est,
555 964 664 1027 nempe
685 945 847 1008 selutsrem
862 947 919 1006 rir-
970 945 1046 1024 fnit
1084 945 1266 1006 Sermonem
1285 942 1505 1018 tedemondi
1526 942 1672 1023 intelligit

371 1031 474 1093 rrificii
495 1035 526 1094 iu
546 1051 635 1092 crore
656 1032 770 1112 peracti
792 1051 847 1113 per
863 1032 921 1093 boc
973 1030 1098 1093 verbum
1123 1047 1179 1090 seu
1206 1029 1361 1092 decretum
1384 1029 1444 1090 Dei
1469 1030 1670 1109 significatum

371 1138 409 1179 uu
436 1128 466 1180 et
492 1121 784 1180 commemorctivum
808 1118 920 1180 sucrifi-
974 1117 1026 1178 illo
1042 1135 1134 1179 versu
1148 1116 1278 1178 Psulmiz
1299 1118 1436 1181 Jcraotc
1450 1118 1626 1192 Dominus,
1643 1124 1673 1178 ct

371 1203 463 1266 otidis
486 1204 575 1269 nobie
597 1206 744 1286 spplicsri
766 1205 798 1265 in
820 1206 919 1267 remis·
973 1223 1041 1267 non
1055 1203 1228 1281 poenitebit
1242 1221 1331 1265 eum:
1365 1205 1416 1265 Tu
1430 1222 1461 1264 ec
1475 1204 1621 1267 scendet
1634 1207 1671 1267 in

371 1300 568 1366 mutorum,
594 1311 675 1371 quoe
695 1311 714 1351 e
736 1291 824 1353 nobis
848 1311 920 1372 quo·
974 1299 1140 1353 oeternum
1156 1299 1212 1351 etc.
1234 1290 1310 1350 Fuit
1323 1296 1422 1350 autem
1437 1288 1495 1351 boc
1510 1309 1529 1350 e
1543 1289 1670 1352 Psalmi·

371 1379 571 1452 mittuntur,
608 1377 861 1458 quemadmodum
891 1376 922 1438 id
970 1386 1022 1447 ste
1048 1377 1161 1438 dictum
1180 1375 1274 1439 multo
1296 1383 1366 1456 post
1388 1374 1487 1456 legem
1501 1375 1611 1452 letum,
1635 1385 1673 1438 ut

372 1463 491 1525 eclerm
504 1462 645 1545 Synodus
659 1462 840 1527 Tridentino
854 1464 921 1525 loco
974 1463 1197 1545 significaretur
1222 1463 1322 1544 legsle
1350 1461 1565 1536 sacerdotium,
1594 1471 1669 1526 tem·

371 1558 428 1611 sto.
462 1551 576 1612 Verum
589 1550 682 1630 hujus
696 1554 738 1612 rei
753 1550 921 1632 pleniorem
974 1569 1065 1631 quem
1086 1549 1312 1629 imperfectum,
1337 1548 1398 1610 elio
1420 1549 1547 1611 meliore
1567 1564 1669 1631 super·

371 1656 454 1699 mem
476 1656 629 1700 servemus
648 1640 680 1698 in
696 1656 761 1717 esp.
780 1642 809 1701 9.
825 1646 856 1698 et
873 1639 921 1699 10.
974 1639 1116 1699 veniente
1130 1636 1317 1698 censendum,
1347 1638 1448 1716 Leges
1462 1637 1540 1699 enim
1554 1638 1670 1715 priores

973 1723 1186 1805 posterioribus
1194 1722 1386 1804 abrogentur,
1393 1724 1431 1785 iis
1441 1723 1579 1797 mxime,
1591 1743 1672 1804 quse

371 1827 409 1873 ru
429 1813 515 1872 enim
537 1813 855 1873 bomincccomtituit
868 1831 920 1872 so·
973 1810 1125 1871 clanculus
1143 1809 1255 1871 hubent
1276 1809 1474 1885 efficsciores,
1501 1809 1672 1888 cujusmodi

374 1899 595 1976 infirmitatem
614 1896 770 1958 bedonico.
795 1896 920 1961 ooruti-
972 1896 1023 1957 hic
1040 1905 1087 1959 cet
1097 1896 1320 1977 jusjurandum.

371 1985 488 2046 uentis
500 1985 644 2066 temporis
659 1992 713 2057 est,
729 1978 919 2062 καθίστησιν.
1015 1982 1118 2044 Minus
1138 1991 1219 2044 recte
1241 2002 1276 2045 se
1297 1983 1403 2059 hebet,
1424 1982 1506 2064 quod
1523 1985 1669 2047 Erremus

371 2091 422 2147 cs,
450 2073 560 2132 iterum
584 2069 718 2133 Graece:
741 2071 919 2150 Pontifices.
972 2081 1002 2131 et
1017 2069 1069 2132 elii
1084 2070 1224 2151 quidem,
1244 2078 1360 2131 textum
1375 2071 1609 2133 Ambrosianum
1624 2090 1670 2134 se-

385 2159 612 2232 recessitstem,
643 2156 919 2239 requirirent,
972 2158 1050 2230 cuti,
1074 2165 1246 2219 verterunt:
1276 2175 1376 2235 supro
1391 2160 1499 2235 leuem.
1538 2156 1577 2218 Id
1591 2160 1671 2224 enim

371 2245 431 2307 bus
454 2262 523 2305 csse
542 2262 681 2320 necesse,
707 2253 742 2305 ut
763 2247 848 2324 prins
865 2265 920 2326 pro
972 2243 1091 2307 Graece
1104 2244 1330 2325 praepositione
1348 2240 1427 2323 prud
1442 2264 1564 2324 perraro
1579 2246 1670 2324 sigui·

371 2333 419 2393 ctis
440 2331 558 2393 boetius
581 2332 713 2392 offerent.
751 2333 818 2394 Lex
841 2333 921 2393 enim
970 2331 1092 2409 ficetur3
1115 2351 1173 2391 uec
1186 2330 1276 2391 facile
1298 2333 1433 2411 reperias
1448 2330 1621 2411 exemplum
1637 2333 1671 2391 iu

371 2420 465 2501 cipit,
489 2419 520 2480 in
542 2417 711 2480 sacerdotes
726 2437 780 2479 seu
795 2416 918 2480 Pontifi-
971 2419 1065 2478 sacris
1086 2417 1189 2479 literis.
1227 2416 1392 2497 lipitheton
1414 2417 1494 2478 Filio
1517 2415 1668 2478 additumr

371 2507 408 2566 mi
423 2504 559 2566 homiues
574 2524 593 2565 s
608 2506 740 2586 peccetis
758 2505 919 2584 immunem
970 2508 1006 2565 in
1021 2512 1190 2566 oeternum
1209 2505 1407 2582 perfectum,
1433 2505 1498 2565 eive
1519 2521 1669 2567 contum

371 2610 454 2653 suec
476 2593 608 2667 invenit,
632 2612 690 2652 nec
712 2591 792 2653 iecit
829 2592 920 2654 Unde
971 2600 1114 2667 neotum,
1137 2589 1243 2662 docet,
1265 2590 1343 2654 Filio
1359 2591 1466 2653 sdoese
1480 2610 1584 2653 omnes
1599 2592 1668 2654 illes

371 2698 383 2741 r
404 2677 560 2740 xdmittere
581 2681 725 2740 homines
742 2679 919 2755 infirmitu-
970 2677 1191 2758 perfectiones,
1217 2697 1296 2758 quse
1318 2681 1351 2740 in
1365 2677 1511 2741 Pontifice
1531 2679 1668 2743 Levitico

371 2773 460 2843 mter,
488 2766 521 2827 id
544 2775 590 2826 eet
611 2766 742 2846 peccetis
761 2765 918 2827 obnoxios.
971 2764 1235 2840 desiderebsutuu
1261 2785 1298 2824 sc
1317 2764 1443 2847 proinde
1464 2768 1554 2828 etism
1575 2766 1668 2841 illum,

371 2854 437 2914 uim
452 2873 491 2916 ex
503 2851 763 2936 praecedentibus,
779 2854 918 2932 infirmi·
970 2851 1009 2915 de
1025 2872 1085 2935 que
1099 2852 1254 2932 proxime,
1268 2853 1352 2934 quod
1364 2870 1475 2933 expers
1489 2853 1528 2914 sit
1541 2852 1669 2935 pecceti.

371 2940 462 3021 elligi
476 2938 626 3013 morelem,
646 2959 710 3022 que
724 2940 862 3001 nimirum
877 2941 917 3014 fit,
970 2938 1072 3019 Quare
1087 2939 1199 3002 Graeci
1214 2938 1292 3000 benc
1307 2950 1425 3021 portem
1440 2942 1482 3001 ite
1497 2948 1668 3023 exponunt:

371 3045 447 3108 repe
463 3026 582 3087 labetur
597 3029 627 3087 in
639 3036 810 3107 peccatum,
826 3035 918 3107 etque
971 3025 1031 3107 Qui
1046 3047 1107 3087 non
1121 3045 1201 3086 nunc
1215 3026 1311 3088 solum
1326 3026 1527 3108 impeccabilis
1542 3030 1590 3100 sit,
1614 3026 1670 3089 sed

371 3116 450 3175 cetis
465 3133 568 3174 cerere
582 3133 643 3174 non
661 3116 771 3193 possit3
795 3114 874 3174 sicut
886 3124 918 3176 et
969 3114 1040 3174 telis
1051 3132 1171 3192 semper
1178 3112 1307 3174 futurus.
1340 3115 1451 3175 Verum
1461 3116 1558 3195 magis
1569 3115 1670 3195 plener

375 3220 469 3282 supro
484 3220 551 3279 cup.
568 3200 612 3274 5.,
627 3200 680 3261 ubi
696 3199 786 3271 dixit,
801 3203 916 3264 Ponti·
969 3200 1097 3262 eliorum
1125 3200 1278 3279 generalis
1315 3201 1481 3281 expositio,
1518 3203 1574 3265 sub
1604 3221 1665 3282 qus

376 3288 559 3351 bominibus
575 3290 692 3348 asmmi
698 3332 709 3363 ‚
726 3291 783 3366 poi
796 3289 915 3350 condo·
970 3286 1153 3349 Grsecorum
1165 3289 1253 3348 etism
1265 3307 1373 3349 ecusns
1386 3286 1667 3368 comprehenditur3

371 3377 467 3451 itiie,
490 3377 547 3453 qui
563 3378 718 3451 moereret
740 3382 769 3435 ct
785 3384 915 3455 crrent5
968 3374 1045 3435 hsec
1060 3374 1213 3435 nimirum:
1242 3374 1302 3455 Qui
1326 3396 1387 3436 non
1409 3374 1506 3435 solum
1529 3374 1568 3436 eb
1582 3374 1668 3436 initio

392 3462 511 3539 etipse
533 3460 916 3541 circumdatuseitinflr-
970 3469 1108 3534 sanctus,
1139 3463 1295 3534 innocens,
1322 3471 1350 3522 et
1373 3460 1547 3542 impollutus
1568 3459 1667 3539 fuerit,

371 3547 502 3626 ideoque
517 3551 612 3609 etiam
623 3567 687 3624 pro
702 3552 766 3610 suis
778 3553 916 3626 pcccatis
970 3557 1095 3629 etquee
1119 3545 1331 3627 peccatoribus
1349 3556 1541 3630 segregatus,
1564 3546 1620 3608 sed
1635 3555 1668 3611 et

371 3636 464 3697 ebron
489 3635 578 3696 Hsnc
596 3635 794 3712 infirmitatis
810 3656 913 3718 accep·
968 3644 1088 3716 postes,
1102 3632 1223 3695 devicti
1232 3641 1343 3711 morte,
1359 3636 1496 3698 sublatus
1510 3636 1541 3695 in
1556 3634 1667 3711 coelos,

371 3722 481 3783 ostulst
496 3723 587 3782 etiem
603 3722 760 3784 antithesis
776 3724 853 3784 inter
868 3745 913 3785 ee-
968 3732 1060 3804 etque
1075 3722 1225 3784 excelsior
1236 3723 1328 3785 coelis
1339 3722 1448 3798 fuctus,
1464 3724 1665 3786 omnimodum

370 3808 450 3890 legis
461 3818 491 3868 et
502 3807 662 3869 Christum.
686 3809 764 3870 Nem
779 3809 860 3891 quod
876 3810 915 3871 ed
968 3827 1149 3889 semperque
1177 3829 1347 3871 mansurum
1377 3810 1506 3890 edeptuo
1533 3811 1571 3869 sit
1597 3828 1664 3890 per·

371 3915 420 3957 em
449 3897 560 3956 attinet
589 3896 787 3975 corporalium
814 3894 913 3959 delec-
967 3896 1135 3957 lectionem.
1159 3896 1240 3957 Hinc
1254 3896 1378 3976 collige,
1394 3894 1555 3968 Christum,
1575 3897 1666 3958 etiem

371 3986 476 4044 victur
490 4000 529 4044 cx
543 3982 732 4057 infirmitate
746 3984 915 4059 crucifixor
967 3982 1181 4055 immortalem,
1204 3992 1235 4043 et
1250 3984 1280 4046 in
1303 3983 1425 4045 sublimi
1440 3983 1525 4045 coelo
1539 4002 1664 4063 regnun-

371 4087 390 4130 r.
407 4070 457 4131 13.
480 4068 643 4130 Infirmitss
660 4077 759 4131 eutero
776 4069 914 4132 hocloco
966 4080 1027 4132 tem
1053 4070 1153 4131 edbuc
1178 4089 1247 4131 esse
1267 4071 1443 4132 Pontificem
1467 4078 1603 4131 nostrmn
1629 4089 1667 4131 co

371 4175 527 4239 rprorsus
549 4176 568 4217 e
591 4153 711 4219 Christo
732 4158 915 4220 removenda
966 4156 1124 4219 Pontificis
1139 4153 1247 4220 munus
1262 4157 1354 4219 obire
1376 4156 1457 4219 Nem
1476 4158 1591 4238 slioqui
1605 4177 1667 4219 non

967 4246 1145 4306 consisteret
1158 4244 1332 4316 muueris,
1351 4264 1441 4326 quem
1457 4248 1536 4307 inter
1549 4245 1663 4305 Leviti-

382 4338 492 4391 mstem
509 4330 747 4406 jurtrjnrandi,
774 4334 830 4408 qm·
841 4339 915 4409 post
967 4351 1018 4393 cos
1043 4330 1207 4392 Pontifices
1230 4341 1261 4393 et
1284 4330 1436 4393 Christum
1458 4332 1515 4393 buc
1534 4339 1667 4393 extreme

371 4424 403 4494 t,
434 4416 557 4479 silium
582 4418 618 4478 in
644 4425 808 4480 oeternum
835 4438 914 4496 pcr-
966 4425 1053 4499 perte
1074 4417 1150 4479 iacit
1164 4417 1337 4499 Apostolus.
1376 4417 1436 4480 Sed
1452 4417 1534 4502 qnod
1555 4436 1665 4480 munus

376 4501 512 4585 supple:
539 4506 703 4566 constituit
718 4504 913 4583 Pontificem.
967 4504 1052 4566 obit?
1078 4505 1258 4586 interpellet
1273 4525 1326 4587 pro
1349 4505 1452 4581 nobis,
1478 4514 1510 4568 et
1524 4506 1665 4588 quodem·

371 4588 510 4653 crticulus
523 4589 582 4669 τῆς
588 4635 599 4665 ‚
615 4611 705 4673 quem
719 4592 846 4653 relativo
862 4615 912 4655 no·
966 4591 1055 4654 modo
1070 4613 1103 4655 se
1119 4594 1217 4674 ipsum
1233 4594 1319 4653 oiiert
1333 4593 1400 4654 Deo
1414 4591 1518 4668 Petri;
1541 4585 1619 4654 sicut
1633 4591 1666 4654 iu

371 4697 449 4759 pres
471 4679 636 4758 expressit,
663 4679 822 4741 manifeste
847 4699 912 4761 per·
967 4680 1172 4761 superioribus
1187 4679 1298 4741 dictum
1314 4688 1367 4741 est.
1398 4680 1448 4742 De
1462 4698 1523 4760 quo
1539 4685 1571 4739 et
1584 4676 1662 4739 inire

371 4764 530 4847 genitivum
540 4767 778 4843 jurisjurandi,
800 4772 833 4827 ut
846 4786 912 4829 ver
966 4765 1095 4829 dicetur.
