<?xml version="1.0" encoding="UTF-8"?>
<!DOCTYPE html PUBLIC "-//W3C//DTD XHTML 1.0 Transitional//EN"
    "http://www.w3.org/TR/xhtml1/DTD/xhtml1-transitional.dtd">
<html xmlns="http://www.w3.org/1999/xhtml" xml:lang="en" lang="en">
 <head>
  <title>
</title>
<meta http-equiv="Content-Type" content="text/html;charset=utf-8" />
  <meta name='ocr-system' content='tesseract 3.04.00' />
  <meta name='ocr-capabilities' content='ocr_page ocr_carea ocr_par ocr_line ocrx_word'/>
</head>
<body>
  <div class='ocr_page' id='page_1' title='image "./guilielmiestiii01estigoog_0110.png"; bbox 0 0 4442 5825; ppageno 0'>
   <div class='ocr_carea' id='block_1_1' title="bbox 396 596 1322 679">
    <p class='ocr_par' dir='ltr' id='par_1_1' title="bbox 396 596 1322 679">
     <span class='ocr_line' id='line_1_1' title="bbox 396 596 1322 679; baseline -0.004 -23"><span class='ocrx_word' id='word_1_1' title='bbox 396 608 470 679; x_wconf 87' lang='lat'>100</span> <span class='ocrx_word' id='word_1_2' title='bbox 897 596 1322 659; x_wconf 70' lang='lat' dir='ltr'>comminuendum</span> 
     </span>
    </p>
   </div>
   <div class='ocr_carea' id='block_1_2' title="bbox 389 775 1730 5129">
    <p class='ocr_par' dir='ltr' id='par_1_2' title="bbox 389 775 1730 5129">
     <span class='ocr_line' id='line_1_2' title="bbox 392 775 1730 858; baseline -0.003 -17"><span class='ocrx_word' id='word_1_3' title='bbox 392 779 500 842; x_wconf 87' lang='lat' dir='ltr'>merito</span> <span class='ocrx_word' id='word_1_4' title='bbox 515 776 615 839; x_wconf 89' lang='lat' dir='ltr'>Deum</span> <span class='ocrx_word' id='word_1_5' title='bbox 628 777 800 840; x_wconf 88' lang='lat' dir='ltr'>hominibus</span> <span class='ocrx_word' id='word_1_6' title='bbox 814 777 951 858; x_wconf 82' lang='lat' dir='ltr'>plscsut,</span> <span class='ocrx_word' id='word_1_7' title='bbox 964 776 1020 838; x_wconf 91' lang='lat' dir='ltr'>sed</span> <span class='ocrx_word' id='word_1_8' title='bbox 1034 797 1089 858; x_wconf 88' lang='lat' dir='ltr'>per</span> <span class='ocrx_word' id='word_1_9' title='bbox 1141 777 1252 858; x_wconf 83' lang='lat' dir='ltr'>Itsque</span> <span class='ocrx_word' id='word_1_10' title='bbox 1265 777 1418 856; x_wconf 81' lang='lat' dir='ltr'>significet</span> <span class='ocrx_word' id='word_1_11' title='bbox 1433 777 1490 836; x_wconf 86' lang='lat' dir='ltr'>iste</span> <span class='ocrx_word' id='word_1_12' title='bbox 1512 793 1626 849; x_wconf 90' lang='lat' dir='ltr'>sermo,</span> <span class='ocrx_word' id='word_1_13' title='bbox 1647 775 1730 837; x_wconf 80' lang='lat' dir='ltr'>neu</span> 
     </span>
     <span class='ocr_line' id='line_1_3' title="bbox 392 862 1730 946; baseline -0.004 -19"><span class='ocrx_word' id='word_1_14' title='bbox 392 868 531 927; x_wconf 89' lang='lat' dir='ltr'>meritum</span> <span class='ocrx_word' id='word_1_15' title='bbox 547 865 674 941; x_wconf 80' lang='lat' dir='ltr'>Christi,</span> <span class='ocrx_word' id='word_1_16' title='bbox 697 884 757 946; x_wconf 89' lang='lat' dir='ltr'>qno</span> <span class='ocrx_word' id='word_1_17' title='bbox 772 873 802 927; x_wconf 91' lang='lat' dir='ltr'>et</span> <span class='ocrx_word' id='word_1_18' title='bbox 817 867 877 946; x_wconf 92' lang='lat' dir='ltr'>ipsi</span> <span class='ocrx_word' id='word_1_19' title='bbox 891 867 1089 926; x_wconf 71' lang='lat' dir='ltr'>intercessore</span> <span class='ocrx_word' id='word_1_20' title='bbox 1138 864 1273 944; x_wconf 90' lang='lat' dir='ltr'>jndicem</span> <span class='ocrx_word' id='word_1_21' title='bbox 1288 862 1524 936; x_wconf 77' lang='lat' dir='ltr'>misericordem,</span> <span class='ocrx_word' id='word_1_22' title='bbox 1546 871 1577 922; x_wconf 89' lang='lat' dir='ltr'>et</span> <span class='ocrx_word' id='word_1_23' title='bbox 1592 863 1730 942; x_wconf 86' lang='lat' dir='ltr'>propitim</span> 
     </span>
     <span class='ocr_line' id='line_1_4' title="bbox 393 949 1730 1033; baseline -0.004 -19"><span class='ocrx_word' id='word_1_24' title='bbox 393 954 537 1033; x_wconf 83' lang='lat' dir='ltr'>indigent.</span> <span class='ocrx_word' id='word_1_25' title='bbox 1141 951 1230 1013; x_wconf 89' lang='lat' dir='ltr'>nibus</span> <span class='ocrx_word' id='word_1_26' title='bbox 1251 953 1303 1023; x_wconf 93' lang='lat' dir='ltr'>iis,</span> <span class='ocrx_word' id='word_1_27' title='bbox 1329 971 1384 1029; x_wconf 91' lang='lat' dir='ltr'>pro</span> <span class='ocrx_word' id='word_1_28' title='bbox 1406 949 1514 1031; x_wconf 86' lang='lat' dir='ltr'>quibus</span> <span class='ocrx_word' id='word_1_29' title='bbox 1536 949 1633 1009; x_wconf 82' lang='lat' dir='ltr'>Filius</span> <span class='ocrx_word' id='word_1_30' title='bbox 1655 951 1730 1010; x_wconf 87' lang='lat' dir='ltr'>iuter</span> 
     </span>
     <span class='ocr_line' id='line_1_5' title="bbox 438 1036 1730 1121; baseline -0.003 -21"><span class='ocrx_word' id='word_1_31' title='bbox 438 1043 487 1102; x_wconf 81' lang='lat'>16.</span> <span class='ocrx_word' id='word_1_32' title='bbox 517 1039 677 1101; x_wconf 81' lang='lat' dir='ltr'>Adeamus</span> <span class='ocrx_word' id='word_1_33' title='bbox 703 1057 776 1116; x_wconf 73' lang='lat' dir='ltr'>erpo</span> <span class='ocrx_word' id='word_1_34' title='bbox 801 1058 874 1100; x_wconf 88' lang='lat' dir='ltr'>cum</span> <span class='ocrx_word' id='word_1_35' title='bbox 900 1037 1019 1116; x_wconf 73' lang='lat' dir='ltr'>Mucio</span> <span class='ocrx_word' id='word_1_36' title='bbox 1045 1038 1089 1099; x_wconf 81' lang='lat' dir='ltr'>ud</span> <span class='ocrx_word' id='word_1_37' title='bbox 1143 1040 1255 1121; x_wconf 76' lang='lat' dir='ltr'>Estque</span> <span class='ocrx_word' id='word_1_38' title='bbox 1269 1038 1317 1098; x_wconf 90' lang='lat' dir='ltr'>hic</span> <span class='ocrx_word' id='word_1_39' title='bbox 1332 1056 1437 1099; x_wconf 81' lang='lat' dir='ltr'>seusus</span> <span class='ocrx_word' id='word_1_40' title='bbox 1453 1037 1604 1117; x_wconf 78' lang='lat' dir='ltr'>Apostoli:</span> <span class='ocrx_word' id='word_1_41' title='bbox 1623 1036 1730 1097; x_wconf 72' lang='lat' dir='ltr'>Talem</span> 
     </span>
     <span class='ocr_line' id='line_1_6' title="bbox 393 1122 1730 1208; baseline -0.004 -20"><span class='ocrx_word' id='word_1_42' title='bbox 393 1128 543 1188; x_wconf 76' lang='lat' dir='ltr'>throrwm</span> <span class='ocrx_word' id='word_1_43' title='bbox 557 1130 690 1203; x_wconf 61' lang='lat' dir='ltr'>mutius.</span> <span class='ocrx_word' id='word_1_44' title='bbox 727 1125 862 1208; x_wconf 75' lang='lat' dir='ltr'>Quidem</span> <span class='ocrx_word' id='word_1_45' title='bbox 885 1125 1005 1188; x_wconf 91' lang='lat' dir='ltr'>codices</span> <span class='ocrx_word' id='word_1_46' title='bbox 1020 1126 1087 1186; x_wconf 88' lang='lat' dir='ltr'>sub-</span> <span class='ocrx_word' id='word_1_47' title='bbox 1141 1128 1222 1186; x_wconf 90' lang='lat' dir='ltr'>nscti</span> <span class='ocrx_word' id='word_1_48' title='bbox 1236 1126 1427 1198; x_wconf 77' lang='lat' dir='ltr'>Pontificem,</span> <span class='ocrx_word' id='word_1_49' title='bbox 1451 1123 1570 1204; x_wconf 88' lang='lat' dir='ltr'>quslem</span> <span class='ocrx_word' id='word_1_50' title='bbox 1585 1122 1730 1205; x_wconf 82' lang='lat' dir='ltr'>prsecedr</span> 
     </span>
     <span class='ocr_line' id='line_1_7' title="bbox 390 1209 1730 1295; baseline -0.002 -22"><span class='ocrx_word' id='word_1_51' title='bbox 390 1215 521 1294; x_wconf 87' lang='lat' dir='ltr'>jungunt</span> <span class='ocrx_word' id='word_1_52' title='bbox 545 1233 709 1294; x_wconf 86' lang='lat' dir='ltr'>pronomen</span> <span class='ocrx_word' id='word_1_53' title='bbox 732 1219 816 1290; x_wconf 81' lang='lat' dir='ltr'>rjus,</span> <span class='ocrx_word' id='word_1_54' title='bbox 843 1211 925 1295; x_wconf 89' lang='lat' dir='ltr'>quod</span> <span class='ocrx_word' id='word_1_55' title='bbox 951 1222 982 1274; x_wconf 89' lang='lat' dir='ltr'>et</span> <span class='ocrx_word' id='word_1_56' title='bbox 1007 1211 1088 1295; x_wconf 92' lang='lat' dir='ltr'>spud</span> <span class='ocrx_word' id='word_1_57' title='bbox 1142 1213 1242 1274; x_wconf 85' lang='lat' dir='ltr'>verbis</span> <span class='ocrx_word' id='word_1_58' title='bbox 1268 1212 1431 1293; x_wconf 82' lang='lat' dir='ltr'>descripsi,</span> <span class='ocrx_word' id='word_1_59' title='bbox 1459 1209 1602 1272; x_wconf 84' lang='lat' dir='ltr'>videlicet</span> <span class='ocrx_word' id='word_1_60' title='bbox 1628 1212 1689 1271; x_wconf 91' lang='lat' dir='ltr'>Dei</span> <span class='ocrx_word' id='word_1_61' title='bbox 1719 1210 1730 1270; x_wconf 92' lang='lat' dir='ltr'>l</span> 
     </span>
     <span class='ocr_line' id='line_1_8' title="bbox 391 1298 1730 1382; baseline -0.003 -19"><span class='ocrx_word' id='word_1_62' title='bbox 391 1300 506 1363; x_wconf 84' lang='lat' dir='ltr'>Bedsm</span> <span class='ocrx_word' id='word_1_63' title='bbox 522 1301 648 1380; x_wconf 89' lang='lat' dir='ltr'>legitur,</span> <span class='ocrx_word' id='word_1_64' title='bbox 673 1309 701 1360; x_wconf 93' lang='lat' dir='ltr'>et</span> <span class='ocrx_word' id='word_1_65' title='bbox 716 1303 746 1362; x_wconf 94' lang='lat' dir='ltr'>iu</span> <span class='ocrx_word' id='word_1_66' title='bbox 762 1308 847 1362; x_wconf 84' lang='lat' dir='ltr'>textu</span> <span class='ocrx_word' id='word_1_67' title='bbox 863 1301 998 1382; x_wconf 79' lang='lat' dir='ltr'>Syriaco.</span> <span class='ocrx_word' id='word_1_68' title='bbox 1029 1298 1089 1361; x_wconf 84' lang='lat' dir='ltr'>Sed</span> <span class='ocrx_word' id='word_1_69' title='bbox 1142 1299 1330 1379; x_wconf 88' lang='lat' dir='ltr'>eundemque</span> <span class='ocrx_word' id='word_1_70' title='bbox 1341 1307 1459 1360; x_wconf 81' lang='lat' dir='ltr'>nostres</span> <span class='ocrx_word' id='word_1_71' title='bbox 1471 1298 1659 1359; x_wconf 84' lang='lat' dir='ltr'>infirmitstes</span> <span class='ocrx_word' id='word_1_72' title='bbox 1670 1317 1730 1378; x_wconf 84' lang='lat' dir='ltr'>exp</span> 
     </span>
     <span class='ocr_line' id='line_1_9' title="bbox 392 1384 1730 1470; baseline -0.002 -21"><span class='ocrx_word' id='word_1_73' title='bbox 392 1387 502 1449; x_wconf 74' lang='lat' dir='ltr'>Graeci</span> <span class='ocrx_word' id='word_1_74' title='bbox 516 1409 575 1448; x_wconf 91' lang='lat' dir='ltr'>nou</span> <span class='ocrx_word' id='word_1_75' title='bbox 592 1397 767 1470; x_wconf 81' lang='lat' dir='ltr'>agnoscunt.</span> <span class='ocrx_word' id='word_1_76' title='bbox 804 1387 843 1449; x_wconf 89' lang='lat' dir='ltr'>In</span> <span class='ocrx_word' id='word_1_77' title='bbox 864 1390 975 1449; x_wconf 85' lang='lat' dir='ltr'>uostris</span> <span class='ocrx_word' id='word_1_78' title='bbox 995 1388 1089 1448; x_wconf 84' lang='lat' dir='ltr'>etism</span> <span class='ocrx_word' id='word_1_79' title='bbox 1141 1407 1196 1468; x_wconf 88' lang='lat' dir='ltr'>per</span> <span class='ocrx_word' id='word_1_80' title='bbox 1211 1406 1280 1448; x_wconf 89' lang='lat' dir='ltr'>eum</span> <span class='ocrx_word' id='word_1_81' title='bbox 1296 1385 1391 1448; x_wconf 92' lang='lat' dir='ltr'>libere</span> <span class='ocrx_word' id='word_1_82' title='bbox 1405 1394 1519 1448; x_wconf 90' lang='lat' dir='ltr'>etcum</span> <span class='ocrx_word' id='word_1_83' title='bbox 1537 1384 1646 1446; x_wconf 77' lang='lat' dir='ltr'>fiducie</span> <span class='ocrx_word' id='word_1_84' title='bbox 1662 1404 1730 1446; x_wconf 81' lang='lat' dir='ltr'>scer</span> 
     </span>
     <span class='ocr_line' id='line_1_10' title="bbox 392 1471 1722 1556; baseline -0.003 -20"><span class='ocrx_word' id='word_1_85' title='bbox 392 1473 567 1536; x_wconf 83' lang='lat' dir='ltr'>edditicium</span> <span class='ocrx_word' id='word_1_86' title='bbox 579 1495 654 1549; x_wconf 89' lang='lat' dir='ltr'>esse,</span> <span class='ocrx_word' id='word_1_87' title='bbox 664 1475 793 1556; x_wconf 86' lang='lat' dir='ltr'>probunt</span> <span class='ocrx_word' id='word_1_88' title='bbox 803 1475 987 1556; x_wconf 73' lang='lat' dir='ltr'>exemplaris</span> <span class='ocrx_word' id='word_1_89' title='bbox 998 1494 1087 1555; x_wconf 74' lang='lat' dir='ltr'>quse</span> <span class='ocrx_word' id='word_1_90' title='bbox 1142 1474 1182 1535; x_wconf 88' lang='lat' dir='ltr'>sd</span> <span class='ocrx_word' id='word_1_91' title='bbox 1207 1474 1348 1535; x_wconf 85' lang='lat' dir='ltr'>thronum</span> <span class='ocrx_word' id='word_1_92' title='bbox 1374 1474 1451 1546; x_wconf 90' lang='lat' dir='ltr'>Dei,</span> <span class='ocrx_word' id='word_1_93' title='bbox 1473 1471 1586 1551; x_wconf 89' lang='lat' dir='ltr'>judicis</span> <span class='ocrx_word' id='word_1_94' title='bbox 1613 1473 1722 1544; x_wconf 87' lang='lat' dir='ltr'>nostri,</span> 
     </span>
     <span class='ocr_line' id='line_1_11' title="bbox 392 1560 1730 1644; baseline -0.001 -23"><span class='ocrx_word' id='word_1_95' title='bbox 392 1581 452 1643; x_wconf 91' lang='lat' dir='ltr'>qne</span> <span class='ocrx_word' id='word_1_96' title='bbox 474 1562 613 1637; x_wconf 81' lang='lat' dir='ltr'>meliora,</span> <span class='ocrx_word' id='word_1_97' title='bbox 640 1571 702 1623; x_wconf 83' lang='lat' dir='ltr'>tum</span> <span class='ocrx_word' id='word_1_98' title='bbox 724 1581 851 1637; x_wconf 86' lang='lat' dir='ltr'>excuss,</span> <span class='ocrx_word' id='word_1_99' title='bbox 877 1583 967 1644; x_wconf 85' lang='lat' dir='ltr'>quem</span> <span class='ocrx_word' id='word_1_100' title='bbox 986 1580 1089 1623; x_wconf 91' lang='lat' dir='ltr'>msun·</span> <span class='ocrx_word' id='word_1_101' title='bbox 1142 1563 1259 1641; x_wconf 90' lang='lat' dir='ltr'>utique,</span> <span class='ocrx_word' id='word_1_102' title='bbox 1276 1561 1330 1622; x_wconf 81' lang='lat' dir='ltr'>teli</span> <span class='ocrx_word' id='word_1_103' title='bbox 1342 1560 1487 1622; x_wconf 85' lang='lat' dir='ltr'>Pontidce</span> <span class='ocrx_word' id='word_1_104' title='bbox 1500 1568 1530 1619; x_wconf 80' lang='lat' dir='ltr'>e:</span> <span class='ocrx_word' id='word_1_105' title='bbox 1544 1568 1669 1641; x_wconf 82' lang='lat' dir='ltr'>petrono</span> <span class='ocrx_word' id='word_1_106' title='bbox 1681 1579 1730 1637; x_wconf 85' lang='lat' dir='ltr'>prr</span> 
     </span>
     <span class='ocr_line' id='line_1_12' title="bbox 391 1645 1730 1730; baseline -0.001 -20"><span class='ocrx_word' id='word_1_107' title='bbox 391 1651 515 1730; x_wconf 80' lang='lat' dir='ltr'>scripte,</span> <span class='ocrx_word' id='word_1_108' title='bbox 538 1650 769 1730; x_wconf 72' lang='lat' dir='ltr'>suffragantibus</span> <span class='ocrx_word' id='word_1_109' title='bbox 791 1653 862 1711; x_wconf 85' lang='lat' dir='ltr'>item</span> <span class='ocrx_word' id='word_1_110' title='bbox 882 1649 1087 1711; x_wconf 82' lang='lat' dir='ltr'>Clementinis.</span> <span class='ocrx_word' id='word_1_111' title='bbox 1142 1648 1294 1730; x_wconf 84' lang='lat' dir='ltr'>loquente,</span> <span class='ocrx_word' id='word_1_112' title='bbox 1307 1647 1483 1709; x_wconf 89' lang='lat' dir='ltr'>elementum</span> <span class='ocrx_word' id='word_1_113' title='bbox 1493 1648 1690 1728; x_wconf 83' lang='lat' dir='ltr'>experiemur.</span> <span class='ocrx_word' id='word_1_114' title='bbox 1711 1645 1730 1708; x_wconf 76' lang='lat' dir='ltr'>S</span> 
     </span>
     <span class='ocr_line' id='line_1_13' title="bbox 391 1724 1602 1817; baseline -0.002 -21"><span class='ocrx_word' id='word_1_115' title='bbox 391 1737 451 1796; x_wconf 91' lang='lat' dir='ltr'>Pro</span> <span class='ocrx_word' id='word_1_116' title='bbox 465 1738 584 1815; x_wconf 70' lang='lat' dir='ltr'>tiduciu</span> <span class='ocrx_word' id='word_1_117' title='bbox 600 1735 716 1798; x_wconf 84' lang='lat' dir='ltr'>Grsoce</span> <span class='ocrx_word' id='word_1_118' title='bbox 734 1747 782 1799; x_wconf 91' lang='lat' dir='ltr'>est</span> <span class='ocrx_word' id='word_1_119' title='bbox 796 1724 976 1817; x_wconf 64' lang='grc' dir='ltr'><strong><em>παςῗᾷησία,</em></strong></span> <span class='ocrx_word' id='word_1_120' title='bbox 999 1754 1087 1797; x_wconf 86' lang='lat' dir='ltr'>vocs·</span> <span class='ocrx_word' id='word_1_121' title='bbox 1142 1736 1222 1797; x_wconf 92' lang='lat' dir='ltr'>huuc</span> <span class='ocrx_word' id='word_1_122' title='bbox 1237 1737 1414 1796; x_wconf 80' lang='lat' dir='ltr'>confirment</span> <span class='ocrx_word' id='word_1_123' title='bbox 1428 1735 1602 1814; x_wconf 90' lang='lat' dir='ltr'>sequentis:</span> 
     </span>
     <span class='ocr_line' id='line_1_14' title="bbox 389 1821 1730 1905; baseline -0.002 -22"><span class='ocrx_word' id='word_1_124' title='bbox 389 1822 494 1885; x_wconf 91' lang='lat' dir='ltr'>bulum</span> <span class='ocrx_word' id='word_1_125' title='bbox 509 1823 652 1904; x_wconf 78' lang='lat' dir='ltr'>frequens</span> <span class='ocrx_word' id='word_1_126' title='bbox 667 1826 698 1884; x_wconf 90' lang='lat' dir='ltr'>iu</span> <span class='ocrx_word' id='word_1_127' title='bbox 713 1826 799 1886; x_wconf 79' lang='lat' dir='ltr'>Actis</span> <span class='ocrx_word' id='word_1_128' title='bbox 811 1833 842 1886; x_wconf 89' lang='lat' dir='ltr'>et</span> <span class='ocrx_word' id='word_1_129' title='bbox 856 1825 1001 1905; x_wconf 86' lang='lat' dir='ltr'>Epistolis</span> <span class='ocrx_word' id='word_1_130' title='bbox 1016 1843 1087 1904; x_wconf 83' lang='lat' dir='ltr'>epo·</span> <span class='ocrx_word' id='word_1_131' title='bbox 1191 1824 1231 1885; x_wconf 86' lang='lat' dir='ltr'>Ut</span> <span class='ocrx_word' id='word_1_132' title='bbox 1244 1821 1494 1885; x_wconf 77' lang='lat' dir='ltr'>misericordium</span> <span class='ocrx_word' id='word_1_133' title='bbox 1509 1837 1730 1898; x_wconf 77' lang='lat' dir='ltr'>consequemur</span> 
     </span>
     <span class='ocr_line' id='line_1_15' title="bbox 390 1905 1730 1993; baseline -0.002 -23"><span class='ocrx_word' id='word_1_134' title='bbox 390 1911 510 1984; x_wconf 84' lang='lat' dir='ltr'>stolicis,</span> <span class='ocrx_word' id='word_1_135' title='bbox 526 1926 587 1992; x_wconf 86' lang='lat' dir='ltr'>quo</span> <span class='ocrx_word' id='word_1_136' title='bbox 600 1910 1087 1993; x_wconf 81' lang='lat' dir='ltr'>significeturingenusqusedem</span> <span class='ocrx_word' id='word_1_137' title='bbox 1142 1911 1213 1972; x_wconf 87' lang='lat' dir='ltr'>lieet</span> <span class='ocrx_word' id='word_1_138' title='bbox 1235 1933 1254 1971; x_wconf 86' lang='lat' dir='ltr'>s</span> <span class='ocrx_word' id='word_1_139' title='bbox 1269 1912 1337 1972; x_wconf 90' lang='lat' dir='ltr'>Deo</span> <span class='ocrx_word' id='word_1_140' title='bbox 1360 1930 1415 1991; x_wconf 90' lang='lat' dir='ltr'>per</span> <span class='ocrx_word' id='word_1_141' title='bbox 1436 1906 1588 1969; x_wconf 78' lang='lat' dir='ltr'>Christum</span> <span class='ocrx_word' id='word_1_142' title='bbox 1607 1905 1730 1968; x_wconf 80' lang='lat' dir='ltr'>Pontifis</span> 
     </span>
     <span class='ocr_line' id='line_1_16' title="bbox 390 1996 1730 2079; baseline -0.003 -20"><span class='ocrx_word' id='word_1_143' title='bbox 390 1999 481 2059; x_wconf 89' lang='lat' dir='ltr'>enimi</span> <span class='ocrx_word' id='word_1_144' title='bbox 503 1998 641 2072; x_wconf 82' lang='lat' dir='ltr'>libertos,</span> <span class='ocrx_word' id='word_1_145' title='bbox 669 2008 699 2060; x_wconf 91' lang='lat' dir='ltr'>et</span> <span class='ocrx_word' id='word_1_146' title='bbox 720 2000 849 2062; x_wconf 80' lang='lat' dir='ltr'>eudscie</span> <span class='ocrx_word' id='word_1_147' title='bbox 875 1997 914 2059; x_wconf 92' lang='lat' dir='ltr'>sd</span> <span class='ocrx_word' id='word_1_148' title='bbox 937 1996 1087 2079; x_wconf 87' lang='lat' dir='ltr'>egendum</span> <span class='ocrx_word' id='word_1_149' title='bbox 1142 2000 1369 2060; x_wconf 78' lang='lat' dir='ltr'>intercessorem</span> <span class='ocrx_word' id='word_1_150' title='bbox 1385 2005 1526 2057; x_wconf 87' lang='lat' dir='ltr'>nostrum.</span> <span class='ocrx_word' id='word_1_151' title='bbox 1562 1996 1607 2058; x_wconf 78' lang='lat' dir='ltr'>Ei</span> <span class='ocrx_word' id='word_1_152' title='bbox 1625 1996 1730 2071; x_wconf 71' lang='lat' dir='ltr'>oratio</span> 
     </span>
     <span class='ocr_line' id='line_1_17' title="bbox 390 2078 1730 2167; baseline -0.003 -21"><span class='ocrx_word' id='word_1_153' title='bbox 390 2092 444 2146; x_wconf 85' lang='lat' dir='ltr'>sut</span> <span class='ocrx_word' id='word_1_154' title='bbox 467 2085 625 2147; x_wconf 89' lang='lat' dir='ltr'>dicendum</span> <span class='ocrx_word' id='word_1_155' title='bbox 648 2086 779 2167; x_wconf 75' lang='lat' dir='ltr'>aliquid,</span> <span class='ocrx_word' id='word_1_156' title='bbox 805 2088 925 2147; x_wconf 83' lang='lat' dir='ltr'>temetsi</span> <span class='ocrx_word' id='word_1_157' title='bbox 945 2086 1087 2146; x_wconf 80' lang='lat' dir='ltr'>usitatius</span> <span class='ocrx_word' id='word_1_158' title='bbox 1141 2088 1352 2147; x_wconf 83' lang='lat' dir='ltr'>veniemusirr</span> <span class='ocrx_word' id='word_1_159' title='bbox 1360 2085 1483 2146; x_wconf 74' lang='lat' dir='ltr'>auritio</span> <span class='ocrx_word' id='word_1_160' title='bbox 1495 2090 1687 2161; x_wconf 77' lang='lat' dir='ltr'>opportuno.</span> <span class='ocrx_word' id='word_1_161' title='bbox 1707 2078 1730 2141; x_wconf 87' lang='lat' dir='ltr'><strong>G</strong></span> 
     </span>
     <span class='ocr_line' id='line_1_18' title="bbox 390 2166 1727 2253; baseline -0.001 -22"><span class='ocrx_word' id='word_1_162' title='bbox 390 2171 573 2253; x_wconf 86' lang='lat' dir='ltr'>intelligetur</span> <span class='ocrx_word' id='word_1_163' title='bbox 588 2176 619 2234; x_wconf 91' lang='lat' dir='ltr'>in</span> <span class='ocrx_word' id='word_1_164' title='bbox 633 2174 745 2234; x_wconf 81' lang='lat' dir='ltr'>verbis.</span> <span class='ocrx_word' id='word_1_165' title='bbox 782 2174 842 2236; x_wconf 85' lang='lat' dir='ltr'>Sed</span> <span class='ocrx_word' id='word_1_166' title='bbox 866 2193 934 2234; x_wconf 91' lang='lat' dir='ltr'>cum</span> <span class='ocrx_word' id='word_1_167' title='bbox 949 2171 1088 2234; x_wconf 71' lang='lat' dir='ltr'>absolute</span> <span class='ocrx_word' id='word_1_168' title='bbox 1142 2173 1187 2232; x_wconf 86' lang='lat' dir='ltr'>ud</span> <span class='ocrx_word' id='word_1_169' title='bbox 1202 2181 1421 2251; x_wconf 81' lang='lat' dir='ltr'>opportunum</span> <span class='ocrx_word' id='word_1_170' title='bbox 1442 2172 1619 2245; x_wconf 74' lang='lat' dir='ltr'>ausititem,</span> <span class='ocrx_word' id='word_1_171' title='bbox 1644 2166 1727 2249; x_wconf 89' lang='lat' dir='ltr'>quod</span> 
     </span>
     <span class='ocr_line' id='line_1_19' title="bbox 392 2258 1729 2342; baseline -0.003 -22"><span class='ocrx_word' id='word_1_172' title='bbox 392 2258 472 2322; x_wconf 81' lang='lat' dir='ltr'>diest</span> <span class='ocrx_word' id='word_1_173' title='bbox 498 2261 678 2341; x_wconf 82' lang='lat' dir='ltr'>Apostolus:</span> <span class='ocrx_word' id='word_1_174' title='bbox 705 2261 750 2324; x_wconf 85' lang='lat' dir='ltr'>ed</span> <span class='ocrx_word' id='word_1_175' title='bbox 774 2263 925 2323; x_wconf 81' lang='lat' dir='ltr'>thronum</span> <span class='ocrx_word' id='word_1_176' title='bbox 950 2263 1086 2338; x_wconf 67' lang='lat' dir='ltr'>gratiae,</span> <span class='ocrx_word' id='word_1_177' title='bbox 1142 2263 1186 2320; x_wconf 91' lang='lat' dir='ltr'>sic</span> <span class='ocrx_word' id='word_1_178' title='bbox 1209 2262 1372 2342; x_wconf 86' lang='lat' dir='ltr'>expressit:</span> <span class='ocrx_word' id='word_1_179' title='bbox 1395 2260 1437 2320; x_wconf 82' lang='lat' dir='ltr'>ln</span> <span class='ocrx_word' id='word_1_180' title='bbox 1459 2259 1616 2321; x_wconf 66' lang='lat' dir='ltr'>auxilium</span> <span class='ocrx_word' id='word_1_181' title='bbox 1637 2259 1675 2317; x_wconf 81' lang='lat' dir='ltr'>in</span> <span class='ocrx_word' id='word_1_182' title='bbox 1697 2263 1729 2316; x_wconf 81' lang='lat' dir='ltr'>tc</span> 
     </span>
     <span class='ocr_line' id='line_1_20' title="bbox 390 2342 1708 2428; baseline -0.003 -20"><span class='ocrx_word' id='word_1_183' title='bbox 390 2349 558 2428; x_wconf 73' lang='lat' dir='ltr'>quaeritur,</span> <span class='ocrx_word' id='word_1_184' title='bbox 584 2358 683 2410; x_wconf 86' lang='lat' dir='ltr'>utrum</span> <span class='ocrx_word' id='word_1_185' title='bbox 706 2349 764 2410; x_wconf 91' lang='lat' dir='ltr'>Dei</span> <span class='ocrx_word' id='word_1_186' title='bbox 778 2351 893 2424; x_wconf 81' lang='lat' dir='ltr'>Petris,</span> <span class='ocrx_word' id='word_1_187' title='bbox 917 2370 957 2409; x_wconf 92' lang='lat' dir='ltr'>sn</span> <span class='ocrx_word' id='word_1_188' title='bbox 973 2346 1087 2408; x_wconf 81' lang='lat' dir='ltr'>Christi</span> <span class='ocrx_word' id='word_1_189' title='bbox 1141 2352 1325 2426; x_wconf 66' lang='lat' dir='ltr'>angustius,</span> <span class='ocrx_word' id='word_1_190' title='bbox 1352 2347 1467 2408; x_wconf 83' lang='lat' dir='ltr'>scilieet</span> <span class='ocrx_word' id='word_1_191' title='bbox 1481 2342 1708 2428; x_wconf 68' lang='lat' dir='ltr'>impetrandum.</span> 
     </span>
     <span class='ocr_line' id='line_1_21' title="bbox 389 2431 1730 2518; baseline -0.004 -21"><span class='ocrx_word' id='word_1_192' title='bbox 389 2436 468 2497; x_wconf 71' lang='lat' dir='ltr'>Filii·</span> <span class='ocrx_word' id='word_1_193' title='bbox 491 2434 540 2496; x_wconf 81' lang='lat' dir='ltr'>Ad</span> <span class='ocrx_word' id='word_1_194' title='bbox 555 2434 708 2498; x_wconf 80' lang='lat' dir='ltr'>Christum</span> <span class='ocrx_word' id='word_1_195' title='bbox 727 2436 872 2511; x_wconf 87' lang='lat' dir='ltr'>referunt,</span> <span class='ocrx_word' id='word_1_196' title='bbox 895 2439 946 2518; x_wconf 92' lang='lat' dir='ltr'>qui</span> <span class='ocrx_word' id='word_1_197' title='bbox 960 2433 1084 2496; x_wconf 85' lang='lat' dir='ltr'>eddide·</span> <span class='ocrx_word' id='word_1_198' title='bbox 1141 2437 1183 2496; x_wconf 81' lang='lat' dir='ltr'>its</span> <span class='ocrx_word' id='word_1_199' title='bbox 1198 2446 1300 2509; x_wconf 87' lang='lat' dir='ltr'>sonet,</span> <span class='ocrx_word' id='word_1_200' title='bbox 1324 2435 1412 2516; x_wconf 85' lang='lat' dir='ltr'>qussi</span> <span class='ocrx_word' id='word_1_201' title='bbox 1433 2442 1552 2515; x_wconf 87' lang='lat' dir='ltr'>tempus</span> <span class='ocrx_word' id='word_1_202' title='bbox 1572 2431 1730 2493; x_wconf 70' lang='lat' dir='ltr'>afflictioni:</span> 
     </span>
     <span class='ocr_line' id='line_1_22' title="bbox 391 2519 1730 2605; baseline -0.005 -20"><span class='ocrx_word' id='word_1_203' title='bbox 391 2530 461 2585; x_wconf 88' lang='lat' dir='ltr'>runt</span> <span class='ocrx_word' id='word_1_204' title='bbox 475 2525 561 2597; x_wconf 70' lang='lat' dir='ltr'>cius:</span> <span class='ocrx_word' id='word_1_205' title='bbox 576 2544 645 2586; x_wconf 81' lang='lat' dir='ltr'>nem</span> <span class='ocrx_word' id='word_1_206' title='bbox 662 2524 701 2585; x_wconf 91' lang='lat' dir='ltr'>de</span> <span class='ocrx_word' id='word_1_207' title='bbox 711 2526 802 2586; x_wconf 85' lang='lat' dir='ltr'>Pstre</span> <span class='ocrx_word' id='word_1_208' title='bbox 815 2524 890 2585; x_wconf 90' lang='lat' dir='ltr'>nihil</span> <span class='ocrx_word' id='word_1_209' title='bbox 906 2527 937 2585; x_wconf 93' lang='lat' dir='ltr'>iu</span> <span class='ocrx_word' id='word_1_210' title='bbox 952 2524 1087 2605; x_wconf 80' lang='lat' dir='ltr'>proxime</span> <span class='ocrx_word' id='word_1_211' title='bbox 1141 2532 1226 2585; x_wconf 60' lang='grc' dir='ltr'>(καί</span> <span class='ocrx_word' id='word_1_212' title='bbox 1240 2522 1434 2602; x_wconf 87' lang='lat' dir='ltr'>significetur.</span> <span class='ocrx_word' id='word_1_213' title='bbox 1457 2519 1517 2582; x_wconf 85' lang='lat' dir='ltr'>Sed</span> <span class='ocrx_word' id='word_1_214' title='bbox 1537 2521 1648 2580; x_wconf 86' lang='lat' dir='ltr'>rectius</span> <span class='ocrx_word' id='word_1_215' title='bbox 1663 2537 1730 2601; x_wconf 82' lang='lat' dir='ltr'>opp</span> 
     </span>
     <span class='ocr_line' id='line_1_23' title="bbox 389 2606 1730 2692; baseline -0.004 -22"><span class='ocrx_word' id='word_1_216' title='bbox 389 2607 513 2692; x_wconf 90' lang='lat' dir='ltr'>periodo</span> <span class='ocrx_word' id='word_1_217' title='bbox 542 2609 654 2671; x_wconf 91' lang='lat' dir='ltr'>dictum</span> <span class='ocrx_word' id='word_1_218' title='bbox 683 2609 751 2672; x_wconf 81' lang='lat' dir='ltr'>feic</span> <span class='ocrx_word' id='word_1_219' title='bbox 788 2610 904 2671; x_wconf 81' lang='lat' dir='ltr'>Eodem</span> <span class='ocrx_word' id='word_1_220' title='bbox 934 2610 1088 2690; x_wconf 83' lang='lat' dir='ltr'>pertinere</span> <span class='ocrx_word' id='word_1_221' title='bbox 1141 2620 1189 2671; x_wconf 83' lang='lat' dir='ltr'>tes</span> <span class='ocrx_word' id='word_1_222' title='bbox 1203 2609 1280 2671; x_wconf 91' lang='lat' dir='ltr'>huec</span> <span class='ocrx_word' id='word_1_223' title='bbox 1292 2608 1463 2670; x_wconf 85' lang='lat' dir='ltr'>extenditur</span> <span class='ocrx_word' id='word_1_224' title='bbox 1473 2606 1513 2668; x_wconf 82' lang='lat' dir='ltr'>sd</span> <span class='ocrx_word' id='word_1_225' title='bbox 1525 2615 1618 2667; x_wconf 88' lang='lat' dir='ltr'>totum</span> <span class='ocrx_word' id='word_1_226' title='bbox 1629 2614 1730 2686; x_wconf 85' lang='lat' dir='ltr'>tempu</span> 
     </span>
     <span class='ocr_line' id='line_1_24' title="bbox 390 2694 1729 2779; baseline -0.004 -21"><span class='ocrx_word' id='word_1_227' title='bbox 390 2697 563 2758; x_wconf 80' lang='lat' dir='ltr'>existiment</span> <span class='ocrx_word' id='word_1_228' title='bbox 576 2695 686 2758; x_wconf 73' lang='lat' dir='ltr'>Graeci</span> <span class='ocrx_word' id='word_1_229' title='bbox 701 2700 898 2778; x_wconf 87' lang='lat' dir='ltr'>interpretes,</span> <span class='ocrx_word' id='word_1_230' title='bbox 920 2697 980 2757; x_wconf 92' lang='lat' dir='ltr'>huc</span> <span class='ocrx_word' id='word_1_231' title='bbox 995 2699 1086 2758; x_wconf 89' lang='lat' dir='ltr'>citeu·</span> <span class='ocrx_word' id='word_1_232' title='bbox 1142 2698 1325 2779; x_wconf 84' lang='lat' dir='ltr'>prsesentis:</span> <span class='ocrx_word' id='word_1_233' title='bbox 1353 2696 1453 2758; x_wconf 79' lang='lat' dir='ltr'>donec</span> <span class='ocrx_word' id='word_1_234' title='bbox 1476 2695 1568 2755; x_wconf 80' lang='lat' dir='ltr'>hodic</span> <span class='ocrx_word' id='word_1_235' title='bbox 1581 2694 1729 2769; x_wconf 60' lang='lat' dir='ltr'>cognomi</span> 
     </span>
     <span class='ocr_line' id='line_1_25' title="bbox 390 2780 1729 2864; baseline -0.004 -19"><span class='ocrx_word' id='word_1_236' title='bbox 390 2791 437 2845; x_wconf 83' lang='lat' dir='ltr'>tss</span> <span class='ocrx_word' id='word_1_237' title='bbox 458 2780 534 2843; x_wconf 87' lang='lat' dir='ltr'>illud</span> <span class='ocrx_word' id='word_1_238' title='bbox 555 2803 595 2844; x_wconf 89' lang='lat' dir='ltr'>ex</span> <span class='ocrx_word' id='word_1_239' title='bbox 618 2784 728 2845; x_wconf 86' lang='lat' dir='ltr'>Peslm.</span> <span class='ocrx_word' id='word_1_240' title='bbox 751 2787 819 2845; x_wconf 81' lang='lat'>44.:</span> <span class='ocrx_word' id='word_1_241' title='bbox 846 2786 995 2846; x_wconf 67' lang='lat' dir='ltr'>Tironut</span> <span class='ocrx_word' id='word_1_242' title='bbox 1016 2793 1088 2844; x_wconf 85' lang='lat' dir='ltr'>tuus</span> <span class='ocrx_word' id='word_1_243' title='bbox 1143 2793 1175 2844; x_wconf 92' lang='lat' dir='ltr'>ut</span> <span class='ocrx_word' id='word_1_244' title='bbox 1196 2786 1240 2844; x_wconf 85' lang='lat' dir='ltr'>sit</span> <span class='ocrx_word' id='word_1_245' title='bbox 1261 2786 1360 2864; x_wconf 85' lang='lat' dir='ltr'>cupite</span> <span class='ocrx_word' id='word_1_246' title='bbox 1374 2781 1574 2863; x_wconf 82' lang='lat' dir='ltr'>prseeedeuti.</span> <span class='ocrx_word' id='word_1_247' title='bbox 1602 2780 1729 2860; x_wconf 83' lang='lat' dir='ltr'>Semper</span> 
     </span>
     <span class='ocr_line' id='line_1_26' title="bbox 390 2867 1730 2952; baseline -0.003 -20"><span class='ocrx_word' id='word_1_248' title='bbox 390 2870 479 2932; x_wconf 76' lang='lat' dir='ltr'>Deris</span> <span class='ocrx_word' id='word_1_249' title='bbox 507 2872 543 2933; x_wconf 78' lang='lat' dir='ltr'>in</span> <span class='ocrx_word' id='word_1_250' title='bbox 573 2871 731 2935; x_wconf 83' lang='lat' dir='ltr'>soeculum</span> <span class='ocrx_word' id='word_1_251' title='bbox 760 2873 886 2934; x_wconf 73' lang='lat' dir='ltr'>recudi.</span> <span class='ocrx_word' id='word_1_252' title='bbox 927 2869 1020 2952; x_wconf 76' lang='lat' dir='ltr'>Quod</span> <span class='ocrx_word' id='word_1_253' title='bbox 1048 2868 1088 2932; x_wconf 87' lang='lat' dir='ltr'>sd</span> <span class='ocrx_word' id='word_1_254' title='bbox 1142 2870 1212 2933; x_wconf 89' lang='lat' dir='ltr'>dum</span> <span class='ocrx_word' id='word_1_255' title='bbox 1227 2873 1276 2934; x_wconf 89' lang='lat' dir='ltr'>hic</span> <span class='ocrx_word' id='word_1_256' title='bbox 1290 2872 1431 2944; x_wconf 84' lang='lat' dir='ltr'>vivimus,</span> <span class='ocrx_word' id='word_1_257' title='bbox 1455 2887 1580 2950; x_wconf 82' lang='lat' dir='ltr'>egemus</span> <span class='ocrx_word' id='word_1_258' title='bbox 1595 2867 1730 2945; x_wconf 67' lang='lat' dir='ltr'>auxilio,</span> 
     </span>
     <span class='ocr_line' id='line_1_27' title="bbox 389 2957 1212 3039; baseline 0 -21"><span class='ocrx_word' id='word_1_259' title='bbox 389 2957 499 3018; x_wconf 72' lang='lat' dir='ltr'>dilium</span> <span class='ocrx_word' id='word_1_260' title='bbox 529 2957 642 3020; x_wconf 84' lang='lat' dir='ltr'>dictum</span> <span class='ocrx_word' id='word_1_261' title='bbox 671 2979 753 3033; x_wconf 87' lang='lat' dir='ltr'>esse,</span> <span class='ocrx_word' id='word_1_262' title='bbox 788 2967 917 3021; x_wconf 75' lang='lat' dir='ltr'>testatus</span> <span class='ocrx_word' id='word_1_263' title='bbox 947 2968 995 3021; x_wconf 91' lang='lat' dir='ltr'>est</span> <span class='ocrx_word' id='word_1_264' title='bbox 1023 2960 1090 3039; x_wconf 92' lang='lat' dir='ltr'>ipse</span> <span class='ocrx_word' id='word_1_265' title='bbox 1143 2960 1212 3019; x_wconf 85' lang='lat' dir='ltr'>Dei.</span> 
     </span>
     <span class='ocr_line' id='line_1_28' title="bbox 392 3042 1730 3127; baseline -0.002 -24"><span class='ocrx_word' id='word_1_266' title='bbox 392 3043 560 3124; x_wconf 77' lang='lat' dir='ltr'>Apostolus</span> <span class='ocrx_word' id='word_1_267' title='bbox 575 3064 667 3127; x_wconf 87' lang='lat' dir='ltr'>suprs</span> <span class='ocrx_word' id='word_1_268' title='bbox 681 3068 747 3127; x_wconf 87' lang='lat' dir='ltr'>csp.</span> <span class='ocrx_word' id='word_1_269' title='bbox 764 3050 793 3107; x_wconf 90' lang='lat'>1.</span> <span class='ocrx_word' id='word_1_270' title='bbox 1185 3045 1270 3108; x_wconf 86' lang='lat' dir='ltr'>Inter</span> <span class='ocrx_word' id='word_1_271' title='bbox 1297 3045 1548 3107; x_wconf 80' lang='lat' dir='ltr'>misericordium</span> <span class='ocrx_word' id='word_1_272' title='bbox 1574 3049 1607 3102; x_wconf 87' lang='lat' dir='ltr'>et</span> <span class='ocrx_word' id='word_1_273' title='bbox 1631 3042 1730 3118; x_wconf 69' lang='lat' dir='ltr'>prati&lt;</span> 
     </span>
     <span class='ocr_line' id='line_1_29' title="bbox 435 3128 1730 3215; baseline -0.002 -25"><span class='ocrx_word' id='word_1_274' title='bbox 435 3129 644 3192; x_wconf 77' lang='lat' dir='ltr'>Veruntamen</span> <span class='ocrx_word' id='word_1_275' title='bbox 665 3136 798 3215; x_wconf 88' lang='lat' dir='ltr'>pressius</span> <span class='ocrx_word' id='word_1_276' title='bbox 812 3154 875 3194; x_wconf 90' lang='lat' dir='ltr'>rem</span> <span class='ocrx_word' id='word_1_277' title='bbox 890 3131 1089 3194; x_wconf 83' lang='lat' dir='ltr'>considerenti</span> <span class='ocrx_word' id='word_1_278' title='bbox 1143 3131 1292 3214; x_wconf 78' lang='lat' dir='ltr'>distingui</span> <span class='ocrx_word' id='word_1_279' title='bbox 1305 3141 1415 3213; x_wconf 86' lang='lat' dir='ltr'>potest,</span> <span class='ocrx_word' id='word_1_280' title='bbox 1431 3140 1466 3192; x_wconf 85' lang='lat' dir='ltr'>ut</span> <span class='ocrx_word' id='word_1_281' title='bbox 1480 3128 1699 3192; x_wconf 77' lang='lat' dir='ltr'>misericordia</span> <span class='ocrx_word' id='word_1_282' title='bbox 1714 3148 1730 3188; x_wconf 92' lang='lat' dir='ltr'>s</span> 
     </span>
     <span class='ocr_line' id='line_1_30' title="bbox 393 3216 1730 3300; baseline -0.001 -23"><span class='ocrx_word' id='word_1_283' title='bbox 393 3216 531 3295; x_wconf 85' lang='lat' dir='ltr'>proiecto</span> <span class='ocrx_word' id='word_1_284' title='bbox 546 3220 641 3299; x_wconf 83' lang='lat' dir='ltr'>msgis</span> <span class='ocrx_word' id='word_1_285' title='bbox 657 3230 800 3300; x_wconf 87' lang='lat' dir='ltr'>sppsret,</span> <span class='ocrx_word' id='word_1_286' title='bbox 822 3219 1008 3281; x_wconf 84' lang='lat' dir='ltr'>referendum</span> <span class='ocrx_word' id='word_1_287' title='bbox 1023 3237 1091 3279; x_wconf 89' lang='lat' dir='ltr'>esse</span> <span class='ocrx_word' id='word_1_288' title='bbox 1143 3228 1277 3281; x_wconf 80' lang='lat' dir='ltr'>cetorum</span> <span class='ocrx_word' id='word_1_289' title='bbox 1297 3220 1503 3280; x_wconf 87' lang='lat' dir='ltr'>remissionem</span> <span class='ocrx_word' id='word_1_290' title='bbox 1526 3225 1557 3277; x_wconf 91' lang='lat' dir='ltr'>et</span> <span class='ocrx_word' id='word_1_291' title='bbox 1578 3216 1730 3277; x_wconf 87' lang='lat' dir='ltr'>miserisrn</span> 
     </span>
     <span class='ocr_line' id='line_1_31' title="bbox 392 3302 1730 3387; baseline -0.001 -23"><span class='ocrx_word' id='word_1_292' title='bbox 392 3302 433 3364; x_wconf 91' lang='lat' dir='ltr'>sd</span> <span class='ocrx_word' id='word_1_293' title='bbox 453 3304 585 3366; x_wconf 84' lang='lat' dir='ltr'>Pstrem.</span> <span class='ocrx_word' id='word_1_294' title='bbox 619 3306 698 3368; x_wconf 80' lang='lat' dir='ltr'>lium</span> <span class='ocrx_word' id='word_1_295' title='bbox 719 3305 859 3369; x_wconf 79' lang='lat' dir='ltr'>Christus</span> <span class='ocrx_word' id='word_1_296' title='bbox 884 3308 942 3368; x_wconf 93' lang='lat' dir='ltr'>hoc</span> <span class='ocrx_word' id='word_1_297' title='bbox 967 3305 1034 3366; x_wconf 86' lang='lat' dir='ltr'>loeo</span> <span class='ocrx_word' id='word_1_298' title='bbox 1060 3314 1090 3366; x_wconf 92' lang='lat' dir='ltr'>et</span> <span class='ocrx_word' id='word_1_299' title='bbox 1143 3307 1309 3387; x_wconf 77' lang='lat' dir='ltr'>pulsiousn</span> <span class='ocrx_word' id='word_1_300' title='bbox 1325 3308 1480 3387; x_wconf 74' lang='lat' dir='ltr'>pertinent,</span> <span class='ocrx_word' id='word_1_301' title='bbox 1495 3306 1603 3382; x_wconf 78' lang='lat' dir='ltr'>pratia</span> <span class='ocrx_word' id='word_1_302' title='bbox 1619 3322 1690 3363; x_wconf 83' lang='lat' dir='ltr'>vero</span> <span class='ocrx_word' id='word_1_303' title='bbox 1706 3324 1730 3363; x_wconf 72' lang='lat' dir='ltr'>ss</span> 
     </span>
     <span class='ocr_line' id='line_1_32' title="bbox 390 3389 1730 3474; baseline -0.001 -23"><span class='ocrx_word' id='word_1_304' title='bbox 390 3398 454 3451; x_wconf 82' lang='lat' dir='ltr'>tots</span> <span class='ocrx_word' id='word_1_305' title='bbox 468 3392 530 3454; x_wconf 81' lang='lat' dir='ltr'>fere</span> <span class='ocrx_word' id='word_1_306' title='bbox 540 3393 678 3474; x_wconf 79' lang='lat' dir='ltr'>Epistols</span> <span class='ocrx_word' id='word_1_307' title='bbox 692 3394 891 3456; x_wconf 85' lang='lat' dir='ltr'>introducitur</span> <span class='ocrx_word' id='word_1_308' title='bbox 903 3403 937 3456; x_wconf 89' lang='lat' dir='ltr'>ut</span> <span class='ocrx_word' id='word_1_309' title='bbox 948 3391 1090 3456; x_wconf 80' lang='lat' dir='ltr'>Pontifex</span> <span class='ocrx_word' id='word_1_310' title='bbox 1142 3399 1254 3455; x_wconf 75' lang='lat' dir='ltr'>terium</span> <span class='ocrx_word' id='word_1_311' title='bbox 1280 3394 1424 3455; x_wconf 90' lang='lat' dir='ltr'>donorum</span> <span class='ocrx_word' id='word_1_312' title='bbox 1447 3392 1641 3472; x_wconf 87' lang='lat' dir='ltr'>lsrgitionem.</span> <span class='ocrx_word' id='word_1_313' title='bbox 1680 3389 1730 3450; x_wconf 78' lang='lat' dir='ltr'>vs</span> 
     </span>
     <span class='ocr_line' id='line_1_33' title="bbox 392 3477 1730 3556; baseline -0.002 -17"><span class='ocrx_word' id='word_1_314' title='bbox 392 3485 424 3539; x_wconf 84' lang='lat' dir='ltr'>et</span> <span class='ocrx_word' id='word_1_315' title='bbox 444 3479 626 3542; x_wconf 86' lang='lat' dir='ltr'>intercessor</span> <span class='ocrx_word' id='word_1_316' title='bbox 646 3477 688 3542; x_wconf 89' lang='lat' dir='ltr'>sd</span> <span class='ocrx_word' id='word_1_317' title='bbox 704 3482 814 3543; x_wconf 91' lang='lat' dir='ltr'>Deum.</span> <span class='ocrx_word' id='word_1_318' title='bbox 850 3481 939 3543; x_wconf 88' lang='lat' dir='ltr'>Unde</span> <span class='ocrx_word' id='word_1_319' title='bbox 960 3489 992 3543; x_wconf 91' lang='lat' dir='ltr'>et</span> <span class='ocrx_word' id='word_1_320' title='bbox 1013 3480 1091 3541; x_wconf 83' lang='lat' dir='ltr'>inire</span> <span class='ocrx_word' id='word_1_321' title='bbox 1143 3481 1229 3543; x_wconf 89' lang='lat' dir='ltr'>locus</span> <span class='ocrx_word' id='word_1_322' title='bbox 1258 3490 1361 3542; x_wconf 89' lang='lat' dir='ltr'>contrs</span> <span class='ocrx_word' id='word_1_323' title='bbox 1390 3480 1593 3551; x_wconf 81' lang='lat' dir='ltr'>Novstisuos,</span> <span class='ocrx_word' id='word_1_324' title='bbox 1623 3478 1676 3556; x_wconf 91' lang='lat' dir='ltr'>qni</span> <span class='ocrx_word' id='word_1_325' title='bbox 1703 3494 1730 3536; x_wconf 83' lang='lat' dir='ltr'>rr</span> 
     </span>
     <span class='ocr_line' id='line_1_34' title="bbox 393 3563 1730 3648; baseline -0.002 -23"><span class='ocrx_word' id='word_1_326' title='bbox 393 3584 459 3644; x_wconf 90' lang='lat' dir='ltr'>csp.</span> <span class='ocrx_word' id='word_1_327' title='bbox 482 3568 512 3626; x_wconf 85' lang='grc'>7.</span> <span class='ocrx_word' id='word_1_328' title='bbox 534 3565 657 3639; x_wconf 85' lang='lat' dir='ltr'>dicitur,</span> <span class='ocrx_word' id='word_1_329' title='bbox 685 3568 813 3629; x_wconf 75' lang='lat' dir='ltr'>salome</span> <span class='ocrx_word' id='word_1_330' title='bbox 838 3571 874 3630; x_wconf 87' lang='lat' dir='ltr'>irr</span> <span class='ocrx_word' id='word_1_331' title='bbox 896 3574 1089 3646; x_wconf 80' lang='lat' dir='ltr'>perpetuum</span> <span class='ocrx_word' id='word_1_332' title='bbox 1143 3567 1344 3630; x_wconf 78' lang='lat' dir='ltr'>excludebant</span> <span class='ocrx_word' id='word_1_333' title='bbox 1359 3589 1378 3628; x_wconf 91' lang='lat' dir='ltr'>s</span> <span class='ocrx_word' id='word_1_334' title='bbox 1393 3586 1448 3648; x_wconf 91' lang='lat' dir='ltr'>spe</span> <span class='ocrx_word' id='word_1_335' title='bbox 1462 3567 1580 3627; x_wconf 83' lang='lat' dir='ltr'>venire.</span> <span class='ocrx_word' id='word_1_336' title='bbox 1603 3563 1730 3644; x_wconf 74' lang='lat' dir='ltr'>Aequis</span> 
     </span>
     <span class='ocr_line' id='line_1_35' title="bbox 391 3650 1729 3731; baseline -0.001 -20"><span class='ocrx_word' id='word_1_337' title='bbox 391 3669 485 3727; x_wconf 82' lang='lat' dir='ltr'>posse</span> <span class='ocrx_word' id='word_1_338' title='bbox 503 3653 685 3714; x_wconf 78' lang='lat' dir='ltr'>aecedentes</span> <span class='ocrx_word' id='word_1_339' title='bbox 701 3672 763 3731; x_wconf 84' lang='lat' dir='ltr'>per</span> <span class='ocrx_word' id='word_1_340' title='bbox 784 3658 888 3731; x_wconf 85' lang='lat' dir='ltr'>ipsum</span> <span class='ocrx_word' id='word_1_341' title='bbox 909 3655 952 3715; x_wconf 88' lang='lat' dir='ltr'>ad</span> <span class='ocrx_word' id='word_1_342' title='bbox 973 3657 1088 3729; x_wconf 84' lang='lat' dir='ltr'>Deum,</span> <span class='ocrx_word' id='word_1_343' title='bbox 1143 3655 1191 3716; x_wconf 91' lang='lat' dir='ltr'>lus</span> <span class='ocrx_word' id='word_1_344' title='bbox 1213 3655 1349 3717; x_wconf 79' lang='lat' dir='ltr'>hortetur</span> <span class='ocrx_word' id='word_1_345' title='bbox 1370 3653 1542 3728; x_wconf 76' lang='lat' dir='ltr'>Hebraeos,</span> <span class='ocrx_word' id='word_1_346' title='bbox 1571 3659 1606 3711; x_wconf 93' lang='lat' dir='ltr'>ut</span> <span class='ocrx_word' id='word_1_347' title='bbox 1630 3650 1729 3711; x_wconf 84' lang='lat' dir='ltr'>udesn</span> 
     </span>
     <span class='ocr_line' id='line_1_36' title="bbox 393 3738 1730 3821; baseline -0.001 -24"><span class='ocrx_word' id='word_1_348' title='bbox 393 3738 480 3815; x_wconf 80' lang='lat' dir='ltr'>pund</span> <span class='ocrx_word' id='word_1_349' title='bbox 492 3754 617 3816; x_wconf 83' lang='lat' dir='ltr'>semper</span> <span class='ocrx_word' id='word_1_350' title='bbox 637 3742 731 3802; x_wconf 66' lang='lat' dir='ltr'>most</span> <span class='ocrx_word' id='word_1_351' title='bbox 752 3741 796 3801; x_wconf 83' lang='lat' dir='ltr'>ud</span> <span class='ocrx_word' id='word_1_352' title='bbox 815 3741 1089 3820; x_wconf 79' lang='lat' dir='ltr'>interpellandum</span> <span class='ocrx_word' id='word_1_353' title='bbox 1143 3743 1253 3803; x_wconf 84' lang='lat' dir='ltr'>fiducie</span> <span class='ocrx_word' id='word_1_354' title='bbox 1272 3743 1311 3802; x_wconf 91' lang='lat' dir='ltr'>sd</span> <span class='ocrx_word' id='word_1_355' title='bbox 1333 3743 1472 3804; x_wconf 91' lang='lat' dir='ltr'>thronum</span> <span class='ocrx_word' id='word_1_356' title='bbox 1491 3740 1606 3821; x_wconf 84' lang='lat' dir='ltr'>grstise</span> <span class='ocrx_word' id='word_1_357' title='bbox 1620 3738 1695 3810; x_wconf 88' lang='lat' dir='ltr'>Dei,</span> <span class='ocrx_word' id='word_1_358' title='bbox 1721 3757 1730 3797; x_wconf 89' lang='grc' dir='ltr'>ι</span> 
     </span>
     <span class='ocr_line' id='line_1_37' title="bbox 391 3824 1729 3906; baseline 0 -21"><span class='ocrx_word' id='word_1_359' title='bbox 391 3840 454 3900; x_wconf 78' lang='lat' dir='ltr'>pro</span> <span class='ocrx_word' id='word_1_360' title='bbox 470 3828 521 3885; x_wconf 85' lang='lat' dir='ltr'>eis.</span> <span class='ocrx_word' id='word_1_361' title='bbox 544 3824 604 3887; x_wconf 81' lang='lat' dir='ltr'>Sed</span> <span class='ocrx_word' id='word_1_362' title='bbox 619 3826 737 3889; x_wconf 79' lang='lat' dir='ltr'>etelihi</span> <span class='ocrx_word' id='word_1_363' title='bbox 751 3846 844 3906; x_wconf 91' lang='lat' dir='ltr'>ssepe</span> <span class='ocrx_word' id='word_1_364' title='bbox 860 3849 896 3890; x_wconf 90' lang='lat' dir='ltr'>eo</span> <span class='ocrx_word' id='word_1_365' title='bbox 911 3827 999 3890; x_wconf 88' lang='lat' dir='ltr'>modo</span> <span class='ocrx_word' id='word_1_366' title='bbox 1012 3829 1089 3892; x_wconf 79' lang='lat' dir='ltr'>Seri·</span> <span class='ocrx_word' id='word_1_367' title='bbox 1143 3830 1275 3891; x_wconf 88' lang='lat' dir='ltr'>cordism</span> <span class='ocrx_word' id='word_1_368' title='bbox 1291 3831 1329 3891; x_wconf 81' lang='lat' dir='ltr'>ub</span> <span class='ocrx_word' id='word_1_369' title='bbox 1345 3849 1380 3890; x_wconf 87' lang='lat' dir='ltr'>eo</span> <span class='ocrx_word' id='word_1_370' title='bbox 1396 3827 1594 3889; x_wconf 79' lang='lat' dir='ltr'>consecuturi.</span> <span class='ocrx_word' id='word_1_371' title='bbox 1625 3825 1729 3905; x_wconf 56' lang='lat' dir='ltr'>Quser</span> 
     </span>
     <span class='ocr_line' id='line_1_38' title="bbox 392 3912 1717 3996; baseline 0 -26"><span class='ocrx_word' id='word_1_372' title='bbox 392 3917 480 3989; x_wconf 83' lang='lat' dir='ltr'>pturs</span> <span class='ocrx_word' id='word_1_373' title='bbox 505 3912 645 3993; x_wconf 92' lang='lat' dir='ltr'>loquitur.</span> <span class='ocrx_word' id='word_1_374' title='bbox 682 3915 779 3996; x_wconf 74' lang='lat' dir='ltr'>Atqm</span> <span class='ocrx_word' id='word_1_375' title='bbox 802 3917 1006 3977; x_wconf 86' lang='lat' dir='ltr'>intercessoris</span> <span class='ocrx_word' id='word_1_376' title='bbox 1028 3936 1089 3975; x_wconf 89' lang='lat' dir='ltr'>uon</span> <span class='ocrx_word' id='word_1_377' title='bbox 1142 3919 1217 3978; x_wconf 78' lang='lat' dir='ltr'>tutio</span> <span class='ocrx_word' id='word_1_378' title='bbox 1230 3938 1292 3978; x_wconf 85' lang='lat' dir='ltr'>nun</span> <span class='ocrx_word' id='word_1_379' title='bbox 1307 3925 1367 3977; x_wconf 77' lang='lat' dir='ltr'>turn</span> <span class='ocrx_word' id='word_1_380' title='bbox 1387 3915 1426 3976; x_wconf 83' lang='lat' dir='ltr'>sd</span> <span class='ocrx_word' id='word_1_381' title='bbox 1443 3918 1543 3995; x_wconf 84' lang='lat' dir='ltr'>justos</span> <span class='ocrx_word' id='word_1_382' title='bbox 1566 3912 1717 3991; x_wconf 75' lang='lat' dir='ltr'>dirigitur,</span> 
     </span>
     <span class='ocr_line' id='line_1_39' title="bbox 393 3995 1730 4085; baseline 0.001 -28"><span class='ocrx_word' id='word_1_383' title='bbox 393 4005 440 4057; x_wconf 90' lang='lat' dir='ltr'>est</span> <span class='ocrx_word' id='word_1_384' title='bbox 465 3996 572 4060; x_wconf 88' lang='lat' dir='ltr'>sedere</span> <span class='ocrx_word' id='word_1_385' title='bbox 593 4002 624 4061; x_wconf 91' lang='lat' dir='ltr'>iu</span> <span class='ocrx_word' id='word_1_386' title='bbox 645 4001 767 4076; x_wconf 91' lang='lat' dir='ltr'>throno,</span> <span class='ocrx_word' id='word_1_387' title='bbox 791 4001 845 4065; x_wconf 88' lang='lat' dir='ltr'>sed</span> <span class='ocrx_word' id='word_1_388' title='bbox 868 4012 939 4064; x_wconf 91' lang='lat' dir='ltr'>sute</span> <span class='ocrx_word' id='word_1_389' title='bbox 954 4002 1088 4083; x_wconf 83' lang='lat' dir='ltr'>judicem</span> <span class='ocrx_word' id='word_1_390' title='bbox 1143 4004 1184 4066; x_wconf 81' lang='lat' dir='ltr'>ed</span> <span class='ocrx_word' id='word_1_391' title='bbox 1198 4013 1386 4085; x_wconf 86' lang='lat' dir='ltr'>peccetoros,</span> <span class='ocrx_word' id='word_1_392' title='bbox 1408 4011 1444 4063; x_wconf 91' lang='lat' dir='ltr'>ut</span> <span class='ocrx_word' id='word_1_393' title='bbox 1464 4003 1517 4083; x_wconf 92' lang='lat' dir='ltr'>qui</span> <span class='ocrx_word' id='word_1_394' title='bbox 1536 4001 1667 4061; x_wconf 76' lang='lat' dir='ltr'>menime</span> <span class='ocrx_word' id='word_1_395' title='bbox 1682 3995 1730 4059; x_wconf 84' lang='lat' dir='ltr'>ind</span> 
     </span>
     <span class='ocr_line' id='line_1_40' title="bbox 393 4082 1359 4162; baseline 0.008 -20"><span class='ocrx_word' id='word_1_396' title='bbox 393 4084 425 4143; x_wconf 88' lang='lat' dir='ltr'>iu</span> <span class='ocrx_word' id='word_1_397' title='bbox 453 4082 559 4146; x_wconf 84' lang='lat' dir='ltr'>throno</span> <span class='ocrx_word' id='word_1_398' title='bbox 585 4086 737 4149; x_wconf 87' lang='lat' dir='ltr'>sedentem</span> <span class='ocrx_word' id='word_1_399' title='bbox 763 4097 859 4162; x_wconf 79' lang='lat' dir='ltr'>sture,</span> <span class='ocrx_word' id='word_1_400' title='bbox 885 4098 919 4150; x_wconf 91' lang='lat' dir='ltr'>nt</span> <span class='ocrx_word' id='word_1_401' title='bbox 943 4090 1089 4152; x_wconf 87' lang='lat' dir='ltr'>clientum</span> <span class='ocrx_word' id='word_1_402' title='bbox 1143 4091 1359 4153; x_wconf 83' lang='lat' dir='ltr'>misericordie.</span> 
     </span>
     <span class='ocr_line' id='line_1_41' title="bbox 394 4170 1694 4257; baseline 0.002 -28"><span class='ocrx_word' id='word_1_403' title='bbox 394 4187 515 4230; x_wconf 88' lang='lat' dir='ltr'>suorum</span> <span class='ocrx_word' id='word_1_404' title='bbox 538 4191 660 4234; x_wconf 81' lang='lat' dir='ltr'>caussm</span> <span class='ocrx_word' id='word_1_405' title='bbox 679 4174 724 4235; x_wconf 95' lang='lat' dir='ltr'>illi</span> <span class='ocrx_word' id='word_1_406' title='bbox 745 4194 799 4236; x_wconf 91' lang='lat' dir='ltr'>suo</span> <span class='ocrx_word' id='word_1_407' title='bbox 819 4179 988 4257; x_wconf 86' lang='lat' dir='ltr'>petrociuio</span> <span class='ocrx_word' id='word_1_408' title='bbox 1011 4197 1088 4238; x_wconf 90' lang='lat' dir='ltr'>com·</span> <span class='ocrx_word' id='word_1_409' title='bbox 1186 4179 1237 4239; x_wconf 84' lang='grc' dir='ltr'>Διι</span> <span class='ocrx_word' id='word_1_410' title='bbox 1272 4190 1375 4240; x_wconf 88' lang='lat' dir='ltr'>sutem</span> <span class='ocrx_word' id='word_1_411' title='bbox 1415 4175 1560 4237; x_wconf 83' lang='lat' dir='ltr'>Hehrses</span> <span class='ocrx_word' id='word_1_412' title='bbox 1593 4170 1694 4253; x_wconf 90' lang='lat' dir='ltr'>phrssi</span> 
     </span>
     <span class='ocr_line' id='line_1_42' title="bbox 394 4254 1730 4347; baseline 0.001 -31"><span class='ocrx_word' id='word_1_413' title='bbox 394 4254 521 4318; x_wconf 79' lang='lat' dir='ltr'>mundet</span> <span class='ocrx_word' id='word_1_414' title='bbox 559 4259 689 4340; x_wconf 83' lang='lat' dir='ltr'>Qosudo</span> <span class='ocrx_word' id='word_1_415' title='bbox 719 4270 819 4323; x_wconf 83' lang='lat' dir='ltr'>eutem</span> <span class='ocrx_word' id='word_1_416' title='bbox 848 4262 953 4325; x_wconf 90' lang='lat' dir='ltr'>sedere</span> <span class='ocrx_word' id='word_1_417' title='bbox 983 4262 1089 4325; x_wconf 90' lang='lat' dir='ltr'>dicitur</span> <span class='ocrx_word' id='word_1_418' title='bbox 1143 4264 1320 4347; x_wconf 80' lang='lat' dir='ltr'>Apostolus:</span> <span class='ocrx_word' id='word_1_419' title='bbox 1337 4264 1730 4343; x_wconf 75' lang='lat' dir='ltr'>graiiuminosniamus,1</span> 
     </span>
     <span class='ocr_line' id='line_1_43' title="bbox 395 4340 1730 4434; baseline 0.002 -31"><span class='ocrx_word' id='word_1_420' title='bbox 395 4340 536 4404; x_wconf 78' lang='lat' dir='ltr'>Christus</span> <span class='ocrx_word' id='word_1_421' title='bbox 566 4344 606 4406; x_wconf 79' lang='lat' dir='ltr'>nd</span> <span class='ocrx_word' id='word_1_422' title='bbox 643 4345 801 4409; x_wconf 82' lang='lat' dir='ltr'>dexteram</span> <span class='ocrx_word' id='word_1_423' title='bbox 828 4350 945 4423; x_wconf 86' lang='lat' dir='ltr'>Pstris,</span> <span class='ocrx_word' id='word_1_424' title='bbox 979 4360 1091 4431; x_wconf 82' lang='lat' dir='ltr'>pscsts</span> <span class='ocrx_word' id='word_1_425' title='bbox 1144 4351 1226 4434; x_wconf 90' lang='lat' dir='ltr'>quod</span> <span class='ocrx_word' id='word_1_426' title='bbox 1241 4361 1302 4414; x_wconf 90' lang='lat' dir='ltr'>est:</span> <span class='ocrx_word' id='word_1_427' title='bbox 1325 4352 1449 4433; x_wconf 74' lang='lat' dir='ltr'>gratiosi</span> <span class='ocrx_word' id='word_1_428' title='bbox 1464 4352 1555 4411; x_wconf 89' lang='lat' dir='ltr'>simus</span> <span class='ocrx_word' id='word_1_429' title='bbox 1570 4344 1652 4427; x_wconf 85' lang='lat' dir='ltr'>spud</span> <span class='ocrx_word' id='word_1_430' title='bbox 1666 4347 1730 4406; x_wconf 84' lang='lat' dir='ltr'>Dee</span> 
     </span>
     <span class='ocr_line' id='line_1_44' title="bbox 395 4431 1730 4519; baseline 0.001 -30"><span class='ocrx_word' id='word_1_431' title='bbox 395 4432 480 4509; x_wconf 84' lang='lat' dir='ltr'>regni</span> <span class='ocrx_word' id='word_1_432' title='bbox 496 4431 560 4509; x_wconf 91' lang='lat' dir='ltr'>ejus</span> <span class='ocrx_word' id='word_1_433' title='bbox 575 4432 655 4514; x_wconf 81' lang='lat' dir='ltr'>apud</span> <span class='ocrx_word' id='word_1_434' title='bbox 669 4434 791 4496; x_wconf 80' lang='lat' dir='ltr'>Putrem</span> <span class='ocrx_word' id='word_1_435' title='bbox 810 4440 963 4518; x_wconf 87' lang='lat' dir='ltr'>possessio</span> <span class='ocrx_word' id='word_1_436' title='bbox 977 4438 1089 4518; x_wconf 86' lang='lat' dir='ltr'>signifi·</span> <span class='ocrx_word' id='word_1_437' title='bbox 1144 4448 1204 4513; x_wconf 90' lang='lat' dir='ltr'>est,</span> <span class='ocrx_word' id='word_1_438' title='bbox 1232 4440 1377 4519; x_wconf 88' lang='lat' dir='ltr'>peculisri</span> <span class='ocrx_word' id='word_1_439' title='bbox 1404 4438 1512 4499; x_wconf 80' lang='lat' dir='ltr'>effectu</span> <span class='ocrx_word' id='word_1_440' title='bbox 1537 4435 1576 4497; x_wconf 92' lang='lat' dir='ltr'>sh</span> <span class='ocrx_word' id='word_1_441' title='bbox 1602 4454 1637 4494; x_wconf 89' lang='lat' dir='ltr'>eo</span> <span class='ocrx_word' id='word_1_442' title='bbox 1667 4431 1730 4510; x_wconf 71' lang='lat' dir='ltr'>dili,</span> 
     </span>
     <span class='ocr_line' id='line_1_45' title="bbox 395 4519 1730 4608; baseline 0.003 -31"><span class='ocrx_word' id='word_1_443' title='bbox 395 4524 498 4589; x_wconf 87' lang='lat' dir='ltr'>estur,</span> <span class='ocrx_word' id='word_1_444' title='bbox 524 4527 557 4578; x_wconf 92' lang='lat' dir='ltr'>ut</span> <span class='ocrx_word' id='word_1_445' title='bbox 571 4519 645 4579; x_wconf 86' lang='lat' dir='ltr'>slibi</span> <span class='ocrx_word' id='word_1_446' title='bbox 660 4519 803 4582; x_wconf 82' lang='lat' dir='ltr'>diximus.</span> <span class='ocrx_word' id='word_1_447' title='bbox 841 4524 976 4585; x_wconf 86' lang='lat' dir='ltr'>Voestur</span> <span class='ocrx_word' id='word_1_448' title='bbox 990 4532 1090 4585; x_wconf 87' lang='lat' dir='ltr'>sutem</span> <span class='ocrx_word' id='word_1_449' title='bbox 1144 4527 1292 4608; x_wconf 87' lang='lat' dir='ltr'>quomodo</span> <span class='ocrx_word' id='word_1_450' title='bbox 1308 4527 1386 4589; x_wconf 87' lang='lat' dir='ltr'>dixit</span> <span class='ocrx_word' id='word_1_451' title='bbox 1395 4524 1520 4605; x_wconf 83' lang='lat' dir='ltr'>engelus</span> <span class='ocrx_word' id='word_1_452' title='bbox 1536 4522 1574 4584; x_wconf 84' lang='lat' dir='ltr'>sd</span> <span class='ocrx_word' id='word_1_453' title='bbox 1590 4522 1730 4600; x_wconf 71' lang='lat' dir='ltr'>Virgines</span> 
     </span>
     <span class='ocr_line' id='line_1_46' title="bbox 394 4602 1729 4691; baseline 0.003 -28"><span class='ocrx_word' id='word_1_454' title='bbox 394 4602 528 4666; x_wconf 79' lang='lat' dir='ltr'>tltronus</span> <span class='ocrx_word' id='word_1_455' title='bbox 541 4609 667 4681; x_wconf 66' lang='lat' dir='ltr'>gratiae</span> <span class='ocrx_word' id='word_1_456' title='bbox 673 4653 684 4684; x_wconf 91' lang='lat'>,</span> <span class='ocrx_word' id='word_1_457' title='bbox 708 4610 739 4669; x_wconf 91' lang='lat' dir='ltr'>in</span> <span class='ocrx_word' id='word_1_458' title='bbox 753 4628 814 4690; x_wconf 83' lang='lat' dir='ltr'>quo</span> <span class='ocrx_word' id='word_1_459' title='bbox 828 4610 923 4671; x_wconf 79' lang='lat' dir='ltr'>Peter</span> <span class='ocrx_word' id='word_1_460' title='bbox 936 4609 1037 4684; x_wconf 86' lang='lat' dir='ltr'>sedet,</span> <span class='ocrx_word' id='word_1_461' title='bbox 1060 4609 1091 4671; x_wconf 92' lang='lat' dir='ltr'>id</span> <span class='ocrx_word' id='word_1_462' title='bbox 1146 4617 1259 4674; x_wconf 79' lang='lat' dir='ltr'>venisti</span> <span class='ocrx_word' id='word_1_463' title='bbox 1272 4618 1412 4691; x_wconf 71' lang='lat' dir='ltr'>qratiam</span> <span class='ocrx_word' id='word_1_464' title='bbox 1427 4611 1517 4688; x_wconf 82' lang='lat' dir='ltr'>opud</span> <span class='ocrx_word' id='word_1_465' title='bbox 1529 4612 1649 4682; x_wconf 82' lang='lat' dir='ltr'>Deum,</span> <span class='ocrx_word' id='word_1_466' title='bbox 1665 4609 1729 4667; x_wconf 87' lang='lat' dir='ltr'>Luc</span> 
     </span>
     <span class='ocr_line' id='line_1_47' title="bbox 395 4690 1730 4776; baseline 0.004 -27"><span class='ocrx_word' id='word_1_467' title='bbox 395 4697 444 4749; x_wconf 87' lang='lat' dir='ltr'>est</span> <span class='ocrx_word' id='word_1_468' title='bbox 469 4690 557 4753; x_wconf 91' lang='lat' dir='ltr'>sedes</span> <span class='ocrx_word' id='word_1_469' title='bbox 578 4696 729 4775; x_wconf 76' lang='lat' dir='ltr'>gratiosa,</span> <span class='ocrx_word' id='word_1_470' title='bbox 759 4698 832 4776; x_wconf 82' lang='lat' dir='ltr'>quia</span> <span class='ocrx_word' id='word_1_471' title='bbox 857 4696 943 4758; x_wconf 90' lang='lat' dir='ltr'>Deus</span> <span class='ocrx_word' id='word_1_472' title='bbox 970 4697 1015 4758; x_wconf 85' lang='lat' dir='ltr'>sic</span> <span class='ocrx_word' id='word_1_473' title='bbox 1040 4697 1089 4776; x_wconf 88' lang='lat' dir='ltr'>ju·</span> <span class='ocrx_word' id='word_1_474' title='bbox 1144 4701 1230 4761; x_wconf 90' lang='lat' dir='ltr'>Deus</span> <span class='ocrx_word' id='word_1_475' title='bbox 1246 4701 1284 4761; x_wconf 87' lang='lat' dir='ltr'>sd</span> <span class='ocrx_word' id='word_1_476' title='bbox 1299 4702 1428 4761; x_wconf 84' lang='lat' dir='ltr'>Mosem:</span> <span class='ocrx_word' id='word_1_477' title='bbox 1456 4698 1610 4759; x_wconf 78' lang='lat' dir='ltr'>Invenisti</span> <span class='ocrx_word' id='word_1_478' title='bbox 1631 4697 1730 4771; x_wconf 67' lang='lat' dir='ltr'>praue</span> 
     </span>
     <span class='ocr_line' id='line_1_48' title="bbox 395 4772 1730 4863; baseline 0.004 -27"><span class='ocrx_word' id='word_1_479' title='bbox 395 4772 454 4836; x_wconf 83' lang='lat' dir='ltr'>dex</span> <span class='ocrx_word' id='word_1_480' title='bbox 481 4787 585 4840; x_wconf 89' lang='lat' dir='ltr'>noster</span> <span class='ocrx_word' id='word_1_481' title='bbox 610 4790 672 4857; x_wconf 89' lang='lat' dir='ltr'>est,</span> <span class='ocrx_word' id='word_1_482' title='bbox 701 4790 735 4842; x_wconf 91' lang='lat' dir='ltr'>ut</span> <span class='ocrx_word' id='word_1_483' title='bbox 764 4790 863 4843; x_wconf 67' lang='lat' dir='ltr'>umen</span> <span class='ocrx_word' id='word_1_484' title='bbox 891 4803 931 4844; x_wconf 84' lang='lat' dir='ltr'>ex</span> <span class='ocrx_word' id='word_1_485' title='bbox 957 4786 1090 4859; x_wconf 70' lang='lat' dir='ltr'>meuse,</span> <span class='ocrx_word' id='word_1_486' title='bbox 1143 4806 1215 4847; x_wconf 82' lang='lat' dir='ltr'>rom</span> <span class='ocrx_word' id='word_1_487' title='bbox 1231 4808 1297 4863; x_wconf 81' lang='lat' dir='ltr'>mc,</span> <span class='ocrx_word' id='word_1_488' title='bbox 1321 4786 1419 4850; x_wconf 80' lang='lat' dir='ltr'>Exod.</span> <span class='ocrx_word' id='word_1_489' title='bbox 1436 4790 1503 4857; x_wconf 62' lang='lat'>33,</span> <span class='ocrx_word' id='word_1_490' title='bbox 1527 4805 1586 4844; x_wconf 89' lang='lat' dir='ltr'>uon</span> <span class='ocrx_word' id='word_1_491' title='bbox 1608 4784 1681 4843; x_wconf 82' lang='lat' dir='ltr'>setis</span> <span class='ocrx_word' id='word_1_492' title='bbox 1701 4801 1730 4858; x_wconf 73' lang='lat' dir='ltr'>sp</span> 
     </span>
     <span class='ocr_line' id='line_1_49' title="bbox 396 4863 1730 4954; baseline 0.007 -33"><span class='ocrx_word' id='word_1_493' title='bbox 396 4879 457 4941; x_wconf 88' lang='lat' dir='ltr'>qus</span> <span class='ocrx_word' id='word_1_494' title='bbox 471 4863 612 4926; x_wconf 90' lang='lat' dir='ltr'>mundum</span> <span class='ocrx_word' id='word_1_495' title='bbox 633 4866 753 4941; x_wconf 85' lang='lat' dir='ltr'>dilexit,</span> <span class='ocrx_word' id='word_1_496' title='bbox 774 4867 883 4928; x_wconf 78' lang='lat' dir='ltr'>Filium</span> <span class='ocrx_word' id='word_1_497' title='bbox 904 4888 989 4930; x_wconf 91' lang='lat' dir='ltr'>suurn</span> <span class='ocrx_word' id='word_1_498' title='bbox 1005 4869 1091 4932; x_wconf 89' lang='lat' dir='ltr'>uobis</span> <span class='ocrx_word' id='word_1_499' title='bbox 1145 4875 1220 4954; x_wconf 81' lang='lat' dir='ltr'>quin</span> <span class='ocrx_word' id='word_1_500' title='bbox 1234 4896 1295 4934; x_wconf 88' lang='lat' dir='ltr'>nou</span> <span class='ocrx_word' id='word_1_501' title='bbox 1311 4884 1359 4935; x_wconf 85' lang='lat' dir='ltr'>est</span> <span class='ocrx_word' id='word_1_502' title='bbox 1373 4875 1423 4934; x_wconf 90' lang='lat' dir='ltr'>hic</span> <span class='ocrx_word' id='word_1_503' title='bbox 1445 4872 1595 4934; x_wconf 87' lang='lat' dir='ltr'>sdditum:</span> <span class='ocrx_word' id='word_1_504' title='bbox 1617 4868 1730 4947; x_wconf 77' lang='lat' dir='ltr'>spurii</span> 
     </span>
     <span class='ocr_line' id='line_1_50' title="bbox 395 4944 1730 5043; baseline 0.006 -36"><span class='ocrx_word' id='word_1_505' title='bbox 395 4944 512 5011; x_wconf 89' lang='lat' dir='ltr'>dederit</span> <span class='ocrx_word' id='word_1_506' title='bbox 532 4950 712 5015; x_wconf 79' lang='lat' dir='ltr'>sdroestum</span> <span class='ocrx_word' id='word_1_507' title='bbox 737 4973 774 5014; x_wconf 90' lang='lat' dir='ltr'>sc</span> <span class='ocrx_word' id='word_1_508' title='bbox 801 4953 1011 5032; x_wconf 85' lang='lat' dir='ltr'>medistorem,</span> <span class='ocrx_word' id='word_1_509' title='bbox 1038 4960 1092 5036; x_wconf 90' lang='lat' dir='ltr'>qui</span> <span class='ocrx_word' id='word_1_510' title='bbox 1144 4970 1197 5021; x_wconf 86' lang='lat' dir='ltr'>sut</span> <span class='ocrx_word' id='word_1_511' title='bbox 1210 4961 1284 5040; x_wconf 87' lang='lat' dir='ltr'>quid</span> <span class='ocrx_word' id='word_1_512' title='bbox 1299 4962 1411 5033; x_wconf 90' lang='lat' dir='ltr'>simile,</span> <span class='ocrx_word' id='word_1_513' title='bbox 1434 4958 1513 5043; x_wconf 90' lang='lat' dir='ltr'>quod</span> <span class='ocrx_word' id='word_1_514' title='bbox 1535 4960 1566 5019; x_wconf 92' lang='lat' dir='ltr'>iu</span> <span class='ocrx_word' id='word_1_515' title='bbox 1581 4956 1633 5018; x_wconf 91' lang='lat' dir='ltr'>ills</span> <span class='ocrx_word' id='word_1_516' title='bbox 1648 4956 1730 5037; x_wconf 84' lang='lat' dir='ltr'>phrss</span> 
     </span>
     <span class='ocr_line' id='line_1_51' title="bbox 394 5033 1716 5129; baseline 0.005 -32"><span class='ocrx_word' id='word_1_517' title='bbox 394 5051 451 5096; x_wconf 86' lang='lat' dir='ltr'>nos</span> <span class='ocrx_word' id='word_1_518' title='bbox 465 5033 506 5098; x_wconf 89' lang='lat' dir='ltr'>sd</span> <span class='ocrx_word' id='word_1_519' title='bbox 518 5038 615 5119; x_wconf 87' lang='lat' dir='ltr'>ipsum</span> <span class='ocrx_word' id='word_1_520' title='bbox 636 5039 783 5116; x_wconf 71' lang='lat' dir='ltr'>sddumt,</span> <span class='ocrx_word' id='word_1_521' title='bbox 804 5043 895 5123; x_wconf 83' lang='lat' dir='ltr'>eique</span> <span class='ocrx_word' id='word_1_522' title='bbox 909 5043 1090 5106; x_wconf 77' lang='lat' dir='ltr'>reconciliet</span> <span class='ocrx_word' id='word_1_523' title='bbox 1144 5048 1227 5123; x_wconf 76' lang='lat' dir='ltr'>solet,</span> <span class='ocrx_word' id='word_1_524' title='bbox 1243 5048 1298 5110; x_wconf 89' lang='lat' dir='ltr'>sed</span> <span class='ocrx_word' id='word_1_525' title='bbox 1307 5050 1404 5129; x_wconf 72' lang='lat' dir='ltr'>msg&#39;s</span> <span class='ocrx_word' id='word_1_526' title='bbox 1414 5050 1458 5109; x_wconf 83' lang='lat' dir='ltr'>its</span> <span class='ocrx_word' id='word_1_527' title='bbox 1467 5047 1578 5108; x_wconf 75' lang='lat' dir='ltr'>dictum</span> <span class='ocrx_word' id='word_1_528' title='bbox 1588 5043 1716 5117; x_wconf 79' lang='lat' dir='ltr'>ridetur,</span> 
     </span>
    </p>
   </div>
   <div class='ocr_carea' id='block_1_3' title="bbox 0 0 2227 5825">
    <p class='ocr_par' dir='ltr' id='par_1_3' title="bbox 0 0 2227 5825">
     <span class='ocr_line' id='line_1_52' title="bbox 0 0 2227 5825; baseline 0 0"><span class='ocrx_word' id='word_1_529' title='bbox 0 0 2227 5825; x_wconf 95' lang='lat' dir='ltr'> </span> 
     </span>
    </p>
   </div>
  </div>
 </body>
</html>
