4442 5825
392 591 471 660 ως
904 583 1322 645 eernmnmmsmtctnn

394 757 694 839 nulibusdetsitieriip
715 769 847 834 moret,
866 761 1087 841 propesitene·
1141 752 1217 839 bene
1237 761 1380 842 &uuis
1396 764 1646 844 «ωιίρὴιιίιιιᾶ
1668 760 1763 829 ffltlts
1777 780 1810 825 ex

396 847 467 913 lutis
482 855 622 911 ιιιαιιιιι
636 846 778 925 periculo.
1141 849 1368 915 eircumeieione
1388 849 1540 921 Judseos,
1565 847 1754 919 uerisimilius
1774 856 1811 921 ἢ

442 937 490 995 12.
518 934 808 997 :amoenorumve
837 942 973 999 uestrum
1004 934 1088 1005 inter
1141 934 1188 994 hic
1205 935 1333 1014 intelligi
1356 935 1568 1008 detrsetienes,
1591 935 1810 1017 quihunbwtii

394 1020 800 1096 mmrbnbcntesbenem.
818 1022 905 1091 ,Loeo
920 1019 1087 1100 participii:
1141 1031 1224 1082 erent
1239 1022 1357 1097 Judsei,
1380 1043 1416 1083 uc
1438 1020 1732 1097 nominetimdeee,
1752 1017 1813 1101 qut

395 1101 544 1185 ἔχοντες,
565 1109 737 1182 debentes,
761 1106 847 1186 upud
867 1106 1087 1170 ·Oeeumenium
1140 1108 1293 1186 religionis
1315 1130 1352 1171 se
1375 1109 1521 1178 libentutis
1536 1118 1708 1190 ,praetextu
1721 1108 1812 1188 prisc·

394 1196 522 1273 iegitur-r
537 1186 641 1270 ιέχιιν,
662 1196 787 1269 tuem,
811 1202 844 1252 ιιι
866 1193 1034 1273 dependeat
1048 1192 1087 1253 eb
1140 1193 1229 1273 pibus
1259 1216 1295 1257 uc
1322 1196 1550 1275 magistratibus
1584 1194 1713 1261 ethnicis
1731 1195 1814 1263 inin

396 1281 465 1341 illo:
488 1280 700 1356 obsecremus,
728 1282 808 1343 sieut
826 1287 861 1341 et
879 1280 1006 1341 verbum
1023 1279 1086 1346 ,at-
1139 1290 1242 1347 essent
1266 1282 1481 1362 obsequentes,
1514 1301 1686 1362 perumque
1706 1280 1814 1349 stetin

393 1370 520 1432 stinere.
551 1370 690 1442 Bonam,
715 1367 831 1430 Grseee
853 1359 962 1445 καλὴν,
985 1365 1019 1430 id
1041 1374 1088 1427 est
1140 1368 1185 1439 iis,
1207 1370 1380 1448 intorques
1401 1370 1559 1442 vivebant,
1579 1388 1651 1437 seso
1671 1386 1813 1435 esuum

393 1454 816 1527 bonestues,rutelii-vertuut
837 1454 1086 1534 Praecepitdpe-
1138 1453 1253 1515 durent.
1286 1456 1355 1516 Hue
1379 1476 1452 1517 ssne
1473 1459 1509 1517 B.
1526 1455 1659 1523 ,Petrum
1677 1455 1814 1535 respicere

397 1542 497 1615 stolus,
519 1550 554 1611 Ιιιι
568 1542 701 1605 ιιιὶιιιιιιιι
721 1549 841 1603 servent
860 1561 967 1620 purum
991 1559 1086 1603 scer·
1139 1543 1213 1603 sutis
1228 1542 1388 1603 ostendunt
1406 1543 1498 1609 verbe
1512 1543 1694 1620 sequentis:

394 1627 516 1688 nulibus
531 1626 705 1704 desideriis3
721 1648 809 1700 nune,
819 1627 904 1707 quud
920 1629 1085 1706 proximum
1183 1629 1235 1690 Ec
1250 1628 1339 1689 bonis
1353 1630 1503 1705 operibus
1518 1647 1576 1690 uns
1586 1628 1812 1700 wasidrsttniae
1844 1646 1847 1705 ,³

395 1723 447 1788 est,
469 1717 575 1794 exigit,
593 1722 632 1773 ιιι
651 1713 734 1792 spud
756 1715 889 1777 homines
911 1714 1034 1775 honeste
1054 1734 1085 1773 se
1138 1714 1315 1789 plerilicent
1346 1718 1459 1777 Deum.
1504 1718 1566 1783 Ver
1590 1715 1812 1795 supplementi!
1843 1710 1847 1785 ἒ

393 1809 507 1881 gerunt.
529 1822 566 1862 ee
584 1821 646 1861 nen
667 1802 763 1862 solum
785 1821 845 1864 nou
865 1801 1017 1861 offendent
1033 1802 1084 1860 im·
1137 1811 1185 1861 est
1207 1804 1386 1882 interpretis.
1420 1804 1482 1863 Alii
1497 1804 1565 1867 sie:
1587 1803 1642 1863 Ee
1657 1802 1812 1876 bodeme-

393 1888 540 1967 probitete
554 1907 678 1963 morum,
693 1888 747 1949 sed
763 1890 855 1948 etissn
869 1889 948 1949 bens
963 1907 1083 1949 eonver-
1138 1889 1235 1963 ribus,
1259 1908 1340 1965 quae
1356 1890 1606 1964 considerarim,
1631 1889 1811 1964 inspersit

394 1975 512 2035 cutione
523 1975 713 2056 moribusque
727 1985 809 2036 recte
822 1976 995 2054 compositis
1006 1994 1084 2033 emo·
1135 1977 1214 2037 Nem
1231 1974 1345 2036 Graece
1358 1978 1561 2038 estecristns:
1575 1968 1810 2047 ἐπιπτεύααιτις
1840 1950 1847 1997 ³

392 2081 455 2121 rem
478 2062 679 2140 proximorum
702 2081 775 2142 erge
795 2081 829 2124 se
851 2071 1023 2142 provocent,
1049 2079 1085 2119 se
1139 2063 1170 2123 id
1186 2071 1232 2123 est
1247 2066 1430 2139 compiects',
1452 2082 1523 2124 eum
1547 2064 1750 2139 inspexerint
1770 2059 1810 2139 05·
1844 2074 1847 2129 ὲ

394 2147 581 2226 religionem,
607 2168 697 2225 quem
720 2149 910 2227 profitentur,
937 2167 1084 2208 commen·
1140 2151 1260 2230 prienes
1287 2149 1338 2212 lib.
1362 2151 1390 2209 3.
1418 2151 1658 2212 testimoniorum
1685 2168 1749 2228 esp.
1769 2148 1810 2217 11,
1840 2146 1847 2205 t

392 2234 473 2295 dent.
490 2234 580 2314 Quod
592 2236 647 2296 sit:
662 2238 747 2296 inter
756 2244 873 2312 pentes,
889 2238 998 2315 arguit,
1014 2235 1084 2314 Epi·
1140 2245 1236 2296 tetum
1257 2236 1338 2297 hune
1359 2237 1456 2296 locum
1475 2239 1582 2310 eituns,
1607 2237 1651 2296 its
1661 2235 1749 2315 legis:
1774 2232 1809 2304 dt,
1838 2214 1847 2469 3

393 2321 502 2382 stolum
526 2323 603 2383 hene
625 2321 664 2385 nd
686 2322 824 2384 Judseos
845 2325 986 2404 seriptum
1009 2340 1085 2381 esse.
1140 2325 1215 2384 dum
1233 2323 1409 2384 detrectent
1432 2324 1469 2382 de
1493 2324 1580 2385 uobis
1603 2324 1696 2400 quast
1709 2322 1810 2382 dene·

392 2409 470 2469 Nem
497 2406 536 2469 sd
558 2409 687 2489 gentiles
713 2410 848 2473 scribens
873 2432 932 2470 uon
959 2409 1085 2469 diceret:
1139 2413 1251 2486 lienis,
1281 2410 1364 2471 bona
1386 2428 1485 2486 opere
1507 2418 1613 2472 vestra
1637 2410 1809 2485 «meismet

391 2498 478 2556 inter
492 2504 608 2572 pentes,
629 2497 702 2556 sed:
723 2501 808 2558 inter
819 2497 1012 2569 incredulos,
1033 2503 1084 2554 sut
1138 2497 1344 2572 mepnifleent
1374 2500 1487 2559 Deum.
1541 2498 1655 2558 Sensus
1681 2490 1809 2574 spurii:
1837 2492 1847 2579 3

393 2601 455 2656 ees,
480 2586 535 2660 qui
552 2584 733 2660 ferierunt,
755 2592 807 2643 eut
828 2604 895 2643 eum
918 2582 1029 2654 addite,
1052 2589 1086 2640 nt
1138 2586 1221 2646 Bene
1236 2593 1266 2645 et
1279 2584 1406 2645 honeste
1433 2586 1509 2643 inter
1530 2583 1661 2663 gentiles
1676 2597 1808 2643 eoum
1839 2594 1841 2599 '

393 2668 482 2729 ulibi:
507 2672 591 2730 inter
616 2679 739 2746 pentes,
762 2690 844 2747 quoe
867 2672 971 2731 Deum
992 2672 1085 2744 ipne·
1139 2673 1227 2747 mini,
1251 2678 1290 2744 ut,
1307 2673 1333 2730 si
1349 2673 1400 2751 qui
1415 2669 1495 2731 mule
1510 2668 1547 2730 de
1560 2670 1648 2731 vobis
1662 2670 1808 2748 loquuntur

391 2763 477 2817 rent.
1138 2758 1215 2818 mele
1230 2759 1376 2837 persuasi,
1393 2756 1695 2819 vesessemsletiees
1710 2763 1807 2821 σιω

443 2844 539 2907 Utin
562 2862 608 2920 eo,
636 2845 721 2922 quod
743 2845 919 2905 detrectent
941 2844 979 2902 de
999 2842 1086 2902 vobis
1138 2844 1295 2927 quillitetis
1311 2845 1449 2923 publices
1471 2845 1653 2917 imbutores,
1674 2855 1808 2923 operere

392 2939 557 3008 tamquam
570 2932 886 3009 demciesuctoribur.
900 2934 1085 2992 Detractant
1133 2941 1201 2996 ¹stre
1223 2933 1302 2993 bonu
1323 2931 1449 2993 videant
1472 2940 1501 2991 et
1523 2931 1720 3004 comitemne,
1739 2937 1808 3007 urps

393 3037 449 3078 seu
464 3019 564 3097 potius
580 3020 769 3094 detractant,
787 3027 820 3078 ut
835 3019 949 3098 iegitur
963 3019 993 3078 in
1008 3017 1081 3078 mul·
1139 3039 1176 3079 ex
1214 3020 1250 3079 iis
1288 3030 1371 3079 recto
1398 3018 1513 3098 judicio
1544 3039 1601 3080 ves
1630 3019 1809 3080 autumes

392 3106 431 3164 tis
447 3104 607 3178 codicibus,
624 3104 755 3166 Graece:
778 3101 1011 3179 καταλαλοῦσιν,
1028 3105 1084 3165 ob·
1137 3108 1244 3176 Deum,
1268 3108 1319 3184 qui
1334 3105 1409 3167 teies
1432 3105 1541 3165 hubent
1564 3105 1704 3177 cultores,
1722 3096 1808 3183 glorie

392 3192 580 3268 lequuntur,
604 3192 787 3268 detrabunt,
809 3193 984 3254 obtrectant
998 3191 1084 3252 vebis
1138 3201 1212 3265 cent,
1236 3195 1340 3271 sicque
1356 3192 1572 3252 detractionem
1591 3200 1711 3253 verunt
1724 3192 1753 3260 is
1765 3187 1808 3250 tn

392 3287 556 3356 tamquam
571 3280 730 3356 maleficis,
746 3279 776 3341 id
794 3290 847 3352 cet,
863 3279 1017 3339 sceleratis
1032 3279 1082 3339 he·
1134 3279 1205 3339 dem
1221 3294 1251 3341 et
1266 3279 1392 3357 glorium
1409 3279 1477 3339 Dei.
1499 3278 1562 3357 Qui
1577 3299 1688 3359 respue
1702 3296 1762 3340 esee
1772 3271 1807 3334 dr

391 3366 528 3439 minibus,
552 3387 588 3426 ee
610 3366 794 3445 reipublicae
820 3367 929 3427 noxiis.
951 3363 1082 3443 Quidem
1136 3366 1187 3426 bet
1195 3365 1341 3426 bonerum
1353 3374 1518 3426 nostrerum
1531 3367 1692 3436 ιιιιίοιιιηι,
1703 3361 1808 3428 Dei!

389 3453 463 3515 istos
493 3451 694 3514 detractiones
724 3455 970 3531 interpretentur,
1000 3450 1083 3531 quod
1136 3455 1348 3532 praeripiente,
1371 3452 1476 3512 Muttb.
1500 3454 1544 3514 5.:
1572 3455 1626 3515 Βία
1649 3452 1752 3513 lueret
1768 3448 1808 3508 ist

391 3538 562 3600 dicerentur
599 3540 762 3600 Christiani
798 3541 942 3600 humanus
978 3558 1082 3599 ceruos
1135 3548 1239 3600 cestre
1267 3558 1375 3600 eoram
1408 3540 1606 3615 bominibus,
1637 3546 1674 3602 ut
1699 3535 1808 3600 υἱάσι

391 3625 489 3700 edere,
504 3626 644 3688 videlicet
657 3628 815 3688 occasione
830 3634 947 3706 sumpts
962 3645 1001 3685 ex
1017 3646 1081 3703 my·
1134 3645 1233 3702 opera
1244 3635 1349 3687 vestre
1363 3626 1458 3701 benc,
1470 3633 1500 3686 et
1510 3626 1692 3704 plerifieent
1703 3628 1807 3687 Por·

391 3714 467 3773 stics
488 3714 716 3792 participatione
739 3715 869 3793 eorporis
885 3722 914 3772 ct
929 3713 1082 3792 sanguinis
1134 3721 1283 3787 uestrum,
1299 3715 1405 3790 quiin
1420 3714 1512 3774 coelis
1527 3722 1579 3774 est.

389 3799 520 3859 Domini
559 3800 651 3879 Oujus
683 3800 850 3862 calumniae
887 3801 1082 3859 meminerunt
1178 3801 1218 3861 In
1235 3802 1286 3860 die
1300 3802 1500 3861 visitationis.
1525 3802 1621 3862 Diem
1643 3794 1809 3862 mersuri

390 3886 531 3948 Justinus
546 3887 663 3966 Mertyr
685 3888 716 3947 in
732 3888 829 3966 prime
850 3887 998 3967 spologio,
1020 3886 1082 3945 Ειι·
1135 3885 1350 3958 Oecumenius,
1375 3886 1450 3946 Aris
1470 3887 1617 3949 Montano
1640 3885 1809 3966 sumerem

390 3973 490 4033 sebius
505 3972 556 4034 lib.
573 3974 602 4033 5.
626 3975 697 4035 hist.
719 3975 826 4035 coeles.
846 3994 912 4054 cup.
930 3979 956 4033 1.
972 3981 1081 4051 etseq.
1135 3975 1259 4054 exponit
1284 3973 1509 4052 inquisitionem
1533 3975 1688 4035 hominum
1710 3965 1809 4034 munit

391 4066 423 4120 et
434 4057 636 4122 Oeeumenius
648 4062 679 4120 in
691 4069 846 4123 comment
862 4062 985 4131 Rursus,
1001 4058 1081 4141 quod
1135 4081 1248 4132 norum,
1263 4062 1376 4121 seilicet
1391 4080 1502 4132 eorum,
1527 4064 1582 4139 qui
1597 4059 1680 4121 mule
1694 4058 1732 4121 de
1746 4052 1809 4119 cti

390 4144 560 4206 dicerentur
575 4149 606 4207 iu
620 4149 771 4227 mysteriis
786 4150 829 4208 nti
844 4150 1013 4227 promiscue
1023 4146 1080 4207 ve·
1135 4149 1239 4208 stieuis
1256 4148 1467 4227 loquebantur.
1492 4150 1596 4227 Quum
1621 4149 1716 4222 enirn,
1738 4138 1811 4223 ιιηὶ

390 4251 472 4293 nere.
496 4230 591 4312 Cujus
606 4236 739 4295 meminit
759 4234 839 4296 idem
853 4236 991 4296 Justinus
1005 4234 1036 4293 iu
1052 4233 1080 4292 i.
1136 4232 1349 4305 Oeeumenius,
1367 4233 1458 4309 litob
1474 4235 1517 4294 eis
1532 4237 1700 4312 inquisitis
1714 4229 1811 4300 teris

390 4320 539 4399 apologie.
562 4321 604 4381 At
618 4322 689 4382 huie
710 4323 908 4383 criminationi
924 4321 1081 4382 materiem
1135 4330 1255 4395 nostre,
1279 4322 1334 4381 ubi
1354 4339 1403 4381 res
1425 4324 1589 4381 cornone
1613 4321 1710 4382 mode
1731 4317 1812 4384 use

389 4408 592 4486 pruebuereut
613 4407 765 4479 haeretiei,
788 4416 984 4486 cognomento
1000 4406 1080 4468 Gne·
1135 4409 1205 4469 bere
1229 4412 1454 4484 reperiuntur,
1479 4426 1577 4484 quem
1600 4410 1706 4487 suerit
1727 4415 1812 4469 sum

389 4494 466 4568 stici,
489 4514 593 4556 revers
615 4496 647 4555 in
668 4496 731 4556 suis
751 4495 967 4557 conventiculis
982 4495 1082 4574 turpis
1134 4497 1280 4571 suspicio,
1307 4514 1375 4555 non
1397 4494 1499 4554 solum
1519 4495 1711 4573 pudcliunt,
1731 4487 1814 4556 ssu

390 4581 540 4656 quaedem
557 4591 588 4642 et
601 4579 734 4642 nefande
750 4590 941 4658 exercentem
961 4580 1000 4642 de
1014 4581 1081 4661 qui·
1135 4584 1196 4658 ipsi
1221 4583 1440 4658 corriperetur,
1465 4587 1495 4640 et
1517 4584 1605 4643 Deus
1627 4582 1814 4660 plurim

389 4665 446 4727 bus
470 4668 661 4748 Epiphanius
683 4671 714 4728 in
737 4669 858 4731 haeresi
880 4668 986 4730 Gnosi.
1021 4667 1082 4727 Alii
1135 4669 1198 4729 Hie
1213 4687 1317 4730 sensus
1341 4667 1452 4746 occipit
1473 4667 1719 4746 probabilitstem
1733 4679 1814 4730 extr

390 4752 487 4814 locum
507 4754 587 4815 hunc
606 4754 645 4815 ed
666 4754 741 4816 elios
763 4755 897 4818 referunt
918 4755 1082 4820 tolumnius
1136 4755 1244 4817 eubulo
1270 4756 1472 4830 visitationis,
1495 4754 1634 4816 Grseeer
1657 4747 1816 4829 intem&

389 4859 575 4918 progenerum
589 4839 736 4904 dvorsus
750 4841 945 4914 Christianos,
961 4842 1001 4903 de
1016 4841 1081 4919 qni·
1136 4841 1168 4904 id
1183 4852 1229 4903 est
1243 4844 1450 4919 inspectionis
1457 4866 1469 4919 ,·
1492 4842 1579 4922 qussi
1594 4842 1743 4922 respiciet
1753 4838 1816 4920 Δγ

389 4925 444 4986 bus
454 4927 678 4992 'Pertullisnum
692 4928 859 4990 consulein
875 4928 1035 5007 Apeloeet.
1052 4934 1081 4987 et
1135 4928 1230 4996 stolus
1245 4928 1284 4992 sd
1301 4927 1340 5001 id,
1357 4928 1437 5009 quod
1453 4928 1547 4990 dixit:
1568 4947 1607 4992 ss·
1623 4929 1717 4994 bonis
1730 4921 1818 5006 φά

388 5012 477 5075 Jesn
499 5013 674 5077 Hssselium
697 5018 730 5080 in
751 5026 903 5078 commem.
931 5012 993 5079 set
1016 5033 1082 5082 ense
1134 5015 1516 5095 weesuomideruntes,
1530 5007 1817 5095 inspicimini!
