4442 5825
406 571 479 639 562

919 557 1152 630 conmortuus
1170 559 1200 614 n
1218 560 1285 617 cru.
1301 560 1338 617 u.

404 741 602 811 muratione,
626 736 705 797 sicut
727 745 757 795 et
772 734 933 816 Gregorius
955 736 1031 815 legit
1047 736 1097 795 ho·
1150 737 1332 816 Apostolus,
1366 737 1424 800 hae
1448 738 1518 820 lege
1545 740 1649 801 Deum
1681 758 1741 800 aus
1769 737 1843 811 dous

404 826 465 886 mil.
482 829 510 884 7.
527 843 618 904 super
632 821 741 883 Ezeclr.
775 822 826 895 ld,
853 824 991 903 inquam,
1014 821 1098 883 addit

404 912 511 975 eedem
525 912 657 984 ratione,
680 930 742 989 qua
757 910 871 970 Paulus
895 930 987 990 opera
1009 911 1095 969 mise·

403 998 548 1060 ricordiae
563 997 628 1058 vult
651 999 784 1058 exerceri
808 1002 841 1058 in
863 998 1042 1071 hilaritate,
1065 1004 1099 1055 ut

402 1087 486 1148 Rom.
516 1088 564 1146 12.
592 1093 622 1145 st
649 1082 755 1144 seor.
784 1086 811 1144 9.
851 1085 929 1144 Nam
959 1085 1013 1164 qui
1039 1104 1098 1144 nors

403 1173 545 1247 libenter,
560 1173 615 1232 sed
631 1172 730 1246 inviti,
754 1181 800 1247 et,
822 1180 857 1232 nt
871 1170 985 1232 Paulus
1000 1171 1097 1251 loqui·

401 1271 459 1334 tur,
475 1279 513 1322 ea
524 1262 665 1334 tristitia,
677 1266 735 1319 aut
747 1277 785 1321 es
795 1261 985 1333 necessitate,
997 1257 1095 1338 bospi-

401 1350 474 1410 tion
485 1345 644 1429 praebent,
655 1355 706 1406 aut
719 1345 940 1425 eleemosynam
955 1345 1096 1418 tribuunt,

347 1446 349 1451 '
401 1433 492 1494 facile
514 1434 692 1516 quiritantur
714 1431 764 1492 vel
787 1432 824 1492 de
847 1441 982 1512 sumptu,
1008 1452 1097 1512 quem

399 1522 530 1594 faciunt,
556 1520 605 1582 vel
629 1518 667 1579 de
689 1520 822 1581 moribus
841 1540 960 1593 eorum,
986 1518 1096 1598 quibus

401 1609 593 1690 impendunt3
609 1607 691 1688 quod
707 1605 756 1667 bic
771 1616 818 1668 est
832 1624 1045 1668 murmurare.

447 1697 494 1757 10.
524 1696 758 1772 Unusquisque,
781 1697 860 1757 sinn
878 1697 998 1770 accepit
1018 1712 1095 1770 pra·

404 1787 493 1859 nam,
509 1785 545 1844 in
557 1783 747 1843 alterutrum
761 1782 850 1842 illam
861 1780 1095 1842 administran-

401 1879 456 1932 tes.
478 1871 568 1930 Nunc
583 1867 718 1949 generali
738 1870 885 1930 sententia
900 1867 1049 1940 admonet,
1064 1877 1097 1928 ut

401 1961 532 2038 quisque
552 1957 642 2037 juxta
664 1956 775 2018 donum
796 1967 826 2017 et
850 1956 1024 2017 facultatem
1039 1955 1096 2016 sibi

401 2044 502 2105 duum
517 2065 536 2103 a
547 2045 615 2104 Deo
626 2045 778 2123 prosimos
790 2043 924 2123 adjuvet,
941 2053 1096 2123 tamquam

400 2132 488 2193 cuius
517 2135 650 2211 corporis
685 2131 834 2204 membra,
870 2129 1026 2193 conferens
1056 2128 1095 2203 id,

400 2218 480 2302 quod
495 2219 594 2290 babet,
617 2218 648 2276 in
671 2237 758 2280 usum
774 2237 973 2294 communem,
994 2237 1094 2298 quem·

400 2304 560 2371 admodum
576 2303 605 2367 id
621 2304 760 2385 pluribus
772 2307 872 2367 verbis
884 2305 971 2365 docet
983 2304 1095 2365 Paulus

399 2393 485 2455 Rom
506 2395 553 2454 12.
569 2400 600 2453 ct
617 2397 632 2453 1
648 2391 717 2455 Cor.
735 2397 783 2454 11.
810 2394 964 2466 Gratiam,
981 2390 1096 2453 Graece

399 2474 554 2562 χάρισμα,
582 2481 720 2558 donum,
747 2490 781 2540 ut
802 2480 875 2541 olibi
898 2480 991 2540 vertit
1005 2481 1093 2540 inter·

398 2591 475 2651 pres.
500 2571 569 2651 Quo
586 2565 704 2628 Graeco
721 2570 855 2640 nomine,
870 2568 987 2629 tametsi
1002 2584 1093 2646 gene·

398 2657 471 2731 ruli,
487 2655 619 2736 mtiae,
643 2674 717 2733 quse
732 2653 883 2733 Theologi
898 2655 992 2733 gratis
1007 2653 1095 2714 datas

400 2742 571 2825 appellant,
600 2743 792 2822 appropriate
812 2740 972 2820 significari
988 2739 1094 2801 solent

399 2829 529 2891 Sensus:
549 2828 647 2888 Prout
662 2829 791 2909 quiaque
807 2825 963 2907 praeditus
979 2836 1027 2888 est
1041 2828 1093 2887 ali·

422 2937 462 2978 ua
476 2916 639 2988 facultate,
662 2935 722 2997 qua
738 2913 822 2976 utilis
838 2934 902 2975 osse
918 2917 1013 2995 possit
1026 2914 1093 2976 aliis

398 2936 502 3084 dquam
517 3006 623 3084 utique
638 3024 697 3063 non
720 3001 825 3075 babet,
849 3002 906 3062 nisi
920 3001 1058 3062 donatam
1075 3023 1094 3062 a

397 3086 496 3167 Deo):
510 3087 646 3151 itaalius
663 3091 692 3151 in
708 3090 808 3162 alium,
824 3088 875 3168 qui
888 3108 963 3167 opus
974 3088 1093 3161 babeat,

397 3175 482 3239 illam
508 3176 711 3250 administret,
741 3195 796 3237 seu
822 3174 1017 3236 ministrando
1041 3195 1091 3236 ex·

396 3263 520 3345 pendat.
551 3264 608 3323 Est
622 3264 700 3324 euim
716 3261 846 3324 Graece:
870 3256 1092 3337 διακονοῦντες,

398 3354 624 3413 ministrantes.
660 3350 729 3430 Quo
746 3348 839 3410 verbo
856 3348 1006 3421 innuitur,
1032 3369 1093 3409 non

397 3436 495 3499 solum
518 3445 673 3518 prompte,
698 3434 753 3496 sed
778 3444 896 3496 etcum
922 3434 1092 3496 bumilitate

397 3544 433 3585 ac
461 3525 626 3598 modestia,
654 3521 739 3583 donis
768 3521 954 3599 hujusmodi,
984 3522 1093 3601 quibus

398 3610 451 3671 alii
466 3610 663 3690 adjuventur,
678 3608 822 3671 utendum
838 3627 915 3668 esee.
938 3608 1032 3668 Simul
1048 3610 1090 3668 in-

395 3696 478 3759 dicat
492 3697 656 3778 Apostolus
672 3696 748 3756 dune
768 3695 908 3767 rationes,
925 3714 979 3754 cur
993 3696 1089 3773 proxi·

393 3786 453 3845 mis
467 3805 504 3845 ca
527 3783 606 3844 dona
629 3783 791 3845 debeamus
813 3780 999 3861 impendere:
1027 3790 1090 3841 tum

394 3873 468 3951 quia
483 3872 543 3932 Dei
560 3869 639 3931 dona
653 3879 738 3943 sunt,
762 3867 890 3947 ideoque
913 3869 1005 3929 etium
1022 3868 1090 3929 aliis

394 3957 560 4019 liberaliter
575 3954 839 4031 communicanda,
863 3964 925 4015 tum
941 3956 1089 4035 quianon

394 4043 507 4104 domini
521 4044 640 4105 illorum
655 4062 777 4114 sumus,
802 4040 856 4103 sed
872 4040 911 4102 ud
928 4061 963 4101 ea
977 4041 1089 4103 utenda

392 4129 455 4190 Dei
471 4132 595 4191 ministri
612 4150 648 4189 ac
664 4129 900 4207 dispensatores,
927 4150 1006 4207 quae
1021 4148 1087 4208 pro·

393 4216 463 4277 inde
489 4216 528 4277 ad
555 4218 621 4295 ejus
648 4217 799 4277 arbitrium
829 4224 898 4277 aunt
928 4214 1087 4294 erogando.

391 4304 590 4364 Posteriorem
614 4303 692 4364 banc
713 4304 857 4362 rationem
885 4302 1014 4381 amplius
1037 4303 1085 4362 dc·

390 4390 486 4452 claret
500 4389 546 4463 id,
566 4388 645 4471 quod
662 4390 811 4470 sequitur:

432 4479 521 4540 Sicut
537 4479 612 4538 boni
635 4476 865 4552 dispensatores
881 4475 1087 4552 multiformis

388 4568 513 4639 gratiae
528 4567 599 4627 Dei.
630 4563 856 4639 Multisormis,
872 4561 1086 4640 significantius

389 4649 506 4712 Graeco
523 4652 646 4711 dicitur:
667 4643 827 4725 ποικίλης,
853 4647 883 4706 id
902 4657 945 4708 est
961 4652 1084 4723 varior,

388 4739 485 4818 iuquit
506 4738 714 4817 Hieronymus
737 4735 787 4795 lib.
813 4737 840 4793 1.
864 4742 968 4796 contra
982 4736 1083 4797 Jovin.

388 4844 453 4904 cap.
468 4827 498 4884 4.
521 4825 563 4884 Et
575 4825 632 4884 boo
651 4824 717 4884 loco
732 4823 875 4898 pratiae,
898 4842 957 4882 uon
972 4816 1083 4899 χαρίσ-

388 4926 486 4988 ματος
501 4910 633 4983 Graece,
655 4912 731 4970 deut
745 4909 843 4990 prius,
867 4906 921 4968 sed
936 4901 1083 4985 χάριτος;

386 5000 561 5077 promiscua
590 5005 692 5058 umen
721 4994 950 5076 significatione
986 4994 1083 5056 Sentit

1152 844 1231 904 quae
1244 826 1329 886 varia
1340 836 1411 886 sunt
1423 835 1451 886 et
1462 826 1654 908 multiplicia,
1668 824 1845 887 distribuisse

1152 912 1373 991 persingulas,
1396 915 1598 994 utquisque,
1624 911 1713 993 qnod
1735 915 1845 992 saepit

1152 1018 1211 1059 non
1227 999 1285 1059 sibi
1300 997 1449 1075 vendicet,
1465 1019 1522 1061 nce
1537 1001 1567 1060 in
1579 1009 1697 1061 terram
1713 999 1845 1061 utrumn

1152 1084 1332 1159 abscondat,
1355 1104 1411 1146 nec
1426 1089 1457 1148 in
1472 1087 1594 1148 sudario
1611 1088 1781 1168 repositum
1793 1106 1844 1147 scr

1151 1182 1217 1247 vet,
1232 1185 1315 1235 more
1329 1173 1410 1234 serui
1424 1174 1506 1235 illius
1522 1172 1640 1235 inutilis
1656 1193 1698 1234 ac
1711 1175 1799 1255 pigri,
1813 1170 1846 1233 ds

1152 1279 1212 1339 quo
1236 1261 1265 1321 in
1289 1260 1443 1339 parabolis
1466 1260 1656 1342 evangelicis
1677 1259 1788 1322 Mattls.
1802 1261 1845 1322 ib

1152 1357 1181 1406 et
1195 1347 1268 1408 Luc.
1295 1347 1449 1423 19.,sud,
1472 1356 1627 1428 tamquam
1653 1347 1718 1408 Dei
1737 1347 1844 1428 dispeu-

1151 1441 1247 1506 samu,
1269 1435 1299 1496 in
1315 1435 1406 1507 alios,
1429 1435 1483 1515 qui
1503 1455 1562 1494 non
1586 1435 1705 1496 babent
1726 1442 1757 1495 et
1778 1434 1842 1495 indi·

1150 1529 1237 1599 gent,
1259 1521 1372 1581 utiliter
1389 1519 1550 1602 expendat
1583 1521 1741 1604 Eum-Dei
1755 1520 1843 1601 logan

1151 1611 1306 1670 continent
1320 1608 1420 1669 dictae
1442 1607 1609 1689 parabolae
1628 1606 1669 1668 de
1684 1607 1844 1671 talentisiu

1151 1714 1252 1755 servos
1281 1716 1300 1756 a
1325 1693 1445 1756 domino
1467 1696 1635 1756 distributis
1654 1695 1698 1755 ad
1720 1695 1794 1768 boc,
1815 1703 1845 1753 ut

1150 1779 1265 1843 lucrum
1282 1803 1320 1844 ex
1332 1784 1376 1843 eis
1390 1781 1509 1844 domino
1523 1781 1685 1843 referrent
1720 1783 1842 1843 Poenam

1150 1890 1220 1930 uero
1234 1870 1313 1949 legis
1328 1891 1388 1931 uon
1399 1869 1593 1945 observatae,
1609 1866 1722 1949 probat
1736 1867 1843 1933 inutilis

1150 1958 1230 2017 servi
1245 1956 1450 2017 condemnatio
1474 1967 1506 2017 et
1524 1957 1636 2035 ejectio
1652 1961 1692 2018 in
1707 1957 1842 2018 tenebras

1150 2047 1330 2119 exteriores,
1346 2044 1400 2104 ubi
1414 2045 1506 2122 pietus
1520 2052 1551 2105 et
1560 2044 1684 2105 stridor
1696 2043 1840 2107 dentium.

1192 2133 1240 2192 De
1256 2151 1292 2190 ea
1314 2152 1348 2193 re
1370 2133 1414 2191 sic
1433 2132 1623 2211 Augustinus
1645 2139 1736 2201 tract·
1753 2133 1842 2195 10.iu

1149 2217 1173 2278 J
1175 2238 1302 2281 usonem
1317 2217 1357 2278 ad
1373 2216 1447 2278 illud
1462 2221 1570 2298 capitis
1586 2217 1734 2280 secundi:
1757 2219 1842 2281 chus

1149 2306 1261 2366 domus
1276 2313 1349 2366 tuae
1364 2305 1497 2366 comedit
1513 2326 1569 2366 me.
1607 2307 1643 2368 Si
1657 2307 1778 2383 fueris,
1802 2307 1840 2366 iu·

1150 2395 1230 2472 quit,
1250 2393 1408 2470 frigidus,
1431 2394 1612 2468 marcidus,
1635 2394 1683 2453 ad
1704 2400 1736 2455 te
1749 2395 1841 2456 solun

1149 2487 1308 2557 spectans,
1326 2489 1356 2541 et
1371 2482 1462 2556 quasi
1477 2480 1534 2540 tibi
1547 2481 1732 2559 sufficiens,
1754 2489 1784 2541 et
1796 2480 1840 2540 di·

1148 2586 1219 2628 cens
1234 2569 1269 2626 in
1281 2568 1374 2629 corde
1386 2574 1459 2628 tuor
1475 2567 1559 2646 Quid
1571 2569 1652 2628 mibi
1662 2575 1719 2643 est,
1735 2560 1840 2631 arari

1149 2656 1256 2715 aliena
1283 2655 1439 2731 peccata?
1472 2653 1592 2731 sufficit
1621 2655 1703 2715 mibi
1733 2658 1838 2717 anina

1148 2761 1235 2819 mea,·
1251 2743 1352 2816 ipsam
1365 2744 1523 2817 integram
1535 2759 1656 2802 seroem
1669 2743 1750 2804 Deo.
1772 2742 1838 2815 sta,

1147 2847 1216 2890 non
1237 2828 1294 2888 tibi
1316 2831 1403 2891 venit
1427 2830 1461 2888 in
1486 2835 1623 2889 mentem
1645 2847 1758 2891 servus
1781 2827 1839 2901 ilis,

1148 2919 1204 2994 qui
1219 2916 1383 2978 abscondit
1401 2918 1574 2991 talentum,
1599 2924 1629 2977 st
1651 2917 1761 2978 noluit
1775 2934 1838 2978 era·

1146 3004 1246 3079 aare?
1282 3004 1446 3080 Numquid
1478 3007 1562 3065 enim
1592 3011 1762 3065 accusatus
1790 3009 1837 3076 est,

1146 3093 1223 3167 quia
1236 3089 1397 3167 perdidit,
1422 3097 1451 3150 et
1465 3108 1532 3152 non
1540 3134 1551 3164 ,
1579 3092 1660 3166 quia
1674 3094 1744 3152 sine
1758 3092 1839 3152 lucra

1146 3176 1313 3238 servavit?
1343 3177 1428 3238 Haeo
1454 3177 1513 3237 ille
1551 3176 1698 3238 Notsnds
1723 3195 1839 3258 quoque

1147 3262 1285 3342 Gregorii
1301 3263 1408 3324 verbs:
1425 3266 1503 3343 Qui,
1532 3266 1667 3324 seientia
1683 3272 1715 3324 et
1731 3268 1838 3326 etrusc

1144 3350 1299 3427 praediti,
1322 3369 1470 3412 secessum
1493 3350 1723 3425 speculationis
1745 3370 1836 3429 appe·

1146 3443 1236 3511 tunt,
1267 3443 1313 3497 tot
1341 3440 1526 3498 animarum
1555 3439 1604 3498 rei
1632 3445 1730 3513 sune,
1770 3443 1838 3516 quot

1146 3523 1315 3584 animabus
1329 3527 1364 3587 in
1377 3524 1540 3599 pubiicum
1554 3524 1752 3599 prodeundo
1765 3541 1836 3602 pro-

1146 3610 1229 3670 desse
1243 3617 1428 3686 potuerunt.
1461 3610 1580 3670 Recitat
1596 3610 1676 3672 haec
1691 3614 1771 3672 inter
1783 3607 1837 3672 sli's

1145 3715 1183 3755 ex
1196 3695 1343 3775 Gregorio
1356 3696 1538 3760 Guilielmus
1549 3696 1702 3759 Peraldus
1714 3700 1746 3759 in
1758 3698 1834 3760 sm·

1145 3803 1193 3842 ma
1209 3785 1366 3856 vitiorum,
1383 3783 1533 3844 disserena
1545 3783 1584 3842 de
1598 3786 1738 3846 avaritia
1751 3785 1837 3846 scisu-

1144 3870 1214 3940 tiae,
1231 3870 1331 3949 deque
1346 3872 1390 3942 iis,
1411 3871 1464 3948 qui
1479 3869 1628 3930 talentum
1644 3869 1836 3932 abscondunt.

1189 3959 1236 4015 11.
1259 3957 1294 4017 Si
1310 3959 1380 4033 quis
1394 3956 1554 4033 loquitur,
1575 3961 1671 4032 quasi
1685 3974 1836 4020 urmonss

1144 4043 1213 4108 Dei.
1235 4042 1572 4121 responsoriororum
1588 4040 1768 4118 descendit,
1782 4062 1835 4106 scs

1142 4128 1264 4209 quidem
1276 4149 1379 4190 omnes
1391 4148 1443 4190 eus
1455 4129 1625 4190 autmultas
1635 4131 1835 4210 particulatim

1142 4235 1391 4288 commemorans,
1418 4223 1452 4276 ut
1472 4237 1491 4275 a
1510 4214 1610 4276 Paulo
1633 4217 1755 4282 sactum
1778 4223 1833 4289 sst;

1141 4302 1194 4362 sed
1210 4302 1268 4361 dno
1285 4304 1367 4363 velut
1382 4319 1494 4382 genera
1509 4300 1683 4381 proferens,
1704 4304 1761 4367 sub
1775 4304 1832 4384 qui·

1140 4388 1195 4449 bus
1211 4390 1305 4450 multa
1321 4392 1397 4451 dona
1421 4388 1566 4467 specialia
1587 4389 1831 4469 comprehendas·

1141 4484 1197 4536 tur.
1235 4477 1283 4536 Ee
1298 4497 1407 4557 genera
1423 4486 1509 4538 suut:
1531 4475 1659 4536 ultorum
1683 4478 1832 4546 seimonu,

1139 4559 1266 4622 alterum
1288 4564 1441 4624 ministerii
1463 4565 1528 4624 sive
1544 4565 1683 4624 actionis.
1714 4567 1830 4628 seruo

1138 4669 1211 4722 nes,
1235 4648 1365 4710 Graece:
1388 4642 1489 4726 λόγια,
1513 4648 1596 4728 quod
1620 4652 1675 4712 ulii
1704 4657 1830 4712 renum:

1139 4738 1274 4813 eloquia.
1311 4736 1362 4797 Sic
1384 4738 1462 4797 onim
1479 4738 1569 4797 etium
1585 4737 1733 4818 vulgatus
1748 4741 1829 4798 inter·

1138 4842 1206 4902 pres
1222 4822 1310 4895 alibi,
1337 4822 1507 4902 etquidem
1528 4823 1652 4889 assidue
1675 4828 1708 4886 in
1728 4823 1828 4887 Postu

1140 4912 1210 4971 118.
1254 4909 1379 4989 Legitur
1407 4910 1480 4970 item
1508 4908 1597 4972 Rom.
1626 4912 1674 4972 3.:
1710 4909 1828 4978 Credite

1136 5003 1212 5059 sunt
1226 4996 1289 5057 iilis
1303 4996 1431 5074 eloquia
1445 4997 1514 5057 Dei
