4442 5825
741 585 904 642 morosas
920 586 939 642 1.
958 586 1046 642 ossii
1062 585 1197 643 totthts.
1231 587 1315 642 isos.
1333 588 1359 640 t.
1378 586 1404 642 7.
1690 595 1762 664 681

353 782 412 841 ιιι,
437 770 510 839 aut,
536 772 571 825 nt
595 766 732 846 sequenti
759 765 859 845 capite
884 783 961 826 vers.
984 769 1013 828 9.
1109 763 1196 825 Beda
1232 771 1262 824 et
1291 763 1343 824 alii
1373 763 1497 845 quidam
1526 764 1557 825 in
1587 764 1763 845 metaphora

396 852 463 926 tur,
484 855 522 913 irs
537 852 674 915 tenebris
690 870 751 913 ssss
759 874 771 928 ,·
787 851 840 913 sed
856 871 907 912 eos
923 850 1013 926 solos,
1068 851 1257 912 ambulandi
1273 859 1381 930 urgent
1395 850 1577 932 protectum3
1601 853 1687 932 quasi
1701 872 1762 913 mo·

353 956 373 999 u
394 957 431 997 us
451 938 596 1000 tenebrae
616 937 823 1013 dominantur,
846 937 877 998 id
900 945 961 1012 est,
984 941 1016 1000 in
1068 937 1170 999 salitas
1191 937 1374 1013 ambolare,
1399 936 1561 999 secundum
1582 938 1764 1018 Scripturas,

353 1025 433 1086 sibus
447 1032 603 1106 paramum
619 1033 740 1106 regnat,
761 1025 846 1086 Rom.
863 1026 970 1098 6,-12.
985 1034 1016 1086 st
1067 1045 1128 1086 nou
1140 1026 1264 1098 dicatur,
1278 1025 1338 1085 nisi
1350 1026 1402 1106 qui
1414 1024 1541 1105 proficit,
1557 1026 1662 1085 sivein
1675 1025 1764 1101 bono,

353 1112 382 1186 h,
409 1113 523 1192 quique
547 1112 627 1174 servi
650 1113 875 1193 compensati,
902 1110 1014 1172 ibidem
1067 1114 1132 1173 siva
1158 1113 1189 1172 in
1210 1111 1299 1172 malo.
1329 1111 1369 1172 m
1387 1120 1545 1193 propterea
1559 1111 1709 1172 Joannam
1726 1112 1765 1174 ds

353 1215 399 1259 ns.
425 1200 474 1259 1⁷.
497 1206 527 1259 et
549 1199 599 1259 20.
636 1197 714 1258 Nam
736 1199 876 1260 tenebras
899 1196 1016 1279 aliquas
1068 1200 1135 1259 Deo
1157 1219 1218 1259 non
1241 1197 1358 1258 dicere:
1381 1201 1547 1276 sicutipse
1569 1199 1766 1261 ambulatira

353 1286 480 1346 sunnam
494 1294 526 1346 et
539 1284 654 1347 habeut
665 1286 756 1346 stiam
768 1284 821 1359 illi,
837 1285 889 1365 qui
901 1287 936 1345 irs
948 1287 1016 1346 lmus
1069 1286 1149 1360 luce,
1165 1305 1232 1345 curn
1246 1285 1394 1364 proficere
1406 1306 1464 1346 non
1477 1286 1587 1364 possit,
1603 1284 1672 1346 sed:
1686 1289 1766 1348 sicot

353 1371 493 1434 absalom
499 1415 510 1447 ,
529 1373 590 1432 imo
612 1373 664 1452 qui
687 1380 717 1433 et
736 1373 793 1434 las
807 1379 881 1434 sunt
896 1375 932 1434 irs
947 1374 1016 1433 Do-
1069 1381 1114 1433 cst
1129 1375 1164 1432 irs
1180 1374 1266 1446 luce,
1290 1373 1430 1433 nimirum
1455 1371 1696 1447 immutabiliter,
1718 1383 1762 1434 ct·

353 1461 421 1520 tao.
450 1458 512 1539 Qui
533 1477 605 1518 vero
625 1459 757 1539 peccatis
772 1460 906 1520 serviunt
922 1467 953 1518 et
968 1479 1015 1519 cu·
1070 1467 1140 1539 pote
1156 1461 1202 1519 cui
1218 1456 1337 1518 dicitur:
1356 1461 1406 1520 Ta
1420 1466 1528 1520 nutem
1541 1457 1627 1519 idem
1641 1461 1707 1537 ipss
1722 1479 1763 1535 ss,

353 1545 579 1606 ditatibussuis
594 1544 808 1626 obsequuntur,
830 1545 1018 1607 intenebris
1071 1544 1183 1607 Psalm.
1210 1547 1278 1604 101.
1316 1544 1428 1606 Verum
1451 1563 1519 1606 eam
1541 1547 1766 1608 annotationem

353 1633 490 1693 sabuloso
504 1629 652 1706 dicuntur,
674 1633 792 1714 ipsique
806 1633 949 1693 tenebras
964 1652 1015 1691 vo·
1070 1651 1176 1713 parum
1196 1631 1321 1692 solidam
1338 1652 1417 1706 esse,
1440 1632 1547 1712 probat
1559 1629 1645 1701 locus
1659 1634 1766 1714 capitis

353 1726 439 1781 ntur.
483 1718 533 1780 Sic
556 1720 635 1780 enim
660 1719 776 1779 Paulus
802 1719 841 1780 ad
867 1719 1017 1800 Ephesios
1071 1719 1242 1798 sequentis,
1262 1719 1386 1781 ubisit:
1414 1717 1576 1796 Quidicit,
1599 1721 1765 1797 seinipso

353 1827 389 1888 rp.
406 1807 453 1868 h:
481 1806 601 1880 Erotis,
618 1806 722 1886 inquit,
737 1807 914 1885 aliquando
929 1814 1017 1867 terse-
1072 1802 1217 1884 (Christo)
1232 1823 1379 1880 mamers,
1404 1806 1507 1879 dehet,
1531 1807 1610 1866 riom
1624 1806 1678 1867 ills
1693 1827 1765 1866 om-

353 1910 420 1965 ·rss3
437 1911 524 1955 nuno
537 1900 643 1953 orrum
659 1894 716 1956 lus
730 1897 766 1956 ira
782 1895 931 1955 Domino.
1072 1894 1194 1953 bulouit
1201 1937 1212 1967 ,
1235 1900 1264 1953 st
1279 1894 1344 1968 ipre
1359 1892 1533 1953 ambulare.
1563 1892 1672 1973 Neque
1686 1895 1765 1954 anim

366 1979 441 2041 dam
460 1998 518 2041 nec
532 1978 608 2039 illud
624 1998 663 2040 ex
677 1979 735 2041 hoc
751 1980 816 2040 loco
832 2000 1018 2061 consequens
1073 1977 1211 2040 Christus
1234 1977 1362 2058 profecit
1377 1981 1408 2038 in
1422 1978 1582 2040 virtutibus
1597 1979 1765 2041 exercendo

353 2073 379 2136 rt.
403 2064 591 2127 Christianos
609 2066 706 2129 malos
722 2075 752 2128 et
765 2069 795 2128 in
810 2066 941 2128 tenebris
957 2089 1016 2128 am·
1072 2067 1208 2126 virtutae.
1230 2067 1362 2126 Tantum
1378 2086 1448 2145 ergo
1464 2065 1613 2145 significat
1629 2086 1664 2126 es
1679 2068 1766 2147 phra-

353 2151 465 2214 ulautss
486 2172 547 2214 non
569 2172 637 2214 esee
652 2155 683 2215 in
698 2153 852 2227 Ecclesia,
876 2174 955 2233 qnae
970 2174 1016 2215 so·
1072 2155 1112 2214 sis
1135 2170 1341 2233 progressum,
1365 2171 1425 2233 quo
1448 2154 1516 2232 quis
1538 2152 1599 2213 alia
1614 2162 1682 2234 post
1696 2153 1765 2227 alis,

353 2248 422 2301 etas
438 2247 483 2299 ast
496 2238 638 2299 fidelium.
658 2239 728 2301 Non
740 2243 818 2301 enim
828 2240 881 2301 illa
892 2242 1018 2302 societas
1072 2258 1140 2300 oum
1154 2241 1201 2298 sui
1216 2240 1388 2312 mutatione,
1411 2246 1533 2301 exercet
1547 2259 1648 2319 opera.
1674 2239 1765 2319 Quod

353 2327 375 2386 is
389 2324 574 2406 intelligitur,
590 2345 668 2407 quas
682 2347 748 2388 curu
759 2338 841 2388 recta
853 2326 910 2388 fide
922 2328 1016 2389 solum
1071 2324 1191 2406 quidem
1207 2327 1296 2385 etism
1311 2326 1343 2386 in
1354 2324 1506 2387 Christum
1522 2326 1718 2407 competebat,
1734 2329 1766 2387 in

353 2414 474 2473 insistat
495 2413 526 2472 iu
549 2421 676 2475 externa
698 2414 768 2475 fidei
790 2415 973 2493 professione
988 2423 1018 2475 et
1070 2414 1169 2473 Deum
1191 2420 1307 2484 autem,
1328 2421 1364 2472 ιιι
1384 2413 1468 2472 Deus
1489 2421 1549 2487 est,
1571 2412 1765 2474 nullomodo.

353 2508 577 2560 aeramentorum
600 2501 804 2562 communione
823 2502 879 2562 sub
894 2523 953 2562 uno
969 2522 1016 2561 ca·
1071 2498 1168 2571 Vide,
1196 2518 1275 2577 quas
1297 2496 1425 2559 diximus
1448 2498 1486 2559 ad
1510 2497 1584 2560 illud
1607 2499 1691 2560 Rom.
1717 2503 1764 2561 6.:

353 2587 393 2646 ite
414 2586 542 2663 visibili3
566 2586 735 2665 cujusmodi
759 2589 887 2665 societas
913 2588 1016 2649 Eccle-
1070 2588 1113 2647 Ira
1127 2590 1270 2646 novitate
1284 2588 1368 2646 vitas
1383 2585 1589 2648 ambulemus.

353 2691 401 2732 am
424 2674 598 2750 constituit3
625 2673 678 2734 sed
701 2694 751 2747 aa,
775 2694 855 2754 quae
878 2695 950 2734 vera
972 2682 1018 2735 est
1112 2673 1207 2733 Porro
1224 2674 1453 2752 comparationis
1468 2672 1645 2736 adverbium
1661 2674 1692 2732 in
1707 2673 1765 2734 hac

353 2778 394 2820 sm
405 2760 470 2820 Deo
485 2761 625 2831 amicitis,
641 2779 730 2840 quam
746 2763 855 2822 caritas
871 2761 1017 2834 conciliat,
1071 2761 1219 2821 sententia
1241 2760 1369 2842 aliisque
1391 2760 1540 2821 similibus
1556 2779 1617 2820 non
1631 2759 1764 2841 aequali·

353 2866 362 2906 ι
381 2845 520 2907 cordibus
542 2848 650 2907 nostris
672 2846 782 2909 diffusa
804 2849 1016 2929 perspiritum
1070 2855 1161 2906 tatem
1178 2845 1306 2919 iudicat,
1329 2856 1363 2908 ut
1384 2867 1436 2929 per
1451 2869 1485 2910 sc
1499 2847 1689 2908 manifestum
1705 2855 1765 2924 sst;

353 2941 468 3009 metum,
482 2935 570 2995 Rom.
585 2934 614 2996 h.
1070 2933 1122 2995 sed
1146 2934 1370 2996 similitudinem
1393 2935 1562 3014 quandam,
1590 2956 1643 2998 ssu
1668 2936 1765 3016 potius

373 3019 399 3080 l.
422 3023 456 3083 Si
467 3028 572 3082 autam
584 3024 621 3084 irs
631 3023 699 3083 luas
714 3022 923 3098 ambulamus,
939 3026 1018 3085 siout
1071 3022 1266 3082 imitationem
1282 3022 1398 3084 slisnac
1414 3021 1612 3103 perfectionis,
1632 3025 1664 3083 in
1679 3021 1765 3084 nobis

353 3110 438 3177 tipss
452 3117 496 3169 ast
510 3112 546 3170 ia
568 3110 646 3184 tuoe,
669 3112 848 3170 rootsrorem
872 3111 1018 3171 bohemus
1071 3108 1260 3189 aliquatenus
1276 3109 1496 3189 exprimendae.
1522 3110 1599 3170 Nam
1615 3109 1644 3170 id
1661 3110 1766 3171 volunt

353 3192 528 3257 diaviosm.
555 3197 649 3271 Dixit,
664 3216 716 3256 sos
726 3199 858 3269 mentiri,
875 3200 935 3277 qui,
951 3218 1017 3258 cum
1070 3204 1232 3275 praecepta
1269 3196 1444 3257 Dominica:
1481 3198 1589 3259 Estote
1619 3197 1764 3274 perfecti,
1815 3258 1824 3279 ,

353 3299 364 3340 r
381 3283 511 3344 tenebris
534 3283 705 3356 ambulent,
731 3283 843 3344 habere
865 3281 1018 3346 sedicunt
1070 3286 1148 3343 aiom
1172 3289 1201 3342 ct
1223 3284 1321 3344 Potor
1339 3291 1441 3343 vester
1455 3286 1593 3346 coelestis
1605 3285 1765 3362 perfectas

353 3369 497 3430 mistatem
513 3390 579 3430 cnm
593 3371 665 3431 Deo.
681 3370 768 3432 Nunc
783 3370 879 3445 docet,
896 3375 1017 3450 quinam
1071 3378 1124 3444 ast,
1141 3368 1247 3428 Matth.
1259 3370 1305 3448 5.3
1322 3372 1430 3432 Estote
1445 3372 1670 3446 misericordes,
1685 3374 1765 3433 soor

353 3458 475 3518 susciter
496 3458 555 3518 hoc
570 3456 668 3518 dicere
684 3459 817 3537 possiut;
840 3478 948 3537 nempe
963 3462 1018 3536 qui
1070 3463 1100 3517 st
1115 3458 1213 3516 Pater
1228 3466 1329 3519 vestm·
1342 3459 1518 3520 misericors
1533 3467 1586 3532 cst,
1608 3460 1683 3518 Luc.
1699 3460 1728 3520 o.

353 3542 453 3605 aluos
474 3545 661 3620 ambulant,
683 3550 764 3607 siem
784 3547 872 3607 Deus
894 3548 930 3607 ira
950 3548 1017 3608 luas
1114 3544 1157 3605 Et
1179 3548 1309 3621 aaronis
1330 3549 1410 3609 Jssu
1433 3547 1565 3620 Christi,
1589 3546 1668 3607 Filii
1686 3549 1763 3621 ejus,

353 3634 383 3687 rt
407 3631 475 3693 Non
497 3639 612 3706 tamen,
635 3651 671 3692 eo
687 3634 798 3714 posito,
820 3641 920 3713 aperte
936 3633 1017 3706 dicit,
1070 3632 1224 3692 smrindot
1237 3634 1592 3710 mosohomnipcccoto.
1616 3630 1765 3708 Ostendit,

353 3717 501 3780 tristatam
523 3738 578 3780 nos
597 3719 710 3782 habers
725 3741 789 3781 cunr
804 3721 890 3796 Deo,
913 3740 1017 3780 verum
1070 3739 1129 3779 nou
1144 3720 1187 3778 ita
1201 3740 1256 3781 uos
1272 3722 1303 3781 in
1318 3718 1386 3780 luce
1400 3719 1561 3793 ambulare,
1583 3729 1617 3781 ιιι
1630 3719 1764 3782 tenebris

353 3795 563 3887 ltonssquitur
579 3827 617 3867 ex
633 3826 678 3882 eo,
694 3806 777 3888 quod
792 3806 880 3868 dicit:
910 3808 1016 3869 Socie-
1070 3808 1190 3866 omnino
1212 3826 1384 3883 careamus;
1407 3805 1461 3867 sed
1484 3827 1559 3885 opus
1583 3826 1651 3867 esse
1677 3808 1764 3869 nobis

353 3893 420 3952 stam
450 3893 599 3954 habemus
625 3895 670 3954 ad
694 3898 829 3957 inuicem
840 3938 850 3969 ,
882 3892 1015 3955 Graece:
1070 3894 1211 3953 continua
1228 3896 1416 3956 tenebrarum
1436 3892 1639 3965 discussione,
1664 3892 1764 3970 idest,

353 3963 392 4030 't'
406 3971 563 4058 ἀλλήλων,
577 3983 663 4042 inter
676 3988 902 4054 mosmotuom,
919 3980 1016 4056 idest,
1069 3988 1259 4059 peccatorum
1289 3981 1485 4062 purgatione,
1516 4000 1595 4061 quae
1624 3980 1678 4040 fiat
1703 4000 1764 4058 per

353 4072 379 4117 Μ
401 4066 573 4139 nobiscum,
600 4070 653 4148 qui
674 4088 777 4129 sumus
800 4067 956 4148 Apostoli,
984 4077 1016 4129 et
1068 4069 1257 4142 sanquinem
1271 4072 1352 4132 Jssu
1368 4068 1492 4142 Christi,
1516 4069 1595 4130 Filii
1612 4070 1682 4144 Dei,
1707 4068 1765 4130 hoc

353 4155 431 4212 utra.
454 4152 505 4214 Sir.
525 4156 603 4214 anim
619 4156 663 4215 ait
678 4175 778 4233 supra,
803 4175 879 4218 vers.
896 4159 939 4218 3.:
976 4157 1016 4217 Ut
1069 4162 1124 4227 ast,
1141 4174 1193 4233 per
1207 4155 1343 4215 meritum
1359 4155 1508 4234 passionis
1524 4156 1672 4216 etmortis
1687 4156 1763 4234 ejus,

362 4248 419 4299 vos
432 4242 612 4301 sociotatem
626 4243 768 4303 babeatis
783 4243 960 4316 roborum,
985 4251 1015 4303 st
1069 4243 1099 4302 iu
1115 4261 1175 4320 qua
1191 4243 1367 4321 sanguinem
1383 4261 1467 4302 suum
1483 4242 1636 4322 pronubis
1649 4241 1762 4303 effudit.

353 4320 448 4387 ueros
461 4335 572 4388 noma
586 4330 626 4388 sit
641 4348 712 4390 cum
727 4331 823 4390 Patre
839 4337 891 4390 sto.
915 4329 1013 4409 Signi·
1067 4329 1132 4388 Nec
1147 4327 1345 4407 improbabile
1360 4336 1415 4401 est,
1430 4330 1454 4390 J
1455 4348 1581 4390 oannem
1597 4328 1653 4388 hoo
1665 4326 1763 4390 dicere

353 4415 387 4465 *t
410 4433 481 4493 ergo
496 4414 520 4475 J
522 4433 650 4486 oannes,
676 4416 754 4476 inter
776 4418 873 4496 ipsos,
901 4416 1012 4495 quibus
1066 4422 1191 4495 propter
1206 4414 1365 4476 Ebionitas
1380 4414 1559 4487 haereticos,
1576 4415 1716 4497 quicum
1732 4416 1763 4476 in

353 4486 435 4573 uhts,
458 4510 488 4561 et
509 4500 675 4580 Apostolos
701 4502 811 4564 Christi
840 4503 1012 4563 societatem
1067 4503 1200 4563 tenebris
1215 4502 1412 4575 ambularent,
1429 4501 1542 4564 crebris
1553 4501 1718 4562 lotionibus
1729 4521 1763 4563 se

353 4589 453 4648 ”tare
485 4607 545 4648 non
564 4607 676 4669 posse,
706 4588 832 4670 proinde
861 4610 916 4650 neo
947 4609 1011 4649 cum
1066 4589 1232 4667 apesoatis
1247 4589 1309 4648 suis
1325 4588 1481 4650 emundari
1496 4587 1673 4660 credebaut,
1697 4609 1761 4669 my·

353 4680 398 4764 ’9,
421 4675 480 4735 nisi
503 4675 535 4734 in
554 4674 620 4735 luce
635 4675 803 4751 ambulent,
826 4694 865 4736 ns
879 4696 957 4737 vsne
973 4676 1012 4737 de
1066 4674 1187 4735 sterium
1213 4676 1426 4754 redemptionis
1450 4672 1564 4737 Christi
1578 4696 1639 4736 non
1654 4694 1760 4754 agnos·

353 4762 460 4822 serare
483 4767 513 4820 et
535 4762 667 4824 amicitia
690 4763 747 4822 Dai
772 4763 830 4823 sihi
854 4762 1009 4843 plaudant.
1065 4769 1176 4836 centes,
1201 4761 1451 4843 quemadmodum
1475 4771 1505 4823 ct
1529 4763 1640 4824 caeteri
1655 4759 1759 4823 Judai·

367 4838 441 4910 lues
455 4846 621 4909 ambulare
636 4848 784 4922 dicuutur,
800 4851 851 4929 qui
868 4859 1011 4910 exercent
1063 4857 1175 4909 nantes.
1191 4848 1347 4911 Adversus
1363 4868 1439 4930 qnos
1455 4851 1519 4931 agit
1530 4849 1644 4910 Paulus
1656 4847 1721 4910 Col.
1731 4850 1759 4910 1.

353 4933 402 4995 ἢ
415 4935 505 5008 lueis,
528 4934 620 4997 idest
641 4936 789 5010 veritatis,
813 4937 954 4997 bonitatis
980 4944 1010 4996 et
1064 4945 1093 4996 et
1108 4936 1190 4997 alibi.

353 5014 454 5085 iltius.
1105 5021 1245 5106 Quaerat
1267 5021 1392 5105 aliquiss
1422 5022 1457 5085 si
1478 5023 1517 5088 ab
1539 5023 1619 5086 omni
1633 5030 1758 5104 postrato
