4442 5825
825 1516 892 1618 IN
927 1514 1291 1620 EPISTOLAM

371 1719 672 1891 :rsit
761 1718 1113 1969 tulli
1209 1717 1781 1893 prosilit

567 2040 1543 2179 COMMENTARIUS.

850 2308 1263 2354 ——vmmmffl-z-

817 2527 1297 2597 PRAEFATIO.

374 2678 500 2783 Ultima
523 2719 756 2797 catholicarum,
781 2722 949 2806 eademque
964 2724 1028 2785 bre
1081 2731 1113 2785 et
1120 2724 1325 2805 Hieronymus
1338 2726 1367 2785 iu
1379 2723 1467 2785 catal.
1480 2721 1518 2784 de
1529 2721 1611 2784 Juda
1624 2722 1779 2804 Apostolo.

371 2810 455 2869 ssims
478 2804 562 2885 (nam
577 2809 712 2872 secunda
734 2818 765 2872 st
787 2812 877 2872 tertia
899 2811 1028 2873 Joanuis
1082 2808 1227 2886 Causam,
1251 2832 1304 2872 cur
1318 2810 1486 2873 dubitatum
1501 2808 1602 2882 fuerit,
1625 2809 1703 2872 hauc
1725 2810 1778 2872 ad-

371 2897 453 2974 oprie
468 2894 646 2958 Catholicae
661 2919 722 2960 non
738 2894 818 2974 suut)
834 2906 881 2960 est
891 2897 1029 2979 Epistola
1080 2899 1141 2959 lert
1154 2899 1367 2979 Hieronymus,
1389 2901 1466 2977 qaia
1488 2897 1527 2958 da
1548 2897 1631 2958 libro
1654 2898 1778 2976 Enoch,

371 2983 435 3044 sdes
459 2981 608 3062 Apostoli,
635 2987 688 3062 qui
714 2983 806 3046 frater
831 2986 885 3047 tuit
908 2984 1027 3058 Jacobi,
1080 2989 1137 3064 qai
1163 2988 1363 3063 apocryphas
1390 2994 1450 3062 cst,
1482 2988 1518 3047 ta
1544 3004 1581 3046 aa
1605 2989 1780 3048 assumitur

371 3069 417 3148 jus
432 3079 478 3131 est
493 3069 570 3131 iuter
586 3071 757 3133 Catholicae
773 3075 878 3152 prima
901 3072 980 3132 Nam
996 3080 1027 3131 et
1080 3074 1304 3134 testimoniam.
1328 3071 1453 3135 Addunt
1467 3073 1517 3132 alii
1533 3071 1573 3133 de
1590 3070 1777 3153 Archangeli

371 3174 430 3220 scas
457 3156 619 3237 Evangelii
647 3160 695 3218 sui
720 3177 786 3240 cap.
811 3161 839 3219 6.
864 3167 894 3220 et
913 3159 978 3221 Act.
999 3161 1026 3217 1.
1079 3157 1239 3221 Michaelis
1254 3159 1450 3221 altercatione
1466 3178 1532 3220 cum
1547 3156 1677 3220 diabolo.
1699 3159 1778 3220 Nam

371 3244 456 3305 dom
480 3245 597 3308 Jacobi
619 3245 767 3326 appellat,
795 3256 826 3306 et
847 3246 912 3327 ipse
938 3265 971 3306 se
995 3246 1026 3306 in
1081 3255 1112 3308 et
1138 3244 1212 3306 illud
1239 3264 1278 3306 ex
1302 3246 1474 3329 apocrypho
1501 3255 1653 3327 sumptum
1678 3245 1778 3309 videri

371 3339 428 3392 mtc
439 3331 738 3413 Epistolaefratrcm
749 3333 1026 3409 Jacobs'nominat3
1081 3339 1191 3414 potest
1221 3332 1335 3394 Verum
1358 3333 1433 3395 baec
1458 3333 1535 3393 ratio
1559 3352 1651 3411 quam
1672 3352 1778 3414 parum

371 3435 401 3477 ns
414 3418 529 3480 sorlicet
543 3417 566 3480 J
568 3418 662 3493 scobi,
678 3438 769 3501 quem
784 3419 900 3481 Paulus
915 3419 983 3482 Gal.
998 3421 1025 3480 1.
1079 3420 1166 3482 firma
1181 3421 1220 3482 sit
1231 3417 1270 3481 ad
1282 3419 1489 3483 infirmandam
1501 3420 1658 3500 Epistulae
1672 3427 1776 3481 aucto·

371 3510 450 3565 suem
466 3504 590 3566 Domini
605 3513 710 3585 vocat3
735 3514 768 3567 ut
782 3505 909 3586 proinde
924 3514 955 3567 et
970 3505 1025 3568 Ju-
1079 3509 1213 3582 ritatem,
1236 3506 1430 3568 ostendemus
1454 3508 1486 3568 iu
1506 3508 1684 3567 tractatione
1705 3505 1777 3568 dicti

371 3609 391 3652 a
421 3593 527 3670 frater
563 3595 700 3655 Doms'as'
736 3595 839 3654 vocari
875 3592 1022 3675 potuerit3
1079 3594 1254 3656 testimonii.
1291 3593 1374 3655 Sane
1400 3592 1548 3655 Eusebius
1574 3595 1655 3675 ipse,
1682 3593 1776 3673 priori

371 3677 583 3754 rsmadmodum
599 3687 629 3740 et
643 3688 768 3741 vocatus
783 3677 842 3741 fuit
856 3702 876 3741 a
887 3678 1026 3751 Judseis,
1079 3681 1147 3741 loco
1159 3680 1225 3761 jam
1240 3681 1341 3754 citato,
1364 3680 1500 3752 affirmat,
1516 3681 1574 3740 ista
1588 3679 1775 3762 quorundam

371 3764 498 3826 sentibus
509 3765 548 3827 de
560 3764 697 3827 Ohristo:
713 3768 829 3829 Nonas
842 3774 946 3828 motas·
961 3768 1027 3843 ctas
1080 3767 1263 3829 dubitatione
1278 3765 1339 3830 non
1354 3767 1502 3841 obstante,
1518 3767 1596 3827 hanc
1610 3765 1777 3848 Epistolam

371 3853 451 3913 uitus·
461 3854 572 3914 Marta
588 3860 618 3913 et
631 3855 750 3932 fratrea
764 3859 832 3930 ejas
843 3853 983 3917 Jacobus
999 3860 1028 3912 ct
1080 3874 1147 3914 cum
1162 3855 1301 3934 reliquis,
1327 3874 1408 3935 quae
1423 3853 1601 3916 Catholicae
1621 3861 1776 3928 vocantur,

371 3940 463 4016 sapt,
480 3948 510 4001 at
524 3941 635 4002 Simon
651 3948 680 4002 st
694 3941 827 4003 Judas?
848 3939 958 4001 Mattb.
977 3943 1026 4002 13.
1080 3941 1111 4000 iu
1128 3958 1218 4018 quam
1233 3940 1371 4021 plurimis
1385 3940 1535 4003 Ecclesiis
1556 3938 1677 4019 publice
1691 3960 1773 4005 roce-

385 4023 476 4087 liarc
501 4029 543 4099 6..
569 4028 690 4103 fratres
711 4028 817 4108 utique
840 4028 1027 4107 cognatione.
1080 4035 1163 4109 ptam
1187 4036 1218 4089 et
1235 4028 1432 4109 approbatam
1454 4046 1529 4089 esse
1554 4027 1617 4108 Qui
1633 4034 1664 4088 et
1677 4027 1729 4089 lib.
1747 4030 1776 4091 6.

371 4111 519 4174 citantem
535 4111 635 4174 Judas
650 4115 815 4187 trinomius,
840 4115 980 4194 quoniam
997 4120 1028 4173 et
1081 4133 1146 4192 cap.
1160 4116 1211 4175 11.
1222 4115 1322 4189 refert,
1338 4112 1523 4178 Clementem
1532 4114 1775 4176 Alexandrinum

371 4197 529 4261 taddaeus
544 4207 681 4276 vocatur,
695 4201 803 4262 Matth.
823 4201 871 4261 10.
888 4208 919 4262 et
932 4200 1027 4260 Marc.
1080 4198 1212 4262 inlibris
1234 4200 1475 4282 hypotyposeon,
1496 4206 1531 4261 ut
1551 4201 1583 4263 in
1607 4201 1682 4262 alias
1697 4201 1774 4263 Scri-

371 4294 417 4348 .et
430 4288 602 4362 stbacas,
618 4287 728 4348 ibidem
745 4286 824 4368 apud
841 4286 1027 4348 Matthaeum
1081 4296 1194 4368 ptaras,
1218 4288 1261 4348 ita
1275 4298 1307 4347 et
1321 4290 1351 4347 in
1366 4286 1535 4367 Epistolam
1549 4286 1652 4349 Judae
1669 4288 1776 4349 breves

371 4380 546 4434 rtstextum
558 4373 929 4455 GraecumetSyriacum.
944 4373 1027 4435 Lab·
1080 4374 1238 4453 scripsisse
1264 4374 1497 4454 explicationes,
1523 4393 1604 4455 quae
1629 4381 1662 4436 et
1685 4373 1777 4435 bodie

371 4476 445 4536 ests,
483 4461 596 4541 inquit,
627 4465 682 4539 pat
712 4464 956 4537 connominatus
984 4468 1029 4521 at
1082 4467 1211 4522 exstant

371 4544 537 4609 taddaeus.
571 4547 731 4609 Lebbaeua
757 4555 854 4610 autom
880 4547 1028 4608 Hebraeis
1124 4548 1301 4627 Agnoscunt
1326 4554 1427 4608 sutem
1448 4554 1483 4608 ut
1504 4550 1677 4610 canonicam
1696 4548 1775 4611 Scri·

371 4636 494 4696 scalam
512 4634 669 4714 significat.
1080 4641 1198 4715 pturam
1210 4635 1412 4715 antiquissimi
1427 4636 1594 4714 scriptores,
1611 4634 1776 4696 Tertullia-

378 4719 424 4781 De
438 4722 497 4783 hac
511 4719 658 4800 Epistola,
680 4739 751 4781 uum
767 4722 844 4782 inter
858 4720 1028 4800 Scripturas
1080 4740 1139 4781 uus
1154 4719 1229 4783 libro
1251 4721 1290 4783 de
1313 4721 1418 4783 babitu
1433 4720 1579 4795 muliebri,
1602 4741 1667 4803 cap.
1685 4726 1723 4799 3,
1746 4730 1778 4783 et

371 4826 436 4868 cras
462 4817 544 4869 esset
565 4808 755 4888 recipienda,
782 4808 950 4869 dubitatum
974 4806 1027 4867 ali·
1082 4806 1229 4887 Origenes
1243 4809 1322 4871 bom.
1336 4812 1365 4870 7.
1378 4828 1469 4890 super
1479 4808 1584 4872 Josue.
1608 4806 1692 4870 citat
1703 4827 1775 4891 quo·

371 4893 453 4955 undo
469 4895 570 4969 fuisse,
593 4901 741 4955 testantur
766 4894 913 4955 Eusebius
929 4891 981 4954 lib.
998 4895 1027 4955 A.
1082 4914 1142 4975 qus
1156 4894 1362 4978 Hieronymus
1377 4895 1433 4957 sub
1448 4898 1571 4960 nomine
1581 4895 1683 4959 Judae
1695 4896 1774 4978 Apo-

371 4987 401 5042 ν.
423 4980 536 5045 Ecclss.
558 5002 623 5065 cap.
641 4984 690 5046 22.
716 4989 747 5044 et
767 4982 819 5045 tib.
835 4982 863 5042 3.
885 5001 951 5063 cap.
969 4984 1027 5055 19..
1081 4982 1160 5060 stoli,
1185 4984 1319 5047 scribens
1342 4984 1374 5047 in
1396 4983 1551 5050 Jsremiae
1576 5004 1643 5068 cap.
1665 4987 1716 5050 29.
1744 4992 1776 5049 at
