4442 5825
442 578 518 645 m
939 568 1173 663 commus
1189 567 1221 622 m
1238 567 1305 623 ω.
1322 568 1381 623 m

441 756 589 827 pomus.
611 743 677 805 Nec
691 746 808 806 mirum.
830 744 881 807 Sic
893 747 973 805 enim
983 753 1135 826 potestate
1187 765 1245 825 qno
1260 755 1426 817 emuntur,
1441 747 1494 825 qui
1511 753 1655 824 preerunt
1668 744 1759 805 rnintl

441 852 475 895 ce
489 835 585 915 ipeum
607 831 767 911 eupolim,
790 841 823 892 ut
841 834 894 912 qni
911 830 1066 892 Eccloriee
1080 831 1132 891 bo-
1187 830 1309 911 gentio
1336 839 1369 891 nt
1391 832 1447 892 hoc
1469 832 1660 893 uttendentee
1680 828 1759 891 subdit

441 930 516 981 rtem
531 938 563 978 re
578 916 720 979 declaret
1188 938 1238 978 coc
1260 919 1443 985 contristent
1471 917 1526 979 ced
1549 926 1683 998 prompte
1703 926 1727 977 ct
1742 914 1758 976 l

482 1004 588 1069 Altera
609 1006 780 1085 corruptela
802 1014 864 1075 eet,
886 1006 1024 1085 Apostoli
1048 1025 1132 1084 prue-
1188 1003 1340 1066 obedient.
1364 1005 1420 1065 Eut
1442 1008 1519 1066 enim
1544 1005 1602 1064 hoc
1625 1000 1759 1083 (inquitb

441 1104 560 1174 ceptum
584 1091 623 1151 ed
644 1091 844 1153 obedientiam
872 1090 1133 1152 doctrinee‘conr-
1188 1113 1252 1152 mne
1276 1094 1307 1151 in
1333 1089 1559 1166 commentario)
1585 1091 1759 1171 maximum}

440 1192 529 1241 ctcrc.
551 1177 629 1238 llam
645 1178 815 1239 obedientie
838 1180 959 1259 proprie
974 1188 1135 1259 praecepto
1187 1179 1259 1249 lnnr,
1281 1178 1430 1239 hominem
1453 1177 1490 1237 de
1504 1178 1596 1238 tactio
1620 1177 1759 1237 elieniont

439 1264 549 1349 agendi
570 1265 622 1326 rel
644 1264 774 1326 lecicndi
796 1267 927 1345 recpicit,
949 1286 1008 1325 uon
1027 1264 1133 1325 doctri·
1189 1264 1321 1337 reddere,
1345 1267 1397 1344 qui
1420 1286 1473 1344 pro
1495 1267 1559 1324 eoin
1580 1285 1640 1325 non
1659 1264 1756 1323 sufficit

439 1372 518 1415 num.
541 1351 660 1415 Docere
675 1353 755 1412 eninr
770 1358 869 1432 potent
884 1355 986 1427 etiam,
1005 1354 1135 1433 quinon
1189 1363 1220 1411 et
1243 1350 1484 1431 chrysostomos,
1506 1352 1700 1412 vehementer
1719 1350 1759 1409 bu

440 1448 569 1521 precett.
1189 1459 1306 1499 monem
1323 1448 1352 1497 et
1369 1438 1492 1517 pnlcbre
1507 1455 1702 1517 exaggerent,
1716 1436 1759 1497 dici

482 1526 597 1597 Tertio,
617 1531 823 1602 praeceptum
839 1545 893 1606 per
908 1528 1076 1587 concilium
1091 1526 1134 1585 in·
1190 1536 1311 1587 caetera
1325 1526 1448 1586 verbnm
1459 1525 1613 1585 terribile:
1627 1524 1759 1597 Mirum

440 1613 612 1693 terpretcri3
650 1614 737 1691 qumi
768 1610 824 1671 hoc
857 1613 910 1687 nit,
944 1614 1136 1691 praepositio
1187 1613 1557 1689 poenitentemne
1579 1610 1759 1673 rectoribuor

440 1700 576 1775 obedire,
602 1701 692 1759 rectis
714 1717 817 1758 eornm
841 1699 974 1759 consiliio
997 1700 1134 1779 oequiee·
1192 1718 1255 1760 eur.
1280 1700 1391 1759 Verum
1407 1698 1465 1758 boc
1479 1696 1562 1771 dicit,
1576 1699 1759 1778 respiciemr

440 1806 524 1864 cere3
550 1804 616 1846 com
632 1788 737 1865 ntique
752 1785 916 1865 Apostolus
942 1784 1045 1847 lOor.
1064 1787 1092 1845 7.
1107 1793 1137 1844 et
1189 1785 1347 1846 titudinem
1378 1805 1495 1855 eornm,
1527 1787 1580 1863 qui
1611 1803 1665 1865 per
1693 1781 1759 1842 umbi

438 1872 542 1935 iiior.
560 1873 598 1945 8,
626 1884 658 1933 et
678 1875 709 1932 in
724 1870 821 1952 Epist.
845 1870 884 1932 ed
903 1872 1029 1934 Philem.
1051 1892 1135 1953 pree
1190 1893 1258 1933 cese
1287 1873 1452 1953 conjiciunt
1479 1872 1509 1931 in
1536 1872 1619 1932 illem
1648 1870 1759 1930 contin

438 1970 555 2041 ceptum
580 1980 600 2019 c
626 1958 750 2019 concilio
777 1958 935 2019 meniieete
962 1959 1136 2039 distinguet,
1190 1959 1382 2030 functionem,
1399 1954 1652 2039 quemadmodum
1668 1964 1758 2034 putet¹

439 2048 596 2117 edirmene,
619 2064 756 2127 reposce
779 2048 930 2125 quaedem
948 2048 1136 2126 praecipere,
1190 2048 1237 2107 bis
1250 2045 1517 2106 circumstantum.
1534 2040 1613 2105 Nom
1625 2044 1753 2123 legitime

441 2154 521 2215 quoe
536 2134 620 2193 molit
634 2133 797 2193 contulere
821 2132 859 2192 lu
881 2152 925 2206 eo,
948 2133 1029 2214 quod
1052 2131 1138 2193 addit
1191 2148 1220 2194 et
1234 2133 1363 2194 fideliter
1378 2142 1470 2213 etque
1485 2151 1523 2192 ex
1540 2133 1667 2191 coritete
1678 2148 1759 2190 caeru

439 2220 619 2303 Apostolus:
652 2227 681 2280 et
709 2218 883 2294 rotrjaeere,
924 2219 1055 2281 Graece:
1085 2209 1137 2277 καὶ
1190 2240 1297 2281 monne
1320 2220 1481 2289 exercenti,
1502 2217 1605 2297 quelle
1625 2218 1683 2277 tuit
1705 2218 1759 2297 iptt

440 2302 592 2382 ὑπείκετε,
616 2304 868 2387 'l'beopbylectun
889 2317 920 2366 et
935 2306 1138 2368 Oecumeniue
1191 2316 1348 2379 coeternus,
1364 2305 1527 2387 periculum
1544 2324 1612 2366 eene
1627 2324 1689 2365 non
1704 2312 1759 2384 potr

441 2396 566 2457 indicari
581 2404 717 2455 eructem
732 2390 942 2467 obedientium,
968 2406 1009 2467 ut,
1025 2396 1051 2454 ui
1068 2414 1136 2473 ope·
1240 2397 1280 2456 Ut
1301 2413 1370 2473 cum
1394 2392 1513 2469 paudio
1529 2393 1586 2453 bue
1605 2393 1744 2470 facium,

441 2483 524 2544 ribue
544 2466 633 2541 etieni
655 2477 843 2540 serviendum
865 2479 925 2540 illie
941 2482 989 2554 nit,
1014 2502 1071 2541 non
1088 2479 1137 2540 de·
1191 2476 1361 2559 pomerum)
1385 2480 1471 2540 Haec
1490 2480 1568 2539 retio
1590 2477 1718 2539 refertur
1739 2498 1758 2537 o

442 2577 580 2630 trectent.
618 2565 772 2645 Significat
802 2567 881 2626 enim
912 2587 973 2628 vox
1003 2567 1138 2628 Graece:
1193 2578 1328 2649 ceptum:
1352 2565 1481 2629 Obedite
1502 2566 1694 2653 praepositio
1709 2583 1758 2626 uct

443 2657 561 2729 cedere,
589 2655 694 2714 locum
720 2652 808 2727 dore,
836 2653 1017 2715 submittere
1039 2673 1081 2728 ee,
1109 2662 1140 2715 et
1193 2654 1342 2734 Quemvis
1359 2654 1437 2713 enim
1455 2653 1611 2731 potissime
1626 2653 1713 2724 ratio,
1736 2671 1759 2713 cr

444 2744 598 2820 obsequelle
611 2740 834 2814 cuchctiortem
854 2741 1024 2802 ostendere.
1048 2741 1139 2800 Erer-
1194 2743 1300 2822 ponitis
1323 2738 1445 2801 obedire
1468 2748 1611 2818 oporteat,
1634 2759 1673 2799 ee
1696 2739 1743 2813 eit,

444 2834 514 2890 mut'
524 2829 633 2889 vertit:
648 2827 816 2887 concedite.
1126 2830 1129 2841 '
1194 2829 1350 2909 placentur
1377 2846 1413 2886 uc
1436 2828 1602 2901 servietur,
1629 2826 1685 2906 qni
1710 2834 1759 2905 pot

489 2919 556 2994 ipri
577 2918 662 2976 enim
684 2915 899 2991 percipitorrt,
921 2918 1014 2992 queri
1039 2919 1141 2976 ratio·
1195 2915 1275 2976 illam
1291 2916 1435 2985 instituit;
1458 2911 1549 2974 debet
1566 2922 1670 2974 temen
1686 2932 1705 2973 c
1719 2913 1759 2973 sul

444 3023 517 3067 nem
546 3013 611 3080 pro·
623 3000 806 3062 'animatur
835 3005 944 3062 vectric
972 3004 1141 3064 reddituri.
1194 3007 1250 3065 ista
1265 3004 1341 3062 ratio
1361 3021 1435 3081 pree
1458 3001 1553 3061 eculin
1572 3001 1688 3072 haberi,
1711 3019 1749 3062 ne

445 3092 515 3152 Non
530 3089 611 3161 dicit,
635 3087 708 3170 qnid
732 3107 834 3148 omnen
850 3088 971 3163 facient,
990 3089 1043 3150 cod
1067 3089 1142 3169 qnid
1194 3092 1261 3152 nitio
1276 3091 1337 3150 euin
1353 3109 1407 3169 pro
1424 3089 1557 3167 ipsorum
1578 3087 1679 3149 salute
1694 3087 1758 3168 vigi

445 3179 531 3249 boni,
562 3175 696 3258 quidque
727 3193 830 3234 omnes
860 3175 958 3235 fecere
988 3185 1142 3253 oporteet;
1194 3196 1359 3238 moerorem
1375 3182 1406 3234 et
1420 3175 1561 3255 gemitum
1578 3173 1759 3246 adferente

446 3265 518 3348 quid
540 3260 724 3341 deniquctie
745 3264 806 3320 orric
822 3261 982 3343 Episcopie
998 3272 1027 3322 ot
1042 3271 1141 3343 puoto·
1196 3264 1276 3325 dium
1305 3259 1405 3342 potins
1430 3281 1467 3321 ec
1492 3261 1689 3341 voluptutem.
1722 3260 1759 3321 Pr

446 3349 531 3413 ribot
552 3347 661 3410 oeutir'e
683 3346 814 3408 debeant
836 3348 948 3409 lidelcn.
972 3348 1010 3409 In
1026 3348 1142 3410 Graeco
1195 3353 1251 3412 boc
1278 3349 1408 3411 omnium
1439 3346 1502 3408 lero
1531 3350 1682 3410 cententio
1713 3349 1759 3410 der

448 3438 517 3502 telle
541 3447 586 3499 est
609 3434 697 3497 ordo:
725 3436 794 3510 Ipti
813 3440 898 3494 enim
921 3437 1057 3512 vipilont
1079 3454 1143 3512 pro
1196 3458 1295 3516 curum
1320 3434 1504 3516 pervigilem,
1525 3433 1565 3496 de
1587 3454 1650 3515 quo
1666 3435 1759 3497 dixer

448 3521 616 3588 animabus
643 3525 769 3597 vertrie',
794 3528 961 3599 tamquam
985 3526 1142 3584 rationem
1197 3506 1512 3600 enim⁸'peruipiterrt.
1550 3521 1598 3582 lu
1624 3542 1732 3583 ueneno
1757 3553 1759 3569 ι

448 3613 615 3673 reddituri.
645 3607 707 3668 Sed
729 3627 778 3669 ree
800 3609 904 3668 eodem
927 3610 1041 3670 recidit.
1064 3611 1142 3670 Nem
1198 3632 1298 3672 curam
1314 3611 1405 3670 ventri
1421 3605 1591 3689 ngent'com
1605 3608 1759 3670 alacritate

448 3695 539 3760 illu'd:
560 3716 621 3775 pro
645 3696 815 3756 animatur
837 3699 954 3769 oertrir,
979 3695 1143 3757 secundum
1197 3698 1256 3770 dio,
1271 3706 1302 3758 et
1315 3718 1376 3758 non
1390 3704 1514 3790 gemunt
1529 3696 1585 3755 cub
1604 3716 1713 3772 onere,
1728 3715 1759 3758 te

446 3805 565 3848 censum
589 3793 718 3862 utroque
744 3785 881 3862 pertinet.
904 3783 1043 3863 Vigilont
1065 3786 1143 3845 enim
1198 3783 1272 3846 illod
1287 3783 1392 3864 ferent,
1415 3781 1486 3842 dum
1500 3779 1615 3856 vident,
1639 3802 1674 3845 ee
1689 3803 1750 3845 non

446 3894 501 3955 pro
528 3870 684 3933 animabus
707 3867 764 3928 eibi
787 3871 969 3943 commissio,
992 3865 1142 3951 tumqu'am
1198 3874 1229 3933 in
1243 3870 1329 3932 robis
1344 3857 1493 3931 lubbrere.

446 3980 501 4040 pro
514 3960 561 4018 'iio
584 3958 659 4036 ipnie
685 3957 830 4017 rationem
853 3956 1002 4018 reddituri
1022 3957 1088 4017 Deo
1113 3960 1143 4017 in
1240 3955 1397 4018 Caeterum
1414 3955 1516 4035 glocca
1531 3953 1685 4016 ordinarie
1700 3954 1759 4036 ereb}

447 4046 497 4107 die
515 4043 631 4124 judicil.
661 4043 801 4118 Vipitore
828 4045 930 4104 curn'm
954 4053 982 4106 ot
997 4044 1142 4104 oollioito-
1198 4045 1326 4104 alterum
1343 4062 1472 4126 sensnm,
1489 4062 1550 4122 qno
1566 4033 1759 4106 literatorie

448 4131 546 4191 dinem
559 4130 717 4209 eignilicet,
729 4137 836 4207 estque
848 4132 978 4192 maxime
986 4121 1143 4214 'proprium
1197 4130 1234 4190 od
1252 4128 1331 4190 istud
1347 4129 1528 4211 proximum:
1551 4130 1714 4190 tutionem
1736 4147 1759 4207 p

447 4218 673 4299 Episcoporum.
699 4215 734 4275 In
751 4214 802 4275 illo
818 4237 969 4278 sermono:
985 4220 1142 4286 optionem
1196 4217 1307 4278 mubur
1322 4219 1431 4278 vertes
1445 4215 1613 4277 reddituri.
1636 4215 1759 4278 Verbtr

448 4304 596 4379 reddere,'
613 4300 787 4382 metaphora
810 4295 856 4362 ent
879 4305 917 4365 eb
942 4306 987 4378 iio,
1014 4306 1067 4392 qui
1095 4322 1142 4363 reo
1199 4302 1327 4364 reddent
1336 4305 1481 4364 rationem
1495 4303 1569 4374 Deo,
1585 4303 1684 4363 securi
1700 4301 1740 4364 de
1752 4321 1759 4396 J

447 4391 562 4452 cliente
592 4388 779 4469 dispensent.
822 4390 922 4451 Tales·
946 4411 980 4451 oe
996 4381 1144 4470 ‘cogitare
1197 4400 1300 4451 etnon
1318 4383 1643 4468 gementer,en1iivel
1659 4388 1759 4458 buerit

447 4477 558 4538 debent
583 4485 686 4537 om'nee
713 4485 846 4555 pretores
873 4479 902 4538 e't
922 4478 1083 4557 Episcopi,
1110 4471 1145 4537 rit
1198 4485 1298 4537 vestra
1315 4477 1516 4538 damnatione.
1534 4463 1759 4554 Quueeo'dcml

448 4563 557 4643 quilius
571 4583 590 4623 e
606 4555 723 4623 christo
746 4557 905 4624 committe
919 4573 966 4624 bot
980 4565 1143 4624 animarum
1197 4564 1285 4624 etiem
1301 4561 1382 4641 epud
1396 4553 1586 4623 Primoeinni.
1610 4561 1673 4623 Sed
1689 4541 1759 4624 esd

448 4665 528 4722 curru,
552 4668 629 4729 ques
646 4650 710 4727 ipee
726 4649 945 4729 ono'enngu'iire
960 4649 1097 4722 redemit,
1114 4657 1144 4709 et
1196 4649 1274 4710 bunc
1290 4668 1411 4709 censum
1435 4647 1535 4710 ediert
1558 4650 1650 4729 priori
1666 4645 1743 4722 loco,

448 4753 518 4796 once
539 4727 637 4812 iecit3⁸
658 4733 695 4796 de
716 4733 828 4815 quibus
849 4737 976 4816 proinde
997 4738 1142 4798 retionem
1197 4737 1286 4796 bene:
1315 4736 1442 4813 Etonia
1462 4735 1583 4795 student
1605 4745 1689 4798 recte
1708 4755 1759 4798 vot

447 4819 486 4882 cb
500 4821 538 4881 ito
552 4831 712 4882 erecturus
728 4821 779 4881 ee't
952 4826 956 4834 '
1159 4829 1161 4834 '
1197 4843 1250 4903 per
1266 4823 1344 4881 viem
1373 4817 1661 4894 anticimenon
1678 4813 1759 4904 vde}

488 4905 585 4986 Igitur
601 4907 657 4968 hee
671 4915 771 4988 perte:
794 4910 887 4984 queri
901 4911 1060 4971 rationem
1077 4916 1144 4981 eto,
1197 4910 1257 4968 rint
1271 4917 1340 4968 ente
1365 4909 1483 4970 ribnnol
1497 4905 1621 4981 christi,
1636 4928 1700 4969 non
1711 4927 1759 4970 cce

448 4989 618 5122 tigridum
632 4991 729 5056 uoluit
743 4991 906 5075 Apostolus
919 4995 1094 5077 periculum,
1109 4995 1142 5057 in
1197 5014 1256 5056 non
1270 5002 1352 5096 recte
1369 5015 1424 5056 voe
1439 4995 1579 5096 duxiccp:
1602 4991 1759 5096 ffliffil'
