4442 5825
359 608 452 671 Porro
467 609 551 671 sicut
569 610 600 672 in
615 611 819 692 superioribus
834 630 930 674 sermo
945 611 1005 673 tuit
1019 611 1058 673 de
1111 612 1218 694 efficex
1242 620 1289 675 est
1314 613 1347 674 in
1367 613 1517 694 mugnus
1540 610 1672 689 christi,
1697 620 1728 675 et
1750 633 1812 675 nou

359 694 950 780 mundationeetsenetideetionelegeli,
966 718 1058 780 quem
1110 700 1209 762 eliter.

360 783 531 864 eppellavit
547 786 811 848 emundationem
825 789 942 862 cornis,
960 798 992 847 et
1002 790 1058 862 ju·
1155 787 1206 848 23.
1221 789 1346 849 Necesse
1362 794 1407 849 ert
1421 806 1507 864 erpo,
1524 789 1721 865 exemplaria
1735 791 1808 867 qei-

359 873 459 934 atitim
483 875 611 933 earnis.-
633 873 676 933 ite
697 880 728 933 et
750 874 800 935 hic
822 872 950 954 legalem
972 872 1057 935 intel·
1111 874 1181 935 dem
1205 875 1382 937 coelestium
1405 876 1452 936 bis
1473 874 1636 937 mundari.
1660 874 1757 937 Infert
1772 895 1810 941 ex

359 959 424 1038 ligit
439 967 634 1037 peccatorum
657 962 869 1034 remissionem,
892 980 951 1043 qua
973 962 1057 1022 nimi·
1112 962 1158 1035 iis,
1181 981 1259 1044 qnee
1281 962 1417 1043 proxime
1431 962 1608 1037 dicteaunt,
1632 962 1669 1023 de
1683 961 1809 1026 munds·

359 1065 422 1107 rum
437 1045 538 1119 fiebat,
560 1055 593 1108 ut
608 1048 686 1129 legis
708 1050 955 1109 comminationes
970 1048 1058 1109 homo
1111 1050 1192 1109 tione
1215 1048 1403 1111 teberneculi
1425 1059 1456 1112 et
1476 1069 1617 1111 vesorum
1639 1049 1809 1125 ministerii,

360 1131 513 1203 erederet,
535 1153 592 1194 nec
617 1143 773 1215 peccatum
797 1136 889 1196 eisd
913 1134 1059 1213 ejusmodi
1111 1143 1143 1196 et
1161 1145 1363 1210 caeterorum,
1387 1156 1468 1217 quae
1489 1145 1580 1199 vocet
1600 1138 1808 1215 exemplaria,

360 1239 476 1300 poenes
500 1220 707 1301 imputaretur.
731 1222 792 1282 Hic
807 1223 887 1283 enim
909 1232 975 1284 eret
989 1224 1057 1283 effe·
1111 1221 1230 1285 Grseee
1253 1215 1471 1302 benesintune
1499 1225 1569 1305 Quo
1590 1225 1712 1286 nemine
1734 1243 1809 1287 usus

359 1305 795 1371 russillorumaeeritieiorem.
818 1309 896 1371 Nam
912 1309 951 1371 de
966 1309 1058 1390 legali
1111 1310 1262 1370 estetiem
1277 1330 1342 1391 cep.
1360 1313 1398 1384 8.,
1420 1311 1474 1372 ubi
1488 1332 1544 1373 noa
1558 1311 1720 1373 hebemus:
1748 1314 1809 1393 Qui
1894 1333 1899 1340 ·

359 1395 535 1455 remissione
558 1415 626 1456 enm
650 1394 748 1475 loqui,
776 1395 876 1475 pelam
899 1407 961 1471 est,
984 1417 1056 1478 quo·
1111 1399 1288 1474 esernpleri
1314 1406 1344 1458 et
1368 1399 1501 1460 umbrae
1527 1399 1712 1460 deserviunt
1737 1417 1809 1461 coe·

358 1483 439 1542 niem
469 1490 499 1542 et
520 1485 656 1563 proxime
681 1485 891 1543 nominaverat
915 1484 1057 1545 munda·
1111 1484 1244 1545 testium.
1268 1484 1483 1566 significantur
1503 1498 1603 1548 auten
1626 1485 1742 1548 Graeco
1758 1506 1809 1547 vo·

358 1572 480 1629 tionem
502 1571 675 1631 ascendum
699 1571 816 1646 leqem5
839 1578 870 1630 et
884 1571 996 1652 elioqui
1011 1591 1057 1633 se·
1111 1569 1228 1642 nebulo,
1255 1574 1333 1632 sicut
1357 1571 1468 1634 ibidem
1491 1573 1635 1645 diximus,
1662 1573 1809 1636 obscures

358 1675 426 1716 cum
450 1656 517 1736 ipse
537 1663 693 1738 pugnaret,
722 1658 775 1737 qui
799 1658 898 1738 capite
919 1660 1059 1737 sequenti
1110 1659 1262 1738 quaedem
1300 1660 1491 1723 ostensiones
1525 1680 1561 1721 ee
1590 1658 1809 1725 deliuestionss

358 1742 447 1817 dicit,
472 1743 663 1821 impossibile
684 1764 764 1819 esse,
787 1752 824 1805 ut
845 1746 1005 1806 hircorum
1029 1754 1058 1806 et
1109 1763 1218 1806 rerum
1241 1744 1293 1806 Sic
1307 1745 1441 1827 eppellet
1463 1747 1577 1827 ligures
1593 1748 1703 1809 veteris
1718 1755 1805 1809 teste·

357 1837 529 1919 tenerorum
544 1833 704 1908 senoniae
718 1839 849 1909 peccota
864 1832 1032 1894 tolleretur.
1110 1833 1218 1905 menti,
1249 1833 1331 1912 quod
1361 1833 1486 1896 obscure
1512 1844 1543 1895 et
1568 1835 1733 1898 umbratide
1759 1853 1808 1897 ree

762 433 927 491 mmmm
943 432 984 491 tlt
1001 433 1167 491 numos.
1201 434 1288 493 lm.
1304 437 1347 492 tt.
1365 437 1407 492 28.

401 1961 464 2042 Qui
480 1981 553 2022 vere
570 1962 746 2024 senteutiam
763 1961 840 2022 hene
854 1963 1055 2044 interpreten-

356 2057 405 2108 tur
420 2047 459 2109 de
475 2051 621 2130 sangnine
635 2049 752 2122 Christi,
768 2057 802 2109 nt
817 2068 883 2110 eem
898 2049 937 2111 sd
953 2069 1058 2112 veram

356 2144 551 2217 poeoniorum
587 2136 790 2198 remissionem
827 2136 1058 2211 accommodent,

355 2241 479 2284 sensum
494 2222 636 2284 edlemnt
658 2222 729 2284 huie
743 2223 811 2284 loco
827 2224 969 2286 alienum.
996 2225 1056 2288 Ve-

355 2330 424 2371 rum
447 2318 548 2371 temen
565 2312 657 2390 juxta
673 2310 813 2390 Apostoli
835 2313 1002 2372 institutum
1018 2333 1056 2374 ex

356 2396 405 2458 his
431 2399 531 2459 verbis
557 2398 667 2478 optime
687 2398 828 2477 colliges:
856 2399 888 2460 Si
911 2401 941 2459 in
963 2402 1057 2461 reteri

358 2483 432 2566 lege
447 2504 508 2546 non
522 2484 613 2546 hebet
626 2486 763 2546 remissio
779 2485 887 2567 legalis
902 2488 968 2547 sine
984 2487 1055 2547 eils-

359 2573 447 2632 sioue
484 2573 642 2652 sanguinis
672 2573 845 2633 enimelinm
884 2575 1056 2646 occisorum,

359 2679 433 2740 ergo
449 2678 505 2718 nec
521 2659 552 2719 in
564 2679 643 2721 nove
658 2659 726 2739 lege
736 2661 770 2720 iit
780 2679 853 2721 vera
867 2671 1056 2740 peccetorum

358 2747 497 2806 remissio
513 2747 578 2807 sine
594 2747 741 2807 effusione
762 2747 917 2829 sanguinis
934 2746 1056 2821 Christi,

355 2852 448 2916 quem
473 2835 595 2914 sanguia
610 2833 660 2894 ille
676 2834 866 2894 victimarum
887 2837 998 2895 semeis
1013 2843 1055 2896 te·

355 2922 498 2982 sumenti
527 2922 754 3001 praefiguravit
792 2924 849 2984 Est
878 2925 956 2983 enim
983 2922 1058 2984 haec

355 3007 497 3069 collectio
523 3007 614 3088 plene
642 3008 746 3070 similis
767 3029 804 3071 ec
825 3030 922 3090 peene
950 3009 1056 3070 eedem

355 3116 426 3156 cnm
448 3095 509 3169 illa,
533 3115 624 3176 quern
640 3095 806 3174 Apostolus
829 3099 895 3176 ipse
917 3097 1058 3177 superius

354 3181 433 3244 iecit
455 3181 514 3243 illis
532 3182 649 3243 verbis:
672 3184 707 3245 st
730 3186 815 3244 enim
837 3186 968 3261 sanquis
988 3185 1057 3243 leir-

358 3288 470 3331 comm
487 3276 518 3329 et
533 3277 703 3331 taurorum
720 3278 776 3332 etc

402 3400 495 3460 Dicet
510 3399 637 3481 eliquia:
659 3401 692 3461 Si
712 3421 787 3464 vere
805 3410 997 3481 peccatorum
1012 3420 1057 3462 re·

354 3488 461 3548 missio
487 3508 548 3548 non
573 3488 608 3547 iit
632 3489 698 3550 sine
724 3488 871 3550 effusione
899 3489 1057 3568 sanguinis

356 3573 473 3635 Christi
498 3568 593 3655 (quod
614 3593 653 3638 ex
674 3576 732 3636 hec
758 3576 825 3636 loco
848 3575 931 3637 'recte
956 3575 1057 3656 colligi

351 3662 420 3739 jem
436 3661 548 3722 dictum
564 3658 629 3736 est),
653 3682 726 3742 ergo
742 3663 922 3723 secrihcium
938 3665 1056 3735 misses,

1110 1920 1182 1980 nevi
1197 1921 1368 1981 testamenti
1383 1920 1463 1982 illius
1478 1921 1620 2003 temporis
1635 1923 1807 1985 hominibus

1110 2005 1304 2067 ostenderint
1327 2009 1374 2068 Ee
1389 2010 1586 2086 exemplaris
1601 2009 1807 2071 secedeban-

1110 2100 1164 2155 ίαν
1179 2094 1236 2168 itis,
1257 2093 1308 2154 vel
1323 2094 1420 2167 rebus,
1445 2096 1494 2156 vel
1509 2096 1623 2170 hostiis,
1647 2095 1808 2178 dequibus

1109 2181 1202 2262 peulo
1217 2189 1287 2240 ente
1310 2180 1429 2242 locutus
1444 2191 1498 2257 est,
1521 2181 1622 2253 idest,
1645 2184 1808 2246 vitulorum

1110 2275 1141 2328 et
1160 2267 1310 2329 hircorum
1332 2271 1489 2350 sanguine.
1511 2268 1734 2331 hluudebentur
1755 2290 1807 2333 eu·
1862 2341 1865 2344 ,

1110 2364 1171 2415 tem
1193 2354 1231 2415 ab
1255 2355 1443 2417 immunditia
1466 2356 1614 2439 corporali
1629 2365 1659 2418 et
1674 2368 1808 2436 externe,

1110 2462 1200 2523 quarn
1229 2441 1392 2504 secuudum
1422 2443 1521 2525 legem
1546 2441 1612 2507 tolli
1638 2446 1806 2525 oportebat.

1110 2529 1263 2590 (loel'estis
1279 2549 1360 2603 vero,
1377 2549 1456 2609 ques
1471 2530 1616 2606 dicentur,
1631 2531 1722 2612 psulo
1737 2541 1808 2615 post

1110 2634 1305 2696 exponemus.
1328 2617 1422 2678 Perre
1438 2617 1519 2699 quod
1534 2619 1591 2679 eit:
1608 2619 1733 2681 Necesse
1748 2627 1803 2697 est,

1109 2702 1222 2764 indicet
1244 2701 1462 2779 ordinationem
1484 2704 1627 2781 divinem,
1650 2726 1741 2787 quem
1756 2727 1807 2769 ne·

1110 2810 1193 2851 cesse
1208 2789 1265 2851 init
1286 2792 1404 2871 impleri
1425 2799 1487 2851 tem
1509 2793 1539 2854 in
1555 2792 1663 2873 liguris
1685 2813 1805 2876 praece·

1110 2876 1259 2950 dentibus,
1271 2896 1360 2959 quem
1374 2880 1403 2939 in
1415 2878 1506 2941 rebus
1519 2881 1594 2961 ipsis
1606 2881 1807 2962 sequentibus,

1110 2964 1149 3025 de
1165 2964 1276 3043 quibus
1292 2965 1463 3046 subjungit:

1153 3052 1230 3129 Ipso
1250 3059 1358 3113 ostem
1379 3054 1523 3116 coelestio
1544 3056 1728 3118 melioribus
1747 3057 1807 3119 be·

1109 3141 1194 3213 otiis,
1221 3157 1318 3215 quam
1349 3142 1423 3202 istis.
1459 3140 1605 3220 Quemvis
1632 3144 1663 3204 in
1689 3142 1807 3206 Graece

1109 3225 1255 3286 nonnulle
1291 3227 1331 3286 sit
1367 3226 1525 3290 diversitas
1556 3232 1633 3291 inter
1662 3230 1807 3292 coelestio
1892 3269 1896 3273 ·

1109 3312 1201 3391 hujus
1217 3321 1247 3374 et
1266 3313 1473 3393 praecedentis
1496 3317 1628 3390 membri,
1649 3314 1712 3395 (bie
1726 3318 1808 3380 enim

1110 3389 1276 3479 ἐπουράνια
1302 3398 1454 3477 dicuntur,
1482 3402 1538 3463 hoc
1565 3412 1628 3476 est,
1655 3403 1807 3478 eoelestia,

1110 3485 1173 3562 illic
1188 3506 1259 3548 vero
1282 3476 1321 3546 τὰ
1335 3478 1366 3546 ἐν
1383 3489 1454 3557 τοῖς
1469 3481 1625 3568 οὐρανοῖς,
1650 3491 1744 3553 idest
1760 3511 1806 3566 ee,

1110 3593 1189 3655 quse
1204 3575 1235 3635 in
1250 3573 1345 3635 coelis
1361 3574 1454 3653 sunt),
1476 3597 1539 3638 rem
1561 3586 1662 3639 temen
1676 3577 1804 3639 eandem

1110 3662 1287 3741 significari,
1325 3671 1486 3725 contextus
1523 3666 1666 3727 sermonis
1701 3672 1808 3746 aperte

356 3767 425 3808 cum
442 3749 484 3809 sit
495 3750 691 3822 incruentum,
707 3751 813 3827 sicque
827 3758 953 3812 vocetur
968 3771 986 3811 e
999 3751 1054 3809 Pe·
1110 3756 1332 3810 commonstret.
1367 3749 1454 3829 Ques
1486 3753 1526 3811 sit
1551 3759 1653 3812 eutem
1679 3771 1727 3813 res
1753 3750 1807 3812 illa

355 3835 467 3908 tribus,
493 3835 574 3915 qnod
600 3838 632 3896 in
654 3856 690 3896 eo
716 3836 800 3897 nulle
824 3836 877 3898 fiet
902 3838 1056 3916 sanguinis
1109 3836 1230 3897 nomine
1245 3835 1423 3898 coelestium
1445 3838 1624 3918 significate,
1645 3837 1805 3901 dubitatio-

356 3921 474 3994 effusio,
501 3943 561 3983 non
583 3922 665 3983 velet
687 3922 727 3984 ed
745 3943 846 3983 verum
866 3934 1055 4002 peccatorum
1109 3942 1179 3984 nem
1215 3922 1315 3983 babet.
1360 3920 1594 4003 chrysostomus
1628 3946 1665 3986 ne
1694 3927 1806 3988 caeteri

355 4010 573 4070 remissionem.
617 4009 814 4089 Respondes,
848 4018 1055 4091 argumentum
1110 4009 1228 4081 Grseci,
1244 4007 1354 4090 quibus
1365 4007 1589 4091 adstipulantur
1601 4015 1806 4076 commentarii

355 4095 416 4156 hoc
431 4096 527 4156 nihilo
541 4098 639 4176 megia
650 4095 752 4157 iecere
764 4107 866 4159 contra
876 4099 1055 4158 sacrificinm
1109 4096 1256 4157 Primasic
1273 4102 1303 4156 et
1317 4095 1460 4158 Anselmo
1475 4099 1629 4181 adscripti,
1645 4101 1714 4162 item
1730 4101 1805 4164 Hei·

355 4184 476 4256 misses,
500 4202 591 4263 quem
614 4192 719 4245 centra
740 4183 922 4265 baptismum
945 4193 977 4245 et
995 4184 1055 4246 elie
1108 4204 1167 4252 mo,
1184 4180 1351 4261 (lsjetenus
1364 4184 1456 4245 etelii
1469 4187 1645 4249 Latinorum
1660 4189 1805 4265 nonnulli,

355 4278 545 4332 sememente
565 4289 663 4331 noves
684 4271 762 4350 legis
786 4270 826 4332 ed
842 4272 1055 4332 ‘remissionem
1108 4270 1254 4332 coelestia
1286 4270 1459 4352 intelligunt
1489 4274 1656 4336 Ecclesiam
1692 4274 1805 4338 Christi

356 4366 550 4437 peecatorum
565 4358 711 4420 institute.
727 4357 896 4419 Dicendum
908 4369 954 4419 est
966 4361 1054 4431 enim,
1110 4357 1296 4430 militantem,
1313 4366 1343 4418 et
1358 4378 1436 4440 quea
1452 4361 1482 4421 in
1498 4380 1534 4422 ee
1548 4371 1702 4442 geruntur.
1717 4363 1806 4424 Heec

356 4446 435 4506 sicut
460 4445 612 4524 bsptismo
635 4465 695 4507 non
718 4448 910 4507 remittuntur
929 4455 1056 4526 peccota
1109 4446 1187 4506 enim
1204 4446 1261 4506 etsi
1278 4445 1308 4505 in
1320 4452 1398 4506 terre
1413 4447 1482 4521 sint,
1497 4451 1603 4510 merito
1619 4459 1720 4510 temen
1734 4468 1805 4511 coc·

355 4533 423 4593 sine
445 4533 593 4611 senguine
607 4530 732 4607 Christi,
756 4532 822 4594 isso
843 4534 875 4594 in
890 4552 988 4605 cruce,
1011 4535 1056 4592 its
1107 4534 1198 4593 lestis
1214 4529 1274 4592 dici
1288 4532 1403 4606 volunt,
1425 4544 1548 4614 propter
1571 4535 1661 4596 fidem
1676 4543 1707 4595 et
1720 4555 1805 4615 spem

355 4636 413 4681 uec
437 4639 495 4701 per
521 4619 700 4680 seerifieinm
724 4623 837 4680 missae
858 4621 970 4681 remitti
991 4621 1055 4679 sine
1107 4618 1148 4680 ed
1163 4618 1305 4680 coelestis
1327 4627 1520 4699 spectentem.
1543 4620 1606 4683 Sed
1621 4621 1699 4683 benc
1712 4642 1804 4705 expo·

356 4715 481 4768 oeuente
496 4706 550 4766 illo
565 4708 662 4767 crucis
677 4708 830 4781 sacrificio,
853 4707 941 4785 cujus
956 4707 1053 4786 ipsum
1107 4707 1245 4768 sitionem
1275 4706 1454 4768 coelestium
1482 4708 1582 4767 miuus
1619 4708 1804 4787 prohabilem

356 4801 403 4854 set
428 4796 733 4855 commemoretiuum.
767 4794 939 4874 Utrumque
965 4794 1054 4865 enim,
1108 4811 1183 4866 esse,
1209 4790 1389 4854 docebamus
1404 4795 1507 4872 capite
1521 4795 1686 4875 superiore,
1709 4799 1806 4880 idque

355 4888 418 4943 tem
432 4881 610 4963 baptismus,
631 4899 721 4961 quem
742 4882 853 4943 missae
867 4880 1054 4953 memeien,
1107 4899 1147 4943 ex
1161 4876 1243 4940 illius
1265 4878 1324 4940 loci
1349 4880 1580 4942 circumstentie
1604 4880 1727 4946 Plenius
1750 4905 1803 4948 eu·
