4442 5825
436 598 521 681 ’764

961 600 1194 657 commentos
1212 600 1241 655 itt
1260 601 1326 656 CAP.
1345 603 1372 656 l.

950 774 1155 845 Sllllllllllllll
1177 774 1302 842 teritis
1324 774 1442 849 bittit.

432 882 491 945 ‚Qui
509 882 560 935 sint
578 895 610 934 er
629 882 681 934 lieo
699 882 760 934 nati.
796 882 858 934 tres
876 894 947 944 esse,
972 881 1015 945 uui
1035 883 1135 934 Christo
1160 879 1333 933 testimonium
1358 881 1512 943 perhibeant
1530 879 1555 931 io
1575 880 1665 945 coeto;
1692 879 1882 940 irretiendo

549 951 574 1002 in
594 954 672 1004 terra.
702 952 784 1002 vitam
803 957 936 1003 aeternam
956 951 1057 1002 esseio
1076 950 1136 1002 Filio
1155 949 1207 1001 Dei.
1236 950 1284 1001 Pro
1305 955 1409 1012 peccato
1429 949 1518 1002 fratris
1538 948 1570 999 ad
1591 954 1709 999 mortem
1729 960 1781 998 nnn
1799 947 1882 997 cuilibet

548 1019 660 1071 fidenter
676 1021 811 1072 orandum.
848 1018 910 1081 Quid
929 1019 1004 1072 nobis
1022 1020 1158 1071 contulerit
1176 1017 1302 1070 adventus
1319 1017 1370 1069 Filii
1388 1017 1440 1070 liet.

495 1132 523 1188 1.
548 1129 668 1202 Omnis,
687 1132 741 1204 qut
753 1128 864 1202 credit,
883 1129 1036 1204 quostiam
1048 1129 1146 1189 Jceue

447 1223 491 1275 eat
507 1215 659 1288 Otrerae,
683 1232 722 1276 cu
743 1217 813 1276 Deo
833 1222 930 1274 uatus
953 1221 1004 1274 eat.
1027 1213 1143 1272 Exhor-

446 1304 589 1362 tationem
605 1302 787 1379 superiorem
810 1299 849 1361 de
863 1299 1026 1379 diligendis
1042 1298 1143 1359 fratri·

446 1387 503 1448 bns
520 1389 664 1468 deinceps
676 1390 836 1449 continuat
852 1388 907 1448 sub
924 1389 1043 1448 nomine
1059 1386 1144 1462 filio·

448 1493 523 1535 rum
539 1476 610 1549 Dei,
633 1483 810 1554 argumento
828 1472 1049 1535 exhortationis
1065 1493 1144 1532 sum·

447 1569 500 1641 pto
517 1581 557 1622 ex
573 1563 750 1632 eonomine,
766 1581 820 1640 per
831 1559 911 1642 quod
923 1561 1062 1633 insinuat,
1079 1579 1142 1618 coa·

449 1646 518 1708 dem
542 1666 609 1707 esee
632 1656 755 1709 nostroe
771 1645 889 1720 fratres,
912 1657 942 1707 et
964 1646 1024 1706 Dei
1047 1645 1143 1720 filios;

450 1733 532 1814 qnod
561 1743 591 1792 et
619 1733 785 1815 cajetanus
812 1733 994 1794 observavit.
1030 1732 1143 1812 Quam·

448 1840 540 1901 qnam
568 1841 628 1882 non
657 1840 712 1903 per
739 1822 795 1881 boc
822 1820 994 1881 excluditur
1021 1818 1144 1879 dilectio

448 1926 560 1978 eornm,
583 1911 637 1985 qui
660 1906 792 1969 nondum
816 1920 887 1970 sunt
908 1907 1016 1968 iratres
1040 1910 1143 1982 nostri,

447 2003 501 2055 snt
515 1993 569 2055 filii
583 1995 649 2067 Dei,
667 1994 836 2073 cujusmodi
852 2003 920 2055 sunt
937 1993 1073 2054 infideles
1090 2002 1144 2053 ant

448 2088 632 2162 peccatores.
649 2082 736 2141 Licet
748 2081 826 2142 onim
839 2102 899 2140 non
912 2082 971 2141 sint
987 2079 1144 2160 diligendi,

449 2169 521 2246 quia
542 2165 651 2228 fratrea
674 2175 742 2229 sunt
769 2177 823 2227 aut
846 2167 900 2227 lilii
923 2167 999 2240 Dei,
1024 2165 1143 2227 adhoc

447 2263 547 2315 tamen
559 2252 706 2334 diligendi
718 2263 795 2328 sunt,
812 2263 845 2315 ut
856 2256 923 2316 Deo
937 2264 1144 2330 renascantur,

446 2351 479 2402 et
501 2342 608 2401 fratres
629 2343 726 2402 nostri
746 2341 829 2401 fiant.
852 2343 919 2401 Non
943 2343 1023 2402 enim
1046 2341 1143 2402 solum

449 2437 528 2502 actu,
544 2426 598 2488 aed
615 2437 644 2488 et
660 2426 935 2508 praedestinatione
947 2427 1004 2489 filii
1016 2428 1075 2488 Dei
1090 2449 1137 2488 nc·

448 2516 615 2589 minantur3
641 2535 703 2593 qno
729 2534 819 2575 senen
842 2515 932 2577 Joan.
960 2519 1007 2574 11.
1036 2516 1144 2575 dicitnr

446 2605 541 2665 Jcsus
552 2603 738 2677 moritum,
751 2609 788 2661 ut
797 2600 881 2679 {ilios
892 2603 964 2676 Dei,
982 2602 1037 2678 qui
1050 2609 1144 2662 crant

448 2687 599 2765 dispersi,
627 2697 833 2764 coaprcparet
859 2693 895 2750 in
917 2707 1029 2749 uuum.
1064 2688 1144 2748 Vide

446 2794 538 2853 snpra
568 2774 607 2833 ad
634 2795 700 2855 cap.
730 2778 757 2834 2.
784 2795 813 2834 v.
842 2779 870 2836 9.
899 2774 937 2835 de
966 2777 1143 2855 acceptione

447 2863 570 2940 fratria.

491 2950 624 3011 Primum
639 2948 731 3027 igitur
741 2947 887 3009 describit
899 2948 921 3008 J
923 2967 1036 3009 oannes
1046 2948 1143 3010 filium

447 3035 515 3111 Doi,
538 3057 599 3096 non
620 3034 742 3113 quidem
758 3035 933 3109 naturalem,
957 3034 1009 3095 sed
1026 3035 1141 3116 adopti-

447 3141 525 3183 vum.
550 3124 669 3196 Omnia,
694 3122 797 3202 inquit,
821 3124 876 3199 qui
891 3122 1001 3196 credit,
1029 3125 1142 3185 Jcaum

447 3228 509 3270 aare
525 3210 688 3271 Christum
703 3208 794 3268 illum
819 3208 848 3266 in
873 3208 941 3287 lege
963 3211 1141 3288 promissum

448 3307 478 3355 et
490 3294 657 3355 aPatribus
669 3303 873 3374 exspectatum
886 3292 968 3370 (nam
982 3297 1013 3354 in
1024 3294 1141 3355 Graeco

446 3401 514 3442 curu
527 3380 656 3443 articulo
668 3382 798 3460 legitur:
815 3374 832 3439 ὁ
846 3373 1005 3459 Χριστὸς),
1022 3400 1060 3443 ca
1074 3383 1141 3441 Deo

445 3475 544 3532 acen
559 3475 613 3542 eet,
638 3470 743 3547 utique
760 3487 814 3547 per
828 3471 1086 3547 regenerationem
1103 3487 1141 3528 ex

446 3548 622 3635 spiritnffiot
648 3553 773 3633 proinde
798 3553 858 3614 Dei
886 3554 964 3614 tilius
991 3564 1047 3615 est.
1082 3552 1142 3614 Sed

445 3641 571 3703 medere
586 3640 723 3719 intellige
734 3640 794 3701 fide
806 3642 887 3714 viva,
901 3640 1069 3715 obediente,
1083 3638 1140 3699 effi·

445 3746 530 3797 caca,
558 3747 620 3807 qna
643 3729 710 3807 quis
733 3730 777 3788 ita
800 3726 911 3800 credit,
938 3729 1047 3788 Jesnm
1072 3745 1141 3786 ease

433 3813 610 3884 ¹Christum,
632 3824 665 3874 nt
687 3822 778 3875 totam
794 3814 860 3892 eJna
884 3814 1050 3874 doctrinam
1067 3814 1139 3873 rcci-

445 3901 518 3977 piat,
540 3901 638 3981 legem
659 3902 727 3979 ejus
749 3900 950 3980 amplectetur
969 3920 1006 3960 ac
1029 3910 1140 3960 servet.

444 3986 522 4047 Nam
538 3990 562 4047 si
584 3989 653 4067 quis
677 3988 734 4049 boc
756 3996 874 4047 tantum
898 3986 1008 4060 credat,
1035 3986 1141 4048 Jesum

446 4091 514 4132 esse
530 4074 689 4147 Christum,
713 4075 840 4134 caeteris
857 4074 991 4133 articulis
1007 4072 1079 4133 fidei
1095 4092 1139 4132 re·

440 4161 548 4236 jectis,
572 4169 624 4218 aut
651 4162 677 4218 ai
705 4160 809 4220 credat
835 4159 967 4241 quidem,
992 4158 1140 4240 quidquid

429 4243 628 4305 'credendum
654 4255 707 4316 est,
731 4245 783 4305 sed
804 4246 894 4306 fidem
918 4247 1061 4325 operibus
1080 4266 1141 4305 non

442 4332 595 4392 ostendat:
623 4330 753 4390 nondum
771 4333 822 4392 ille
839 4353 877 4393 ex
894 4334 958 4393 Deo
982 4343 1068 4393 natus
1086 4341 1139 4391 est.

442 4417 553 4478 Similis
572 4429 619 4479 eat
634 4419 718 4477 locus
738 4417 826 4479 donn.
846 4426 888 4478 1.:
914 4423 1073 4499 Quotquot
1088 4438 1139 4479 rc·

446 4514 596 4581 ceperunt
628 4524 717 4578 eum,
758 4506 845 4563 dedit
873 4508 915 4563 cia
942 4514 1138 4581 potestatam,

444 4590 528 4665 tilios
543 4594 606 4651 Dea·
622 4593 702 4668 pieri,
729 4594 785 4663 bie,
807 4594 1061 4667 intumentia
1078 4612 1138 4655 no·

446 4680 532 4738 miae
548 4680 638 4753 Ejus,
657 4685 710 4738 cte.

485 4765 529 4824 Et
549 4767 662 4838 omnis,
686 4766 742 4840 qui
764 4764 869 4839 diripit
892 4782 981 4838 cum,
1005 4768 1060 4841 qui
1084 4785 1138 4841 pc·

443 4854 529 4924 uuit,
554 4852 660 4925 diligit
685 4857 714 4908 et
741 4868 832 4924 cum,
846 4856 900 4926 qut
919 4859 1015 4912 natue
1036 4859 1079 4911 ert
1101 4872 1139 4913 ex

445 4952 490 4995 co,
528 4936 596 4997 Hoc
612 4935 734 5015 quidam
755 4937 988 5016 interpretantur
1003 4937 1040 4996 de
1055 4938 1138 4999 Filio

446 5020 507 5081 Dei
534 5023 682 5098 naturali,
713 5033 746 5083 ut
776 5044 883 5085 sensns
907 5027 960 5084 ait:
992 5024 1138 5105 Quisquis

1198 1123 1296 1202 diligit
1311 1118 1408 1186 Deerit
1420 1123 1555 1196 Patrem,
1572 1125 1600 1183 ia
1618 1125 1716 1184 etiam
1732 1123 1829 1203 diligit
1839 1124 1886 1184 Dei

1196 1212 1317 1272 nitrum.
1347 1212 1388 1270 At
1414 1212 1636 1291 consequentia
1669 1222 1777 1272 textus
1804 1213 1885 1290 magis

1197 1298 1327 1377 postulat
1343 1298 1513 1378 generalem
1535 1297 1736 1370 intellectum,
1760 1298 1885 1359 videlicet

1197 1385 1385 1463 hujusmodi:
1411 1386 1458 1444 Ita
1480 1395 1590 1445 natura
1611 1394 1822 1464 comparatum
1844 1394 1885 1453 ast,

1197 1480 1240 1543 nt,
1264 1475 1316 1552 qni
1333 1480 1447 1551 patrem
1466 1472 1575 1552 diligit,
1600 1472 1670 1551 ejus
1687 1492 1781 1531 causa
1805 1469 1885 1531 lilium

1197 1579 1320 1638 quoqne
1337 1557 1451 1638 diligat.
1476 1557 1516 1617 Ut
1531 1559 1573 1617 sit
1588 1568 1807 1638 argumentum
1822 1579 1884 1618 anm-

1198 1654 1280 1725 ptum
1297 1665 1315 1704 a
1330 1648 1531 1725 propensione
1545 1646 1691 1717 naturali,
1708 1664 1791 1724 qnae
1806 1646 1884 1705 corni·

1197 1741 1245 1793 tur
1268 1733 1300 1791 in
1321 1732 1499 1792 hominibus.
1527 1732 1624 1792 Recte
1646 1741 1752 1792 tamen
1775 1741 1885 1791 utuntur

1197 1820 1253 1880 hac
1276 1821 1427 1880 sententia
1451 1818 1620 1897 Theologi,
1643 1829 1680 1879 ut
1704 1820 1838 1898 probent,
1862 1822 1885 1877 ir

1197 1906 1307 1967 divinis
1330 1926 1386 1967 nec
1409 1904 1502 1986 diligi,
1525 1926 1583 1967 nec
1607 1905 1711 1966 videri
1736 1906 1883 1986 posaePs·

1197 2002 1273 2054 trem
1288 1995 1352 2055 sine
1366 1992 1453 2066 Filio,
1472 1992 1612 2072 adeoque
1628 2013 1688 2052 nec
1705 1993 1817 2053 Filium
1831 1994 1883 2052 ains

1197 2079 1299 2140 Patre.
1321 2081 1402 2140 Hinc
1419 2082 1460 2140 ait
1477 2080 1645 2140 Dominus:
1674 2082 1739 2158 Qui
1755 2100 1804 2139 me
1819 2078 1882 2151 odit,

1198 2175 1227 2226 ct
1242 2167 1370 2227 Patrem
1395 2184 1496 2227 meum
1521 2166 1598 2239 odit,
1617 2166 1713 2227 Joan.
1732 2167 1793 2239 15,
1815 2176 1841 2225 et
1853 2164 1883 2223 ad

1197 2253 1387 2333 Philippum:
1415 2256 1477 2331 Qui
1492 2253 1579 2313 videt
1593 2272 1655 2328 mc,
1682 2254 1772 2314 videt
1786 2261 1815 2314 ct
1831 2254 1884 2313 Po·

1197 2348 1408 2415 trementum,
1425 2340 1516 2402 Joan.
1534 2343 1584 2402 14.
1611 2339 1708 2418 Qirod
1724 2343 1806 2402 enim
1820 2339 1882 2400 ordi·

1196 2428 1312 2489 narinm
1328 2436 1375 2488 est
1389 2430 1420 2487 in
1435 2427 1580 2499 humanis,
1605 2427 1637 2487 id
1654 2438 1832 2508 perpetuum
1845 2436 1884 2486 cst

1198 2517 1229 2575 in
1244 2513 1363 2575 divinis.

1240 2605 1269 2660 2.
1293 2603 1335 2664 In
1350 2601 1407 2660 hoc
1422 2603 1649 2675 cognoscimus,
1671 2605 1827 2679 quonium
1841 2600 1880 2659 di·

1198 2689 1324 2764 ligimus
1349 2695 1442 2748 natos
1458 2688 1529 2761 Dei,
1552 2706 1623 2747 cum
1642 2689 1753 2750 Deum
1780 2688 1882 2763 dilige·

1196 2793 1276 2850 mus,
1293 2783 1323 2836 et
1337 2775 1495 2835 mandatu
1507 2775 1588 2848 Ejus
1601 2774 1778 2851 faciemus.
1801 2777 1881 2852 Argu·

1196 2869 1344 2924 mentatur
1372 2861 1536 2942 Apostolus
1567 2860 1607 2922 ad
1638 2860 1721 2923 hunc
1759 2863 1883 2924 modum:

1198 2948 1257 3026 Qui
1284 2950 1384 3029 diligit
1405 2968 1488 3021 eum,
1516 2949 1567 3026 qui
1590 2951 1713 3027 gennit,
1743 2950 1842 3030 diligit
1860 2959 1884 3007 ct

1196 3045 1284 3095 natos
1295 3056 1332 3096 ex
1345 3056 1397 3113 eo,
1414 3054 1469 3095 noa
1480 3054 1560 3114 ergo,
1577 3038 1603 3095 ai
1616 3034 1720 3096 Deum
1734 3035 1883 3117 diligimus

1198 3141 1234 3182 co
1250 3123 1336 3203 signo
1352 3124 1567 3202 cognoscimus,
1588 3141 1645 3181 nos
1662 3121 1795 3202 diligere
1810 3133 1883 3185 natos

1197 3209 1262 3281 Dei,
1289 3211 1342 3290 qui
1365 3210 1454 3269 lidem
1479 3213 1547 3267 sunt
1569 3206 1682 3268 fratres
1706 3211 1812 3270 nostri.
1835 3207 1883 3268 Ubi

1197 3296 1360 3356 notandum
1397 3304 1460 3368 eet,
1496 3294 1681 3371 Apostolum
1719 3305 1883 3357 convertere

1196 3376 1882 3463 quodammodoratiocinationem,qnampailo

1196 3468 1362 3542 antefecit,
1385 3488 1445 3549 qna
1461 3488 1497 3528 ex
1520 3475 1632 3547 negata
1656 3466 1821 3532 dilectione
1832 3468 1878 3527 irs·

1196 3555 1249 3615 trie
1262 3553 1413 3616 inferebat
1423 3554 1617 3634 negationem
1633 3552 1818 3629 dilectionis,
1832 3574 1881 3634 qua

1194 3640 1282 3700 Deus
1312 3640 1461 3721 diligatur.
1505 3638 1680 3721 Utrumque
1710 3643 1880 3708 rectissime;

1195 3736 1258 3788 tum
1276 3729 1347 3807 qnia
1362 3725 1536 3809 proceditur
1559 3726 1598 3786 ab
1622 3730 1768 3807 opposito
1791 3746 1878 3789 ecnu-

1195 3815 1331 3893 quentis,
1354 3815 1412 3875 boc
1433 3813 1536 3874 modo:
1563 3812 1595 3873 si
1618 3817 1692 3895 quis
1714 3837 1779 3877 non
1800 3815 1880 3893 diligit

1194 3900 1324 3973 fratrem,
1346 3922 1408 3962 non
1427 3900 1528 3979 diligit
1548 3900 1667 3977 Denm3
1691 3922 1766 3983 argo
1788 3905 1814 3963 ai
1827 3902 1879 3981 quis

1193 3986 1295 4067 diligit
1307 3989 1415 4060 Deum,
1430 3985 1527 4067 diligit
1539 3997 1569 4047 et
1579 3988 1716 4061 fratrem,
1736 4000 1768 4051 ct
1779 3998 1878 4056 conoe

1195 4083 1256 4133 tum
1270 4076 1342 4153 qnia
1355 4082 1483 4153 utraque
1495 4072 1619 4135 dilectio
1632 4075 1771 4157 quadarn
1782 4077 1876 4137 ntiont

1193 4163 1276 4241 prior
1292 4168 1322 4220 et
1337 4162 1436 4221 notior
1459 4168 1504 4220 est
1518 4159 1632 4238 sltcra3
1658 4163 1762 4223 fratris
1778 4161 1876 4243 quiden

1193 4246 1316 4307 dilectio
1332 4246 1496 4308 secundum
1513 4246 1651 4307 ordinem
1668 4257 1814 4324 naturae;
1832 4245 1874 4307 oei
1922 4285 1924 4296 ι

1194 4344 1295 4393 autern
1309 4335 1431 4394 dilectio
1444 4333 1607 4395 secundnm
1623 4337 1764 4397 ordinem
1772 4337 1874 4416 gratiae

1193 4422 1273 4480 sicut
1287 4440 1378 4501 supra
1401 4421 1513 4482 dictum
1530 4430 1586 4480 est
1611 4422 1679 4482 Sed
1694 4433 1726 4483 et
1741 4422 1873 4498 contingit

1192 4527 1272 4567 nnnc
1295 4508 1381 4579 hanc,
1405 4526 1482 4567 nunc
1506 4506 1589 4566 illam
1613 4507 1811 4572 dilectionem
1825 4522 1872 4567 esst

1193 4596 1339 4654 notiorem
1362 4595 1464 4665 nobis,
1494 4603 1583 4672 prout
1604 4598 1729 4658 animus
1753 4607 1817 4657 sctn
1837 4587 1871 4649 vti

1192 4682 1273 4740 circa
1295 4701 1346 4751 ea,
1370 4700 1448 4761 qnae
1470 4689 1542 4739 sont
1564 4680 1666 4743 divini
1687 4685 1819 4754 honoria,
1837 4673 1870 4736 wi

1192 4768 1270 4827 circa
1287 4788 1332 4841 ea,
1348 4787 1427 4847 quae
1443 4774 1514 4826 sunt
1528 4765 1684 4833 humanae
1698 4765 1869 4832 necessitatis

1193 4854 1360 4914 exercenda
1386 4854 1480 4932 magis
1507 4867 1691 4934 occupatur.
1725 4854 1816 4918 Addit
1831 4869 1867 4910 aa·

1191 4950 1267 5000 tem:
1284 4943 1327 5002 Et
1342 4940 1498 5002 mandato
1512 4941 1596 5015 Ejus
1611 4943 1633 5020 l'
1630 4946 1784 5017 aciamus,
1796 4940 1866 5003 erae·

1191 5043 1239 5085 ce:
1263 5029 1413 5105 τηρῶμεν,
1435 5042 1617 5108 racemum
1643 5051 1684 5093 ne
1709 5033 1866 5113 querenti
