4442 5825
397 582 473 652 330
911 576 1361 633 coaamnaamsuuaann.
1407 612 1409 617 -

395 772 457 813 non
484 751 653 814 imbecillas
685 752 730 812 ad
758 753 975 831 audiendam
1013 755 1093 815 siout
1145 753 1257 817 videbo
1274 773 1338 830 ooo,
1353 753 1424 816 sed:
1441 774 1540 836 spero,
1554 773 1604 815 ms
1619 772 1675 817 vos
1689 752 1807 830 alaman,

395 839 527 921 loquitur
549 860 615 919 uap.
631 839 659 901 5.
698 839 829 901 Sanetus
852 839 988 902 Thomas
1011 840 1091 913 dioit,
1147 842 1226 902 siout
1249 843 1279 902 in
1299 842 1394 922 Epist.
1418 842 1456 903 ad
1479 841 1625 903 Philam:
1652 841 1754 918 sporo,
1769 856 1809 917 pa*

396 946 495 1006 panea
517 944 585 987 esse
604 934 740 1005 respectu
762 929 986 1007 mysteriorum,
1010 946 1091 1008 quae
1146 931 1306 990 orationes
1331 936 1448 990 oestrus
1464 929 1584 989 donari
1598 947 1648 990 ma
1665 927 1750 988 vobi.
1769 926 1809 987 Vs

398 1014 429 1073 in
444 1012 502 1074 hao
518 1011 657 1093 Epistola
678 1015 927 1095 perstringuntur.
950 1016 1033 1075 Nam
1054 1017 1091 1076 in
1145 1016 1267 1077 risimile
1280 1023 1326 1075 est
1339 1024 1446 1088 autem,
1462 1014 1545 1095 quod
1556 1035 1611 1076 eos
1621 1035 1683 1077 uon
1698 1014 1812 1085 birisait

397 1117 445 1175 cu,
469 1101 575 1179 inquit,
595 1102 665 1181 {era
689 1103 798 1161 briania
812 1103 963 1177 mysteria
978 1105 1092 1163 vetaris
1146 1104 1211 1163 sive
1226 1103 1418 1183 gravioribus
1433 1102 1592 1164 Ecclesiae
1615 1100 1747 1181 negotiis,
1768 1101 1813 1160 siae

396 1189 573 1247 testamenti
599 1190 814 1250 continentur.
851 1187 890 1247 Et
916 1187 1000 1248 addit
1025 1208 1091 1249 ver·
1144 1190 1355 1271 perseeutione
1378 1189 1521 1269 quapiam
1544 1187 1717 1268 impeditus.
1743 1185 1813 1248 llalls

396 1274 467 1334 bum
492 1274 645 1334 notabile:
671 1275 840 1335 Sermones
865 1275 973 1336 breves
998 1276 1092 1337 valde
1146 1277 1224 1337 euim
1240 1276 1365 1336 historia
1380 1274 1489 1356 prodit,
1504 1275 1634 1336 Paulum
1652 1283 1719 1356 post
1732 1274 1815 1335 Roma

396 1367 537 1438 aceeptus
559 1379 639 1438 eam
662 1364 750 1438 qaia,
773 1364 801 1421 ss·
815 1369 890 1422 aunt
905 1362 991 1436 boati,
1018 1365 1091 1423 uoi·
1146 1384 1214 1423 nam
1235 1361 1459 1443 profectionem,
1483 1361 1521 1422 de
1544 1381 1604 1443 qua
1626 1361 1695 1422 Aet
1716 1359 1771 1434 ult,
1786 1378 1815 1420 ra

396 1447 1091 1525 dimuadiaatar,simulqpurumpruoant.
1146 1468 1264 1510 vamum
1295 1448 1461 1529 aliquando
1491 1448 1588 1509 fuisse
1617 1450 1648 1508 in
1674 1446 1816 1520 sudeam

397 1533 500 1594 Potest
522 1535 611 1595 etiam
628 1535 696 1608 dici,
720 1555 817 1616 pauca
832 1555 906 1608 esse,
929 1556 1006 1616 quae
1022 1539 1091 1598 seri·
1146 1536 1198 1597 sed
1214 1537 1309 1596 verbo
1325 1537 1464 1616 Apostoli
1487 1543 1557 1596 sunt
1571 1537 1718 1595 “sentiae
1732 1552 1815 1613 propo

397 1622 474 1702 psit,
496 1640 557 1682 uou
579 1642 633 1702 pru
654 1621 742 1682 modo
765 1622 935 1702 Epistulae,
962 1621 1016 1684 sed
1038 1644 1093 1703 pro
1146 1625 1212 1697 siti,
1239 1643 1298 1683 nou
1324 1632 1460 1684 eventus.
1498 1620 1676 1701 eujusmodi
1701 1621 1816 1700 leguntur

396 1707 487 1769 modo
501 1706 570 1769 libri
586 1728 640 1768 seu
655 1715 809 1770 tractatus.
832 1709 920 1780 Nam,
942 1711 1021 1770 utin
1036 1712 1091 1771 ini·
1146 1713 1236 1771 etiam
1259 1714 1274 1770 1
1293 1708 1362 1771 Cor.
1383 1713 1430 1772 16.

397 1797 440 1855 tio
451 1793 672 1869 admonuimus,
683 1795 839 1856 exordium
850 1798 945 1877 magis
958 1807 1003 1857 est
1014 1797 1093 1871 libri,
1189 1795 1349 1858 Caeterum
1372 1817 1411 1857 ex
1433 1797 1492 1856 isto
1514 1794 1593 1866 loeo,
1616 1793 1668 1855 ubi
1691 1791 1816 1854 Timotld

398 1901 487 1961 qnam
505 1881 672 1962 Epistulae,
687 1881 760 1944 lieet
772 1892 914 1956 extrema,
926 1883 1017 1962 juxta
1031 1906 1092 1945 mo·
1146 1884 1220 1945 lauit
1241 1885 1423 1945 mentionem
1445 1891 1601 1963 tamquam
1624 1883 1748 1953 domitis,
1768 1898 1815 1939 om

398 1988 461 2029 rem
477 1968 645 2048 Epistulae,
664 1968 843 2031 salutatione
858 1970 989 2031 claudat
1147 1991 1206 2052 quo
1222 1979 1342 2049 cuperet
1364 1972 1498 2031 revisere
1514 1969 1538 2030 J
1539 1967 1675 2040 udaeam,
1698 1987 1752 2028 non
1768 1967 1815 2026 lau

442 2058 493 2120 23.
517 2057 698 2132 Ooqaoaoitc
719 2059 855 2135 fratrem
872 2065 1015 2119 nostrum
1035 2059 1092 2119 Te·-
1147 2060 1275 2119 sumitur
1297 2063 1515 2136 argumentum,
1537 2055 1616 2116 bauo
1637 2055 1731 2134 ipsius
1752 2051 1815 2113 Paul

398 2144 556 2204 motboam
577 2145 749 2204 dimiseram.
781 2144 914 2206 Graece:
939 2136 1093 2203 dauleio·
1147 2165 1216 2205 osse
1232 2144 1413 2224 Epistulam.
1444 2143 1552 2224 Neque
1569 2143 1652 2203 enim
1672 2141 1744 2200 alius
1758 2140 1814 2221 quis

398 2220 499 2308 μένον,
516 2229 547 2290 id
563 2240 618 2305 est,
634 2232 772 2293 solatum
789 2231 837 2294 vel
854 2232 1045 2307 obuolutum,
1060 2240 1094 2291 ut
1147 2251 1237 2311 quam
1253 2239 1305 2303 est,
1323 2232 1354 2291 iu
1366 2249 1455 2312 qnem
1467 2231 1567 2309 potius
1580 2228 1656 2288 baso
1667 2233 1814 2308 oompetmt

398 2316 452 2377 alii
465 2326 627 2379 verterunt
661 2317 765 2398 Atque
781 2318 851 2378 bino
866 2318 1020 2399 eolligunt,
1037 2319 1091 2378 Ti·
1147 2318 1283 2378 Conatnr
1294 2316 1415 2398 quidem
1431 2317 1487 2377 buo
1503 2323 1710 2395 argumentum
1725 2313 1813 2374 diluere

398 2403 550 2465 motbeum
566 2407 596 2466 iu
612 2405 742 2466 vinculis
756 2406 858 2475 luisse,
875 2406 1093 2486 aquibuseum
1148 2403 1333 2484 cajetanus,
1362 2403 1413 2464 sed
1444 2403 1475 2464 id
1500 2402 1576 2464 lauit
1604 2422 1710 2481 parum
1737 2399 1813 2460 solide

398 2490 527 2553 solutum
542 2491 655 2552 Paulus
671 2491 790 2565 eor-ibat,
806 2492 891 2552 velut
906 2513 967 2554 rom
983 2492 1093 2553 laetam
1147 2491 1237 2569 Quod
1265 2511 1337 2552 vero
1360 2490 1479 2568 objicit,
1506 2490 1586 2550 bano
1610 2489 1814 2568 promissiones,

398 2579 548 2640 nuntians.
570 2579 644 2639 Erat
659 2579 739 2640 euim
750 2578 929 2640 Timotheus
941 2578 1021 2659 apud
1032 2579 1093 2640 He·
1148 2598 1208 2657 qua
1230 2577 1304 2638 dioit
1326 2586 1440 2649 auctor,
1463 2598 1497 2638 se
1519 2579 1657 2638 visurum
1683 2576 1814 2643 Hebraea

399 2665 506 2727 braeus
532 2666 631 2726 bonae
657 2666 902 2739 existimationis,
929 2669 981 2746 qui
1008 2673 1037 2725 st
1063 2667 1093 2725 in
1147 2687 1207 2725 non
1233 2685 1340 2726 souare
1364 2664 1508 2734 Paulum,
1540 2683 1575 2722 eo
1603 2665 1687 2743 quod
1713 2664 1813 2722 alienun

400 2773 501 2813 eorum
512 2752 772 2832 gratiamaPaulo
785 2751 886 2814 luerat
897 2753 1096 2823 circumcisus,
1148 2755 1293 2813 aratione
1306 2750 1453 2823 videatur,
1469 2759 1509 2819 ut,
1525 2758 1724 2830 posteaquem
1738 2744 1812 2829 appel

399 2848 433 2900 ut
454 2838 582 2902 babetur
605 2840 672 2900 Aut.
697 2841 746 2900 16.
779 2839 848 2900 Non
874 2847 974 2901 tamen
999 2858 1096 2921 usque
1147 2839 1237 2899 lasset
1253 2838 1290 2900 ud
1307 2838 1480 2911 Gaesarem,
1495 2838 1607 2898 iterum
1623 2856 1655 2896 se
1670 2834 1814 2898 inJudaao

402 2929 480 2990 adue
503 2936 586 2988 certa
607 2936 656 2988 est
676 2927 819 2989 oolleotio.
842 2927 921 2988 Nam
945 2928 1094 2989 Graecum
1147 2948 1213 2989 rum
1243 2946 1348 2986 manus
1375 2924 1448 2987 dare
1476 2924 1564 2986 velit:
1595 2945 1656 2985 nou
1678 2922 1813 2991 convincit,

400 3016 525 3078 verbum
554 3035 615 3075 uon
644 3032 711 3074 raro
740 3014 920 3094 generaliter
949 3016 1095 3094 aooipitun
1147 3019 1273 3096 primunr
1297 3014 1370 3092 quia
1390 3012 1466 3073 baeu
1480 3011 1625 3092 Epistola
1639 3007 1813 3072 multisanuit

401 3101 1094 3266 titt.t'²2.l{⁶t;¹lbt‘’titillat:
1148 3094 1814 3268 abluti:tltltlislfftitl

793 3234 804 3264 5
1088 3234 1094 3248 ¹
1808 3221 1815 3253 l

400 3277 489 3338 Unde
514 3276 567 3337 alii
593 3277 755 3336 dimissam
782 3276 962 3357 intelligunt,
988 3275 1095 3349 idest,
1148 3285 1210 3336 tum
1222 3276 1293 3355 quia
1301 3273 1415 3333 Paulus
1423 3272 1610 3336 iudaeorum
1623 3272 1814 3354 perseeutione

402 3363 576 3445 expeditum
592 3385 611 3424 a
625 3364 763 3444 negotiis,
785 3363 895 3445 quibus
912 3362 1024 3424 alieubi
1045 3363 1095 3423 de·
1148 3363 1255 3422 timere
1279 3381 1341 3422 uon
1364 3361 1484 3434 debuit,
1510 3360 1565 3421 ubi
1592 3361 1706 3422 iruotua
1727 3359 1816 3440 potenti

400 3459 503 3514 tentus
532 3451 639 3512 fuerat.
690 3451 860 3529 Utriusque
890 3450 1097 3511 commentarii
1149 3448 1270 3528 sperari.
1295 3447 1338 3509 Ut
1353 3448 1428 3509 illud
1444 3448 1532 3509 etiam
1549 3447 1670 3521 addam,
1692 3439 1815 3527 Apostoli

401 3540 602 3601 meminerunt
630 3538 806 3616 interpretes
837 3537 957 3599 Graeci.
1001 3538 1096 3598 Porro
1150 3555 1202 3598 ose
1225 3534 1402 3616 prudentiae
1423 3533 1534 3609 fuisse,
1561 3536 1606 3596 ita
1628 3528 1816 3596 arauiris

402 3627 565 3699 soieudom,
588 3646 658 3705 pro:
681 3629 865 3701 ooqnoaoita,
883 3623 965 3705 quod
980 3622 1096 3685 Graece
1150 3624 1226 3684 daea
1241 3624 1415 3683 conversari
1437 3624 1515 3683 iuter
1536 3620 1652 3694 fideles,
1676 3629 1708 3681 ut
1725 3613 1815 3682 nouis·

403 3720 468 3774 est:
492 3705 669 3790 γινώσκετε,
693 3713 771 3772 verti
787 3714 942 3791 potuisse:
965 3729 1096 3787 coquos·
1150 3709 1208 3771 uile
1230 3710 1260 3770 iu
1284 3729 1389 3770 manus
1413 3710 1542 3770 boatium
1564 3707 1720 3771 inuideret
1747 3706 1816 3765 Pom

402 3802 471 3862 uitia
496 3809 549 3862 aut
574 3802 665 3860 ruitis.
703 3797 895 3879 Quamquam
924 3799 1034 3858 rectius
1064 3817 1098 3857 as
1150 3818 1205 3858 neo
1220 3795 1295 3856 illud
1310 3795 1440 3876 alienjus
1460 3797 1602 3857 momenti
1618 3805 1674 3867 est,
1700 3787 1817 3875 quodob

403 3886 510 3949 babet:
536 3890 727 3963 oopaoaoite,
753 3889 880 3963 aoitot05
909 3886 986 3946 siout
1009 3885 1098 3945 etiam
1147 3885 1214 3961 jieit
1230 3881 1385 3959 Calvinus,
1400 3884 1529 3945 Paulum
1543 3883 1640 3944 solere
1653 3881 1816 3944 Timotheo·

404 3974 497 4035 estin
510 3981 595 4035 textu
611 3972 745 4054 Syriaco.
768 3973 846 4034 Nam
860 3971 988 4035 ludaeis
1003 3979 1097 4032 usus-
1150 3973 1181 4032 in
1203 3972 1264 4031 suis
1290 3971 1438 4048 Epistolis
1460 3969 1618 4052 appellare
1648 3968 1751 4041 tilium,
1775 3979 1816 4026 ue!

403 4060 526 4121 marinis
552 4059 686 4122 iudicare
712 4058 825 4134 voluit,
856 4058 938 4139 quod
965 4057 1098 4120 noudum
1151 4059 1281 4119 fratrem.
1307 4056 1520 4138 Respondetur
1542 4058 1630 4131 euim,
1653 4054 1816 4118 Timotheo!

403 4144 545 4209 solebant
1151 4144 1287 4207 ePanlo
1313 4144 1407 4205 filium
1432 4145 1536 4205 vocari
1566 4145 1599 4204 in
1625 4145 1664 4204 iis
1689 4136 1816 4225 Epitttllt

448 4234 528 4296 (lum
545 4251 607 4312 qao
630 4227 670 4308 (ti
683 4234 814 4296 uuae·
827 4231 964 4314 venem)
986 4231 1098 4295 videbo
1151 4251 1228 4313 quas
1254 4232 1367 4292 Paulus
1393 4229 1432 4292 ad
1462 4251 1530 4292 eum
1559 4230 1676 4305 scribit,
1705 4250 1756 4291 nae
1776 4239 1816 4287 aa·

405 4339 468 4382 ooo.
491 4318 567 4384 Oum
584 4318 647 4394 illo,
669 4319 774 4401 inquit,
797 4321 912 4394 comite,
934 4321 960 4381 si
981 4328 1099 4381 mature
1154 4327 1170 4382 1
1195 4317 1262 4380 Oor.
1286 4321 1333 4394 4.;
1359 4319 1391 4379 in
1416 4317 1543 4379 materis
1566 4325 1668 4378 autem
1695 4309 1817 4399 Epistol}

404 4406 444 4470 ad
465 4427 512 4469 me
534 4410 650 4469 venant
663 4416 716 4469 aut
729 4406 863 4481 redierit,
886 4427 941 4470 vos
959 4408 1099 4481 invisam,
1152 4404 1277 4487 perinde
1298 4413 1332 4465 ut
1354 4404 1418 4479 hio,
1444 4404 1567 4465 fratrem
1590 4403 1749 4486 appellari,
1765 4391 1817 4460 ul

403 4495 518 4575 alioqui
546 4495 612 4556 sine
641 4514 677 4558 eo
707 4494 747 4556 ad
777 4514 832 4556 vos
859 4496 969 4568 iturus,
997 4512 1100 4556 morae
1152 4494 1218 4555 Cor.
1236 4497 1273 4565 1.,
1295 4491 1623 4565 col.1.,1'1·hsss.3.
1645 4501 1676 4553 et
1692 4490 1730 4553 ad
1743 4481 1817 4549 Pau

404 4581 548 4662 longioris
567 4583 738 4663 impatiens.
765 4580 906 4644 Indicant
918 4581 993 4642 baeu
1006 4580 1101 4642 verba
1150 4600 1275 4642 monem.

405 4687 546 4748 maguum
570 4670 601 4729 in
625 4668 720 4730 Paulo
747 4667 927 4730 desiderium
949 4665 1100 4730 invisendi
1195 4671 1244 4730 24.
1274 4666 1419 4728 Salutate
1441 4681 1549 4727 omnes
1569 4667 1762 4744 praepositus
1780 4671 1818 4719 ot·

405 4751 512 4816 fratres
524 4775 594 4817 suos
605 4755 750 4819 Judaeos.
769 4755 851 4816 Hine
862 4757 952 4816 etiam
963 4762 1100 4835 apparet,
1151 4763 1238 4817 atros.
1281 4752 1319 4814 Id
1350 4760 1411 4825 est,
1441 4752 1609 4833 Episoopos
1639 4749 1821 4814 Ecclesiam·

406 4838 536 4902 Paulum
558 4862 619 4903 nou
633 4843 725 4904 lubae
745 4842 886 4915 vinetum,
910 4861 1001 4922 quum
1025 4841 1102 4901 baeo
1152 4843 1283 4903 maxime
1298 4858 1350 4920 per
1365 4837 1516 4901 Judaeum
1532 4847 1564 4899 et
1579 4837 1709 4918 Syriam.

408 4925 566 5006 aeriberet3
592 4950 653 4990 non
675 4931 755 4991 euim
776 4931 911 5002 vinetus,
935 4930 994 4988 etsi
1017 4946 1101 5008 spem
1195 4930 1239 4990 Et
1255 4945 1362 4988 omnes
1376 4932 1510 4988 sanatos.
1532 4924 1571 4987 Id
1587 4934 1642 5002 est,
1658 4941 1756 4986 omnes
1769 4915 1822 4979 ide

406 5011 525 5078 tmen·
543 5013 739 5092 liberationis,
761 5017 804 5078 ita
817 5015 957 5079 absolute
972 5012 1100 5076 diosretz
1152 5015 1206 5091 les,
1222 5016 1275 5097 qui
1286 5012 1368 5095 apud
1378 5030 1434 5075 vos
1445 5020 1523 5074 suut.
1548 5010 1613 5076 cur
1630 5027 1731 5077 oman
1744 5000 1822 5070 ide!
