4442 5825
840 608 989 679 408

838 798 1051 859 agrum
1081 782 1265 841 nostri
1294 780 1492 842 cordis
1530 789 1859 861 occupant,
1904 781 2228 862 impedien-

837 876 927 927 tes
958 874 1234 928 exortum
1258 875 1317 928 et
1344 870 1778 930 incrementum
1801 869 1945 929 boni
1968 868 2229 931 seminis.

840 956 953 1015 Est
983 955 1140 1014 enim
1176 956 1237 1014 in
1281 955 1395 1015 hac
1439 957 1766 1036 apostolica
1812 955 2228 1017 exhortatione

837 1042 1185 1119 metaphora
1229 1041 1306 1102 ab
1350 1043 1627 1123 agricolis
1680 1051 1947 1122 sumpta,
2002 1044 2108 1123 qui
2154 1063 2230 1105 ex

837 1128 999 1207 agris
1018 1129 1401 1190 conserendis
1418 1130 1512 1191 vel
1530 1132 1711 1191 etiam
1728 1130 1993 1203 consitis,
2025 1129 2227 1212 quoad

836 1224 1119 1295 possunt,
1171 1214 1385 1276 herbas
1431 1218 1685 1278 vitiosas
1732 1218 2101 1296 exstirpant,
2140 1217 2226 1277 la-

836 1300 1042 1382 pides,
1097 1310 1163 1362 et
1192 1303 1491 1383 quidquid
1532 1302 1874 1378 sordidum,
1926 1303 2136 1364 inutile
2168 1312 2234 1364 et.

836 1390 1083 1449 noxium
1112 1397 1233 1461 est,
1264 1388 1561 1452 auferunt.

924 1477 1009 1538 In
1064 1478 1557 1540 mansuetudine
1612 1480 1907 1555 suscipite
1962 1480 2232 1539 insitum

841 1562 1115 1625 verbum.
1182 1564 1707 1627 Mansuetudinem
1736 1564 1987 1645 opponit
2014 1566 2143 1625 irae
2170 1573 2233 1625 et

842 1652 1230 1713 contentioni.
1308 1652 1618 1727 Insitum,
1672 1651 1902 1713 Graece
1934 1644 2228 1730 ἔμφυτον,

836 1757 1053 1799 nomen
1084 1749 1206 1813 est,
1235 1759 1293 1799 ιι
1300 1761 1355 1800 ιιι
1386 1740 1803 1819 participium,
1833 1741 2009 1820 quasi
2032 1738 2228 1800 dicat:

836 1827 1193 1888 insititium.
1268 1826 1457 1887 Recte
1515 1834 1715 1888 tamen
1769 1825 2234 1907 participialiter

839 1913 1183 1992 exponitur.
1259 1912 1481 1974 Scribit
1531 1915 1683 1974 enim
1745 1912 1821 1972 ad
1875 1913 2115 1986 fideles,
2168 1914 2232 1973 in

840 2018 1091 2081 quorum
1124 1998 1402 2061 cordibus
1438 2000 1565 2078 jam
1612 2001 1967 2061 seminatum
1998 2008 2061 2061 et
2087 2000 2230 2062 iusi·

840 2094 963 2146 tum
994 2096 1125 2147 erat
1157 2087 1580 2167 Apostolorum
1618 2085 2068 2167 praedicatione
2096 2106 2226 2148 ver-

838 2173 981 2235 bum
1012 2174 1161 2249 D013
1192 2194 1342 2256 qnos
1370 2176 1645 2236 hortatur
1666 2173 1743 2235 ad
1775 2174 1909 2252 ejus
1939 2172 2230 2235 audiendi

842 2271 903 2321 et
933 2260 1299 2340 suscipiendi
1322 2262 1736 2323 assiduitatem
1754 2306 1769 2334 ,
1802 2280 1923 2339 quo
1953 2263 2232 2322 nimirum

838 2348 1009 2410 firma
1036 2348 1246 2409 radice
1288 2348 1569 2423 haereat,
1610 2348 1992 2427 fructumque
2032 2347 2230 2409 multi-

838 2434 1051 2516 plicem
1090 2434 1347 2509 referat,
1392 2444 1699 2518 tamquam
1746 2435 1911 2515 quod
1955 2433 2235 2496 inciderit

843 2523 905 2583 in
936 2528 1152 2583 terram
1184 2522 1419 2597 bonam,
1442 2526 1623 2604 juxta
1651 2522 2001 2603 parabolam
2032 2523 2232 2583 Evan-

841 2609 1095 2690 gelicam
1128 2610 1339 2671 Matth.
1378 2612 1473 2671 13.
1538 2610 1843 2689 Praecipit
1873 2616 2111 2682 autem,
2164 2618 2236 2669 ut

840 2715 981 2757 cum
1012 2699 1503 2759 mansuetudine
1549 2698 1813 2758 verbum
1858 2698 2231 2773 excipiant,

842 2784 1019 2863 quia,
1072 2784 1229 2844 sicut
1256 2785 1659 2847 contentionis
1701 2782 1965 2845 studium
2006 2782 2234 2844 indoci-

840 2871 934 2931 les
963 2868 1189 2946 reddit,
1220 2871 1306 2933 ita
1334 2870 1737 2933 mansuetudo
1769 2869 2027 2945 dociles,
2064 2890 2231 2951 prae·

842 2958 1043 3018 sertim
1077 2959 1158 3020 ad
1189 2979 1292 3030 ea,
1320 2979 1479 3042 quae
1507 2967 1747 3038 captum
1786 2959 2017 3037 ingenii
2047 2959 2233 3018 nostri

844 3054 1147 3126 superant.
1220 3047 1387 3108 Hinc
1415 3046 1694 3108 Salvator
1741 3066 1810 3108 se
1852 3048 2099 3108 missum
2146 3055 2233 3108 te·

842 3140 1035 3193 statur
1064 3133 1143 3194 ad
1174 3134 1652 3197 annuntiandum
1675 3133 2011 3196 mansuetis
2032 3134 2230 3194 Evan-

842 3220 1099 3301 gelium,
1132 3219 1264 3284 Jes.
1298 3224 1398 3284 61.
1467 3221 1768 3284 Convenit
1798 3241 1927 3281 cum
1956 3219 2072 3280 hoc
2103 3219 2235 3282 loco

843 3317 1233 3389 praeceptum
1264 3310 1686 3372 Ecclesiastici
1716 3309 1807 3369 5.=
1851 3309 2006 3369 Esto
2044 3327 2235 3370 man-

844 3401 1055 3456 suetus
1099 3397 1188 3456 ad
1229 3398 1623 3458 audiendum
1670 3397 1928 3458 verbum
1964 3396 2119 3473 Dei,
2164 3403 2238 3456 ut

840 3484 1179 3559 intellimus.
1242 3482 1507 3564 Quidam
1541 3486 1795 3563 scriptor
1822 3475 2096 3561 ἔμφυτον
2127 3475 2238 3542 λό-

846 3587 950 3647 γον
980 3570 1434 3652 interpretatur:
1481 3575 1741 3633 insitam
1773 3573 2125 3647 rationem,
2175 3571 2236 3632 id

845 3665 940 3719 est
982 3659 1257 3721 naturale
1307 3661 1509 3720 lumen
1570 3659 1853 3735 rationis:
1906 3656 2012 3719 sed
2060 3659 2236 3732 male,

843 3764 965 3807 non
1011 3746 1324 3808 attendens
1375 3746 1454 3807 ad
1507 3747 1769 3826 phrasim
1816 3746 2239 3826 apostolicam·

843 3832 1103 3894 maxime
1126 3852 1259 3894 cum
1286 3836 1493 3895 tamin
1518 3833 2031 3914 praecedentibus,
2056 3854 2236 3913 quam

844 3921 909 3981 in
930 3921 1439 3996 consequentibus
1459 3921 1640 3998 huius
1664 3921 1899 4001 capitis,
1922 3940 2033 3997 per
2056 3913 2239 3998 λόγον

847 4003 1221 4086 intelligetur
1247 4009 1505 4070 verbum
1532 4009 1877 4084 Evanyelii
1896 4009 2238 4086 praedica-

844 4100 980 4156 tum
999 4137 1020 4168 ,
1049 4112 1173 4156 nou
1199 4097 1369 4156 ratio.
1414 4095 1660 4156 Deinde
1696 4096 1849 4156 ratio
1878 4116 1999 4156 non
2031 4097 2236 4156 inseri-

842 4187 959 4253 tur,
990 4181 1099 4241 sed
1130 4184 1545 4258 connascitur3
1575 4190 1640 4241 at
1678 4173 1861 4242 verbo
1886 4183 2236 4263 evangelico

842 4265 1147 4348 proprium
1178 4275 1271 4330 est
1300 4269 1517 4344 inseri,
1553 4267 2049 4350 quemadmodum
2078 4269 2239 4331 bene

844 4351 1111 4416 declarat
1140 4353 1489 4434 cajetanus.

932 4441 1119 4522 Quod
1144 4449 1351 4520 potest
1390 4441 1643 4503 salvare
1688 4442 1943 4503 animas
1978 4449 2236 4503 vestras.

842 4525 923 4589 ld
966 4535 1063 4588 est
1104 4526 1183 4591 ad
1230 4537 1538 4591 aeternam
1590 4527 1840 4588 salutem
1894 4527 2236 4606 perducere.

842 4615 1123 4678 Praestat
1180 4613 1239 4678 id
1311 4613 1559 4678 verbnm
1631 4613 2043 4692 evangelicum
2118 4613 2238 4676 fide

779 4732 780 4736 ¹
843 4707 1221 4780 mmm,
1269 4704 1321 4764 si
1353 4710 1553 4760 tamen
1589 4697 1665 4760 ad
1696 4718 1827 4760 eam
1858 4719 2036 4780 opera
2068 4719 2236 4761 acce-

1076 4824 1080 4832 .
1116 4836 1122 4840 .
1207 4819 1333 4865 .1...-
1369 4816 1405 4847 ,ι
1441 4784 1619 4860 tis:
1645 4783 1805 4846 sicut
1832 4783 2012 4846 docet
2038 4785 2239 4847 verbis

1303 4865 1305 4871 ’
1364 4888 1541 4954 ...2¹³⁵'‘
1593 4888 1724 4948 seq.
1770 4889 1898 4950 cap.
1972 4869 2073 4930 Ex
2120 4871 2238 4932 hac

1870 600 2334 659 MARIUS
2367 603 2434 659 m
2467 604 2599 659 CAP.
2633 604 2672 659 1.

2336 781 2456 843 Dei
2507 782 2742 843 visione
2793 782 3096 857 consistit,
3151 781 3428 861 quamvis
3459 802 3509 843 a:

2337 868 2688 948 corporibus
2709 868 2996 929 redditas.
3041 869 3136 929 Ita
3155 869 3224 929 B.
3239 868 3454 930 Petrus
3477 872 3508 929 1

2340 959 2425 1015 1.:
2479 958 2902 1032 Repertantes
2945 957 3136 1033 finem
3175 956 3328 1032 fidei
3357 962 3509 1017 vestr

2337 1043 2528 1105 lutem
2559 1046 2949 1105 animarum.
3019 1042 3406 1123 Quamquam
3445 1042 3509 1105 ni

2337 1138 2452 1201 tat,
2499 1137 2561 1191 ot
2589 1130 2758 1189 illum
2791 1131 3018 1205 locum,
3064 1140 3127 1190 et
3155 1128 3321 1191 hunc
3351 1149 3509 1210 praet

2339 1217 2593 1297 intelligi
2617 1217 2690 1277 dc
2713 1216 2920 1289 salute,
2941 1236 3098 1298 quae
3121 1216 3224 1277 hic
3247 1217 3502 1278 habetur

2425 1305 2526 1365 22.
2572 1306 2789 1366 Estote
2834 1312 3047 1365 autem
3083 1306 3369 1382 factores
3413 1322 3509 1365 ver

2337 1409 2474 1452 non
2504 1391 2829 1452 auditores
2857 1399 3128 1453 tantum
3204 1390 3390 1451 Redit
3418 1388 3494 1453 sd

2337 1478 2563 1538 tionem
2599 1479 2934 1558 praecepti:
2979 1479 3177 1539 Velox
3199 1478 3292 1538 ad
3313 1478 3508 1539 audie

2336 1573 2691 1645 monetque,
2736 1584 2857 1625 non
2889 1566 3038 1626 satis
3067 1583 3220 1637 esse,
3249 1566 3302 1623 si
3336 1566 3472 1645 quis
3499 1586 3509 1623 ι

2335 1654 2414 1711 sit
2455 1652 2659 1724 verbi,
2713 1652 3156 1730 quantumlibet
3203 1652 3393 1713 velox
3435 1659 3498 1711 et

2336 1747 2506 1820 ptus:
2539 1740 2658 1799 nisi
2689 1746 2752 1798 et
2778 1738 3070 1800 factorem
3103 1758 3174 1799 se
3202 1738 3509 1811 exhibeat,

2339 1827 2515 1885 factis
2547 1832 2918 1905 exsequatur
2949 1846 3053 1899 ea,
3086 1845 3248 1893 uuae
3271 1825 3509 1887 verbum

2336 1911 2595 1994 gelicum
2648 1910 2923 1973 facienda
2973 1911 3170 1974 docet.
3237 1912 3416 1974 Haec
3461 1911 3509 1973 d·

2337 1999 2586 2079 pulchre
2631 2008 2924 2060 consonat
2967 2019 3100 2059 cum
3149 2020 3256 2073 ea,
3321 2019 3498 2077 quam

2338 2085 2567 2147 Paulus
2595 2088 2764 2147 Rom.
2800 2090 2888 2160 2.,
2930 2094 3054 2147 tum
3099 2087 3221 2148 illis
3252 2088 3509 2167 praecipi

2336 2173 2462 2234 bis:
2495 2176 2641 2236 Non
2671 2176 2998 2235 auditores
3019 2174 3174 2250 ἱερὴ
3193 2177 3357 2249 justi
3376 2182 3509 2235 suat

2340 2262 2546 2321 Deum
2563 2284 2587 2337 ,·
2631 2261 2737 2320 sed
2780 2263 3061 2340 factores
3105 2263 3261 2338 leqt's
3280 2262 3509 2338 justitie

2340 2355 2486 2424 tur,-
2533 2356 2658 2407 tom
2702 2347 2938 2429 reliquo
2979 2349 3210 2429 capite,
3265 2347 3508 2410 Judaeo

2341 2433 2578 2515 pellans
2637 2430 2911 2516 (perinde
2955 2444 3026 2495 ut
3083 2435 3182 2496 hic
3238 2434 3289 2497 J
3292 2435 3506 2495 acobns

2339 2522 2750 2601 gloriabantur
2795 2524 2858 2583 in
2904 2521 3042 2602 lege
3093 2530 3404 2603 tamquam
3445 2542 3509 2581 ιιιι

2341 2629 2454 2671 nec
2484 2628 2616 2669 eam
2649 2609 2992 2671 servabant.

2427 2696 2597 2757 Sicut
2624 2705 2824 2757 autem
2858 2694 2962 2755 illo
2985 2695 3119 2757 loco
3141 2694 3374 2757 Paulus
3396 2714 3509 2775 pra«

2339 2784 2619 2844 lectorem
2667 2783 2960 2844 adversus
3003 2784 3228 2843 malam
3273 2781 3509 2862 intellig

2342 2870 2675 2942 doctrinae,
2729 2890 2914 2950 quam
2957 2880 3087 2932 erat
3131 2868 3465 2931 traditurus
3501 2894 3509 2924 ι

2342 2960 2473 3019 sine
2505 2958 2787 3061 operibus
2809 2959 3213 3039 justificante:
3243 2959 3333 3019 ita
3361 2958 3432 3019 B.
3459 2955 3509 3018 J:

2342 3046 2437 3106 hic
2466 3053 2529 3106 et
2555 3047 2615 3105 iu
2647 3046 3042 3126 sequentihus
3080 3066 3336 3128 pravum
3367 3043 3509 3106 intel

2344 3131 2613 3213 ejusdem
2637 3131 2948 3194 doctrinae
2968 3134 3268 3196 Paulinae
3290 3131 3509 3211 corrigi!

2344 3222 2422 3283 de
2470 3238 2536 3279 re
2579 3221 2811 3300 egimus
2863 3222 2924 3281 in
2982 3222 3381 3300 praefatione.
3443 3217 3509 3279 131

2345 3314 2626 3381 annotat,
2678 3308 2740 3367 in
2772 3305 3024 3370 Graecis
3067 3307 3378 3371 codicibus
3415 3327 3452 3367 a
3491 3323 3509 3366 ι

2343 3414 2461 3456 ιιοιι
2491 3394 2700 3454 haberi
2732 3395 3123 3474 particulam:
3169 3402 3458 3470 tantum,
3485 3413 3509 3452 s

2345 3484 2404 3542 iu
2435 3481 2666 3543 Latinis
2689 3480 3220 3545 emendatioribus.
3267 3482 3454 3563 Atqui
3475 3501 3509 3542 e

2343 3579 2462 3631 tam
2494 3568 2738 3643 Graeci,
2792 3588 2974 3649 quam
3007 3570 3250 3644 Latini,
3297 3571 3402 3652 qui
3427 3570 3487 3630 in

2344 3665 2485 3719 sunt
2513 3657 2790 3718 manibus
2808 3702 2822 3729 ,
2854 3666 3201 3720 constanter
3230 3657 3472 3740 legunt:

2346 3745 2594 3826 quidem
2625 3744 2742 3805 hoc
2771 3743 3007 3806 ordine:
3060 3755 3118 3807 et
3147 3764 3288 3808 non
3333 3749 3509 3806 tantu

2347 3833 2595 3894 ditores.
2643 3831 2822 3910 Quod
2853 3833 2907 3892 si
2935 3831 3097 3893 forte
3126 3832 3458 3914 Apostolus
3481 3851 3509 3892 ιι

2347 3920 2578 4002 pressit,
2607 3918 2772 3980 haud
2802 3918 2984 3980 dubie
3013 3927 3216 3980 tamen
3241 3917 3498 4000 intelligi

2432 4007 3202 4082 Fallentesvosmets’psos.
3245 4006 3509 4070 Graece:

2347 4084 2724 4172 λογιζόμενοι
2754 4085 3049 4170 ἑαυτοὺς,
3077 4095 3509 4172 ραηιῑορίεαι

2345 4184 2544 4259 ipsos,
2592 4179 2652 4240 id
2683 4189 2776 4242 est
2810 4181 3097 4260 captiosis
3125 4179 3488 4261 quibusdam

2345 4268 2496 4330 culis
2556 4287 2637 4327 ex
2696 4268 3006 4348 Scriptura
3067 4267 3168 4329 vel
3221 4267 3472 4330 aliunde

2343 4362 2578 4416 vosmet
2604 4356 2772 4434 ipsos
2803 4354 3204 4436 illaqueantes
3233 4363 3424 4436 atque
3445 4351 3509 4414 ἦ

2344 4441 2744 4522 sophistarum
2775 4461 2955 4502 more.
3017 4441 3364 4504 Utebantur
3391 4449 3509 4503 aut!

2342 4537 2434 4590 ter
2462 4528 2616 4588 alias
2635 4574 2648 4596 ,
2679 4528 2796 4589 hac
2823 4528 3160 4606 Scriptura:
3207 4527 3500 4591 credide

2343 4618 2488 4677 ham
2524 4617 2692 4690 Deo,
2748 4623 2809 4676 et
2836 4623 3204 4692 reputatum
3253 4623 3346 4677 est
3387 4615 3492 4676 tm

2342 4705 2596 4765 stitiam.
2656 4703 2810 4764 Nam
2843 4710 3256 4782 argumentum
3291 4721 3370 4766 ex
3401 4721 3509 4766 οι·

2343 4798 2505 4872 ptum
2537 4789 2714 4850 solvit
2743 4809 2872 4871 cap.
2904 4792 3202 4869 sequenti.

2431 4877 2532 4936 23.
2579 4879 2780 4955 Quia,
2833 4879 2886 4938 st·
2931 4879 3072 4954 quis
3113 4877 3384 4940 auditor
3425 4881 3509 4938 d

1364 4930 1370 4936 ἱ
1581 4977 1637 5017 *¹¹
1654 4961 2091 5036 “sumonssum
2116 4977 2238 5017 tm·
2347 4971 2406 5024 et
2425 4981 2561 5024 non
2580 4966 2811 5042 factor.
2859 4962 3112 5024 Poterat
3125 4962 3509 5046 Apostolus.

1445 5078 1473 5089 .,
1605 5041 1641 5089 υ
1666 5039 1947 5116 salutem
1990 5059 2149 5124 quae
2176 5043 2242 5108 ln
2346 5051 2810 5114 comminatione
2857 5049 3192 5134 percellere
3239 5069 3380 5132 ees,
3429 5067 3509 5138 q·
