4442 5825
393 587 465 657 m
898 580 1137 662 couusmirrus
1154 583 1186 636 ru
1203 581 1269 638 car.
1286 582 1336 638 us
1373 583 1402 623 ϊ
1529 601 1537 615 ·

390 765 522 818 scemam
534 757 734 838 allegoricam,
748 765 776 818 et
784 757 978 832 considerate,
991 777 1084 837 queu-
1140 760 1248 839 pletnm
1271 758 1403 821 studiose
1422 758 1608 838 adjunctum.
1630 758 1706 822 Sic(

391 852 440 907 tus
454 846 492 906 sit
505 845 735 918 Melchisedech,
757 846 898 907 videlicet
919 848 951 905 iu
965 855 1088 926 typo-et
1139 849 1229 907 citur:
1246 849 1306 909 Gai
1320 855 1350 906 ct
1365 847 1501 908 decimae
1511 846 1706 908 Abrabam-c

391 931 623 1012 signification03
634 940 667 992 nt
679 935 731 1012 qai
741 934 799 1012 ipsi
811 935 902 994 etiam
913 930 1085 994 Abrahamo
1135 937 1329 1010 praecipuis,
1353 935 1406 994 ille
1421 934 1616 1010 patriarcba.
1638 933 1706 994 Non

391 1018 528 1080 rideatur
551 1019 710 1099 praelatus.
736 1021 806 1081 Hae
826 1021 903 1080 enim
927 1027 981 1092 est,
1004 1020 1085 1100 quod
1138 1023 1307 1096 triarchas,
1329 1022 1355 1080 si
1377 1031 1502 1100 etymon
1524 1028 1649 1100 spectes,
1673 1038 1706 1079 eo

391 1107 544 1186 requitur:
1136 1116 1262 1184 patrem
1287 1110 1466 1184 prinoipem
1474 1152 1484 1181 ,
1509 1105 1564 1166 hoc
1588 1115 1642 1178 est,
1669 1125 1706 1168 eu

435 1193 494 1254 Oui
517 1200 546 1253 et
567 1192 703 1253 decimae
728 1193 815 1253 dedit
840 1192 878 1252 de
902 1193 1087 1269 praecipuis
1138 1215 1198 1254 nou
1211 1194 1494 1273 quomodocumque
1508 1201 1595 1272 pater
1610 1202 1667 1266 est,
1683 1212 1706 1252 er

391 1278 552 1340 Abrabam
574 1280 775 1340 Patricrcba.
798 1280 943 1340 Erasmus
957 1286 987 1338 et
1001 1279 1083 1341 Heu·
1138 1300 1209 1362 ceps
1225 1281 1352 1360 alicujus
1371 1279 1505 1340 familiae
1521 1298 1577 1343 sca
1592 1284 1706 1359 cogunt}

390 1368 488 1427 tonius
502 1374 640 1427 vertunt:
662 1368 701 1427 dc
715 1367 841 1444 spoliis,
860 1365 1085 1445 Theophylacti
1138 1387 1171 1427 se
1195 1369 1333 1447 genitae,
1359 1376 1412 1427 aut
1432 1375 1565 1444 patrum
1586 1368 1706 1444 princip

390 1452 550 1534 interpres:
573 1450 802 1530 deprimitis,
826 1450 976 1534 quomodo
996 1454 1085 1511 etiam
1138 1463 1192 1528 est,
1216 1472 1292 1525 eum,
1315 1474 1430 1534 exque
1454 1464 1556 1534 patres
1571 1453 1628 1512 orti
1643 1464 1706 1513 eunt

390 1539 465 1621 legit
485 1540 672 1618 Augustinus
693 1539 745 1601 lib.
764 1542 812 1600 10.
836 1538 874 1599 de
897 1537 974 1599 Gen.
996 1537 1035 1598 ad
1050 1537 1084 1597 li·
1138 1540 1217 1601 duae
1227 1543 1488 1622 interpretationes
1500 1542 1556 1601 etsi
1570 1537 1706 1620 parumd

390 1635 483 1688 teram
498 1646 564 1706 cap.
583 1630 629 1690 19.
643 1626 760 1688 Graeca
775 1647 837 1687 vox
852 1617 1013 1702 ἀκροθίνια
1026 1627 1083 1705 sig·
1138 1629 1286 1707 posterior
1308 1639 1408 1689 umen
1430 1629 1527 1707 magis
1544 1625 1667 1687 ridetur
1681 1647 1706 1688 cs

390 1714 494 1775 nificat
513 1715 687 1794 praecipua,
711 1732 792 1793 quae
810 1715 928 1773 siveex
937 1710 1085 1792 frugibus,
1138 1734 1196 1775 nee
1210 1715 1379 1796 scripturis
1403 1716 1481 1773 Nem
1500 1714 1598 1774 lPar.
1611 1717 1653 1786 8.,
1668 1712 1706 1772 ub

390 1803 457 1864 cive
478 1819 518 1861 ex
540 1801 644 1882 spoliis
665 1800 734 1861 Deo
754 1799 851 1861 solent
872 1799 987 1876 offerri3
1010 1809 1084 1858 tam·
1138 1809 1240 1861 textus
1255 1801 1359 1862 habet:
1386 1803 1431 1861 Hi
1450 1802 1658 1877 patriarchae
1673 1807 1705 1860 et

391 1887 448 1949 etei
468 1887 603 1947 nonnulli
622 1895 737 1967 putant,
760 1886 800 1947 ad
823 1907 861 1947 ea
882 1887 1002 1966 proprie
1019 1905 1084 1966 per·
1137 1890 1262 1949 tionum
1283 1892 1455 1966 principer,
1477 1890 1533 1966 qni
1554 1887 1706 1947 babitans

391 1976 495 2048 tinere,
520 1993 599 2053 quae
614 1983 735 2054 propter
753 1973 958 2034 liberationem
974 1991 992 2031 e
1007 1973 1083 2051 peri·
1137 1976 1334 2049 Jemsalem,
1359 1976 1390 2035 in
1405 1975 1550 2035 Hebraeo
1564 1973 1694 2053 iegitur:

391 2060 459 2120 enlo
474 2063 615 2142 quopiam
638 2062 823 2121 oderantur..
840 2057 917 2120 (lum
935 2060 1085 2119 antemio
1135 2064 1207 2138 pita
1217 2070 1360 2138 patrum,
1371 2061 1630 2137 concretionibus
1642 2065 1706 2121 sucis

392 2147 504 2210 Generi
518 2147 636 2227 legatur
651 2147 802 2208 Abraham
817 2146 938 2209 dedisse
953 2144 1085 2207 decimes
1138 2148 1200 2209 Sed
1226 2157 1258 2209 et
1281 2151 1313 2210 in
1337 2147 1587 2229 praecedentibus
1614 2147 1705 2224 ejusd

392 2253 430 2297 cx
446 2236 591 2308 omuibus,
613 2234 693 2316 qnod
709 2245 738 2296 et
752 2235 801 2295 hic
816 2233 907 2315 paulo
924 2242 994 2294 ante
1009 2231 1086 2292 dixit
1137 2235 1213 2296 haec
1234 2236 1400 2316 appellatio
1423 2253 1515 2315 saepe
1534 2235 1687 2313 repetitur,

390 2321 565 2403 Apostolus,
576 2340 655 2383 uunc
666 2323 759 2383 dicit:
774 2341 812 2383 cc·
823 2322 1018 2398 praecipuis,
1032 2339 1083 2379 ex·
1138 2321 1250 2383 delicet
1272 2327 1380 2400 eapite
1399 2330 1531 2399 patrum
1552 2321 1702 2391 dicuntur,

390 2408 523 2491 plicandi
538 2409 628 2470 simul
643 2406 885 2490 etamplitieandi
900 2426 999 2467 cansa
1014 2405 1085 2466 Non
1139 2409 1286 2470 miliarum
1312 2418 1384 2469 eunt
1409 2411 1570 2489 principes
1604 2407 1695 2469 Unde

391 2499 471 2558 enim
486 2515 591 2557 sensas
607 2505 662 2569 est,
677 2496 828 2558 Abraham
842 2495 988 2573 selegisse
1000 2511 1085 2572 prae
1138 2497 1203 2556 loco
1225 2516 1278 2576 pro
1297 2498 1488 2573 patriarche
1502 2496 1600 2575 Syrus
1619 2496 1706 2575 interp

391 2585 491 2664 cipue,
513 2602 592 2663 quae
613 2583 748 2644 habehat
762 2586 794 2643 in
812 2581 924 2662 spoliis,
948 2588 980 2639 et
995 2599 1034 2639 ex
1049 2579 1086 2638 iis
1139 2584 1213 2643 suit:
1230 2592 1327 2661 caput
1338 2591 1480 2662 patruum.

390 2671 565 2753 praecipuis
580 2668 725 2730 decimam
741 2678 856 2749 partem
878 2665 997 2727 dedisse
1011 2665 1085 2726 Mel·
1182 2669 1259 2731 Cum
1281 2672 1375 2750 igitur
1394 2671 1483 2730 Isaac
1506 2678 1538 2728 et
1558 2669 1666 2742 Jacob,
1692 2688 1706 2731 e

392 2757 549 2818 chisedech
575 2750 658 2832 (uam
679 2756 736 2817 hoc
757 2763 846 2835 pacto
870 2774 931 2814 non
956 2754 1085 2813 omnium
1139 2756 1294 2818 duodecim
1319 2758 1374 2818 tilii
1400 2765 1545 2816 vocantur
1571 2758 1705 2834 patrierc

392 2843 555 2925 spoliorum
571 2842 701 2904 decimas
713 2837 871 2916 dodisset),
893 2840 949 2900 sed
963 2860 1019 2921 pro
1035 2841 1086 2900 de·
1138 2844 1204 2904 Aet.
1222 2846 1260 2918 7.,
1282 2846 1353 2906 item
1369 2842 1471 2904 David
1485 2843 1554 2904 Act
1572 2848 1609 2916 t,
1625 2842 1706 2903 eadsi

392 2933 477 2991 cimir
508 2931 637 3011 elegisse
666 2949 706 2990 ex
735 2930 842 3011 spoliis
869 2930 1033 3010 praecipua
1057 2937 1088 2987 et
1138 2932 1278 2993 voeebali
1302 2931 1480 3012 significatio
1503 2931 1705 2991 retinendae

391 3019 658 3100 praestantissima,
680 3036 759 3097 quae
780 3014 875 3076 daret.
897 3013 934 3074 Id
956 3015 1036 3075 enlm
1058 3021 1087 3073 et
1140 3020 1286 3080 nonenim
1303 3019 1334 3079 hi
1357 3019 1576 3098 propagatione
1591 3018 1706 3097 generis

392 3113 500 3187 postea
514 3105 545 3165 in
560 3105 628 3184 lege
642 3112 835 3185 praeceptam
850 3103 916 3175 fait,
936 3120 991 3181 pro
1006 3100 1086 3161 dcci·
1139 3125 1205 3166 rnm
1220 3115 1338 3184 patrum
1353 3106 1503 3186 principes
1514 3113 1545 3164 et
1557 3107 1659 3183 capita
1674 3103 1705 3163 fa

391 3194 447 3253 mis
461 3191 583 3253 meliora
597 3189 754 3274 seligenda
768 3210 844 3263 csse,
866 3189 956 3249 ilum.
974 3191 1022 3249 18.
1139 3192 1200 3253 Sed
1215 3191 1357 3253 Abrahae
1379 3212 1452 3273 prae
1474 3192 1542 3252 aliis
1566 3190 1641 3251 illud
1659 3211 1706 3256 noi

437 3278 515 3340 Nam
532 3279 592 3339 ¹etsi
614 3278 673 3358 legi
695 3276 899 3350 satisfaceret,
925 3276 980 3355 qui
1002 3273 1088 3334 daret
1140 3279 1286 3350 scribitur,
1309 3281 1450 3359 quoniam
1474 3281 1549 3338 inter
1572 3288 1684 3356 patrea,

392 3363 537 3427 decimam
547 3365 710 3427 secundum
718 3366 833 3445 juetam
841 3363 1087 3434 aestimationem,
1139 3368 1260 3427 nomine
1279 3366 1391 3429 ,ludaei
1414 3364 1590 3445 gloriantur,
1612 3364 1706 3426 Abra}

392 3459 493 3515 umen
515 3453 637 3534 pietatis
657 3460 730 3525 erat,
753 3472 790 3513 ac
812 3458 967 3531 promptae
982 3449 1088 3508 volan·
1138 3471 1260 3534 promus
1275 3462 1330 3525 est,
1353 3452 1493 3532 idemque
1511 3454 1703 3532 praecipuus.

393 3543 473 3613 tatis,
495 3539 621 3601 meliora
641 3537 729 3614 dare3
751 3539 926 3619 praesertim
949 3538 1020 3616 quia
1039 3554 1086 3594 ca·
1141 3554 1245 3600 sensus
1261 3539 1400 3619 Apostoli
1416 3548 1478 3599 est:
1498 3538 1692 3619 Perpendite,

392 3626 526 3688 rendum
543 3628 661 3687 omnino
676 3633 748 3697 crat
764 3645 801 3685 ne
817 3624 967 3685 deteriora
983 3622 1086 3681 deren·
1140 3628 1180 3687 sit
1194 3625 1255 3697 ille,
1271 3628 1334 3699 cui,
1346 3634 1496 3704 tamquam
1513 3627 1569 3685 Dei
1585 3625 1706 3686 Sacerdi

393 3721 449 3773 tur.
471 3714 541 3774 Hoc
555 3713 633 3773 enim
651 3712 820 3790 injustitiae
835 3730 870 3770 ae
886 3707 1087 3769 defraudatio·
1140 3732 1218 3792 gnus
1244 3712 1306 3772 ille.
1320 3712 1507 3794 patriarches
1528 3711 1683 3773 Abraham

392 3800 442 3862 nie
456 3802 570 3862 odmen
591 3798 707 3859 inisset
729 3797 864 3858 Medium
879 3804 989 3867 eutem,
1006 3793 1087 3875 quod
1140 3798 1307 3860 liberaliter
1336 3799 1459 3874 obtulit,
1493 3800 1624 3878 ipsaque
1654 3798 1706 3860 dee

391 3885 677 3967 neque-excederet,
697 3904 798 3965 neque
814 3885 963 3957 deficeret,
979 3890 1089 3943 exacte
1141 3884 1290 3946 oblatione
1310 3888 1452 3947 minorem
1477 3902 1509 3944 se
1531 3885 1583 3945 illo
1606 3885 1706 3965 proies

392 3975 528 4036 invenire
543 3972 662 4034 difficile
677 3981 751 4034 erat
775 3971 926 4032 Abraham
942 3988 1023 4042 vero,
1039 3970 1089 4049 qui
1141 3981 1234 4052 atque
1248 3973 1318 4033 hinc
1333 3973 1475 4052 colligite,
1495 3973 1585 4032 etiam
1601 3972 1706 4033 sacerd

394 4069 465 4122 ente
486 4061 583 4141 legem
609 4058 682 4131 fnit,
709 4079 770 4140 qua
795 4060 885 4120 animi
909 4055 1089 4117 liberalitate
1142 4069 1219 4120 atros
1235 4059 1397 4134 Leviticae,
1420 4080 1458 4120 ex
1478 4058 1630 4120 Abrabam
1655 4080 1706 4139 pra

394 4147 525 4209 decimas
541 4145 630 4217 dedit,
654 4146 721 4225 lege
735 4165 794 4205 non
809 4146 959 4220 astrictus,
982 4143 1089 4203 eadem
1142 4144 1249 4207 eodem
1272 4144 1491 4207 Melchisedech
1518 4145 1706 4207 inferiores·

393 4256 447 4316 pro
459 4234 584 4295 decimis
596 4232 708 4294 obtulit
718 4252 756 4292 ac
768 4232 850 4291 dedit
861 4232 1089 4312 praestantiora.
1142 4230 1266 4313 proinde
1281 4233 1478 4293 sacerdotium
1495 4233 1612 4303 Christi,
1629 4236 1706 4313 cuju:

394 4322 520 4384 Meum
543 4319 622 4380 hunc
647 4319 794 4380 indicarit
816 4318 914 4398 Syrus
936 4319 1089 4397 interpres,
1141 4320 1235 4400 gessit
1257 4319 1488 4391 Melchisedech,
1512 4318 1680 4380 sacerdotio
1703 4324 1706 4380 J

393 4408 514 4493 quande
528 4409 638 4468 vertit:
653 4408 791 4467 decimae
806 4411 836 4463 et
847 4406 1020 4481 primitias,
1037 4421 1088 4463 ex·
1141 4407 1232 4485 longe
1247 4405 1437 4484 praecellere.
1463 4406 1534 4466 Huc
1550 4407 1629 4470 enim
1644 4414 1706 4467 tenc

395 4496 508 4577 agetius
538 4495 777 4574 conjunctionem
805 4491 971 4571 accipiens,
1001 4490 1090 4570 quusi
1143 4493 1211 4553 stoli
1226 4490 1396 4574 disputatio,
1413 4491 1666 4573 quemadmodum
1681 4512 1706 4554 rr

395 4584 491 4645 dicatt
515 4583 673 4656 Decimae,
696 4599 775 4660 quae
795 4586 896 4639 essent
918 4578 1015 4657 prima
1036 4594 1090 4636 seu
1143 4579 1261 4639 docent.

393 4672 565 4753 praecipua.
1186 4666 1216 4726 5.
1237 4667 1281 4727 Et
1294 4666 1422 4743 quidem
1443 4666 1482 4725 de
1504 4665 1580 4742 {iliis
1595 4668 1706 4728 Leuis

436 4758 532 4819 Porro
540 4754 694 4838 epitheton
702 4752 892 4831 patriarcba
903 4748 1089 4811 manifestam
1142 4756 1221 4813 tiam
1238 4756 1433 4829 accipientes.
1456 4753 1526 4812 Hoc
1539 4763 1600 4813 est:
1622 4753 1700 4815 urst

395 4845 560 4925 emphasim
582 4841 673 4904 hebet
685 4841 719 4901 in
734 4838 859 4912 Graeco,
881 4846 946 4899 tum
967 4844 1091 4917 propter
1142 4841 1193 4921 qni
1216 4858 1254 4898 ex
1276 4839 1345 4900 filiis
1368 4840 1443 4900 Levi
1470 4840 1637 4901 sacerdotio
1663 4840 1706 4902 im

394 4930 548 4994 uenlnn
563 4930 743 5010 appositum,
769 4935 832 4987 tum
851 4927 925 5005 quia
939 4924 1091 4984 anemius
1142 4926 1192 4985 Ita
1207 4925 1348 5005 loquitar,
1364 4928 1436 5006 qaia
1451 4946 1512 4986 non
1527 4946 1631 4987 omnes
1646 4928 1706 4989 Lei

394 5026 579 5102 capusum,
589 5025 702 5097 etpost
712 5016 892 5077 sennonem
908 5012 996 5093 quusi
1012 5030 1089 5078 com·
1143 5009 1278 5076 cerdoter
1293 5019 1387 5098 erant,
1410 5011 1464 5073 sed
1479 5032 1519 5075 ex
1534 5014 1573 5075 iis
1587 5014 1646 5075 soli
1658 5013 1706 5084 su
