4442 5825
725 582 1185 656 emmerammenses.
1529 526 1534 531 ’
1628 596 1674 671 η

371 759 439 840 ejus
476 758 687 822 muotstioues
722 760 753 821 iu
783 760 928 838 Pselmos,
981 763 1095 843 quiper
1104 760 1680 845 gentesersutdiepersivsrumetiem

371 846 463 928 poulo
477 855 550 907 cute
563 844 645 907 teoto
660 854 706 907 est
720 849 841 908 mentio.
980 849 1033 928 qui
1045 851 1077 908 iu
1087 846 1180 928 Syrie
1190 848 1393 924 merebuntur,
1408 849 1523 912 Graece
1534 848 1678 930 loquendi

380 943 512 1006 veteres,
527 932 580 1013 qui
595 932 743 994 dicerem
759 940 928 1006 senserunt,
980 933 1229 997 consuetudinem
1255 935 1401 1014 pculetim
1425 936 1608 1010 induissent,
1634 936 1677 997 ri·

371 1040 380 1081 ι
409 1021 592 1081 unctoritete
617 1039 707 1101 quum
732 1021 848 1082 rstione
874 1039 929 1083 seu
980 1041 1047 1083 som
1066 1021 1122 1082 tuit
1143 1022 1306 1101 Apostolis,
1322 1020 1438 1085 Grecos
1459 1025 1562 1104 lingue
1575 1025 1678 1104 potius

371 1128 407 1169 re
429 1109 532 1188 potius
554 1109 585 1166 in
607 1126 674 1168 eam
697 1109 869 1186 opinionem
884 1109 926 1169 in·
980 1110 1023 1168 uti
1037 1109 1068 1169 in
1083 1107 1250 1169 scribendis
1266 1109 1417 1188 Epistolis,
1432 1129 1492 1190 quo
1506 1110 1621 1191 psseim
1637 1107 1677 1170 sb

371 1202 417 1255 nl,
449 1193 549 1274 Quem
575 1191 694 1273 quidem
720 1195 867 1256 rationem
890 1212 929 1255 ex
981 1195 1117 1256 omuibus
1128 1205 1254 1274 possent
1265 1193 1401 1275 intelligi,
1412 1194 1677 1277 qssmeeliugus,

371 1301 417 1342 mo
442 1279 595 1360 duplicem
621 1282 757 1361 superius
783 1281 928 1342 indicavi·
982 1301 1073 1362 quam
1089 1281 1146 1343 soli
1162 1281 1368 1362 intelligerent
1382 1281 1516 1345 Hebraei
1531 1291 1583 1343 eut
1598 1282 1677 1364 Syri.

371 1388 427 1449 cpe
442 1367 525 1449 quod
540 1366 580 1427 ed
590 1366 748 1427 Hebraeos
763 1369 874 1447 scripte
889 1369 929 1427 sit
982 1369 1071 1447 Ques
1095 1370 1186 1430 etism
1213 1388 1306 1429 ceusu
1327 1368 1397 1443 tuit,
1424 1388 1477 1430 cur
1497 1368 1613 1430 Peulus
1638 1366 1680 1430 sd

371 1466 427 1529 ,st
442 1452 525 1534 qnod
540 1454 668 1515 coeteris
678 1453 766 1514 Pauli
782 1454 928 1535 Epistolis
980 1455 1132 1515 Romano
1155 1475 1216 1517 non
1230 1455 1346 1528 Letine,
1369 1455 1422 1516 sed
1438 1454 1554 1516 Grecos
1568 1453 1678 1518 scribe

371 1544 478 1603 lentior
498 1550 591 1620 etque
608 1542 750 1600 ometior.
773 1541 835 1602 Sed
853 1541 930 1603 huso
981 1550 1035 1601 ret
1058 1540 1139 1602 Num
1154 1552 1186 1602 et
1200 1540 1280 1622 cpud
1297 1540 1365 1603 illos
1381 1541 1529 1603 Graecam
1544 1541 1677 1622 linguent

371 1630 481 1689 rrstio
504 1628 577 1688 setis
594 1627 657 1705 jsm
681 1627 812 1688 relutete
827 1636 930 1690 menet
981 1646 1036 1688 usu
1062 1629 1295 1709 receptissimam
1326 1638 1399 1689 tunc
1426 1628 1521 1689 fuisse
1550 1635 1678 1689 constet.

371 1713 553 1776 sedentibus.
577 1714 655 1774 Nem
679 1714 881 1794 eloquentium
901 1724 930 1776 et
982 1714 1040 1774 His
1063 1713 1150 1786 adde,
1174 1714 1257 1795 quod
1279 1735 1335 1777 uec
1357 1734 1458 1776 omues
1480 1713 1594 1776 Juduei
1615 1713 1677 1776 He·

384 1823 448 1862 non
462 1800 706 1880 hsbetEpistols
722 1822 741 1862 e
757 1800 859 1877 Pculo,
875 1800 930 1864 sed
982 1801 1083 1861 breice
1104 1807 1157 1860 sut
1176 1803 1304 1881 Syrisce
1326 1810 1457 1862 nossent.
1487 1799 1576 1861 blulti
1599 1802 1679 1866 enin

371 1889 409 1969 ,ui
430 1888 655 1967 compositionis
677 1896 724 1947 est
742 1896 853 1949 auctor.
880 1886 930 1948 sd
982 1906 1093 1962 eorum,
1109 1888 1160 1969 qui
1176 1908 1231 1967 per
1244 1895 1350 1969 gentes
1365 1898 1451 1949 erent
1468 1888 1603 1969 dispersi,
1618 1908 1677 1949 non

374 1994 451 2036 vcro
466 1977 608 2036 rationem
628 1974 835 2055 respondetur,
850 1975 928 2036 iniit-
983 1977 1014 2034 iu
1037 1993 1092 2034 usu
1114 1977 1231 2055 petrice
1252 1975 1387 2058 liuguae,
1410 1974 1466 2037 sed
1488 1975 1563 2053 ejus,
1587 1993 1677 2054 quem

371 2082 407 2124 se
431 2063 684 2144 consequentium,
710 2061 868 2122 Hebraeus
891 2061 930 2123 ed
982 2061 1130 2123 sonabunt
1151 2061 1294 2135 homines,
1318 2064 1395 2123 inter
1418 2079 1495 2143 quos
1517 2062 1679 2124 verssbeu·

371 2168 391 2210 ιι
406 2151 537 2229 scripsit,
554 2169 624 2228 ergo
636 2147 787 2209 Hebreice
801 2149 929 2230 scripsit
981 2156 1037 2222 tur,
1054 2167 1071 2208 s
1086 2148 1190 2228 primis
1205 2151 1291 2209 cuuis
1306 2148 1427 2211 educati
1442 2149 1567 2209 fument
1590 2148 1680 2210 Unde

371 2256 396 2297 m
419 2239 536 2298 ratione
559 2235 718 2296 dicendum
739 2237 795 2296 erit
809 2235 929 2308 Jcoobi,
983 2236 1038 2295 etsi
1061 2234 1284 2316 ,ierosolymam
1308 2234 1470 2316 sliqusndo
1492 2244 1678 2299 reverteren-

371 2321 672 2403 JoenuisEpistolss
687 2331 719 2382 et
734 2321 929 2401 ipsiosPsuli
982 2320 1205 2401 turplingusm
1229 2331 1327 2382 tumen
1350 2341 1450 2392 susm,
1477 2324 1509 2382 iu
1532 2340 1594 2400 qus
1615 2323 1680 2383 nuti

371 2430 387 2471 e
403 2409 444 2470 sd
454 2410 655 2482 Timotheum,
672 2412 743 2470 item
758 2409 867 2469 librum
884 2428 929 2470 se·
983 2415 1091 2480 essent,
1107 2407 1377 2480 illucuriierebent,
1392 2407 1562 2469 Hebraicce
1573 2408 1679 2488 igusri,

371 2494 929 2576 Msoheb.conscriptecsssflcbreice.
983 2492 1062 2575 quod
1086 2497 1161 2558 sutis
1181 2493 1297 2557 ostendi
1319 2504 1421 2575 potest
1436 2515 1474 2558 ex
1489 2494 1616 2556 historie
1630 2515 1677 2557 se·

371 2585 413 2645 im
439 2584 515 2645 boec
531 2585 630 2644 omnic
644 2603 663 2644 e
677 2582 804 2643 Judueis
820 2582 859 2643 sd
874 2582 930 2644 Ju·
983 2601 1034 2642 crs
1049 2584 1116 2642 Act.
1132 2583 1162 2643 2.
1188 2583 1257 2664 Quo
1272 2583 1368 2643 minor
1388 2582 1448 2643 tuit
1461 2581 1559 2642 Puulo
1573 2601 1676 2645 neccs-

371 2673 460 2752 ripte.
478 2669 539 2731 Sed
555 2691 621 2731 oum
636 2688 710 2729 usus
726 2668 859 2731 Gruccee
873 2669 928 2729 liu·
983 2670 1057 2730 sites
1083 2669 1162 2729 huuc
1182 2669 1348 2749 Epistolem
1367 2669 1522 2730 Hebrsics
1548 2678 1601 2730 sut
1621 2668 1678 2748 Sy·
1704 2670 1708 2678 ’

372 2779 425 2818 ιω
448 2757 593 2818 latissime
618 2765 745 2837 peteret,
768 2776 804 2817 oo
826 2757 857 2816 in
871 2755 928 2835 Sy·
982 2758 1064 2816 riece
1079 2754 1237 2826 scribendi,
1249 2755 1491 2838 quandoquidem
1504 2776 1565 2817 nou
1575 2774 1680 2817 omncs

371 2863 442 2927 »que
455 2851 651 2926 penetrasset,
668 2864 704 2903 ex
716 2840 768 2903 illo
779 2843 928 2922 jumtem·
982 2841 1104 2917 Judsei,
1127 2862 1166 2904 ns
1189 2841 1309 2924 quidem
1331 2842 1384 2918 illi,
1410 2843 1464 2923 qui
1478 2842 1681 2925 tomolyni·

371 2952 468 2993 >eum
484 2952 570 3011 reges
586 2929 770 2993 Graecorum
787 2931 844 2992 sibi
861 2928 929 2990 sub·
983 2930 1124 3009 egebant,
1147 2930 1213 3010 ejus
1228 2930 1350 3010 liuguse
1365 2929 1612 2993 consuetudinem
1626 2930 1678 2991 bs·

371 3028 419 3091 nt,
445 3016 524 3079 odeo
539 3027 573 3078 ut
587 3016 721 3079 Hebrusi
743 3037 804 3080 non
824 3018 929 3088 solum,
982 3016 1097 3077 berent

993 3238 1011 3242 ..
1021 3232 1110 3243 -..α-

676 3407 907 3477 1111111111111111
930 3408 1033 3479 11111118
1055 3406 1244 3476 stisttttt.

371 3534 552 3615 potissimum
576 3535 606 3594 iu
620 3534 679 3596 bec
693 3534 830 3615 Epistola
853 3536 927 3613 ugit.
982 3534 1128 3607 ctriusm,
1159 3533 1279 3594 umetsi
1307 3532 1365 3593 hoc
1391 3551 1478 3594 suum
1507 3531 1676 3594 institutum

371 3622 438 3683 mim
453 3619 551 3695 docet,
567 3640 647 3701 quse
661 3619 772 3682 Christi
787 3620 928 3700 dignitus,
981 3621 1062 3702 spud
1072 3622 1212 3687 ,homiues
1228 3639 1332 3700 purum
1348 3619 1406 3680 sibi
1420 3638 1534 3700 requos
1548 3616 1676 3697 pruden-

372 3706 512 3782 offioium,
535 3727 676 3789 quosque
690 3706 849 3769 sacerdotii
864 3707 929 3786 ejus
981 3717 1026 3767 ter
1050 3707 1232 3780 dissimulet,
1257 3726 1296 3768 ue
1319 3704 1489 3768 cathedram
1513 3704 1573 3765 sibi
1595 3704 1677 3786 opud

371 3794 418 3856 lcii
440 3815 532 3875 supro
546 3796 714 3856 Leviticom
737 3793 928 3856 excellentis.
982 3813 1032 3855 eos
1048 3793 1208 3855 vendicare
1230 3793 1386 3869 rideatur3
1409 3795 1587 3873 pressertim
1610 3811 1678 3854 cnm

371 3901 439 3943 reru
462 3881 636 3942 consolatur
658 3881 816 3944 Hebraeos
838 3888 869 3941 et
890 3878 930 3940 od
981 3880 1094 3942 Judeei
1109 3880 1238 3942 Paulum
1262 3901 1315 3961 pro
1339 3899 1393 3941 suo
1412 3878 1535 3966 doctore
1550 3889 1582 3941 et
1596 3878 1677 3958 Apo·

371 3969 488 4029 rentiam
502 3967 569 4029 fidei
581 3970 611 4028 in
620 3966 774 4030 Christum
784 3968 930 4041 hortetur,
982 3967 1058 4028 stolo
1073 3986 1135 4027 uon
1150 3975 1355 4045 agnoscerent
1376 3964 1453 4027 Cum
1465 3973 1563 4026 sutem
1575 3964 1614 4025 ud
1626 3983 1678 4025 eos

371 4064 475 4135 popter
492 4054 606 4116 Christi
620 4053 709 4116 iidem
725 4056 816 4117 variis
831 4052 930 4116 modis
983 4053 1102 4127 scribet,
1126 4054 1177 4135 qui
1194 4054 1224 4113 iu
1239 4051 1391 4113 Christum
1402 4053 1468 4131 jem
1483 4050 1679 4125 crediderunt,

374 4141 413 4202 sb
436 4140 606 4203 infidelibus
630 4151 661 4202 et
676 4142 859 4203 adversariis
873 4141 930 4202 Ju-
983 4142 1111 4221 ejusque
1126 4159 1217 4200 ceusu
1239 4139 1356 4212 multos,
1380 4140 1424 4200 uti
1440 4139 1513 4212 dixi,
1540 4156 1678 4218 persecu·

371 4228 390 4288 :r
404 4228 523 4309 quidem
540 4228 596 4288 hoc
620 4230 767 4308 posterius
783 4248 848 4289 esse
864 4247 927 4306 pro·
984 4230 1082 4289 tiones
1104 4229 1186 4308 pessi
1216 4226 1353 4304 tuerent3
1383 4248 1444 4287 non
1474 4226 1505 4287 id
1531 4226 1595 4306 ogit
1623 4225 1681 4286 bno

371 4315 437 4395 rjus
451 4314 606 4393 Epistolse
628 4324 836 4395 argumentum
851 4313 929 4373 arbi·
982 4314 1138 4394 Epistola,
1176 4322 1209 4373 ut
1244 4316 1287 4374 eis
1331 4311 1527 4395 persuadeat,
1572 4311 1680 4373 Jesum

375 4403 564 4480 expositores
586 4400 703 4463 Graeci.
734 4403 794 4463 Pro
821 4400 931 4482 quibus
984 4421 1052 4464 esse
1085 4398 1238 4462 Christum
1271 4408 1301 4461 et
1333 4400 1520 4462 Selvstorom
1550 4400 1581 4459 iu
1610 4398 1680 4477 lege

370 4486 478 4561 idetur,
498 4487 580 4569 quod
596 4489 626 4550 iu
642 4489 703 4549 iius
718 4489 870 4568 Epistoloe
885 4486 929 4546 di·
983 4489 1177 4569 promissum,
1203 4485 1257 4547 sed
1283 4497 1318 4548 ut
1339 4486 1494 4561 ostendet,
1528 4505 1588 4567 quo
1613 4483 1680 4544 loco

371 4592 404 4648 rc
418 4594 475 4636 voe
488 4577 618 4653 fratres,
635 4583 671 4636 st
685 4576 843 4653 sufferatis
859 4593 930 4636 ver·-
984 4576 1022 4637 sit
1036 4574 1075 4635 ub
1091 4575 1136 4634 eis
1149 4571 1316 4649 habendus,
1331 4572 1412 4654 quod
1429 4573 1495 4651 ejus
1509 4573 1635 4632 officium
1650 4576 1682 4629 et

371 4662 459 4736 tutti,
490 4664 578 4742 qussi
605 4661 750 4724 videlicet
776 4661 931 4741 Epistolee
985 4661 1075 4742 quale
1096 4660 1304 4735 secerdotium,
1328 4682 1387 4742 quo
1410 4660 1548 4720 nimirum
1572 4657 1705 4748 consti-3

371 4748 623 4811 tcousoletorius.
647 4748 759 4809 Verum
775 4751 801 4810 si
815 4755 930 4829 specte·
984 4757 1049 4808 tuto
1075 4747 1276 4809 secerdotium
1301 4756 1387 4808 vetus
1411 4766 1476 4805 cum
1504 4745 1566 4806 suis
1588 4745 1680 4804 sucri-

371 4833 479 4899 ›rdium
502 4835 668 4915 Epistoloe,
693 4844 851 4915 totumque
866 4853 931 4915 pro·
985 4835 1060 4896 ficiis
1083 4837 1203 4896 omnino
1226 4852 1344 4894 seuere
1359 4835 1425 4913 jem
1442 4830 1560 4892 debeat
1586 4833 1682 4892 Erunt

371 4971 375 4996 ,
401 4921 497 4985 meite
518 4922 683 5003 spprrebit,
705 4921 883 5002 Apostolum
898 4922 930 4981 iu
984 4923 1064 4982 euim
1078 4920 1193 4984 Judsei
1208 4920 1286 4981 Mosi
1307 4929 1337 4980 et
1352 4919 1527 4980 ceremoniis
1548 4917 1623 4998 legis
1638 4918 1682 4977 itu

371 5008 447 5073 tols
469 5009 676 5089 principaliter
699 5008 855 5071 intendere
879 5006 930 5069 do·
984 5007 1112 5079 addicti,
1141 5018 1174 5067 nt
1196 5008 1336 5087 quemvis
1358 5006 1468 5068 Jesum
1491 5026 1544 5086 pro
1568 5003 1682 5066 bimis

371 5106 643 5153 rattruut-2111.
1189 5155 1194 5164 .
1453 5110 1474 5169 2
