4442 5825
749 638 914 695 aratam
929 638 971 695 Ab
988 637 1153 695 timidos.
1188 636 1273 693 im.
1290 636 1409 696 ddrdi·
1729 644 1804 714 w!

371 831 418 887 ra,
439 811 483 877 ibl
499 814 646 877 meritum.
669 814 745 878 Sunt
768 817 847 878 enim
862 816 938 878 baso
953 815 992 877 ad
1010 817 1053 877 in·
1106 815 1275 876 exhortatio
1303 812 1453 876 Hebraeis
1491 813 1604 894 soripu
1633 812 1674 875 ed
1702 830 1804 876 omnes

371 900 452 961 risam
484 901 588 963 talem
633 904 735 983 Quare
761 896 881 964 ‘frustra
910 902 1054 981 laborant,
1107 904 1198 964 etism
1213 900 1401 964 Christianos
1418 902 1576 981 pertineat.

371 989 1053 1071 nemqueimperitiamosteuduntadversarii,
1152 993 1201 1052 37.
1225 988 1337 1050 Adbuc
1360 991 1443 1049 enirn
1468 988 1627 1049 modicum
1651 988 1805 1066 aliquan·

371 1073 424 1134 lun
440 1094 460 1133 a
471 1075 624 1149 merosde,
640 1078 830 1156 quantoties
842 1076 872 1136 in
884 1076 1053 1157 Evangelio
1107 1076 1222 1152 tulum,
1238 1078 1293 1153 qui
1308 1082 1463 1138 uenturus
1478 1082 1533 1149 est,
1552 1077 1667 1150 veniet,
1693 1082 1722 1135 et
1736 1094 1804 1137 non

371 1160 538 1221 onustam
553 1180 668 1244 negare
684 1184 744 1226 non
759 1174 895 1245 possunt,
915 1165 1053 1225 meritum
1107 1163 1257 1224 tardabit.
1293 1161 1460 1244 Ooeupatio
1488 1171 1533 1223 eet
1559 1163 1590 1222 in
1616 1160 1663 1223 bis
1694 1162 1804 1224 verbis.

371 1267 500 1327 sperare
511 1258 666 1313 sonentur.
682 1250 815 1313 Tantum
826 1250 913 1311 nobis
925 1253 1052 1312 retinen·
1107 1250 1185 1310 Nem
1202 1249 1301 1312 dicere
1316 1258 1471 1330 poterantr
1487 1250 1625 1311 Hortaris
1637 1247 1676 1310 ad
1689 1250 1804 1326 patien-

371 1334 424 1395 lum
451 1328 528 1414 (qua
549 1336 582 1397 in
603 1355 639 1397 re
660 1337 839 1399 aalnmniem
868 1337 913 1397 illi
939 1336 1055 1399 faciunt
1107 1339 1196 1413 tiam3
1220 1336 1275 1399 sed
1294 1335 1405 1417 fatigat
1420 1347 1448 1398 et
1463 1335 1597 1397 taedium
1620 1335 1709 1396 nobis
1731 1335 1806 1397 feeit

371 1418 541 1499 bibolieis),
565 1442 652 1485 omae
672 1431 808 1485 nostrum
832 1426 970 1485 meritam
987 1443 1055 1487 esse
1107 1425 1139 1485 in
1159 1423 1281 1504 longum
1305 1423 1399 1484 dilata
1420 1423 1589 1504 promissio.
1613 1421 1732 1502 Quibus
1755 1422 1805 1485 ab·

371 1508 413 1569 lei
436 1507 562 1571 donum,
592 1508 693 1589 Quum
715 1520 814 1572 autern
837 1509 924 1584 dicit,
952 1511 1053 1588 eonfl-
1108 1511 1171 1572 viat
1185 1509 1357 1592 Apostolus,
1380 1510 1508 1572 eddaoto
1531 1509 1704 1590 Prophetae
1724 1510 1804 1570 testi-

371 1594 500 1655 lentiam
537 1615 591 1656 seu
622 1595 763 1659 fidutiam
800 1615 903 1658 eoram
939 1597 1053 1659 babere
1107 1601 1224 1673 monio,
1246 1617 1307 1680 quo
1330 1597 1446 1671 deerat,
1468 1616 1577 1658 revera
1599 1616 1659 1657 non
1681 1597 1804 1677 longam

371 1698 508 1759 aaqnam
529 1686 833 1761 remunerationem,
856 1685 944 1746 simol
968 1685 1052 1747 iutel-
1108 1704 1176 1745 osas
1210 1694 1329 1765 ternpus
1359 1684 1565 1763 promissionis
1591 1682 1720 1761 dilatae,
1750 1680 1806 1745 sed

371 1768 410 1849 igi
431 1769 501 1830 vult
523 1788 616 1850 opere
639 1789 677 1831 ox
696 1770 808 1832 tidoeia
829 1791 865 1832 aa
888 1791 942 1852 spa
961 1771 1054 1833 eoele-
1108 1770 1201 1833 breve
1216 1780 1245 1833 et
1260 1769 1418 1833 modicum.
1443 1772 1548 1832 Priore
1570 1769 1693 1852 quidam
1713 1769 1808 1832 verbe

371 1856 444 1919 tlara
458 1854 607 1918 bonorum
623 1856 766 1938 profecte,
783 1857 952 1939 eujusmodi
970 1867 1056 1920 erunt
1109 1859 1247 1937 Apostoli
1271 1868 1354 1919 sunt:
1384 1859 1496 1922 Adbuc
1523 1861 1608 1919 enim
1634 1858 1805 1933 modicum,

371 1962 448 2025 opere
461 1945 629 2026 patientiae
639 1943 703 2022 jam
719 1954 956 2007 eommemorats.
1109 1946 1419 2023 aliquantulumque.
1460 1946 1520 2008 Pro
1550 1946 1660 2026 quibus
1690 1944 1808 2007 Grasee

1109 2041 1173 2092 est:
1196 2026 1242 2091 ἔτι
1266 2026 1326 2110 γὰρ
1348 2025 1455 2110 μικρὸν
1477 2024 1549 2091 ὅσον
1574 2024 1664 2107 ὅσον,
1691 2030 1722 2093 id
1745 2039 1806 2092 est:

400 2120 451 2182 36.
474 2119 641 2179 Patientia
664 2118 858 2180 enimvobis
880 2123 1061 2181 necessaria
1110 2119 1222 2182 aanor
1241 2122 1325 2180 enim
1348 2121 1507 2181 modteum
1525 2127 1681 2197 quautam
1700 2136 1806 2197 quan·

371 2213 410 2267 at
432 2206 617 2280 Patientia,
639 2202 773 2267 Graece:
799 2198 935 2284 ὑπομονὴ
941 2251 951 2281 ,
976 2226 1056 2283 qnae
1110 2214 1186 2268 turn.
1209 2208 1246 2268 Io
1267 2228 1328 2286 que
1350 2207 1551 2287 geminatione
1574 2204 1723 2286 quaedam
1740 2206 1804 2267 imi-

371 2311 419 2355 rax
428 2312 491 2354 uon
503 2292 1055 2375 simplieiterpatientlamsignilioat,
1109 2294 1181 2354 tatio
1204 2303 1251 2355 est
1265 2293 1447 2354 Habreismi.
1479 2293 1556 2353 Nam
1572 2292 1716 2366 Hebraei,
1734 2312 1807 2365 reru,

371 2378 410 2440 ed
436 2380 614 2456 patientem
645 2383 926 2456 asportationum,
965 2401 1056 2461 quum
1110 2380 1150 2441 de
1175 2401 1237 2459 qua
1263 2401 1358 2442 sermo
1388 2388 1449 2454 est,
1480 2378 1634 2441 intendere
1659 2377 1805 2452 volentes,

371 2464 502 2531 n'tebm
516 2486 573 2546 spe
596 2468 723 2547 praemii
741 2467 855 2528 fortiter
870 2466 950 2527 mala
966 2469 1055 2528 susti·
1109 2469 1264 2547 geminent
1298 2468 1493 2540 vocabulum,
1530 2476 1563 2527 ut
1600 2465 1712 2527 Psalm.
1740 2466 1806 2527 86.:

371 2572 472 2618 mus
508 2551 599 2614 Unde
624 2552 765 2633 vulgatus
792 2555 939 2635 interpres
966 2556 1056 2615 inter·
1110 2556 1215 2616 Homo
1239 2563 1268 2615 et
1289 2556 1382 2616 bomo
1405 2562 1501 2616 natus
1523 2562 1565 2615 est
1580 2558 1616 2614 in
1632 2572 1680 2629 ea,
1707 2550 1807 2613 idest

371 2638 427 2704 lum
450 2641 561 2702 vertit:
583 2644 866 2718 superationem,
889 2649 923 2701 ut
945 2640 1055 2702 Pselm.
1109 2642 1196 2702 multi
1210 2643 1354 2714 homines,
1382 2642 1435 2702 elii
1451 2651 1520 2723 post
1535 2641 1620 2711 ulios,
1645 2641 1677 2701 in
1692 2659 1729 2701 ee
1743 2640 1807 2701 nati

371 2732 423 2793 la:
439 2721 493 2796 τίς
508 2719 644 2806 ὑπομονὴ
654 2742 724 2806 μου,
740 2746 822 2807 quoe
838 2734 881 2789 est
896 2736 1056 2805 exsperto·
1109 2738 1195 2804 sunt3
1212 2738 1242 2789 et
1257 2728 1333 2790 Gon.
1349 2728 1397 2788 1⁷.
1410 2728 1573 2791 seeundum
1585 2728 1702 2788 LXX:
1720 2726 1807 2789 Hul-

371 2817 401 2877 a'a
421 2814 522 2876 mea?
553 2812 745 2895 Quemquam
771 2815 830 2876 boo
855 2813 921 2876 loeo
944 2818 1056 2877 rsotius
1110 2817 1262 2892 tiplioabo
1277 2823 1306 2876 te
1323 2816 1415 2877 valde
1430 2817 1534 2891 valde,
1559 2827 1591 2876 et
1608 2816 1673 2879 30.:
1702 2814 1808 2876 oreots

371 2904 560 2968 ratimtiaru.
577 2902 622 2963 Es
637 2905 811 2964 necessarie
825 2911 892 2964 erat
906 2901 1056 2964 Hebraeis
1110 2906 1162 2965 uir
1185 2905 1278 2965 valde
1302 2903 1402 2965 vrrlde.
1438 2903 1497 2966 Pro
1521 2922 1582 2983 quo
1604 2902 1808 2981 Hieronymus

371 2999 483 3072 »rapiar
497 2987 638 3062 adverse,
653 3008 733 3069 quas
744 2990 836 3051 multa
852 2989 953 3051 adbao
967 3010 1001 3052 so
1014 2992 1055 3051 in·
1111 2992 1203 3071 priori
1218 2993 1300 3052 loeo:
1322 2992 1520 3053 vehementer
1534 2993 1640 3066 nimis,
1661 3004 1691 3050 et
1706 2997 1805 3070 poste·

371 3077 514 3158 gerebam,
536 3097 573 3139 aa
592 3078 729 3150 maxime,
753 3095 832 3156 quae
854 3077 1059 3139 iulorebantur
1110 3079 1197 3139 riori:
1214 3081 1301 3140 ultra
1317 3078 1455 3139 modum.
1479 3078 1660 3140 'l'aleetiem
1673 3085 1719 3137 est
1731 3074 1807 3136 illud

371 3159 381 3224 ι’
397 3163 531 3228 Masis
555 3162 736 3226 infidelibus.
766 3163 822 3226 Ait
843 3183 930 3244 ergo:
953 3164 1058 3225 Nolite
1111 3166 1295 3227 salvatoris:
1319 3169 1432 3240 Amen,
1450 3170 1552 3229 Amen
1568 3165 1638 3226 dieo
1655 3163 1751 3238 tobia
1776 3161 1807 3224 id

371 3251 600 3334 paurebjiosre,
616 3252 697 3331 quod
713 3251 955 3313 videatis'mults
970 3252 1058 3313 vobis
1111 3264 1172 3328 est,
1199 3254 1366 3314 certissime
1388 3251 1474 3312 vobis
1497 3252 1616 3312 offirmo.
1655 3252 1706 3312 Ita
1728 3270 1807 3311 nune

371 3335 459 3402 rdbue
485 3357 555 3400 esse
581 3338 738 3400 toleranda
765 3359 819 3418 pro
847 3338 908 3401 fids
931 3339 1057 3416 Obrieti3
1111 3340 1274 3423 Apostolus
1298 3338 1442 3402 dicendo:
1465 3340 1624 3400 modicum
1650 3343 1806 3415 quantum

371 3425 412 3488 ad
426 3427 547 3508 pergite
562 3427 711 3506 patienter
726 3446 825 3507 agere
848 3425 927 3487 Nam
944 3428 1055 3508 potien-
1110 3436 1280 3506 quantum,
1297 3425 1702 3506 significaresoluittempus
1719 3422 1807 3483 valde

371 3513 404 3576 is
424 3513 515 3575 robis
539 3513 702 3575 admodum
724 3515 897 3576 neeessaria
922 3522 976 3575 eet.
1010 3513 1058 3575 Ad
1112 3516 1270 3586 modicum,
1296 3522 1333 3587 et,
1358 3523 1390 3573 ut
1405 3521 1507 3575 noster
1521 3513 1597 3574 bene
1612 3512 1720 3572 vortit:
1744 3510 1808 3570 ali·

371 3597 440 3684 pald
450 3607 551 3662 autam
566 3599 762 3662 neeessarie?
1112 3603 1316 3682 quantulum,
1340 3609 1370 3661 et
1385 3602 1543 3661 Erasmus:
1567 3602 1718 3676 temporis
1730 3616 1807 3675 per·

409 3689 459 3764 Ul,
476 3689 677 3750 voluntatem
689 3690 753 3749 Dei
765 3689 930 3767 facientes,
946 3705 1059 3765 repor-
1110 3692 1274 3768 pusillum,
1299 3696 1329 3750 st
1349 3688 1510 3749 Aneelmus
1532 3688 1605 3767 legit
1624 3699 1653 3747 et
1668 3686 1808 3766 exponit:

371 3779 431 3838 tetis
442 3778 698 3855 promissionem.
722 3777 898 3849 Facientes,
914 3769 1060 3853 ποιήσαι·
1111 3778 1313 3855 quantulum.
1336 3776 1447 3836 Mirum
1458 3783 1566 3847 sutem,
1583 3775 1608 3835 ei
1620 3794 1680 3834 non
1695 3771 1805 3833 allusio

371 3877 427 3938 nc,
442 3863 586 3925 Aoristue
597 3865 791 3943 praeteritum
804 3862 982 3941 significans.
999 3863 1058 3922 Its·
1112 3874 1160 3927 eet
1174 3865 1212 3924 sd
1229 3863 1352 3925 similem
1376 3864 1563 3931 locutionem,
1587 3880 1665 3941 quoe
1680 3869 1727 3921 set
1741 3855 1765 3921 J
1766 3879 1808 3921 es.

371 3969 418 4032 pse
431 3951 672 4013 moliasvortas:
694 3951 744 4025 Ut,
759 3958 928 4027 postquam
942 3951 1059 4011 volun·
1115 3955 1180 4013 10.:
1206 3954 1286 4012 Nam
1309 3951 1413 4010 adhue
1430 3949 1603 4026 paululum
1622 3947 1807 4025 paululum,

371 4043 456 4099 tatem
473 4039 538 4102 Dei
558 4038 699 4117 feceritis
720 4039 786 4097 siae
805 4041 989 4114 pereqeritis
1005 4045 1058 4098 ete.
1113 4047 1142 4100 et
1165 4038 1436 4100 consummabitur
1457 4041 1517 4096 iro.
1547 4035 1607 4096 Ubi
1634 4033 1756 4115 quidem
1779 4033 1809 4095 in

372 4123 574 4187 Voluntatem
599 4125 659 4186 Dei
680 4125 786 4198 faeere
808 4132 869 4194 est,
892 4123 990 4185 lacere
1013 4145 1059 4199 es,
1112 4126 1253 4187 Hebraeo
1277 4123 1335 4185 duo
1353 4124 1471 4185 diversa
1490 4122 1638 4183 vocabulo
1653 4131 1732 4193 suut,
1756 4120 1809 4181 sed

371 4229 440 4291 quse
462 4212 552 4274 Dens
577 4213 734 4292 praecipit.
768 4210 953 4292 Intelligitnr
980 4214 1059 4272 enim
1113 4214 1189 4274 idem
1222 4211 1440 4292 significantis,
1469 4231 1522 4292 pro
1552 4210 1660 4290 quibus
1690 4210 1810 4270 unicum

371 4297 519 4374 volonno,
550 4318 630 4380 qaus
655 4300 687 4359 in
713 4299 885 4378 praeceptis
915 4300 1058 4371 consistit,
1112 4292 1217 4378 μικρὸν
1240 4298 1338 4360 LXX.
1357 4297 1582 4367 substituerunt,
1606 4295 1809 4377 Hieronymus

371 4403 490 4464 qaorum
506 4405 600 4447 unum
616 4392 670 4457 est,
686 4386 780 4464 idque
794 4405 854 4445 non
869 4394 1059 4465 postremum,
1112 4395 1212 4446 eutem
1229 4385 1318 4446 dixit:
1335 4385 1448 4447 Adbuc
1459 4388 1543 4446 euim
1554 4384 1726 4461 paulutum
1739 4401 1808 4444 mo·

373 4467 493 4534 sdverse
516 4474 671 4553 patienter
684 4493 720 4533 ae
738 4482 966 4552 perseveranter
981 4472 1059 4533 ferro
1114 4475 1289 4551 dirumque.

373 4559 543 4634 aronristi
554 4560 681 4620 nomine.
697 4561 943 4620 Promissionem
958 4568 1058 4619 autem
1155 4561 1249 4621 Porro
1267 4558 1358 4619 verba
1377 4559 1557 4638 posteriora:
1584 4559 1640 4635 qui
1657 4563 1810 4619 ventumrs

372 4644 497 4728 intellige
508 4646 756 4726 bouapromisss,
768 4647 858 4725 juxto
875 4646 1058 4707 tritissimum
1113 4654 1174 4722 est,
1201 4649 1322 4720 veniet,
1348 4654 1377 4706 et
1400 4655 1517 4706 caetere
1540 4664 1635 4722 usque
1657 4641 1696 4704 sd
1719 4642 1809 4705 illud:

372 4729 536 4815 deriptures
558 4733 702 4814 phrasim.
728 4734 823 4796 Porro
845 4753 911 4793 eum
933 4752 1058 4812 genora-
1115 4737 1186 4795 Non
1202 4739 1320 4809 autem,
1345 4732 1502 4813 desumpta
1524 4739 1595 4792 sunt
1609 4751 1647 4792 ex
1663 4731 1810 4796 Hsbeeua

371 4815 428 4884 bier
439 4815 572 4884 affirmet
586 4819 665 4880 idem
680 4819 852 4900 Apostolus,
870 4839 987 4895 omnes,
1005 4822 1060 4897 qui
1112 4819 1284 4899 Prophetae
1295 4840 1360 4898 asp.
1375 4825 1402 4881 2.
1416 4819 1507 4898 juxte
1518 4820 1688 4879 versionem
1699 4817 1809 4893 LXX..

371 4907 413 4980 tls
426 4909 546 4971 uolunt
558 4910 667 4970 virere
686 4908 722 4968 in
739 4908 861 4969 Ultrieto
877 4910 967 4982 Jesu,
983 4924 1059 4984 per·
1113 4906 1166 4967 sed
1182 4907 1286 4967 ordine
1308 4908 1521 4967 sententiarum
1542 4915 1667 4978 mutato,
1691 4905 1810 4989 dequo

371 4997 553 5059 mrtem
575 5011 745 5072 passuros,
774 4993 897 5056 a'rim.
921 4994 960 5065 3,
987 4995 1060 5053 satis
1114 5001 1220 5072 postea
1242 4992 1381 5053 dieamus.
1412 4992 1479 5053 Neo
1506 4993 1543 5053 ab
1569 4993 1633 5066 bis,
1661 4993 1744 5071 quod
1771 4995 1810 5057 sd

372 5075 466 5165 liqna,
476 5077 735 5166 quemadmodum
745 5080 822 5144 base
833 5078 872 5143 sd
882 5079 1060 5165 patientiam
1112 5097 1235 5143 seman
1249 5079 1367 5156 attinet,
1383 5077 1555 5166 dborepsnt
1570 5077 1725 5160 Hebraea,
1738 5080 1810 5147 lieet
