4442 5825
443 600 518 670 ιη
983 594 1394 651 commonuerimus.

486 772 625 834 secane
640 770 759 833 Gbrieti
778 773 977 848 panianum.
1019 772 1138 832 Testem
1192 770 1248 830 eibi
1265 773 1374 834 Petrus
1388 772 1562 835 adscribere
1574 790 1637 834 neu
1650 774 1762 835 voluit.
1782 773 1877 836 Seru

443 878 478 919 ee
492 865 645 939 nuncupat
652 861 839 934 passionem
852 859 978 933 Christi,
994 878 1053 918 non
1068 857 1139 918 ideo
1191 866 1253 918 eet:
1272 858 1332 939 Qui
1348 858 1427 919 idern
1442 862 1534 923 etism
1549 860 1689 940 gloriae,
1713 879 1795 942 quae
1807 881 1876 923 rere

443 945 555 1017 solnm,
583 942 664 1024 quod
692 944 803 1006 Christi
832 946 1003 1025 passiones,
1032 944 1064 1005 id
1094 950 1140 1004 eet
1190 943 1303 1005 labitur
1318 949 1348 1006 in
1371 944 1503 1008 adventu
1519 947 1663 1021 Domini,
1691 948 1879 1029 putieepeae

443 1033 635 1103 afflictiones,
670 1050 787 1091 crucem
817 1041 847 1091 et
872 1040 1015 1104 mortem,
1045 1030 1138 1090 verbo
1191 1033 1290 1093 socius
1305 1052 1370 1092 sum
1386 1033 1511 1095 futurus
1549 1033 1599 1094 De
1622 1054 1688 1114 qua
1702 1035 1802 1116 gloria
1815 1034 1878 1096 Pae

443 1117 645 1198 praedicerem
669 1116 721 1176 sed
745 1116 825 1197 quod
849 1116 1000 1179 Christum
1023 1119 1136 1197 patien·
1190 1118 1237 1178 lus
1263 1139 1386 1200 quoque
1408 1121 1493 1181 Rom.
1509 1120 1538 1180 8.
1563 1121 1609 1181 sio
1631 1123 1697 1181 ait:
1727 1123 1878 1196 Εείιιιιιιι,

442 1215 501 1268 tem
517 1224 609 1284 opere
623 1204 714 1264 etiem
728 1206 794 1284 ipso
805 1205 1022 1276 testificaretur,
1037 1203 1138 1264 multis
1190 1206 1275 1281 qaod
1291 1225 1358 1268 non
1372 1216 1447 1268 eant
1459 1207 1637 1284 condipnac
1649 1212 1822 1285 pastiones
1832 1208 1879 1269 be·

441 1314 496 1372 pro
513 1312 549 1352 eo
565 1291 698 1351 toleratis
715 1291 939 1363 afflictionibus,
955 1291 1136 1370 persecutio·
1186 1295 1241 1366 iae
1255 1297 1404 1368 temporie
1419 1296 1625 1372 adfuturam
1645 1296 1801 1370 aleriam,
1814 1314 1879 1374 qaae

441 1379 531 1441 nibus
545 1386 576 1437 et
587 1376 786 1438 contumeliis.
810 1378 919 1458 Itaque
932 1379 1047 1439 Obrieti
1059 1396 1138 1455 pae—
1190 1380 1385 1440 revelabitur
1409 1385 1442 1442 in
1471 1381 1568 1442 nobie.
1615 1381 1681 1442 Ubi
1704 1383 1879 1444 similiterin

441 1469 543 1528 aona
557 1464 714 1525 Heeeeiins
732 1466 959 1544 interpretatur,
986 1485 1045 1525 non
1061 1483 1138 1544 quas
1192 1464 1307 1526 Graeco
1330 1477 1389 1527 est:
1417 1469 1469 1529 Ad
1494 1486 1580 1541 eam,
1604 1487 1691 1545 quae
1712 1470 1830 1546 fatrem
1848 1477 1879 1530 ee

441 1553 578 1616 Christus
590 1570 698 1631 pessus
714 1560 775 1623 eet,
792 1552 846 1612 sed
862 1571 937 1631 ques
953 1573 1006 1631 pro
1019 1548 1137 1610 Christo
1190 1553 1512 1630 acclamatorium.
1550 1554 1601 1615 Sic
1615 1565 1726 1616 autem
1742 1556 1879 1617 etPetne

441 1658 549 1720 passus
571 1637 670 1698 iuerat
693 1639 816 1714 Petrus,
842 1647 875 1698 nt
898 1641 982 1697 testis
1004 1637 1136 1698 afflictio·
1191 1638 1268 1699 hene
1296 1641 1422 1719 gloriam
1453 1642 1576 1721 opponit
1611 1643 1811 1721 passionibus
1837 1663 1878 1723 pre

441 1746 513 1787 num
540 1725 652 1787 Christi
677 1724 793 1786 dicatur
821 1725 905 1785 testie
930 1726 1056 1786 afflictus
1082 1746 1137 1804 pro
1191 1724 1310 1787 Christo
1334 1729 1483 1801 toleretis,
1509 1729 1616 1788 volens
1639 1729 1676 1788 id
1691 1730 1879 1810 ipsumeign’r

442 1811 577 1887 obruto,
602 1810 851 1892 quemadmodum
871 1812 984 1872 Paulus
1006 1811 1139 1891 loquitur
1191 1812 1297 1886 ficare,
1320 1815 1401 1892 quod
1418 1814 1529 1874 ibidem
1544 1813 1682 1888 Paulus,
1711 1815 1878 1879 dianae

441 1899 504 1960 Col.
522 1903 567 1959 1.:
583 1899 753 1974 Adimplco
769 1918 822 1973 ea,
839 1917 920 1977 quac
932 1898 1046 1960 dmunt
1059 1917 1137 1974 pae—
1190 1904 1420 1977 compatimur,
1434 1909 1470 1961 ιιι
1485 1909 1514 1961 et
1528 1903 1819 1979 conploritieemw.

440 1990 566 2048 donam
590 1986 722 2059 Οινῑιιι,
746 1985 777 2045 id
799 1995 845 2046 est
868 1985 1060 2046 afflictionum
1084 2005 1137 2064 pro
1234 1986 1302 2046 Hoc
1317 1997 1430 2061 temen,
1452 1987 1531 2067 quod
1547 2008 1581 2049 se
1598 1997 1775 2051 consortem
1790 1988 1877 2070 appel

441 2073 561 2137 Cbristo
576 2071 808 2133 tolerandarum.
1190 2071 1233 2132 lat
1249 2074 1328 2134 illius
1343 2074 1471 2153 gloriae,
1493 2083 1594 2135 utrum
1614 2075 1701 2137 dicat
1716 2095 1756 2137 ex
1772 2074 1879 2155 speciei

485 2160 704 2232 Veruntamen,
728 2167 762 2219 ιιι
781 2160 875 2240 ipsius
891 2157 1004 2219 Christi
1023 2159 1135 2238 passio·
1190 2159 1390 2231 revelatione,
1415 2161 1556 2222 videlicet
1571 2181 1625 2236 ea,
1652 2164 1746 2242 cujus
1760 2163 1879 2225 muniit

441 2266 496 2308 nee
520 2245 740 2324 intelligantur,
764 2264 891 2325 quarum
914 2265 947 2306 ee
961 2246 1070 2306 Petrus
1093 2252 1135 2306 te·
1192 2250 1218 2306 1.
1235 2247 1334 2327 Epist
1351 2268 1415 2328 cap.
1433 2249 1478 2320 2.,
1494 2269 1532 2308 an
1548 2268 1621 2310 vero
1635 2249 1743 2311 bonae
1757 2270 1795 2310 ac
1809 2246 1877 2311 Obr‘r

441 2341 515 2396 stem
531 2333 614 2394 dicat
624 2351 679 2411 per
689 2353 760 2393 eoae
773 2353 827 2412 pro
840 2331 960 2392 Christo
971 2332 1136 2413 passiones,
1190 2335 1310 2394 stianae
1325 2337 1392 2413 spei
1407 2344 1521 2395 tentum
1537 2334 1612 2397 haec
1625 2336 1724 2397 verba
1740 2337 1820 2410 sint,
1832 2356 1878 2398 ιιιι

439 2419 626 2502 probabilius
639 2428 721 2498 puto.
744 2420 822 2479 Nam
829 2420 1030 2496 pactionibus
1043 2419 1136 2481 Obri·
1190 2419 1299 2498 liquet;
1323 2441 1359 2480 ac
1375 2423 1470 2501 magis
1485 2421 1622 2483 lomenia
1638 2432 1789 2503 apparet,
1811 2421 1878 2483 illes

438 2512 479 2568 ιιι·
494 2509 593 2567 statim
618 2508 744 2586 opponit
765 2508 900 2583 pluriam
917 2507 1052 2579 Obrieti,
1075 2526 1137 2586 qua
1189 2506 1401 2568 revelationem
1439 2517 1544 2588 postea
1576 2509 1612 2569 B.
1644 2509 1743 2571 Petro
1783 2509 1877 2571 aen

439 2596 576 2655 nimimm
599 2596 664 2673 ipse
679 2594 816 2654 Christus
835 2593 985 2672 gloriosus
1008 2595 1134 2654 exsistit.
1189 2592 1428 2675 subsequendo
1444 2597 1877 2677 coepitappropinqnarernar

438 2682 486 2741 De
500 2679 672 2760 hujusmodi
688 2683 876 2752 testimonio,
898 2678 979 2760 qnod
1001 2700 1059 2739 uon
1074 2689 1135 2740 tam
1189 2683 1279 2761 tyrio.

438 2767 546 2840 verbo,
567 2787 656 2847 qnam
673 2787 763 2845 opere
778 2767 990 2846 perhibebatur
1005 2764 1134 2840 Christo,
1232 2769 1324 2828 Porro
1339 2771 1461 2845 pieriae
1483 2771 1828 2847 communicationem,
1850 2767 1877 2830 de

344 2911 349 2926 ,
439 2854 524 2916 locus
540 2863 586 2916 est
607 2853 688 2935 apud
703 2854 831 2915 Paulum
853 2858 868 2915 1
884 2854 964 2914 Tim.
982 2854 1025 2913 a:
1050 2854 1134 2915 Gon·
1187 2876 1246 2939 qua
1262 2855 1396 2938 loquitur
1410 2856 1534 2930 Petrus,
1558 2855 1686 2937 quidam
1701 2856 1876 2920 eliserint*

436 2943 599 3019 faeneos,
619 2943 677 3013 ait,
702 2942 818 3002 bonam
838 2941 1066 3018 consessionem
1081 2961 1134 3003 co·
1187 2946 1296 3024 pretati
1312 2954 1397 3016 sunt,
1422 2944 1570 3016 diceutes,
1593 2964 1661 3003 earn
1681 2944 1779 3007 Petro
1800 2945 1876 3006 coni

438 3049 510 3090 ram
526 3030 633 3091 maltis
647 3029 791 3106 teetibree3
819 3038 849 3089 et
870 3049 939 3088 mox
959 3028 997 3088 de
1013 3026 1133 3089 Christo
1187 3032 1269 3110 gissa
1292 3033 1322 3092 in
1344 3031 1609 3110 transfiguratione
1632 3031 1817 3106 Dominiea,
1838 3032 1877 3093 ui

437 3116 533 3178 Jeeu:
550 3120 621 3196 Qui,
639 3117 745 3195 inquit,
764 3118 977 3177 testimonium
993 3115 1133 3175 reddidit
1187 3118 1337 3190 interfuit,
1361 3127 1391 3177 et
1406 3138 1484 3198 quae
1500 3126 1593 3198 typus
1610 3117 1738 3198 qnidam
1753 3116 1814 3179 trit
1825 3116 1875 3199 glo

437 3203 494 3265 aab
509 3206 626 3266 Pontio
642 3204 749 3263 Pilato
762 3204 879 3264 bonam
893 3204 1132 3281 consertionem.
1187 3206 1252 3265 riae
1267 3206 1297 3265 iu
1313 3204 1399 3265 nobis
1420 3202 1620 3281 revelandam
1643 3204 1697 3266 vel
1713 3204 1765 3284 (ut
1778 3201 1876 3282 elisiis

439 3290 507 3371 Quo
523 3299 553 3351 et
569 3290 641 3352 illud
655 3292 793 3372 pertinet,
808 3290 860 3351 ubi
877 3291 1035 3363 Dominus,
1051 3289 1132 3369 Apo·
1187 3292 1309 3352 Domini
1324 3292 1541 3353 resurrectione
1563 3299 1595 3351 et
1609 3294 1803 3367 ascensione,
1817 3307 1877 3374 qut

437 3378 523 3440 stelle
538 3378 599 3439 sule
615 3377 791 3458 praedicens
807 3377 901 3451 mala,
924 3396 1000 3458 quae
1017 3379 1132 3455 passuri
1187 3377 1269 3439 vidit.
1293 3377 1462 3439 &cundum
1474 3379 1529 3439 hos
1541 3377 1751 3457 supplendum
1763 3388 1811 3442 eet
1823 3398 1875 3440 ree

438 3473 538 3526 essent
565 3485 584 3523 a
613 3464 868 3546 persecutoribus,
902 3463 1075 3542 subjungit,
1102 3465 1133 3525 id
1186 3465 1256 3526 bum
1279 3466 1431 3545 praeteriti
1454 3466 1613 3545 temporie:
1634 3470 1877 3529 communicatur

436 3550 568 3614 futurum
584 3553 619 3611 in
632 3556 846 3613 testimoniam
859 3552 998 3614 Jadacie
1012 3558 1042 3610 ct
1055 3570 1133 3627 pen·
1187 3572 1238 3613 eeu
1254 3571 1376 3613 censore
1389 3553 1451 3630 sai.
1474 3553 1583 3614 Verum
1603 3551 1688 3632 quod
1703 3554 1803 3633 primo
1816 3551 1876 3621 diti.

436 3640 534 3715 tibere,
558 3639 666 3700 Matth.
685 3641 733 3700 10.
762 3640 878 3718 Nempe
893 3639 1034 3718 quoniam
1050 3639 1134 3718 ipsae
1186 3640 1283 3718 magis
1300 3640 1456 3719 probabile
1466 3649 1520 3712 est,
1537 3646 1615 3698 eteo
1627 3640 1721 3701 modo
1733 3644 1876 3721 exponant

436 3737 600 3809 martyrum
617 3724 728 3787 Christi
740 3728 896 3806 passionen
912 3734 1000 3785 erant
1013 3723 1134 3785 futurae
1187 3724 1406 3801 Oscomeniue,
1426 3725 1606 3806 Cajetenue,
1623 3725 1876 3788 TiteImaunuad

435 3814 502 3875 ioco
532 3814 701 3875 testimonii.
739 3812 842 3892 Quare
872 3821 903 3873 et
928 3800 997 3871 κατ’
1023 3802 1133 3890 ἐξοχὴν
1188 3811 1351 3872 Heseeliue.

435 3910 610 3978 martyres,
638 3900 737 3962 idest
762 3908 850 3961 testes
872 3909 1025 3960 vocantur.
1065 3899 1134 3959 Hoc
1231 3903 1258 3959 2.
1282 3901 1423 3971 Parcite,
1450 3900 1505 3976 qui
1519 3901 1554 3960 in
1571 3898 1659 3960 uobis
1674 3906 1740 3974 cet,
1763 3916 1876 3977 crepe!

436 3997 537 4049 autem
553 3987 592 4049 de
608 4007 642 4048 se
657 3995 868 4048 commemorat
883 3987 1005 4059 Petrae,
1028 3994 1063 4045 ut
1078 4005 1133 4045 suo
1188 3987 1256 4046 Dei.
1303 3984 1433 4066 Quidam
1464 3982 1573 4045 Graeci
1604 3986 1731 4047 codices
1760 3986 1876 4048 nmen:

435 4076 520 4134 velut
535 4074 673 4155 exemplo
690 4074 946 4155 compresbyteros
958 4074 1078 4137 animet.
1094 4092 1134 4133 ne
1186 4091 1310 4148 precem
1327 4074 1453 4145 Obrirti,
1469 4070 1523 4131 sed
1535 4071 1654 4150 plures:
1671 4092 1801 4151 precem
1816 4073 1877 4145 ne,

435 4169 515 4222 metu
541 4162 782 4240 persecutionum
809 4168 926 4221 cessent
954 4159 993 4219 ab
1021 4159 1133 4235 offici03
1186 4160 1295 4240 quibus
1311 4169 1342 4219 et
1356 4160 1452 4238 Syrus
1472 4157 1697 4238 adstipulatum
1724 4180 1795 4221 curu
1816 4160 1877 4220 ato

435 4246 685 4329 quemadmodum
701 4257 733 4309 et
746 4248 793 4320 id,
820 4246 902 4328 quod
917 4247 1066 4326 sequitur,
1082 4246 1133 4307 nd·
1187 4247 1240 4325 qui
1263 4266 1336 4326 grex
1353 4246 1480 4317 Christi,
1502 4252 1657 4325 tamquam
1680 4248 1818 4329 supremi
1836 4265 1878 4328 pt·

431 4336 545 4415 jungit,
559 4343 594 4393 ut
609 4353 660 4394 eos
676 4335 707 4394 in
719 4334 843 4395 eandem
861 4356 922 4395 una
934 4352 1035 4394 secum
1051 4332 1132 4393 futu·
1186 4335 1290 4408 eteris,
1315 4334 1367 4413 qui
1382 4353 1436 4413 pro
1451 4331 1558 4392 evibue
1580 4334 1714 4395 animam
1730 4354 1817 4395 suam
1836 4350 1878 4413 ptr

435 4442 488 4483 rae
503 4421 618 4502 glories
633 4441 717 4499 spem
734 4422 837 4502 erigat
1186 4420 1261 4491 suit,
1289 4420 1454 4480 rectissime
1470 4418 1667 4498 intelligatur.
1707 4420 1790 4483 Illud
1802 4439 1878 4481 rere:

480 4510 542 4588 Qui
562 4515 593 4569 et
614 4509 712 4583 Ejus,
738 4526 820 4584 qnae
847 4510 882 4569 in
903 4509 1018 4585 futuro
1044 4525 1133 4568 rece·
1187 4509 1248 4586 Qui
1268 4510 1303 4567 in
1325 4507 1410 4567 vobit
1433 4512 1491 4579 eet,
1522 4504 1654 4566 Graece:
1687 4501 1726 4566 τὸ
1749 4498 1784 4566 is
1806 4499 1879 4585 ripis,

436 4596 540 4657 landa
551 4603 605 4672 eet,
621 4596 743 4670 planiae
754 4597 1015 4656 communicator.
1040 4593 1131 4654 Grae·
1186 4594 1331 4654 Erasmus
1348 4602 1378 4653 et
1402 4594 1453 4653 alii
1475 4600 1648 4653 verterunt:
1675 4595 1877 4672 qreanmie

436 4702 473 4742 ea
487 4684 531 4743 sic
545 4691 668 4743 sonant:
692 4685 754 4760 (ini
769 4690 799 4742 et
814 4686 899 4756 ejas,
923 4700 1004 4759 qaae
1017 4682 1133 4758 fatuea
1186 4679 1273 4741 vobis
1296 4687 1358 4757 eet;
1386 4689 1419 4740 ut
1442 4678 1547 4739 similis
1569 4698 1668 4740 sermo
1693 4683 1736 4742 eit
1753 4679 1879 4742 camille

436 4777 482 4829 ert
507 4770 645 4829 revelari
670 4764 716 4845 (id
743 4777 789 4829 eet
825 4789 906 4849 quae
935 4763 1133 4843 revelabitur)
1186 4767 1314 4826 Paulino
1330 4768 1417 4827 Rom.
1434 4768 1501 4826 1t.:
1519 4766 1613 4844 Quod
1624 4785 1663 4827 ce
1677 4768 1766 4829 ealda
1781 4759 1878 4848 eet(ei

434 4855 557 4931 plorice
587 4873 721 4917 consere.
766 4855 846 4916 Nam
883 4856 1135 4916 communicator·
1166 4846 1219 4918 ’ἒξ
1235 4846 1350 4931 ὑμῶν),
1374 4873 1445 4914 mem
1468 4852 1615 4913 orneribaa
1629 4854 1878 4933 bominibnepc·

436 4942 555 5021 proprie
570 4962 631 5002 non
646 4941 770 5015 dicitur,
794 4944 846 5021 qui
862 4941 895 5001 fit
916 4961 1052 5014 consors,
1079 4939 1133 5003 esd
1186 4960 1252 5002 cem
1266 4942 1421 5002 babentes.
1444 4937 1505 5001 Sed
1518 4959 1585 4999 enm
1598 4943 1771 5005 versionem
1785 4942 1877 5004 metit

436 5028 490 5109 qui
518 5036 671 5089 consortes
697 5028 773 5089 elios
799 5030 877 5091 iacit
915 5028 1005 5111 Quod
1029 5030 1132 5110 urdene
1186 5026 1476 5111 Lorinusinrprobst.
1500 5026 1658 5091 Necenim
1670 5028 1874 5094 Paeoniae·
