4442 5825
391 594 468 664 440
906 588 1139 646 commutatos
1155 589 1188 643 m
1210 589 1276 645 car.
1295 590 1333 645 ιι

391 763 460 825 dem
487 762 697 824 venerabilem
720 763 834 825 Bodam
856 764 981 844 legione,
1008 785 1086 825 com·
1137 764 1338 839 laudabilem,
1354 775 1384 826 et
1398 766 1651 846 vituperabilem:
1676 788 1839 849 q-

390 851 553 911 mentariua
576 850 642 927 ejue
669 849 750 911 baud
778 852 903 912 obeoure
925 853 1084 931 significat.
1139 851 1211 932 quid
1229 854 1385 932 utriueque
1408 856 1586 929 rapientiae
1610 856 1708 917 nomin
1769 890 1797 909 ·

391 935 452 999 Set
476 942 507 996 et
529 935 578 995 hic
599 935 687 1016 paulo
709 947 778 1017 poet
800 949 977 1017 utrumque,
1001 938 1086 999 aelna
1138 939 1260 999 filatum
1276 938 1358 999 velit.
1393 940 1471 1000 Nam
1487 940 1577 1002 multi
1599 961 1708 1003 uonex
1724 962 1839 1025 J

390 1024 504 1085 ecilltet
518 1033 549 1082 et
564 1026 740 1098 eontentio,
771 1034 946 1104 repetuntur
960 1045 1085 1087 numero
1139 1026 1201 1104 Qui
1216 1045 1287 1086 vero
1303 1026 1470 1107 explicant,
1502 1027 1641 1108 plerique
1660 1048 1744 1109 par-

390 1109 544 1189 aiugulari.
581 1111 673 1172 Zelue
702 1112 863 1173 aemulatio
889 1121 943 1173 eet.
979 1113 1085 1174 Zelum
1138 1114 1316 1192 sapientiam
1345 1113 1474 1193 intelligi
1506 1123 1615 1193 putant
1644 1128 1713 1177 eam
1752 1161 1781 1189 ,

391 1206 490 1259 autem
520 1216 654 1257 amarum
688 1198 830 1259 iuvidiam
860 1207 962 1273 vocat,
996 1220 1084 1279 quam
1138 1200 1277 1260 omnibus
1292 1199 1377 1261 bonis
1393 1199 1538 1261 fidelibus
1554 1206 1746 1265 communis
1801 1215 1839 1281 ‘a

390 1284 504 1347 Paulua
523 1283 601 1363 pr.
618 1286 647 1344 4.
663 1287 912 1348 amaritudinem
937 1286 1085 1366 appellat,
1138 1295 1183 1346 eet
1204 1288 1352 1364 justitiam
1380 1287 1598 1361 Christianam,
1630 1308 1710 1368 quae
1768 1300 1839 1355 0oe

390 1392 484 1451 quum
500 1370 640 1431 videlicet
654 1374 780 1443 animur,
795 1373 909 1434 invidia
920 1373 1006 1432 velut
1016 1373 1086 1434 fello
1140 1376 1264 1433 virtutae
1281 1374 1495 1454 complectitur.
1519 1374 1570 1436 sie
1588 1376 1667 1436 euim
1682 1365 1839 1441 conch&

389 1462 516 1530 tinctae,
546 1459 703 1517 amarescit
733 1459 876 1520 edverenu
907 1461 1084 1538 proximum.
1139 1459 1215 1520 hanc
1230 1459 1269 1520 de
1284 1461 1431 1539 sapientia
1454 1462 1692 1540 disputationem
1704 1463 1826 1543 Aput·

391 1546 559 1611 contentio
587 1552 633 1604 eet
662 1544 822 1605 vorborum
855 1566 956 1626 pugne
985 1546 1085 1607 etudio
1138 1547 1201 1607 lna:
1217 1548 1355 1609 metue
1369 1550 1683 1622 antemjnttitiaeia
1693 1554 1815 1636 pons*

391 1630 531 1695 vincendi
553 1639 702 1710 suscepta.
738 1632 798 1693 Sed
821 1634 869 1695 bic
891 1634 1014 1694 videtur
1036 1653 1084 1693 ac·
1138 1636 1284 1694 minatur
1299 1645 1370 1708 etc,
1390 1643 1545 1714 umquam
1561 1634 1804 1714 videlicetnpm

391 1722 452 1800 cipi
468 1739 520 1799 pro
536 1719 602 1795 ipeo
619 1718 758 1779 vincendi
773 1719 888 1793 etudio,
916 1720 998 1798 cuod
1012 1719 1086 1780 latet
1138 1722 1180 1781 tia
1195 1724 1236 1781 eit
1252 1723 1316 1800 ipea
1330 1722 1452 1799 justitia.
1492 1721 1562 1802 Quo
1589 1708 1797 1802 praetareeM
1831 1720 1839 1795 .'

391 1811 421 1869 iu
433 1809 539 1868 auimo.
555 1805 640 1864 Dicit
648 1808 744 1865 enim:
760 1810 797 1868 in
808 1808 954 1869 cordibae
968 1812 1083 1868 cestrie.
1139 1807 1221 1888 quod
1236 1808 1293 1867 hoc
1308 1807 1396 1868 modo
1420 1808 1602 1886 sapientiam
1620 1808 1792 1870 noanon

388 1894 537 1974 Exprimit
566 1892 730 1969 Apoetolue
760 1893 835 1955 baec
865 1896 952 1966 vitia,
989 1894 1084 1954 uelum
1138 1897 1218 1974 piaee
1233 1897 1328 1973 primo
1345 1897 1463 1973 eapite,
1490 1895 1611 1957 dicens:
1637 1899 1672 1959 st
1693 1898 1792 1974 poert·

389 2000 521 2042 amarum
532 1987 564 2039 et
578 1980 810 2053 contentionem,
833 1982 913 2062 quod
937 2001 975 2041 ex
990 1981 1084 2041 ambi·
1138 1990 1238 2042 atrum
1251 1983 1371 2058 indiyet
1382 1984 1556 2058 rapientia,
1570 1980 1792 2059 pmtetnotttt

388 2070 470 2129 tione
486 2075 517 2126 et
532 2065 698 2126 cenodoxia
712 2067 827 2128 eoleuut
842 2070 921 2130 oriri.
1138 2068 1198 2128 Vel
1214 2078 1294 2130 corte
1308 2066 1404 2150 (qnod
1425 2067 1490 2129 fere
1515 2071 1623 2131 eodem
1644 2068 1748 2144 recidit)
1762 2082 1793 2130 a·

431 2155 537 2219 Nolite
550 2153 703 2228 oloriari,
720 2162 750 2215 et
764 2157 931 2217 manducet
946 2174 1010 2216 eece
1024 2156 1085 2215 ad·
1135 2158 1294 2233 pientiam
1318 2155 1491 2235 intelligunt
1511 2156 1659 2232 judicium
1681 2154 1798 2219 radun

392 2260 497 2305 verena
527 2243 703 2302 veritatem.
742 2241 861 2305 Graece
891 2244 934 2304 eic
963 2251 1084 2303 eonrtut:
1138 2246 1301 2323 practicam
1317 2242 1356 2303 de
1372 2242 1512 2304 omuibua
1527 2243 1666 2322 agendii
1688 2245 1800 2306 Neam

388 2332 435 2392 Ne
475 2329 770 2404 contruploriemini
807 2337 837 2390 et
880 2332 1083 2390 mentiamini
1139 2331 1176 2389 ab
1194 2331 1241 2390 bie
1263 2329 1423 2392 admodum
1446 2328 1590 2392 darentit
1613 2331 1644 2392 S.
1660 2328 1804 2393 'rhemi

388 2425 502 2481 contra
519 2423 691 2478 vamtatem.
726 2417 773 2476 1⁴21
789 2437 848 2496 qno
868 2417 977 2497 liquet,
1002 2415 1084 2476 illam
1140 2421 1167 2477 2.
1185 2426 1299 2496 quaeat.
1316 2418 1367 2478 45.
1378 2430 1433 2479 art.
1447 2421 1484 2487 6.,
1502 2418 1554 2478 ubi
1566 2418 1814 2497 eapienu'aulu·

391 2514 522 2582 purtem:
548 2505 896 2579 adierrueceritatem,
913 2502 1083 2566 retorride
1138 2505 1355 2582 interpretatur
1377 2523 1459 2576 mm,
1483 2523 1563 2585 quae
1585 2506 1684 2584 prima
1701 2506 1808 2567 anton

389 2592 462 2653 be'ro
484 2589 524 2651 ad
548 2599 708 2670 utromque
735 2589 856 2651 verbum
886 2590 1084 2670 praecedens:
1139 2590 1219 2651 dona
1234 2591 1362 2671 Spiritus
1377 2591 1490 2663 nancti,
1507 2611 1568 2671 quo
1581 2593 1677 2653 etiam
1692 2592 1811 2673 loeoffl

389 2696 430 2742 tte
443 2679 626 2753 ploriernini
641 2685 754 2738 contra
771 2681 955 2756 veritatem5
979 2688 1022 2739 et:
1045 2696 1086 2739 ne
1139 2679 1273 2759 epitheta
1287 2678 1460 2757 siugulatim
1477 2678 1622 2759 explieat.
1646 2677 1826 2760 acejum

389 2766 592 2827 mentiamini
613 2772 727 2826 contro
749 2783 829 2824 eam.
862 2765 957 2826 Porro
980 2784 1085 2826 eeneue
1138 2773 1251 2843 quatit.
1273 2773 1329 2826 art.
1346 2770 1373 2825 1.
1396 2764 1436 2825 do
1456 2764 1533 2825 ialaa
1556 2767 1722 2845 capientia,
1744 2772 1820 2847 qin-

389 2849 531 2931 Apoetoli
548 2851 619 2913 talia
636 2858 699 2910 ee't:
726 2850 817 2928 Quod
831 2854 857 2911 ei
874 2853 904 2914 in
920 2854 1019 2914 animo
1034 2871 1084 2931 ge-
1139 2851 1229 2931 bujue
1244 2853 1357 2914 eaeonli
1380 2853 1559 2933 rapientium
1582 2861 1691 2926 roem,
1713 2855 1820 2934 ejurat.

390 2942 456 3001 titia
472 2937 616 3000 invidiam
640 2947 671 2998 et
688 2941 912 3013 contentionee,
938 2940 1015 3000 alius
1037 2938 1087 2999 ad·
1140 2941 1218 2999 notia
1241 2939 1279 3000 ttb
1294 2940 1442 3020 Apoatblo
1463 2939 1633 3019 dcaiguatia
1649 2941 1820 3003 conformita-¹

389 3045 497 3089 versuo
511 3025 620 3099 alium,
636 3026 730 3087 nolite
744 3045 799 3085 voa
809 3027 926 3106 jactare
941 3037 970 3088 et
987 3026 1086 3087 dicere
1140 3025 1267 3086 disserit

390 3116 551 3192 rapientes.
574 3112 612 3173 Id
628 3115 705 3174 enlm
718 3121 809 3184 earet,
825 3114 990 3193 gloriariet
1004 3129 1085 3174 men·
1183 3112 1244 3173 Sed
1259 3113 1308 3172 hio
1322 3127 1362 3167 au
1384 3127 1473 3168 verua
1495 3133 1533 3174 ae
1547 3131 1714 3192 ger-mmai
1730 3113 1813 3176 aithi

389 3202 440 3262 tiii
455 3201 778 3262 advereuevoritatem.
802 3202 877 3262 Nam
891 3202 1086 3280 quiani'murn
1136 3200 1187 3279 jue
1209 3200 1268 3260 loci
1287 3215 1408 3269 aeneus,
1434 3202 1539 3261 merito
1568 3200 1733 3264 dubitetur.
1760 3199 1819 3282 tpi-

389 3288 502 3350 babent
515 3287 686 3347 istiusmodi
702 3288 784 3347 ritiia
797 3288 952 3362 effectum,
968 3289 1085 3368 eapien·
1141 3288 1220 3347 onim
1235 3282 1409 3365 Apoetolue,
1424 3291 1456 3342 ut
1469 3288 1536 3364 jum
1551 3285 1619 3349 dixi
1635 3291 1676 3351 de
1691 3287 1813 3370 aapiffl

389 3385 434 3436 tea
450 3378 519 3436 etee
534 3389 593 3436 nou
614 3383 754 3454 poaaunt,
781 3376 840 3435 uiei
862 3373 938 3436 fuleo
958 3376 1086 3437 nomine.
1141 3376 1366 3452 magiattorum,
1393 3392 1473 3449 quae
1497 3372 1537 3434 ad
1560 3375 1745 3438 intellectum
1766 3391 1812 3455 p*

390 3463 501 3524 Scaeua
517 3460 564 3522 hic
580 3459 688 3524 clarior
702 3463 755 3523 fiet
769 3482 809 3522 ox
825 3463 1034 3539 aequantibus:
1141 3462 1230 3533 tinet,
1252 3468 1284 3522 et
1305 3460 1492 3520 voluntatem
1515 3482 1576 3521 non
1590 3459 1811 3526 normanna}

435 3549 484 3611 15.
507 3551 581 3611 Non
602 3557 647 3609 eet
668 3552 752 3610 enim
775 3552 836 3609 ieta
854 3552 1015 3625 capientia
1030 3548 1087 3608 de-
1141 3550 1197 3620 cit;
1213 3549 1255 3608 ita
1269 3558 1385 3617 mmen,
1403 3555 1452 3619 ut,
1468 3550 1665 3624 rapientium
1678 3550 1811 3619 nemim

389 3655 514 3699 narrum
548 3637 746 3697 descend-ene.
792 3636 952 3696 Voculam:
990 3638 1085 3709 enim,
1141 3635 1229 3694 ctiam
1259 3636 1424 3696 erientiam
1457 3635 1706 3716 comprehendat.
1747 3633 1813 3698 lli

390 3724 517 3800 quaein
532 3723 651 3785 Graeco
667 3744 728 3785 non
751 3730 814 3794 eet,
842 3726 989 3803 interpret
1005 3721 1087 3782 addi·
1140 3724 1317 3801 eapientiam
1339 3721 1411 3781 facit
1432 3720 1600 3800 duplicem:
1629 3743 1708 3803 quaa
1729 3719 1811 3785 ass-

390 3810 451 3884 dit,
482 3819 517 3869 nt
546 3813 764 3872 connexionem
795 3809 968 3871 ostenderat
996 3809 1087 3887 hujua
1141 3809 1611 3889 eet,etquaeuoueataDeo,
1630 3809 1811 3873 ideatra·

390 3899 486 3976 partia
515 3907 580 3958 tum
610 3898 822 3976 praecedente.
859 3896 973 3958 Probat
999 3898 1087 3967 enim,
1141 3903 1171 3954 et
1184 3895 1307 3969 labam,
1334 3915 1416 3975 quae
1430 3895 1597 3957 secuudum
1612 3897 1714 3958 Deum
1728 3895 1811 3967 em

390 3985 582 4063 sapientiam,
616 4005 707 4063 qnam
734 3983 930 4045 venditabant
961 3982 1087 4062 improbi
1141 3999 1219 4062 quae
1241 3982 1404 4044 coeundum
1430 3982 1591 4044 saeculum.
1631 3983 1703 4046 Non
1722 3980 1812 4065 quii·

391 4071 541 4148 mugituri,
556 4092 615 4131 nou
630 4079 812 4134 eaeeveram
828 4072 1016 4149 sapientiam,
1033 4068 1088 4130 eod
1141 4070 1310 4149 siguificare
1336 4068 1457 4143 voleus,
1484 4069 1621 4149 aliquam
1648 4079 1719 4133 etto
1738 4081 1812 4131 reu·

391 4155 514 4225 faloam,
533 4159 605 4234 quia
629 4179 691 4217 non
717 4167 763 4218 oet
787 4157 941 4218 deeurmm
965 4157 1086 4218 dercen-
1142 4156 1311 4217 divinarum
1326 4157 1480 4228 notititm,
1503 4171 1586 4236 quae
1600 4156 1703 4220 Deum
1716 4151 1815 4219 noth

391 4242 475 4316 dena,
496 4241 527 4303 id
545 4252 591 4304 eat
612 4265 631 4304 a
652 4247 718 4306 Deo
741 4244 891 4324 proiecta,
919 4265 1028 4324 quom,
1055 4250 1089 4302 ut
1142 4244 1214 4304 beat
1228 4251 1395 4318 auctorem3
1411 4241 1465 4303 aed
1481 4261 1565 4316 eam,
1583 4239 1818 4327 ompositi,

392 4330 502 4391 dictum
524 4339 571 4391 eat
591 4350 680 4411 eupra
702 4353 766 4411 cap.
793 4336 829 4404 1,
851 4351 944 4394 omne
965 4332 1088 4392 donam
1142 4338 1195 4389 eut
1209 4331 1267 4391 eibi
1289 4330 1451 4391 vendicant
1472 4329 1611 4392 mnino·
1632 4329 1774 4395 ambitioni
1812 4331 1814 4338 '

390 4419 567 4495 perfectam
591 4419 754 4480 deenrntm
779 4423 829 4493 eit,
853 4419 1042 4479 descendent
1067 4435 1089 4477 o
1142 4418 1274 4478 moribus
1290 4418 1436 4495 corrupti,
1463 4425 1583 4482 utentes
1605 4437 1645 4479 ea
1666 4417 1820 4480 aaran.

391 4507 489 4565 Patr'e
504 4506 664 4567 luminum
672 4529 685 4583 ,·
701 4514 730 4567 et
743 4509 912 4583 mentia,
927 4508 955 4566 ei
967 4509 1037 4582 qnia
1051 4521 1089 4564 ea
1142 4506 1254 4565 tionem
1277 4513 1309 4565 et
1329 4504 1579 4577 ostemationem,
1607 4504 1725 4568 aliaeve
1741 4495 1820 4570 nb:

390 4591 549 4667 indipeut,
576 4612 645 4655 non
667 4594 798 4656 aliunde
818 4594 1016 4671 parturienda
1037 4596 1087 4666 eit,
1142 4592 1232 4666 linea,
1248 4589 1401 4664 indicano,
1425 4609 1485 4652 uon
1499 4601 1569 4652 eteo
1584 4589 1711 4672 dignam
1725 4587 1818 4670 aas*

392 4696 488 4755 qnam
505 4698 526 4738 a
542 4683 620 4742 Dec.
1141 4680 1201 4738 tiae
1215 4680 1351 4752 nomine,
1377 4677 1447 4739 dum
1461 4679 1577 4738 servire
1591 4680 1713 4758 cogitur
1744 4677 1774 4695 '¹

434 4761 511 4826 cun
526 4776 628 4827 antem
651 4768 700 4828 bic
711 4769 775 4847 jam
797 4775 1013 4843 cousequenter
1028 4764 1088 4826 dia·
1141 4785 1177 4825 ac
1190 4767 1339 4842 pervoreia
1350 4764 1504 4825 bominum
1517 4764 1740 4844 cupiditatibua.

392 4852 504 4913 canon
519 4861 631 4915 statutt
646 4854 811 4934 apostolor
822 4856 899 4914 inter
910 4854 1087 4929 sapientiam
1141 4851 1230 4912 modo
1257 4853 1384 4912 virtutae
1404 4849 1651 4931 philosophorum
1676 4851 1765 4914 tulnae
1780 4841 1823 4908 {fr

393 4957 495 4997 veram
506 4934 662 5018 etlialuam,
673 4943 753 5003 notia
765 4939 893 5020 propriis
904 4941 967 5000 anie
982 4947 1088 4999 utram·
1142 4947 1264 5012 cuntur,
1290 4948 1322 5000 et
1338 4940 1445 5001 vitiae
1461 4937 1607 5000 Patribua
1623 4938 1765 5002 interdu
1775 4947 1815 5012 η’

393 5042 451 5108 que
470 5025 601 5110 purgem
622 5029 765 5113 epithetis
788 5046 844 5093 ceu
865 5020 1031 5109 coloribna}⁸
1056 5033 1088 5089 et
1139 5025 1309 5108 pellantur,
1346 5035 1498 5111 quatenu·
1534 5024 1575 5092 ab
1604 5023 1670 5092 tun
1697 5025 1736 5092 ai
1757 5021 1825 5088 Ι
