4442 5825
750 593 914 651 suissuis!
929 595 948 651 l.
965 596 1053 650 susti
1069 594 1203 651 Jusums.
1226 595 1311 651 Vm.
1330 597 1447 652 tit-tt
1749 602 1820 670 746

373 768 438 832 Dei
453 788 527 851 erga
539 789 611 846 nus,
637 769 719 852 quod
731 790 788 834 nos
803 771 957 850 dilexerit,
980 791 1071 854 quum
1124 772 1260 834 inimicos
1289 781 1319 833 et
1347 781 1570 853 persecutores,
1598 774 1677 833 sicat
1706 772 1823 834 Paulus

374 874 511 920 neruus
525 856 564 919 sb
579 876 616 919 ee
631 858 748 938 penitus
763 858 878 936 anerei,
896 880 957 920 non
972 867 1070 921 autem
1124 860 1223 921 Deum
1252 868 1284 920 et
1306 858 1455 922 Christum
1482 859 1571 920 nobie
1593 859 1732 940 exemplu
1755 878 1821 941 pro·

373 941 446 1003 ideo
462 943 619 1017 dilexerit,
641 945 723 1024 quod
746 966 801 1008 uos
824 964 891 1006 eum
906 947 988 1026 prius
1003 944 1070 1006 dili·
1124 948 1226 1027 ponit,
1244 947 1361 1025 Ephes.
1385 946 1414 1007 5.
1437 944 1553 1007 dicens:
1582 948 1688 1008 Estote
1713 949 1822 1007 imito-

373 1048 531 1111 geremue,
556 1030 704 1113 quomodo
726 1032 823 1094 solent
848 1031 982 1093 homines
1004 1031 1070 1093 dili·
1125 1040 1207 1093 tores
1229 1035 1308 1108 Det,
1331 1039 1361 1094 ct
1385 1033 1546 1094 ombulcts
1578 1035 1614 1094 irs
1644 1033 1821 1110 dilectione,

373 1134 448 1197 gera
463 1136 531 1192 eos,
553 1139 573 1179 s
588 1116 698 1199 quilius
719 1139 752 1182 se
775 1118 863 1199 diligi
884 1116 1090 1181 ninniven,
1123 1122 1205 1180 sicut
1226 1126 1256 1181 ct
1270 1121 1409 1183 Olristus
1426 1121 1538 1182 dilexit
1558 1138 1618 1181 rsus
1642 1127 1672 1180 et
1686 1120 1823 1181 tradidit

374 1210 453 1265 tunt.
1124 1209 1347 1283 semetipsum
1369 1225 1433 1284 pro
1459 1206 1766 1270 canonizationes
1793 1214 1823 1269 ct

418 1289 534 1352 Probet
555 1290 605 1352 hic
625 1291 725 1366 locus,
754 1302 788 1352 nt
814 1292 921 1353 etalii
948 1290 1072 1363 similes,
1124 1294 1258 1354 hominm
1274 1301 1329 1355 etc.

373 1394 467 1456 quam
481 1396 586 1439 serum
609 1378 647 1440 sit
669 1376 747 1439 illud
762 1400 781 1440 s
796 1378 940 1440 Patribus
963 1377 1070 1440 defini·
1170 1382 1220 1442 12.
1243 1381 1347 1441 Deum
1362 1397 1457 1441 nemo
1475 1379 1558 1439 sidit
1571 1397 1735 1457 umqrsom.
1757 1380 1821 1441 Ha·

372 1470 449 1538 tum,
464 1465 589 1545 gratiam
603 1465 663 1526 Dei
678 1485 740 1527 non
754 1484 795 1526 ex
806 1467 919 1527 meritis
934 1465 1018 1544 dari3
1033 1473 1072 1541 et,
1124 1466 1214 1527 betur
1227 1467 1302 1528 brec
1314 1466 1420 1528 erdem
1432 1468 1582 1527 sententia
1593 1466 1675 1547 apud
1689 1467 1818 1528 eundem

373 1550 461 1631 qued
484 1549 556 1613 inde
581 1570 769 1631 consequens
795 1560 856 1628 est,
886 1552 1072 1628 electionem,
1124 1553 1273 1615 Josnnem
1302 1573 1368 1633 cap.
1400 1556 1426 1614 1.
1458 1554 1505 1613 sui
1537 1553 1711 1634 Evangelii,
1749 1553 1823 1615 licet

373 1656 439 1717 qua
464 1656 521 1698 nos
545 1637 638 1718 elegit
660 1638 746 1700 Deus
771 1637 811 1699 ud
837 1638 981 1713 salutem,
1012 1658 1071 1700 non
1125 1641 1267 1700 aliorsum
1283 1639 1357 1701 illuc
1382 1639 1483 1700 allate.
1521 1638 1609 1720 Quae
1632 1637 1755 1721 quidem
1778 1641 1821 1702 in-

371 1723 432 1785 niti
453 1725 644 1805 praevisione
664 1734 831 1787 nostrorum
853 1745 992 1806 opernm,
1018 1723 1072 1785 sed
1125 1726 1223 1804 telligi
1246 1748 1305 1788 non
1329 1733 1429 1806 potest
1451 1724 1489 1786 ds
1511 1727 1629 1788 visione
1650 1746 1704 1808 per
1718 1726 1823 1788 oculos

372 1828 444 1873 ease
457 1830 538 1872 ruere
548 1813 717 1891 grutuitam.
740 1812 788 1873 Ita
799 1812 916 1874 Paulus
926 1813 1014 1874 som.
1026 1812 1072 1873 ur
1126 1811 1452 1895 corporeos,quomodo
1464 1811 1585 1891 quidum
1598 1813 1820 1875 intellexerunt.

374 1896 588 1961 Oonsmessdct
615 1902 781 1961 coritotcm
806 1918 898 1961 suom
924 1900 1073 1960 Drusis
1126 1901 1177 1961 Sic
1191 1902 1269 1961 euim
1286 1920 1343 1962 nec
1356 1900 1454 1961 Filius
1470 1899 1566 1959 Deum
1590 1899 1681 1973 vidit,
1708 1899 1821 1981 dequo

371 1984 485 2059 modis,
501 1987 672 2065 quonium,
689 2005 761 2048 cum
776 1985 880 2047 orthae
892 1994 1073 2064 peccatores
1126 1995 1240 2061 tamen,
1254 1997 1409 2067 umquam
1425 1987 1476 2067 qui
1491 1986 1590 2047 Deum
1606 1986 1731 2062 viderit,
1753 1984 1820 2047 snb-

372 2088 527 2147 essemus,
555 2071 697 2135 Christus
719 2074 899 2151 prosodia
927 2081 1073 2134 mortuus
1122 2075 1260 2154 jungitur
1274 2094 1310 2135 eo
1325 2074 1406 2134 loco:
1434 2075 1639 2149 Usipcnitus,
1656 2076 1821 2150 quiretis

372 2165 441 2237 sst,·
468 2167 500 2219 et
522 2159 648 2220 iterum:
675 2161 755 2223 Orsm
780 2162 904 2222 inimici
928 2178 1070 2235 suemus,
1125 2162 1200 2222 murs
1229 2163 1353 2236 Potrir,
1383 2164 1449 2237 ipre
1478 2164 1655 2221 enarravit.
1693 2159 1821 2236 Deinde,

371 2245 574 2307 monsilicti
609 2265 717 2309 sumus
746 2247 815 2308 Deo
840 2266 903 2325 per
938 2254 1071 2309 mortem
1126 2245 1502 2329 quidmirnm,ei1)eum
1524 2266 1611 2307 nemo
1632 2246 1708 2308 vidit
1723 2246 1821 2308 oculis

373 2332 459 2396 Filii
472 2338 546 2408 ejus.
569 2331 660 2395 Unde
674 2342 704 2394 et
718 2333 767 2394 hic
782 2336 935 2413 sequitur:
1126 2335 1293 2413 corporeis,
1316 2332 1437 2415 quando
1452 2352 1510 2393 nec
1525 2333 1665 2412 angelos,
1687 2352 1742 2394 nec
1757 2334 1820 2394 uni·

418 2420 466 2481 Er
488 2422 574 2480 misit
598 2421 721 2484 litium
746 2439 839 2482 sctum
862 2421 1072 2498 propitiatio·
1125 2441 1196 2495 mse,
1212 2423 1271 2481 imo
1287 2440 1342 2481 nec
1358 2420 1435 2481 hunc
1451 2425 1552 2481 adrem
1568 2439 1740 2499 corporeum
1757 2439 1820 2479 cor·

372 2524 450 2567 suem
462 2524 525 2583 pro
543 2510 679 2584 percotis
698 2511 823 2568 nom.
860 2509 1072 2584 Propitiotio·
1126 2508 1225 2589 porcis
1240 2508 1336 2569 oculis
1350 2506 1455 2567 ridere
1470 2526 1635 2585 possumus.
1667 2506 1766 2586 Igitur
1782 2504 1821 2567 de

371 2611 468 2668 suern,
492 2591 621 2654 Graece:
641 2585 790 2672 ἱλασμὸν,
813 2593 890 2655 dixit
904 2613 959 2674 pro
972 2594 1072 2654 eucri-
1125 2596 1249 2669 visione,
1265 2614 1345 2675 quas
1359 2594 1392 2653 iit
1406 2594 1502 2654 oculis
1512 2595 1629 2668 mentis,
1645 2593 1822 2673 recipienda

373 2680 450 2759 fleto
462 2684 701 2758 propitiatorio·
724 2680 881 2761 Significat
898 2679 1071 2760 Apostolus,
1126 2689 1173 2742 eat
1197 2682 1362 2754 sententia,
1388 2699 1444 2742 nec
1467 2681 1506 2741 de
1529 2699 1566 2741 es
1589 2679 1819 2760 qualicumqne3

372 2765 477 2831 Deum
502 2769 621 2829 misisse
646 2767 754 2829 Filium
781 2786 886 2842 suurn,
913 2767 966 2847 qui
992 2773 1073 2827 esset
1125 2787 1194 2829 num
1209 2769 1317 2830 mentis
1332 2766 1427 2829 oculis
1442 2767 1542 2827 Deum
1564 2776 1762 2847 aspexerunt,
1789 2765 1821 2827 id

372 2853 574 2929 sucrificium,
594 2874 653 2936 quo
668 2856 699 2916 in
719 2872 772 2914 urs
793 2856 889 2915 crucia
909 2852 1071 2925 immolato,
1125 2863 1169 2918 eet
1199 2862 1403 2937 cognoverunt
1432 2862 1463 2916 et
1492 2862 1686 2935 cognoscunt,
1715 2872 1819 2917 omnes

371 2941 458 3022 ipse,
481 2941 519 3002 ob
533 2951 659 3023 peccata
673 2949 776 3004 nostra
791 2941 878 3004 nobie
893 2943 1003 3015 iratus,
1025 2960 1070 3000 re
1124 2942 1244 3017 fideles,
1261 2943 1312 3004 elii
1328 2943 1439 3022 magis,
1454 2941 1507 3002 slii
1522 2942 1635 3018 minue,
1658 2939 1710 3002 sed
1727 2940 1767 3002 de
1782 2961 1820 3002 ea

372 3027 597 3090 conciliaretur.
641 3029 829 3108 Augustinus
865 3028 945 3089 hunc
973 3028 1072 3089 locum
1125 3032 1256 3104 visione,
1284 3049 1345 3110 quc
1376 3029 1461 3090 Dens
1486 3026 1622 3103 ridetur,
1646 3030 1739 3090 sicuti
1764 3035 1820 3104 cst,

371 3121 511 3176 tuctsns
536 3115 588 3176 lib.
615 3118 665 3178 15.
692 3114 729 3177 de
756 3116 898 3176 Trinitat.
928 3134 993 3195 cap.
1022 3115 1070 3176 1'1.
1125 3126 1172 3190 et,
1188 3124 1221 3177 ut
1235 3116 1349 3177 Penius
1364 3114 1514 3191 loquitur,
1534 3116 1619 3193 facie
1637 3116 1681 3176 ud
1693 3116 1821 3194 furiem.

370 3201 442 3264 luco
471 3202 627 3263 vocubuli:
661 3205 943 3279 propitiationem,
982 3201 1071 3281 legit:
1166 3204 1265 3265 Sentit
1290 3204 1369 3264 enim
1391 3202 1544 3278 Josnnes,
1568 3203 1716 3264 neminem
1743 3221 1820 3262 mor·

370 3289 557 3368 “tutorem
589 3290 674 3369 cujus
706 3288 842 3350 iectionis
868 3290 959 3349 etism
987 3287 1072 3348 Beda
1124 3290 1230 3356 talium
1245 3308 1327 3362 esee,
1343 3292 1394 3369 qni
1409 3289 1507 3349 Deum
1527 3288 1636 3349 viderit
1651 3296 1704 3349 sut
1718 3287 1821 3350 rideat

372 3377 520 3438 meminit.
544 3375 602 3437 nrt
621 3385 720 3437 entem
736 3375 874 3438 Christus
889 3377 1018 3449 litator,
1040 3373 1072 3435 id
1124 3375 1206 3455 (nam
1221 3378 1432 3458 praeteritum:
1461 3377 1557 3452 uidit,
1580 3375 1723 3437 Hebraeo
1737 3394 1820 3436 more

372 3462 1072 3544 estsscriticstor,quissacrificsritrsipsum,
1125 3466 1202 3526 dixit
1228 3484 1283 3545 pro
1311 3464 1474 3542 praesenti:
1501 3464 1604 3536 videt,
1634 3461 1773 3524 absoluto
1800 3483 1819 3522 a

370 3557 410 3612 ut
442 3548 562 3610 Patrem
598 3549 741 3610 redderet
776 3549 861 3610 nobis
900 3551 1070 3630 propitium.
1123 3548 1286 3631 tempore),
1313 3551 1365 3631 qui
1391 3550 1518 3631 proinde
1543 3549 1593 3611 vei
1619 3569 1729 3611 arcana
1758 3549 1818 3609 Dei

371 3635 496 3699 (dracus
517 3655 578 3698 vox
599 3627 733 3714 ἷλασμὸς
755 3644 884 3718 suoque
905 3655 999 3697 sensu
1019 3655 1071 3717 pu
1124 3638 1264 3712 consilis,
1289 3645 1444 3718 tamquam
1478 3634 1559 3716 apud
1585 3635 1701 3709 Deum,
1728 3653 1818 3716 quem

370 3729 436 3784 test
450 3722 562 3801 accipi,
578 3721 631 3783 sed
646 3723 750 3784 melius
766 3725 865 3805 priori.
887 3721 974 3796 Vide,
993 3741 1073 3805 qnae
1124 3724 1251 3796 viderit,
1276 3725 1413 3805 cognita,
1436 3724 1533 3805 possit
1555 3723 1596 3785 ad
1610 3742 1665 3785 noe
1686 3722 1820 3804 perterre

370 3829 469 3891 supra
491 3809 621 3873 diximus
643 3809 681 3871 ad
704 3809 778 3871 illud
800 3811 907 3892 capitis
932 3807 1071 3871 mnndi:
1125 3820 1155 3873 et
1168 3810 1255 3873 nobis
1270 3830 1427 3881 enumero,
1450 3829 1510 3892 quc
1532 3808 1570 3869 de
1585 3830 1618 3871 re
1642 3810 1773 3891 loquitur
1788 3810 1818 3869 in

370 3897 421 3962 Er
448 3897 517 3973 ipsc
545 3903 589 3957 est
622 3900 814 3975 propitiatio
846 3915 909 3974 pro
935 3898 1073 3975 pcccatis
1125 3898 1310 3978 Euangeli03
1333 3898 1381 3960 vei
1403 3898 1519 3972 Denm,
1542 3898 1585 3958 uti
1607 3897 1706 3969 decet,
1733 3894 1819 3957 rede·

367 3985 500 4048 norrrtr
1124 4005 1221 4057 maro,
1236 3985 1312 4045 sicut
1333 4004 1466 4046 amamus
1488 4004 1524 4044 sc
1538 3982 1725 4045 redamcmns
1747 3982 1818 4042 anti·

419 4073 472 4131 11.
494 4071 667 4147 Carissimi,
682 4075 710 4133 tt
724 4073 768 4132 sic
780 4072 867 4131 Deus
878 4070 990 4132 dilexit
1002 4087 1071 4144 nos,
1125 4092 1207 4145 curn,
1223 4090 1312 4151 quem
1327 4070 1463 4133 videmus
1486 4078 1517 4132 et
1531 4090 1598 4131 cum
1612 4090 1673 4151 quo
1689 4069 1818 4131 familis·

367 4163 403 4220 ct
432 4175 493 4218 που
528 4157 676 4219 dedemus
711 4160 901 4219 oltsmstnsm
932 4156 1071 4233 dilipcrc.
1123 4159 1197 4219 riter
1212 4158 1347 4238 cgimus3
1384 4158 1517 4219 adhunc
1535 4158 1615 4218 enim
1631 4155 1817 4237 diligendum

365 4241 536 4308 Concludit
558 4245 596 4306 ab
618 4246 756 4326 exemplo
780 4245 933 4324 proposito
953 4252 983 4304 et
1010 4263 1069 4302 om·
1124 4247 1191 4326 ipso
1213 4254 1375 4326 conspectu
1397 4253 1427 4306 et
1449 4243 1590 4304 familiari
1613 4264 1678 4305 cum
1697 4264 1734 4305 eo
1750 4261 1819 4304 con·

365 4329 465 4394 ntbnr
486 4330 648 4402 imitando,
667 4333 758 4412 juxte
782 4337 977 4409 praeceptum
1003 4329 1070 4391 ssl-
1122 4333 1295 4393 veraatione
1320 4332 1492 4393 excitemur.
1527 4328 1596 4409 Quo
1619 4332 1742 4410 respicit
1762 4331 1819 4390 hoe

365 4416 502 4480 nmrir:
525 4417 633 4478 Estote
651 4419 804 4497 perfecti,
827 4420 908 4479 sicut
929 4424 959 4477 ct
976 4419 1071 4477 Pater
1122 4420 1204 4491 loco,
1227 4420 1366 4480 nimirum
1382 4419 1550 4491 insinuans,
1575 4419 1693 4488 Deum,
1714 4418 1766 4496 qui
1787 4418 1819 4478 iu

366 4511 478 4567 mor
496 4504 634 4566 coelestis
653 4507 814 4584 perfectus
834 4512 896 4580 est,
917 4503 1024 4564 Matri.
1040 4503 1069 4564 5.
1123 4525 1157 4566 es
1170 4506 1239 4585 ipso
1253 4525 1272 4565 a
1287 4505 1374 4567 nobis
1396 4505 1494 4567 sideri
1517 4524 1575 4564 non
1599 4512 1711 4585 potest,
1737 4502 1818 4564 ideo·

367 4591 421 4664 Bi,
448 4591 562 4669 inquit,
587 4590 673 4653 Deus
700 4594 746 4652 sic
771 4590 880 4652 dilexit
907 4610 961 4652 noe
991 4611 1008 4651 s
1036 4609 1070 4651 se
1123 4611 1182 4672 qne
1197 4611 1253 4653 nec
1267 4592 1359 4672 digne
1374 4591 1475 4672 diligi,
1501 4589 1688 4671 diligendum
1704 4609 1771 4651 esse
1786 4590 1818 4649 in

368 4694 499 4740 sverans
513 4683 544 4737 et
558 4678 709 4751 inimicos,
728 4686 762 4740 ut
776 4677 887 4739 Filium
903 4696 989 4738 arrum
1004 4678 1069 4737 uni·
1122 4678 1280 4752 frutribus,
1296 4697 1372 4760 quoe
1387 4677 1532 4739 videmus.
1567 4676 1675 4754 Unde,
1691 4684 1723 4738 et
1739 4675 1819 4737 inirc

367 4759 506 4846 genitum
522 4781 578 4843 pro
593 4763 680 4825 nobis
701 4763 787 4826 deret
808 4766 840 4826 in
854 4772 997 4840 mortem3
1011 4766 1068 4824 uti·
1122 4766 1165 4826 sic
1180 4767 1389 4826 ratiocinetur:
1405 4767 1467 4844 Qui
1481 4763 1665 4841 concitique
1678 4765 1817 4842 fratrem

369 4869 433 4932 qne
449 4858 482 4911 et
497 4869 567 4921 nos,
583 4859 667 4912 tanto
683 4852 823 4932 exemplo
838 4850 1000 4924 admoniti,
1019 4849 1069 4911 de*
1122 4870 1230 4928 cuum,
1254 4871 1345 4929 quem
1371 4852 1473 4925 uidet,
1497 4852 1619 4925 Deum,
1642 4869 1735 4929 prtem
1749 4869 1818 4913 nors

368 4935 482 5000 tenor
511 4935 563 4997 eiii
592 4937 669 4998 aiios
698 4937 840 5018 diiigsr03
870 4956 928 4998 nec
956 4939 1069 4998 amicos
1122 4938 1226 5016 videt,
1242 4939 1400 5018 quomodo
1413 4946 1516 5018 potest
1530 4939 1685 5015 diligar?

371 5021 468 5086 scium
482 5030 516 5085 et
528 5021 752 5100 benetuctores,
766 5023 821 5087 sed
835 5031 868 5086 et
881 5024 1012 5101 alienos,
1038 5031 1070 5085 et
1165 5025 1227 5088 Per
1239 5028 1399 5089 neminem
1414 5045 1467 5088 seu
1491 5024 1607 5088 nullum
1623 5023 1753 5107 intelligi
1766 5045 1816 5088 ue·
