4442 5825
815 588 1036 680 marottam
1054 624 1220 683 amasses.
1246 625 1331 680 tres.
1352 627 1391 682 ra.
1409 626 1453 678 so.
1759 631 1829 699 133

409 799 559 873 ambitis,
574 809 610 861 nt
624 819 678 860 eas
692 798 732 860 ad
746 807 865 881 portum
879 802 997 881 patriae
1013 821 1078 862 coe·
1132 803 1225 875 riora,
1241 804 1307 862 sive
1322 802 1433 863 Sancta
1447 801 1623 863 Sanctorum
1635 802 1699 881 jam
1707 846 1715 875 ,
1743 801 1829 862 velut

405 886 560 947 bstisrecto
576 896 609 948 et
623 887 767 947 continno
782 907 869 948 cnrsn
885 887 1038 967 perducat
1131 908 1319 967 praecursor,
1354 909 1406 968 pro
1437 888 1523 949 nobie
1553 889 1754 968 introgressus
1785 896 1832 949 ast

434 972 501 1034 (lum
517 983 617 1035 autern
632 992 716 1054 apes,
731 975 827 1034 instar
841 993 985 1047 ancorae,
1011 982 1078 1035 tnta
1131 976 1276 1036 Dominus
1290 975 1390 1036 Jesus.
1413 974 1571 1053 Significat
1582 975 1693 1036 Christi
1705 974 1830 1036 adscen-

400 1060 467 1119 sitet
481 1060 578 1134 timna,
605 1069 728 1141 propter
748 1060 938 1122 infallibilem
957 1064 1077 1122 certitu·
1130 1063 1243 1122 sionem
1266 1070 1296 1122 ct
1320 1063 1470 1122 introitum
1493 1063 1524 1122 in
1548 1081 1672 1141 regnum
1693 1061 1828 1123 coeleste.

399 1145 479 1206 ᾶὶιιοιιι
494 1149 709 1227 promissorum
725 1148 797 1221 Dei,
825 1146 935 1228 quibus
951 1150 1018 1228 ipsa
1032 1151 1076 1208 ni·
1130 1149 1296 1209 Particula:
1320 1167 1380 1225 pro
1406 1148 1514 1222 nebu,
1548 1156 1600 1208 aut
1617 1150 1707 1228 Jungi
1731 1155 1830 1229 potest

397 1234 470 1304 titur,
495 1250 690 1315 nequaquam
715 1234 785 1295 inde
807 1254 997 1314 consequens
1023 1244 1077 1307 eet,
1130 1254 1197 1295 cum
1213 1256 1264 1309 eo,
1280 1234 1361 1316 qnod
1376 1234 1544 1315 praecedit:
1568 1254 1760 1311 praecursor
1767 1258 1780 1312 ;
1796 1243 1831 1296 nt

396 1319 460 1400 qnod
482 1320 591 1382 volunt
616 1321 750 1394 sectarii,
778 1340 931 1402 quemque
956 1321 1076 1382 fidelem
1129 1322 1183 1383 sit:
1211 1341 1386 1402 praecursor
1399 1329 1515 1395 noster,
1538 1340 1627 1402 quem
1641 1321 1756 1383 scilicet
1770 1323 1828 1401 ipsi

395 1416 623 1469 assumere
649 1406 773 1482 debere,
803 1415 1013 1488 perventurum
1043 1428 1076 1470 se
1129 1428 1197 1468 mox
1222 1411 1353 1470 secutur-i
1377 1409 1485 1485 simos;
1511 1415 1563 1468 aut
1583 1427 1649 1468 cum
1666 1428 1718 1483 eo,
1745 1406 1828 1490 qnod

395 1511 448 1553 esse
470 1492 511 1553 ad
535 1494 671 1556 salutem.
710 1493 779 1554 Non
805 1495 883 1554 enim
910 1503 1007 1555 certus
1029 1504 1077 1555 est
1128 1497 1274 1576 sequitur,
1291 1497 1386 1555 nteit:
1399 1495 1564 1572 pronubis
1577 1498 1710 1556 introiit.
1735 1493 1826 1575 Quod

395 1581 603 1660 unuquisque,
619 1582 766 1659 promissa
782 1581 853 1653 Dei,
877 1579 916 1641 de
932 1581 1074 1641 absolutis
1128 1602 1230 1643 rursus
1253 1582 1390 1643 bilariam
1417 1583 1513 1662 accipi
1536 1589 1651 1660 putest3
1681 1592 1750 1644 ant:
1782 1583 1825 1641 in·

394 1666 499 1746 loquor,
527 1666 569 1728 ad
583 1687 617 1728 ae
633 1669 789 1746 pertinere.
824 1667 922 1728 Valde
938 1669 1013 1729 enim
1030 1689 1074 1728 se·
1128 1671 1210 1729 troiit
1232 1670 1330 1729 locum
1351 1668 1438 1729 nobis
1461 1679 1636 1748 paraturus,
1663 1669 1826 1749 sicutipse

394 1763 461 1813 treta
475 1752 565 1814 nobis
581 1754 697 1814 catilla
712 1753 771 1814 Dei
787 1754 939 1828 voluntas,
962 1754 1002 1814 dc
1015 1774 1075 1836 qua
1127 1758 1170 1817 ait
1192 1757 1281 1817 Joan.
1307 1759 1371 1817 14.:
1409 1756 1499 1817 Vade
1520 1774 1642 1832 parcre
1666 1757 1752 1817 vobis
1775 1757 1825 1817 lo-

394 1841 518 1920 arriptnm
535 1850 600 1900 est:
624 1841 823 1919 Οιιρυιιιαὶι,
846 1844 1029 1917 comeretur,
1046 1849 1074 1902 ct
1126 1862 1215 1920 ctam,·
1242 1851 1310 1901 ant:
1349 1844 1476 1917 introiit,
1509 1854 1545 1902 nt
1573 1842 1741 1904 intercedat
1769 1863 1824 1922 pro

395 1928 574 2003 tumnult,
590 1927 741 2003 indurat,
768 1928 855 1988 Rom·
872 1932 900 1990 9.
924 1928 1071 1989 Verunta-
1126 1931 1212 1992 nobis
1237 1929 1277 1988 ad
1300 1930 1432 2004 Patrem.
1471 1929 1532 2009 Qui
1559 1949 1664 1990 sensus
1687 1951 1706 1990 a
1725 1929 1824 1992 Theo·

394 2031 448 2075 aen
461 2033 499 2075 ex
514 2012 605 2075 donis
624 2016 774 2095 acceptis,
797 2015 906 2094 quibua
921 2014 989 2077 Deo
1005 2035 1071 2095 pro·
1126 2016 1267 2096 phylacto
1284 2016 1409 2077 traditus
1432 2025 1507 2097 typo
1531 2019 1685 2097 proposito
1700 2015 1824 2097 pulchre

396 2100 578 2181 plnqnamns,
590 2100 733 2179 jubemur
748 2110 780 2162 et
794 2120 831 2162 ea
843 2122 980 2180 sperare,
996 2122 1073 2184 qnae
1124 2102 1301 2183 respondet,
1325 2104 1466 2182 quoniam
1490 2114 1518 2163 et
1537 2103 1681 2164 Pontifex
1697 2105 1822 2165 Aaroni·

396 2189 471 2247 assei
486 2188 624 2268 perfecte
639 2189 830 2268 conjungent.
1125 2208 1178 2250 cus
1204 2190 1431 2267 ingrediebatur
1452 2192 1529 2250 intra
1553 2189 1653 2250 velum
1674 2191 1768 2251 semel
1790 2191 1823 2252 in

426 2275 463 2336 Et
488 2275 689 2336 incedentem
718 2292 816 2352 arque
842 2276 886 2333 ud
913 2279 1071 2337 interiora
1124 2296 1212 2348 anno,
1228 2276 1452 2355 supplicaturus
1467 2296 1522 2356 pro
1538 2277 1659 2355 populo.
1682 2276 1821 2337 Vocabu-

398 2360 552 2423 mmm.
583 2361 644 2422 Pro
659 2362 704 2421 nd
719 2361 837 2424 Graece
852 2369 900 2422 est
914 2365 966 2436 ira,
990 2363 1072 2442 qnod
1124 2362 1185 2423 lnnr
1214 2366 1433 2438 praecursoria
1459 2362 1507 2423 hic
1536 2383 1597 2422 non
1624 2363 1823 2425 ministerium

399 2448 464 2508 sta
477 2449 590 2511 iotis.
605 2447 761 2510 Laudensi
771 2448 890 2528 legitur.
913 2450 1071 2510 lrrccdcrt·
1123 2450 1287 2528 significat,
1324 2449 1405 2509 velut
1443 2448 1513 2510 dum
1543 2449 1677 2510 Joannes
1711 2449 1823 2510 dicitur

398 2538 455 2609 ln,
470 2535 526 2597 alii
541 2536 670 2597 rectius:
692 2538 921 2611 introeuntem,
938 2537 1003 2597 sive
1016 2539 1070 2598 isr-
1124 2535 1236 2597 Christi
1258 2555 1437 2616 praecursor
1459 2535 1568 2608 luisse,
1597 2538 1643 2596 cui
1667 2538 1761 2608 viam,
1787 2546 1823 2597 nt

393 2621 576 2695 missalem.
613 2619 755 2683 Refertur
780 2631 811 2683 et
837 2622 913 2683 haec
940 2643 1009 2702 pare
1031 2622 1069 2684 ad
1123 2643 1229 2684 servus
1250 2624 1396 2696 Domino,
1419 2624 1628 2702 praeparavit3
1652 2622 1706 2684 sed
1722 2625 1821 2703 potius

394 2722 526 2770 oaorem
542 2711 693 2786 animm
707 2711 793 2791 qnasi
804 2708 900 2769 dicat:
916 2709 1002 2770 Sicut
1017 2730 1068 2770 an·
1123 2709 1298 2789 dignitatem
1315 2712 1447 2769 insinuat
1463 2710 1545 2787 ejus,
1561 2711 1624 2790 qui,
1644 2713 1760 2790 primus
1774 2713 1819 2771 in·

392 2812 446 2855 trra
467 2795 588 2857 navalis
613 2814 674 2855 non
695 2797 726 2856 in
752 2797 842 2875 aquis
863 2797 984 2868 haeret,
1015 2796 1067 2856 sed
1122 2796 1278 2876 grediens,
1294 2805 1431 2857 caeteros
1448 2795 1571 2856 adducit
1586 2810 1755 2876 sequentes.

392 2887 482 2944 lctus
497 2885 593 2944 intrat
605 2882 662 2944 suh
684 2885 772 2964 aquis
795 2883 952 2957 latentem,
978 2885 1069 2965 eique
1166 2885 1234 2945 Hac
1250 2886 1341 2963 igitur
1355 2893 1439 2964 parte
1462 2903 1572 2945 novum
1588 2886 1759 2946 continetur
1773 2903 1819 2946 ar·

391 2967 518 3050 figitur:
544 2973 589 3030 ita
610 2989 721 3032 ancora
742 2972 860 3032 animae
883 2992 952 3051 spes
967 2981 1069 3032 nostra
1121 2980 1293 3053 gumentum
1309 2975 1373 3051 spei
1389 2984 1510 3032 nostrae
1526 2971 1754 3032 confirmandae.
1786 2971 1820 3034 Si

392 3072 435 3114 ιιι
447 3059 521 3119 satia
534 3056 629 3118 habet
643 3059 674 3117 in
692 3057 871 3118 vestibulum
888 3061 1068 3139 pervenisse,
1121 3062 1199 3119 enim
1227 3058 1363 3120 Christus
1388 3078 1566 3135 praecursor
1588 3079 1642 3139 pro
1665 3060 1751 3120 nobis
1774 3059 1818 3119 in·

390 3135 536 3206 idaatm
552 3137 600 3203 est
623 3154 762 3205 contenta
784 3144 872 3205 bonis
894 3148 1019 3206 terrenis
1038 3153 1069 3204 et
1121 3149 1207 3206 trciit
1227 3147 1257 3204 in
1278 3146 1408 3217 coelum,
1433 3147 1538 3225 utique
1561 3166 1631 3226 spes
1660 3154 1744 3206 certa
1766 3153 1819 3221 est,

390 3228 558 3307 rinbilibus3
585 3229 639 3292 sed
665 3240 804 3313 penetrat
829 3252 924 3312 nsque
952 3230 991 3291 ad
1022 3252 1067 3305 aa,
1120 3254 1174 3294 nos
1190 3253 1258 3293 eum
1273 3227 1345 3294 illuc
1357 3241 1509 3292 secuturos
1522 3252 1596 3305 ease,
1611 3232 1662 3293 vel
1675 3235 1748 3313 quia
1762 3253 1817 3294 nos

391 3331 456 3394 qaae
468 3331 540 3378 runt
555 3319 634 3378 intra
656 3320 772 3392 salum,
800 3319 941 3380 videlieet
958 3321 988 3379 in
1003 3322 1068 3399 ipsa
1120 3322 1303 3399 praecurrit,
1313 3329 1346 3379 nt
1361 3337 1538 3397 sequamur,
1566 3318 1615 3379 vel
1630 3320 1703 3397 quia
1718 3319 1817 3382 locum

391 3399 483 3464 &aaa
496 3405 693 3481 Sanctorum,
709 3406 739 3465 id
755 3416 799 3465 est
809 3408 908 3466 Deum
925 3408 1022 3486 ipsum
1038 3414 1068 3466 et
1119 3409 1206 3469 nobis
1222 3416 1319 3485 parat,
1334 3407 1385 3467 rel
1398 3404 1528 3484 deniqne
1544 3406 1614 3485 quia
1624 3405 1746 3466 Patrem
1761 3427 1815 3487 pro

391 3488 515 3552 caucia
529 3492 610 3552 bona
631 3493 845 3572 apprehendit,
871 3503 961 3574 atque
983 3494 1015 3554 in
1031 3494 1067 3552 iis
1119 3494 1221 3566 nobis,
1237 3504 1272 3552 ut
1287 3494 1359 3554 illuc
1373 3494 1597 3573 perveniamus,
1613 3491 1791 3571 interpellat.

390 3573 477 3654 lctus
498 3582 602 3657 Agens
616 3580 781 3657 Apostolus
797 3600 863 3641 cunr
878 3580 1034 3650 Hebraeis,
1049 3599 1067 3638 s
1161 3581 1340 3642 Secundum
1351 3579 1813 3641 ordinemhlelchr‘rcdcchPort·

391 3666 468 3724 mort
482 3665 673 3727 tabernaculo
690 3686 743 3728 sen
757 3666 869 3746 templo
885 3668 978 3726 sumit
992 3665 1064 3726 alle·
1117 3668 1197 3745 tifex
1218 3669 1324 3746 (cetus
1345 3670 1380 3728 r'n
1403 3674 1575 3725 ueternum.
1613 3664 1813 3728 constructio

389 3751 500 3825 prum,
515 3753 621 3829 inquo
634 3773 706 3833 pars
720 3754 859 3826 interior,
882 3771 961 3833 quae
975 3772 1064 3812 voca·
1118 3773 1187 3814 nem
1208 3753 1297 3816 facile
1319 3762 1464 3814 monstrat
1490 3751 1602 3811 Psalmi
1629 3753 1812 3814 versiculus:

389 3831 460 3898 latur
472 3838 614 3900 &ocum
626 3839 809 3913 Sanctorum,
824 3842 982 3919 interjecto
997 3839 1065 3899 velo
1121 3843 1171 3902 Tu
1186 3860 1218 3901 cs
1231 3842 1376 3902 sacerdos
1397 3841 1434 3899 irs
1455 3846 1620 3898 ueternum
1640 3840 1812 3902 secundum

389 3925 567 4003 thator
580 3926 620 3986 ah
636 3945 674 3987 ea
688 3937 788 4005 parte,
810 3926 956 4004 adquam
971 3947 1063 4006 popu·
1118 3929 1263 3989 ordinem
1281 3926 1507 3989 Melchisedech.
1532 3923 1657 3986 Confert
1668 3935 1767 3987 autem
1781 3936 1813 3988 et

388 4004 425 4070 lta
435 4011 637 4074 conveniebat
673 4013 716 4074 Et
738 4014 790 4074 illa
812 4013 934 4095 quidem
957 4023 1064 4093 typum
1118 4015 1190 4074 haec
1220 4034 1290 4095 pars
1319 4012 1359 4073 ad
1388 4015 1455 4092 spei
1484 4022 1604 4072 nostrae
1633 4013 1812 4076 firmitatem.

389 4098 492 4172 mbas
506 4096 646 4161 coelestis
660 4099 840 4175 habitaculi,
855 4102 997 4161 isterero
1012 4100 1062 4160 ho·
1117 4099 1257 4161 Ostendit
1286 4101 1380 4172 enim,
1409 4099 1533 4170 desum,
1565 4101 1737 4179 prinsquam
1767 4102 1810 4162 in·

388 4200 473 4246 nrum
501 4188 717 4267 praesentium
751 4185 1003 4268 quemadmodum
1032 4186 1063 4246 id
1117 4188 1217 4247 troiret
1231 4189 1262 4247 in
1277 4186 1393 4247 coelum
1416 4207 1470 4266 pro
1486 4186 1574 4246 nobis
1589 4186 1669 4267 apnd
1692 4188 1813 4249 Patrem

388 4285 437 4331 m
456 4273 604 4353 Apostolo
630 4271 723 4336 latius
745 4291 944 4355 exponemus,
971 4292 1063 4355 quum
1116 4277 1346 4347 intercessurus,
1372 4272 1484 4335 iactum
1506 4272 1598 4335 inisse
1624 4275 1811 4349 Pontificem,

386 4353 417 4416 rt
432 4377 495 4441 cap.
514 4363 544 4423 9.
568 4360 659 4439 hnjns
679 4362 776 4442 Epist
798 4369 973 4442 perventum
998 4362 1062 4422 erit
1117 4383 1176 4421 uon
1190 4363 1385 4434 Aaronicum,
1404 4359 1456 4421 ssd
1472 4361 1592 4441 qualem
1607 4361 1711 4422 David
1725 4380 1809 4443 prae·

386 4439 719 4510 dtunnlliiaccelcrstem
731 4451 885 4510 causative
894 4456 1062 4530 exponunt:
1116 4449 1279 4522 nuntiavit,
1306 4468 1405 4526 eoque
1426 4450 1545 4509 nomine
1568 4449 1745 4509 sacrificinm
1761 4468 1811 4510 aa·

385 4529 718 4614 lttadoecsacr'crrtcm
741 4535 795 4596 sed
813 4538 835 4597 ii
849 4556 910 4597 non
926 4536 1060 4596 attende·
1116 4545 1222 4596 ternae
1245 4537 1366 4598 virtutis
1391 4556 1445 4616 pro
1471 4534 1558 4596 nobis
1585 4534 1746 4609 obtulisse,
1776 4548 1812 4601 ut

382 4627 437 4682 nrt
448 4622 488 4684 ad
506 4622 715 4703 metaphoram
737 4643 866 4685 ancorae
880 4642 961 4684 nnnc
975 4643 994 4682 a
1009 4643 1061 4684 no·
1116 4622 1253 4697 baberet,
1276 4621 1358 4702 quod
1381 4624 1412 4683 in
1434 4622 1518 4682 coelo
1541 4622 1626 4682 Patri
1649 4641 1702 4701 pro
1721 4621 1811 4688 nobis

381 4700 417 4766 bis
427 4711 612 4789 expositam,
628 4729 689 4791 qua
703 4708 867 4789 Apostolus
883 4712 986 4770 utitur.
1115 4709 1287 4787 exhiberet3
1303 4711 1382 4770 sicut
1397 4709 1633 4789 insequentibus
1648 4706 1806 4791 ipseApo-

1114 4797 1207 4857 stolus
1230 4796 1365 4858 declarat
1387 4817 1453 4875 cap.
1478 4799 1506 4857 7.
1530 4803 1561 4854 et
1583 4798 1611 4857 9.
1650 4798 1737 4878 Quae
1759 4819 1808 4861 res

410 4881 455 4946 ²0.
483 4883 546 4947 Uos
552 4901 750 4961 marturam·
757 4902 821 4961 pre
835 4884 926 4946 nobit
936 4887 1062 4945 introiit
1115 4893 1260 4961 quantum
1273 4882 1312 4944 ad
1324 4904 1406 4965 spem
1417 4892 1548 4944 nostram
1561 4884 1809 4951 corroborandum

373 4969 463 5033 Intra
488 4971 563 5034 Hoc
579 4978 642 5031 est:
664 4970 703 5032 In
717 4990 795 5052 quac
810 4971 971 5033 velaminis
988 4974 1061 5033 inte
1113 4971 1230 5044 valeat,
1245 4992 1298 5054 per
1313 4990 1346 5034 se
1359 4970 1548 5046 manifestum
1563 4980 1617 5033 est.

937 5111 1241 5126 ”m
