<?xml version="1.0" encoding="UTF-8"?>
<!DOCTYPE html PUBLIC "-//W3C//DTD XHTML 1.0 Transitional//EN"
    "http://www.w3.org/TR/xhtml1/DTD/xhtml1-transitional.dtd">
<html xmlns="http://www.w3.org/1999/xhtml" xml:lang="en" lang="en">
 <head>
  <title>
</title>
<meta http-equiv="Content-Type" content="text/html;charset=utf-8" />
  <meta name='ocr-system' content='tesseract 3.04.00' />
  <meta name='ocr-capabilities' content='ocr_page ocr_carea ocr_par ocr_line ocrx_word'/>
</head>
<body>
  <div class='ocr_page' id='page_1' title='image "./guilielmiestiii01estigoog_0680.png"; bbox 0 0 4442 5825; ppageno 0'>
   <div class='ocr_carea' id='block_1_1' title="bbox 389 583 1246 664">
    <p class='ocr_par' dir='ltr' id='par_1_1' title="bbox 389 583 1246 664">
     <span class='ocr_line' id='line_1_1' title="bbox 389 583 1246 664; baseline -0.002 -23"><span class='ocrx_word' id='word_1_1' title='bbox 389 597 464 664; x_wconf 65' lang='lat'><strong>370</strong></span> <span class='ocrx_word' id='word_1_2' title='bbox 1013 583 1246 641; x_wconf 69' lang='lat' dir='ltr'><strong>commilites</strong></span> 
     </span>
    </p>
   </div>
   <div class='ocr_carea' id='block_1_2' title="bbox 386 759 1831 5095">
    <p class='ocr_par' dir='ltr' id='par_1_2' title="bbox 386 759 1831 5095">
     <span class='ocr_line' id='line_1_2' title="bbox 388 759 1820 848; baseline -0.001 -23"><span class='ocrx_word' id='word_1_3' title='bbox 388 773 526 848; x_wconf 88' lang='lat' dir='ltr'><strong>quatuor.</strong></span> <span class='ocrx_word' id='word_1_4' title='bbox 569 759 652 823; x_wconf 89' lang='lat' dir='ltr'><strong>Beda</strong></span> <span class='ocrx_word' id='word_1_5' title='bbox 681 760 778 821; x_wconf 86' lang='lat' dir='ltr'><strong>laeum</strong></span> <span class='ocrx_word' id='word_1_6' title='bbox 806 762 888 823; x_wconf 88' lang='lat' dir='ltr'><strong>bunc</strong></span> <span class='ocrx_word' id='word_1_7' title='bbox 916 779 1079 842; x_wconf 78' lang='lat' dir='ltr'>exponens,</span> <span class='ocrx_word' id='word_1_8' title='bbox 1176 767 1225 824; x_wconf 78' lang='lat'><strong>24.</strong></span> <span class='ocrx_word' id='word_1_9' title='bbox 1248 765 1420 838; x_wconf 78' lang='lat' dir='ltr'><strong>litantem,</strong></span> <span class='ocrx_word' id='word_1_10' title='bbox 1435 764 1620 840; x_wconf 66' lang='lat' dir='ltr'><strong>unipotens</strong></span> <span class='ocrx_word' id='word_1_11' title='bbox 1634 769 1820 823; x_wconf 70' lang='lat' dir='ltr'><strong>mvsason-</strong></span> 
     </span>
     <span class='ocr_line' id='line_1_3' title="bbox 388 847 1822 930; baseline -0.003 -16"><span class='ocrx_word' id='word_1_12' title='bbox 388 852 479 914; x_wconf 88' lang='lat' dir='ltr'><strong>illud:</strong></span> <span class='ocrx_word' id='word_1_13' title='bbox 506 856 542 911; x_wconf 90' lang='lat' dir='ltr'><strong>in</strong></span> <span class='ocrx_word' id='word_1_14' title='bbox 564 853 695 926; x_wconf 82' lang='lat' dir='ltr'><strong>timore,</strong></span> <span class='ocrx_word' id='word_1_15' title='bbox 721 847 912 910; x_wconf 81' lang='lat' dir='ltr'><strong>referendum</strong></span> <span class='ocrx_word' id='word_1_16' title='bbox 934 857 1020 929; x_wconf 84' lang='lat' dir='ltr'><strong>putat</strong></span> <span class='ocrx_word' id='word_1_17' title='bbox 1039 848 1078 908; x_wconf 91' lang='lat' dir='ltr'><strong>ad</strong></span> <span class='ocrx_word' id='word_1_18' title='bbox 1131 847 1822 930; x_wconf 76' lang='lat' dir='ltr'><strong>scroorcsinepeocoto.Conclusicestlipisto</strong></span> 
     </span>
     <span class='ocr_line' id='line_1_4' title="bbox 388 935 1823 1018; baseline -0.001 -18"><span class='ocrx_word' id='word_1_19' title='bbox 388 941 488 1001; x_wconf 85' lang='lat' dir='ltr'><strong>omnia</strong></span> <span class='ocrx_word' id='word_1_20' title='bbox 509 939 565 997; x_wconf 86' lang='lat' dir='ltr'><strong>tria</strong></span> <span class='ocrx_word' id='word_1_21' title='bbox 586 936 736 1011; x_wconf 83' lang='lat' dir='ltr'><strong>membra3</strong></span> <span class='ocrx_word' id='word_1_22' title='bbox 759 939 849 1015; x_wconf 85' lang='lat' dir='ltr'><strong>quasi</strong></span> <span class='ocrx_word' id='word_1_23' title='bbox 863 944 983 996; x_wconf 87' lang='lat' dir='ltr'><strong>moneat</strong></span> <span class='ocrx_word' id='word_1_24' title='bbox 998 936 1078 1015; x_wconf 84' lang='lat' dir='ltr'><strong>Apo·</strong></span> <span class='ocrx_word' id='word_1_25' title='bbox 1131 935 1179 996; x_wconf 89' lang='lat' dir='ltr'><strong>lae</strong></span> <span class='ocrx_word' id='word_1_26' title='bbox 1195 936 1381 1018; x_wconf 78' lang='lat' dir='ltr'><strong>doxologice,</strong></span> <span class='ocrx_word' id='word_1_27' title='bbox 1397 956 1459 1018; x_wconf 89' lang='lat' dir='ltr'><strong>qua</strong></span> <span class='ocrx_word' id='word_1_28' title='bbox 1475 937 1565 998; x_wconf 85' lang='lat' dir='ltr'><strong>simul</strong></span> <span class='ocrx_word' id='word_1_29' title='bbox 1580 936 1727 1009; x_wconf 73' lang='lat' dir='ltr'><strong>ostendit,</strong></span> <span class='ocrx_word' id='word_1_30' title='bbox 1743 956 1823 1018; x_wconf 84' lang='lat' dir='ltr'><strong>aquo</strong></span> 
     </span>
     <span class='ocr_line' id='line_1_5' title="bbox 389 1021 1825 1104; baseline -0.005 -18"><span class='ocrx_word' id='word_1_31' title='bbox 389 1025 498 1097; x_wconf 88' lang='lat' dir='ltr'><strong>stolus,</strong></span> <span class='ocrx_word' id='word_1_32' title='bbox 528 1032 562 1083; x_wconf 91' lang='lat' dir='ltr'><strong>ut</strong></span> <span class='ocrx_word' id='word_1_33' title='bbox 583 1023 819 1103; x_wconf 90' lang='lat' dir='ltr'><strong>unumquodque</strong></span> <span class='ocrx_word' id='word_1_34' title='bbox 840 1022 944 1083; x_wconf 90' lang='lat' dir='ltr'><strong>horum</strong></span> <span class='ocrx_word' id='word_1_35' title='bbox 967 1021 1081 1081; x_wconf 83' lang='lat' dir='ltr'><strong>faciant</strong></span> <span class='ocrx_word' id='word_1_36' title='bbox 1131 1025 1195 1085; x_wconf 79' lang='lat' dir='ltr'><strong>vite</strong></span> <span class='ocrx_word' id='word_1_37' title='bbox 1207 1033 1310 1086; x_wconf 69' lang='lat' dir='ltr'><strong>sancta</strong></span> <span class='ocrx_word' id='word_1_38' title='bbox 1320 1033 1351 1086; x_wconf 79' lang='lat' dir='ltr'><strong>et</strong></span> <span class='ocrx_word' id='word_1_39' title='bbox 1361 1025 1566 1098; x_wconf 77' lang='lat' dir='ltr'><strong>immaculata,</strong></span> <span class='ocrx_word' id='word_1_40' title='bbox 1578 1024 1620 1084; x_wconf 82' lang='lat' dir='ltr'><strong>ad</strong></span> <span class='ocrx_word' id='word_1_41' title='bbox 1633 1023 1825 1104; x_wconf 64' lang='lat' dir='ltr'><strong>quambscta</strong></span> 
     </span>
     <span class='ocr_line' id='line_1_6' title="bbox 389 1108 1828 1192; baseline -0.001 -19"><span class='ocrx_word' id='word_1_42' title='bbox 389 1133 447 1173; x_wconf 93' lang='lat' dir='ltr'><strong>non</strong></span> <span class='ocrx_word' id='word_1_43' title='bbox 470 1108 615 1192; x_wconf 88' lang='lat' dir='ltr'><strong>superbe,</strong></span> <span class='ocrx_word' id='word_1_44' title='bbox 637 1110 692 1168; x_wconf 87' lang='lat' dir='ltr'><strong>ssd</strong></span> <span class='ocrx_word' id='word_1_45' title='bbox 707 1128 778 1170; x_wconf 82' lang='lat' dir='ltr'><strong>sam</strong></span> <span class='ocrx_word' id='word_1_46' title='bbox 793 1112 914 1184; x_wconf 84' lang='lat' dir='ltr'><strong>timore,</strong></span> <span class='ocrx_word' id='word_1_47' title='bbox 941 1128 982 1170; x_wconf 85' lang='lat' dir='ltr'><strong>ns</strong></span> <span class='ocrx_word' id='word_1_48' title='bbox 995 1110 1080 1186; x_wconf 78' lang='lat' dir='ltr'><strong>forte</strong></span> <span class='ocrx_word' id='word_1_49' title='bbox 1132 1129 1189 1171; x_wconf 92' lang='lat' dir='ltr'><strong>nus</strong></span> <span class='ocrx_word' id='word_1_50' title='bbox 1198 1112 1331 1173; x_wconf 88' lang='lat' dir='ltr'><strong>hortatus</strong></span> <span class='ocrx_word' id='word_1_51' title='bbox 1340 1121 1394 1186; x_wconf 90' lang='lat' dir='ltr'><strong>est,</strong></span> <span class='ocrx_word' id='word_1_52' title='bbox 1403 1112 1828 1192; x_wconf 82' lang='lat' dir='ltr'><strong>ejusdemquepersarerantis</strong></span> 
     </span>
     <span class='ocr_line' id='line_1_7' title="bbox 389 1195 1828 1280; baseline 0 -20"><span class='ocrx_word' id='word_1_53' title='bbox 389 1201 504 1273; x_wconf 79' lang='lat' dir='ltr'><strong>stipsi</strong></span> <span class='ocrx_word' id='word_1_54' title='bbox 532 1204 712 1270; x_wconf 77' lang='lat' dir='ltr'><strong>tententur,</strong></span> <span class='ocrx_word' id='word_1_55' title='bbox 747 1205 782 1255; x_wconf 92' lang='lat' dir='ltr'><strong>ut</strong></span> <span class='ocrx_word' id='word_1_56' title='bbox 810 1196 940 1275; x_wconf 86' lang='lat' dir='ltr'><strong>loquitur</strong></span> <span class='ocrx_word' id='word_1_57' title='bbox 966 1195 1080 1255; x_wconf 87' lang='lat' dir='ltr'><strong>Paulus</strong></span> <span class='ocrx_word' id='word_1_58' title='bbox 1134 1198 1389 1280; x_wconf 81' lang='lat' dir='ltr'><strong>siterpcctanda3</strong></span> <span class='ocrx_word' id='word_1_59' title='bbox 1404 1197 1521 1259; x_wconf 87' lang='lat' dir='ltr'><strong>scilicet</strong></span> <span class='ocrx_word' id='word_1_60' title='bbox 1535 1199 1641 1273; x_wconf 82' lang='lat' dir='ltr'><strong>obeo,</strong></span> <span class='ocrx_word' id='word_1_61' title='bbox 1658 1200 1828 1276; x_wconf 74' lang='lat' dir='ltr'><strong>quiposec</strong></span> 
     </span>
     <span class='ocr_line' id='line_1_8' title="bbox 389 1282 1828 1367; baseline -0.001 -20"><span class='ocrx_word' id='word_1_62' title='bbox 389 1285 456 1348; x_wconf 87' lang='lat' dir='ltr'><strong>Gal.</strong></span> <span class='ocrx_word' id='word_1_63' title='bbox 473 1288 500 1346; x_wconf 86' lang='lat'><strong>3.</strong></span> <span class='ocrx_word' id='word_1_64' title='bbox 537 1283 600 1344; x_wconf 74' lang='lat' dir='ltr'><strong>dlii</strong></span> <span class='ocrx_word' id='word_1_65' title='bbox 622 1282 663 1343; x_wconf 86' lang='lat' dir='ltr'><strong>ad</strong></span> <span class='ocrx_word' id='word_1_66' title='bbox 684 1282 779 1343; x_wconf 89' lang='lat' dir='ltr'><strong>solum</strong></span> <span class='ocrx_word' id='word_1_67' title='bbox 802 1294 983 1362; x_wconf 88' lang='lat' dir='ltr'><strong>postremum</strong></span> <span class='ocrx_word' id='word_1_68' title='bbox 1004 1282 1079 1342; x_wconf 88' lang='lat' dir='ltr'><strong>reie-</strong></span> <span class='ocrx_word' id='word_1_69' title='bbox 1134 1283 1828 1367; x_wconf 81' lang='lat' dir='ltr'><strong>estidtotumpraestare.Quoverbopotentian</strong></span> 
     </span>
     <span class='ocr_line' id='line_1_9' title="bbox 388 1366 1828 1452; baseline 0.001 -21"><span class='ocrx_word' id='word_1_70' title='bbox 388 1381 473 1444; x_wconf 91' lang='lat' dir='ltr'><strong>runt,</strong></span> <span class='ocrx_word' id='word_1_71' title='bbox 495 1371 552 1431; x_wconf 92' lang='lat' dir='ltr'><strong>hoc</strong></span> <span class='ocrx_word' id='word_1_72' title='bbox 575 1388 679 1430; x_wconf 87' lang='lat' dir='ltr'><strong>sensu:</strong></span> <span class='ocrx_word' id='word_1_73' title='bbox 704 1367 841 1430; x_wconf 80' lang='lat' dir='ltr'><strong>Conteris</strong></span> <span class='ocrx_word' id='word_1_74' title='bbox 867 1373 952 1450; x_wconf 83' lang='lat' dir='ltr'><strong>gravi</strong></span> <span class='ocrx_word' id='word_1_75' title='bbox 977 1368 1080 1449; x_wconf 89' lang='lat' dir='ltr'><strong>aliquo</strong></span> <span class='ocrx_word' id='word_1_76' title='bbox 1134 1366 1335 1434; x_wconf 75' lang='lat' dir='ltr'><strong>etefficaciam</strong></span> <span class='ocrx_word' id='word_1_77' title='bbox 1352 1372 1603 1452; x_wconf 76' lang='lat' dir='ltr'><strong>gratisedivinae</strong></span> <span class='ocrx_word' id='word_1_78' title='bbox 1620 1371 1767 1433; x_wconf 79' lang='lat' dir='ltr'><strong>declarat</strong></span> <span class='ocrx_word' id='word_1_79' title='bbox 1786 1372 1828 1432; x_wconf 82' lang='lat' dir='ltr'><strong>Ita</strong></span> 
     </span>
     <span class='ocr_line' id='line_1_10' title="bbox 389 1458 1828 1536; baseline 0 -17"><span class='ocrx_word' id='word_1_80' title='bbox 389 1459 497 1519; x_wconf 89' lang='lat' dir='ltr'><strong>delicto</strong></span> <span class='ocrx_word' id='word_1_81' title='bbox 520 1458 747 1536; x_wconf 85' lang='lat' dir='ltr'><strong>praeoccupatis</strong></span> <span class='ocrx_word' id='word_1_82' title='bbox 770 1458 1006 1517; x_wconf 87' lang='lat' dir='ltr'><strong>misericordiam</strong></span> <span class='ocrx_word' id='word_1_83' title='bbox 1029 1475 1080 1516; x_wconf 83' lang='lat' dir='ltr'><strong>ex·</strong></span> <span class='ocrx_word' id='word_1_84' title='bbox 1135 1461 1250 1520; x_wconf 88' lang='lat' dir='ltr'><strong>Paulus</strong></span> <span class='ocrx_word' id='word_1_85' title='bbox 1265 1460 1350 1520; x_wconf 91' lang='lat' dir='ltr'><strong>Rom.</strong></span> <span class='ocrx_word' id='word_1_86' title='bbox 1367 1459 1487 1519; x_wconf 88' lang='lat' dir='ltr'><strong>ultimo:</strong></span> <span class='ocrx_word' id='word_1_87' title='bbox 1508 1460 1552 1520; x_wconf 73' lang='lat' dir='ltr'><strong>Et</strong></span> <span class='ocrx_word' id='word_1_88' title='bbox 1566 1465 1691 1534; x_wconf 68' lang='lat' dir='ltr'><strong>Mem,</strong></span> <span class='ocrx_word' id='word_1_89' title='bbox 1708 1462 1764 1536; x_wconf 82' lang='lat' dir='ltr'><strong>qni</strong></span> <span class='ocrx_word' id='word_1_90' title='bbox 1777 1477 1828 1536; x_wconf 80' lang='lat' dir='ltr'><strong>po·</strong></span> 
     </span>
     <span class='ocr_line' id='line_1_11' title="bbox 387 1543 1828 1623; baseline 0.001 -18"><span class='ocrx_word' id='word_1_91' title='bbox 387 1545 492 1606; x_wconf 87' lang='lat' dir='ltr'><strong>hibetc</strong></span> <span class='ocrx_word' id='word_1_92' title='bbox 506 1546 538 1603; x_wconf 92' lang='lat' dir='ltr'><strong>iu</strong></span> <span class='ocrx_word' id='word_1_93' title='bbox 547 1544 655 1623; x_wconf 88' lang='lat' dir='ltr'><strong>spiritu</strong></span> <span class='ocrx_word' id='word_1_94' title='bbox 667 1543 809 1618; x_wconf 88' lang='lat' dir='ltr'><strong>lenitatis,</strong></span> <span class='ocrx_word' id='word_1_95' title='bbox 821 1563 871 1604; x_wconf 88' lang='lat' dir='ltr'><strong>eos</strong></span> <span class='ocrx_word' id='word_1_96' title='bbox 882 1545 1081 1622; x_wconf 85' lang='lat' dir='ltr'><strong>suscipientes</strong></span> <span class='ocrx_word' id='word_1_97' title='bbox 1136 1556 1203 1608; x_wconf 82' lang='lat' dir='ltr'><strong>tens</strong></span> <span class='ocrx_word' id='word_1_98' title='bbox 1227 1554 1271 1606; x_wconf 81' lang='lat' dir='ltr'><strong>cst</strong></span> <span class='ocrx_word' id='word_1_99' title='bbox 1290 1564 1346 1607; x_wconf 81' lang='lat' dir='ltr'><strong>ooo</strong></span> <span class='ocrx_word' id='word_1_100' title='bbox 1368 1545 1580 1622; x_wconf 75' lang='lat' dir='ltr'><strong>confirmare,</strong></span> <span class='ocrx_word' id='word_1_101' title='bbox 1606 1553 1666 1606; x_wconf 83' lang='lat' dir='ltr'><strong>etc.</strong></span> <span class='ocrx_word' id='word_1_102' title='bbox 1703 1547 1828 1608; x_wconf 67' lang='lat' dir='ltr'><strong>com</strong></span> 
     </span>
     <span class='ocr_line' id='line_1_12' title="bbox 389 1624 1829 1709; baseline -0.001 -17"><span class='ocrx_word' id='word_1_103' title='bbox 389 1651 457 1693; x_wconf 88' lang='lat' dir='ltr'><strong>cum</strong></span> <span class='ocrx_word' id='word_1_104' title='bbox 479 1632 583 1690; x_wconf 87' lang='lat' dir='ltr'><strong>timore</strong></span> <span class='ocrx_word' id='word_1_105' title='bbox 603 1639 724 1704; x_wconf 73' lang='lat' dir='ltr'><strong>sonmo,</strong></span> <span class='ocrx_word' id='word_1_106' title='bbox 746 1648 785 1689; x_wconf 92' lang='lat' dir='ltr'><strong>ue</strong></span> <span class='ocrx_word' id='word_1_107' title='bbox 809 1638 840 1690; x_wconf 91' lang='lat' dir='ltr'><strong>et</strong></span> <span class='ocrx_word' id='word_1_108' title='bbox 861 1631 947 1691; x_wconf 82' lang='lat' dir='ltr'><strong>vobis</strong></span> <span class='ocrx_word' id='word_1_109' title='bbox 966 1629 1082 1709; x_wconf 87' lang='lat' dir='ltr'><strong>aliquid</strong></span> <span class='ocrx_word' id='word_1_110' title='bbox 1136 1653 1213 1694; x_wconf 83' lang='lat' dir='ltr'><strong>vare</strong></span> <span class='ocrx_word' id='word_1_111' title='bbox 1234 1637 1302 1693; x_wconf 82' lang='lat' dir='ltr'><strong>sinc</strong></span> <span class='ocrx_word' id='word_1_112' title='bbox 1314 1641 1453 1709; x_wconf 81' lang='lat' dir='ltr'><strong>peccato,</strong></span> <span class='ocrx_word' id='word_1_113' title='bbox 1476 1631 1606 1693; x_wconf 83' lang='lat' dir='ltr'><strong>Graece:</strong></span> <span class='ocrx_word' id='word_1_114' title='bbox 1633 1624 1829 1708; x_wconf 64' lang='lat' dir='ltr'><strong>docuissent,</strong></span> 
     </span>
     <span class='ocr_line' id='line_1_13' title="bbox 391 1718 1827 1800; baseline 0.002 -22"><span class='ocrx_word' id='word_1_115' title='bbox 391 1719 452 1778; x_wconf 92' lang='lat' dir='ltr'><strong>tale</strong></span> <span class='ocrx_word' id='word_1_116' title='bbox 468 1719 629 1796; x_wconf 83' lang='lat' dir='ltr'><strong>contingat.</strong></span> <span class='ocrx_word' id='word_1_117' title='bbox 1137 1740 1157 1781; x_wconf 91' lang='lat' dir='ltr'><strong>o</strong></span> <span class='ocrx_word' id='word_1_118' title='bbox 1169 1728 1299 1797; x_wconf 83' lang='lat' dir='ltr'><strong>peccato</strong></span> <span class='ocrx_word' id='word_1_119' title='bbox 1319 1723 1483 1794; x_wconf 82' lang='lat' dir='ltr'><strong>immunes,</strong></span> <span class='ocrx_word' id='word_1_120' title='bbox 1501 1718 1614 1779; x_wconf 89' lang='lat' dir='ltr'><strong>donum</strong></span> <span class='ocrx_word' id='word_1_121' title='bbox 1640 1737 1827 1800; x_wconf 73' lang='lat' dir='ltr'><strong>perseveras</strong></span> 
     </span>
     <span class='ocr_line' id='line_1_14' title="bbox 564 1802 1829 1887; baseline 0.002 -23"><span class='ocrx_word' id='word_1_122' title='bbox 564 1802 797 1864; x_wconf 81' lang='lat' dir='ltr'><strong>Additinnoalo</strong></span> <span class='ocrx_word' id='word_1_123' title='bbox 812 1805 850 1864; x_wconf 91' lang='lat' dir='ltr'><strong>B.</strong></span> <span class='ocrx_word' id='word_1_124' title='bbox 866 1805 902 1862; x_wconf 87' lang='lat' dir='ltr'><strong>P.</strong></span> <span class='ocrx_word' id='word_1_125' title='bbox 1136 1807 1369 1887; x_wconf 78' lang='lat' dir='ltr'><strong>tiaesignificat,</strong></span> <span class='ocrx_word' id='word_1_126' title='bbox 1392 1827 1459 1868; x_wconf 87' lang='lat' dir='ltr'><strong>cunr</strong></span> <span class='ocrx_word' id='word_1_127' title='bbox 1482 1806 1620 1885; x_wconf 86' lang='lat' dir='ltr'><strong>quisita</strong></span> <span class='ocrx_word' id='word_1_128' title='bbox 1644 1815 1829 1868; x_wconf 72' lang='lat' dir='ltr'><strong>conmeatur</strong></span> 
     </span>
     <span class='ocr_line' id='line_1_15' title="bbox 433 1888 1829 1974; baseline 0.001 -23"><span class='ocrx_word' id='word_1_129' title='bbox 433 1889 561 1952; x_wconf 87' lang='lat' dir='ltr'><strong>Videtur</strong></span> <span class='ocrx_word' id='word_1_130' title='bbox 583 1908 619 1949; x_wconf 88' lang='lat' dir='ltr'><strong>ea</strong></span> <span class='ocrx_word' id='word_1_131' title='bbox 640 1888 794 1949; x_wconf 75' lang='lat' dir='ltr'><strong>clausula:</strong></span> <span class='ocrx_word' id='word_1_132' title='bbox 818 1894 854 1952; x_wconf 88' lang='lat' dir='ltr'><strong>in</strong></span> <span class='ocrx_word' id='word_1_133' title='bbox 875 1893 1005 1965; x_wconf 66' lang='lat' dir='ltr'><strong>umore,</strong></span> <span class='ocrx_word' id='word_1_134' title='bbox 1028 1908 1083 1969; x_wconf 88' lang='lat' dir='ltr'><strong>per</strong></span> <span class='ocrx_word' id='word_1_135' title='bbox 1136 1893 1174 1953; x_wconf 89' lang='lat' dir='ltr'><strong>ad</strong></span> <span class='ocrx_word' id='word_1_136' title='bbox 1198 1893 1287 1954; x_wconf 83' lang='lat' dir='ltr'><strong>tinem</strong></span> <span class='ocrx_word' id='word_1_137' title='bbox 1314 1912 1410 1974; x_wconf 88' lang='lat' dir='ltr'><strong>usqne</strong></span> <span class='ocrx_word' id='word_1_138' title='bbox 1436 1891 1585 1968; x_wconf 88' lang='lat' dir='ltr'><strong>inbono,</strong></span> <span class='ocrx_word' id='word_1_139' title='bbox 1617 1901 1655 1953; x_wconf 91' lang='lat' dir='ltr'><strong>ut</strong></span> <span class='ocrx_word' id='word_1_140' title='bbox 1682 1893 1829 1972; x_wconf 82' lang='lat' dir='ltr'><strong>peccando</strong></span> 
     </span>
     <span class='ocr_line' id='line_1_16' title="bbox 390 1976 1829 2059; baseline 0.001 -20"><span class='ocrx_word' id='word_1_141' title='bbox 390 1979 600 2059; x_wconf 77' lang='lat' dir='ltr'><strong>hypozeugma</strong></span> <span class='ocrx_word' id='word_1_142' title='bbox 622 1977 726 2036; x_wconf 80' lang='lat' dir='ltr'><strong>saltem</strong></span> <span class='ocrx_word' id='word_1_143' title='bbox 749 1979 780 2037; x_wconf 93' lang='lat' dir='ltr'><strong>in</strong></span> <span class='ocrx_word' id='word_1_144' title='bbox 803 1977 935 2038; x_wconf 88' lang='lat' dir='ltr'><strong>secundo</strong></span> <span class='ocrx_word' id='word_1_145' title='bbox 955 1976 1083 2036; x_wconf 76' lang='lat' dir='ltr'><strong>Latinae</strong></span> <span class='ocrx_word' id='word_1_146' title='bbox 1136 1981 1234 2041; x_wconf 91' lang='lat' dir='ltr'><strong>Deum</strong></span> <span class='ocrx_word' id='word_1_147' title='bbox 1252 2000 1309 2040; x_wconf 90' lang='lat' dir='ltr'><strong>non</strong></span> <span class='ocrx_word' id='word_1_148' title='bbox 1327 1979 1452 2040; x_wconf 87' lang='lat' dir='ltr'><strong>deserat.</strong></span> <span class='ocrx_word' id='word_1_149' title='bbox 1480 1978 1571 2038; x_wconf 86' lang='lat' dir='ltr'><strong>Multi</strong></span> <span class='ocrx_word' id='word_1_150' title='bbox 1586 1977 1704 2041; x_wconf 82' lang='lat' dir='ltr'><strong>Graeci</strong></span> <span class='ocrx_word' id='word_1_151' title='bbox 1721 1979 1829 2041; x_wconf 80' lang='lat' dir='ltr'><strong>codices</strong></span> 
     </span>
     <span class='ocr_line' id='line_1_17' title="bbox 389 2058 1828 2146; baseline 0 -20"><span class='ocrx_word' id='word_1_152' title='bbox 389 2066 529 2126; x_wconf 86' lang='lat' dir='ltr'><strong>lectionis</strong></span> <span class='ocrx_word' id='word_1_153' title='bbox 555 2064 686 2124; x_wconf 87' lang='lat' dir='ltr'><strong>membro</strong></span> <span class='ocrx_word' id='word_1_154' title='bbox 713 2083 781 2124; x_wconf 88' lang='lat' dir='ltr'><strong>esse</strong></span> <span class='ocrx_word' id='word_1_155' title='bbox 807 2061 1024 2135; x_wconf 84' lang='lat' dir='ltr'><strong>subaudienda,</strong></span> <span class='ocrx_word' id='word_1_156' title='bbox 1050 2072 1083 2121; x_wconf 89' lang='lat' dir='ltr'><strong>ut</strong></span> <span class='ocrx_word' id='word_1_157' title='bbox 1135 2087 1210 2129; x_wconf 88' lang='lat' dir='ltr'><strong>non:</strong></span> <span class='ocrx_word' id='word_1_158' title='bbox 1228 2060 1318 2144; x_wconf 75' lang='grc' dir='ltr'>ὑμᾶς,</span> <span class='ocrx_word' id='word_1_159' title='bbox 1332 2066 1518 2146; x_wconf 65' lang='lat' dir='ltr'><strong>contegunt,</strong></span> <span class='ocrx_word' id='word_1_160' title='bbox 1531 2065 1602 2126; x_wconf 88' lang='lat' dir='ltr'><strong>ssd:</strong></span> <span class='ocrx_word' id='word_1_161' title='bbox 1615 2058 1828 2141; x_wconf 70' lang='lat' dir='ltr'><strong>udmb&lt;,iliot,</strong></span> 
     </span>
     <span class='ocr_line' id='line_1_18' title="bbox 388 2150 1828 2234; baseline 0.001 -22"><span class='ocrx_word' id='word_1_162' title='bbox 388 2155 512 2234; x_wconf 89' lang='lat' dir='ltr'><strong>propius</strong></span> <span class='ocrx_word' id='word_1_163' title='bbox 527 2151 729 2230; x_wconf 77' lang='lat' dir='ltr'><strong>respondeant</strong></span> <span class='ocrx_word' id='word_1_164' title='bbox 742 2153 852 2212; x_wconf 88' lang='lat' dir='ltr'><strong>Latina</strong></span> <span class='ocrx_word' id='word_1_165' title='bbox 864 2150 1001 2211; x_wconf 84' lang='lat' dir='ltr'><strong>Graecis.</strong></span> <span class='ocrx_word' id='word_1_166' title='bbox 1136 2163 1170 2215; x_wconf 90' lang='lat' dir='ltr'><strong>ut</strong></span> <span class='ocrx_word' id='word_1_167' title='bbox 1184 2153 1329 2214; x_wconf 75' lang='lat' dir='ltr'><strong>referatur</strong></span> <span class='ocrx_word' id='word_1_168' title='bbox 1343 2152 1381 2213; x_wconf 86' lang='lat' dir='ltr'><strong>sd</strong></span> <span class='ocrx_word' id='word_1_169' title='bbox 1397 2153 1505 2213; x_wconf 84' lang='lat' dir='ltr'><strong>iratres</strong></span> <span class='ocrx_word' id='word_1_170' title='bbox 1522 2153 1562 2213; x_wconf 86' lang='lat' dir='ltr'><strong>ab</strong></span> <span class='ocrx_word' id='word_1_171' title='bbox 1574 2172 1680 2214; x_wconf 84' lang='lat' dir='ltr'><strong>errore</strong></span> <span class='ocrx_word' id='word_1_172' title='bbox 1694 2172 1828 2214; x_wconf 74' lang='lat' dir='ltr'><strong>navemn</strong></span> 
     </span>
     <span class='ocr_line' id='line_1_19' title="bbox 433 2239 1828 2321; baseline 0 -20"><span class='ocrx_word' id='word_1_173' title='bbox 433 2241 580 2301; x_wconf 80' lang='lat' dir='ltr'><strong>Odicntes</strong></span> <span class='ocrx_word' id='word_1_174' title='bbox 592 2257 672 2314; x_wconf 86' lang='lat' dir='ltr'><strong>sam,</strong></span> <span class='ocrx_word' id='word_1_175' title='bbox 690 2257 771 2315; x_wconf 82' lang='lat' dir='ltr'><strong>qnae</strong></span> <span class='ocrx_word' id='word_1_176' title='bbox 785 2240 927 2300; x_wconf 82' lang='lat' dir='ltr'><strong>carnalis</strong></span> <span class='ocrx_word' id='word_1_177' title='bbox 941 2245 994 2310; x_wconf 85' lang='lat' dir='ltr'><strong>cet,</strong></span> <span class='ocrx_word' id='word_1_178' title='bbox 1011 2255 1082 2295; x_wconf 88' lang='lat' dir='ltr'><strong>mc·</strong></span> <span class='ocrx_word' id='word_1_179' title='bbox 1137 2240 1199 2300; x_wconf 87' lang='lat' dir='ltr'><strong>dos.</strong></span> <span class='ocrx_word' id='word_1_180' title='bbox 1221 2242 1334 2301; x_wconf 77' lang='lat' dir='ltr'><strong>Verum</strong></span> <span class='ocrx_word' id='word_1_181' title='bbox 1352 2239 1411 2299; x_wconf 88' lang='lat' dir='ltr'><strong>illis</strong></span> <span class='ocrx_word' id='word_1_182' title='bbox 1428 2241 1510 2321; x_wconf 86' lang='lat' dir='ltr'><strong>prius</strong></span> <span class='ocrx_word' id='word_1_183' title='bbox 1532 2240 1673 2320; x_wconf 89' lang='lat' dir='ltr'><strong>optanda</strong></span> <span class='ocrx_word' id='word_1_184' title='bbox 1689 2249 1755 2300; x_wconf 85' lang='lat' dir='ltr'><strong>erat</strong></span> <span class='ocrx_word' id='word_1_185' title='bbox 1770 2260 1828 2301; x_wconf 77' lang='lat' dir='ltr'><strong>eoo</strong></span> 
     </span>
     <span class='ocr_line' id='line_1_20' title="bbox 388 2324 1827 2407; baseline -0.002 -19"><span class='ocrx_word' id='word_1_186' title='bbox 388 2327 529 2388; x_wconf 83' lang='lat' dir='ltr'><strong>caiotom</strong></span> <span class='ocrx_word' id='word_1_187' title='bbox 545 2329 698 2386; x_wconf 83' lang='lat' dir='ltr'><strong>tunicam.</strong></span> <span class='ocrx_word' id='word_1_188' title='bbox 729 2329 822 2400; x_wconf 84' lang='lat' dir='ltr'><strong>Eam,</strong></span> <span class='ocrx_word' id='word_1_189' title='bbox 845 2345 926 2402; x_wconf 81' lang='lat' dir='ltr'><strong>qnos</strong></span> <span class='ocrx_word' id='word_1_190' title='bbox 941 2324 1082 2385; x_wconf 77' lang='lat' dir='ltr'><strong>carnalis</strong></span> <span class='ocrx_word' id='word_1_191' title='bbox 1137 2328 1235 2389; x_wconf 85' lang='lat' dir='ltr'><strong>versio</strong></span> <span class='ocrx_word' id='word_1_192' title='bbox 1252 2329 1373 2400; x_wconf 89' lang='lat' dir='ltr'><strong>amalo,</strong></span> <span class='ocrx_word' id='word_1_193' title='bbox 1390 2346 1480 2407; x_wconf 88' lang='lat' dir='ltr'><strong>quam</strong></span> <span class='ocrx_word' id='word_1_194' title='bbox 1493 2327 1686 2387; x_wconf 74' lang='lat' dir='ltr'><strong>conservatio</strong></span> <span class='ocrx_word' id='word_1_195' title='bbox 1703 2328 1735 2387; x_wconf 90' lang='lat' dir='ltr'><strong>in</strong></span> <span class='ocrx_word' id='word_1_196' title='bbox 1750 2327 1827 2386; x_wconf 91' lang='lat' dir='ltr'><strong>bono.</strong></span> 
     </span>
     <span class='ocr_line' id='line_1_21' title="bbox 389 2403 1829 2495; baseline -0.001 -20"><span class='ocrx_word' id='word_1_197' title='bbox 389 2422 442 2488; x_wconf 83' lang='lat' dir='ltr'><strong>est,</strong></span> <span class='ocrx_word' id='word_1_198' title='bbox 465 2413 600 2474; x_wconf 86' lang='lat' dir='ltr'><strong>Graece:</strong></span> <span class='ocrx_word' id='word_1_199' title='bbox 623 2405 675 2470; x_wconf 86' lang='grc' dir='ltr'><strong>τὸν</strong></span> <span class='ocrx_word' id='word_1_200' title='bbox 691 2403 727 2470; x_wconf 78' lang='grc' dir='ltr'><strong>ἐκ</strong></span> <span class='ocrx_word' id='word_1_201' title='bbox 743 2406 870 2492; x_wconf 78' lang='grc' dir='ltr'><strong>σαρκὸς,</strong></span> <span class='ocrx_word' id='word_1_202' title='bbox 895 2431 976 2488; x_wconf 84' lang='lat' dir='ltr'><strong>scm,</strong></span> <span class='ocrx_word' id='word_1_203' title='bbox 1002 2429 1083 2488; x_wconf 81' lang='lat' dir='ltr'><strong>quoe</strong></span> <span class='ocrx_word' id='word_1_204' title='bbox 1137 2416 1274 2495; x_wconf 90' lang='lat' dir='ltr'><strong>Denique</strong></span> <span class='ocrx_word' id='word_1_205' title='bbox 1291 2416 1401 2494; x_wconf 82' lang='lat' dir='ltr'><strong>epilogi</strong></span> <span class='ocrx_word' id='word_1_206' title='bbox 1417 2415 1493 2473; x_wconf 88' lang='lat' dir='ltr'><strong>ratio</strong></span> <span class='ocrx_word' id='word_1_207' title='bbox 1508 2412 1646 2494; x_wconf 86' lang='lat' dir='ltr'><strong>postolat</strong></span> <span class='ocrx_word' id='word_1_208' title='bbox 1660 2415 1747 2474; x_wconf 87' lang='lat' dir='ltr'><strong>utiis</strong></span> <span class='ocrx_word' id='word_1_209' title='bbox 1758 2414 1829 2494; x_wconf 70' lang='lat' dir='ltr'><strong>ipsa</strong></span> 
     </span>
     <span class='ocr_line' id='line_1_22' title="bbox 390 2497 1829 2582; baseline -0.001 -19"><span class='ocrx_word' id='word_1_210' title='bbox 390 2519 428 2563; x_wconf 73' lang='lat' dir='ltr'><strong>ex</strong></span> <span class='ocrx_word' id='word_1_211' title='bbox 458 2518 563 2561; x_wconf 78' lang='lat' dir='ltr'><strong>carne.</strong></span> <span class='ocrx_word' id='word_1_212' title='bbox 601 2499 763 2582; x_wconf 86' lang='lat' dir='ltr'><strong>Potestque</strong></span> <span class='ocrx_word' id='word_1_213' title='bbox 789 2502 869 2561; x_wconf 86' lang='lat' dir='ltr'><strong>verti</strong></span> <span class='ocrx_word' id='word_1_214' title='bbox 896 2500 952 2558; x_wconf 90' lang='lat' dir='ltr'><strong>hoc</strong></span> <span class='ocrx_word' id='word_1_215' title='bbox 977 2497 1082 2557; x_wconf 90' lang='lat' dir='ltr'><strong>modo:</strong></span> <span class='ocrx_word' id='word_1_216' title='bbox 1137 2503 1175 2561; x_wconf 88' lang='lat' dir='ltr'><strong>ad</strong></span> <span class='ocrx_word' id='word_1_217' title='bbox 1199 2520 1274 2582; x_wconf 91' lang='lat' dir='ltr'><strong>quos</strong></span> <span class='ocrx_word' id='word_1_218' title='bbox 1295 2502 1411 2572; x_wconf 78' lang='lat' dir='ltr'><strong>scribit,</strong></span> <span class='ocrx_word' id='word_1_219' title='bbox 1434 2499 1607 2579; x_wconf 92' lang='lat' dir='ltr'><strong>hujusmodi</strong></span> <span class='ocrx_word' id='word_1_220' title='bbox 1629 2500 1713 2561; x_wconf 89' lang='lat' dir='ltr'><strong>bono</strong></span> <span class='ocrx_word' id='word_1_221' title='bbox 1735 2521 1754 2559; x_wconf 90' lang='lat' dir='ltr'><strong>a</strong></span> <span class='ocrx_word' id='word_1_222' title='bbox 1772 2500 1829 2561; x_wconf 88' lang='lat' dir='ltr'><strong>Deo</strong></span> 
     </span>
     <span class='ocr_line' id='line_1_23' title="bbox 392 2586 1830 2669; baseline -0.002 -19"><span class='ocrx_word' id='word_1_223' title='bbox 392 2589 538 2650; x_wconf 82' lang='lat' dir='ltr'><strong>Odientes</strong></span> <span class='ocrx_word' id='word_1_224' title='bbox 560 2594 589 2647; x_wconf 82' lang='lat' dir='ltr'><strong>at</strong></span> <span class='ocrx_word' id='word_1_225' title='bbox 611 2606 691 2660; x_wconf 84' lang='lat' dir='ltr'><strong>enm,</strong></span> <span class='ocrx_word' id='word_1_226' title='bbox 714 2607 796 2665; x_wconf 78' lang='lat' dir='ltr'><strong>qnos</strong></span> <span class='ocrx_word' id='word_1_227' title='bbox 819 2607 839 2646; x_wconf 86' lang='lat' dir='ltr'><strong>a</strong></span> <span class='ocrx_word' id='word_1_228' title='bbox 862 2605 957 2647; x_wconf 80' lang='lat' dir='ltr'><strong>corna</strong></span> <span class='ocrx_word' id='word_1_229' title='bbox 973 2603 1083 2645; x_wconf 84' lang='lat' dir='ltr'><strong>moest-</strong></span> <span class='ocrx_word' id='word_1_230' title='bbox 1138 2597 1346 2669; x_wconf 87' lang='lat' dir='ltr'><strong>comprecatur.</strong></span> <span class='ocrx_word' id='word_1_231' title='bbox 1371 2586 1473 2668; x_wconf 82' lang='lat' dir='ltr'><strong>Quare</strong></span> <span class='ocrx_word' id='word_1_232' title='bbox 1484 2588 1652 2647; x_wconf 88' lang='lat' dir='ltr'><strong>lectionem</strong></span> <span class='ocrx_word' id='word_1_233' title='bbox 1667 2595 1830 2648; x_wconf 77' lang='lat' dir='ltr'><strong>nostrorum</strong></span> 
     </span>
     <span class='ocr_line' id='line_1_24' title="bbox 390 2673 1831 2754; baseline 0 -20"><span class='ocrx_word' id='word_1_234' title='bbox 390 2677 458 2735; x_wconf 85' lang='lat' dir='ltr'><strong>loto</strong></span> <span class='ocrx_word' id='word_1_235' title='bbox 475 2683 528 2750; x_wconf 83' lang='lat' dir='ltr'><strong>est,</strong></span> <span class='ocrx_word' id='word_1_236' title='bbox 545 2677 696 2735; x_wconf 75' lang='lat' dir='ltr'><strong>tarsicam.</strong></span> <span class='ocrx_word' id='word_1_237' title='bbox 720 2676 890 2735; x_wconf 80' lang='lat' dir='ltr'><strong>Haucsero</strong></span> <span class='ocrx_word' id='word_1_238' title='bbox 906 2675 1084 2733; x_wconf 80' lang='lat' dir='ltr'><strong>maculatos</strong></span> <span class='ocrx_word' id='word_1_239' title='bbox 1137 2675 1288 2747; x_wconf 89' lang='lat' dir='ltr'><strong>codicum,</strong></span> <span class='ocrx_word' id='word_1_240' title='bbox 1316 2695 1394 2754; x_wconf 89' lang='lat' dir='ltr'><strong>quae</strong></span> <span class='ocrx_word' id='word_1_241' title='bbox 1415 2674 1505 2733; x_wconf 90' lang='lat' dir='ltr'><strong>etiam</strong></span> <span class='ocrx_word' id='word_1_242' title='bbox 1530 2674 1560 2733; x_wconf 93' lang='lat' dir='ltr'><strong>in</strong></span> <span class='ocrx_word' id='word_1_243' title='bbox 1583 2673 1772 2753; x_wconf 87' lang='lat' dir='ltr'><strong>quibusdam</strong></span> <span class='ocrx_word' id='word_1_244' title='bbox 1792 2681 1831 2734; x_wconf 68' lang='lat' dir='ltr'><strong>ut</strong></span> 
     </span>
     <span class='ocr_line' id='line_1_25' title="bbox 389 2759 1721 2841; baseline -0.003 -17"><span class='ocrx_word' id='word_1_245' title='bbox 389 2766 516 2824; x_wconf 76' lang='lat' dir='ltr'><strong>tunicae</strong></span> <span class='ocrx_word' id='word_1_246' title='bbox 530 2761 736 2840; x_wconf 85' lang='lat' dir='ltr'><strong>metaphoram</strong></span> <span class='ocrx_word' id='word_1_247' title='bbox 752 2762 802 2822; x_wconf 91' lang='lat' dir='ltr'><strong>alii</strong></span> <span class='ocrx_word' id='word_1_248' title='bbox 820 2760 907 2821; x_wconf 87' lang='lat' dir='ltr'><strong>aliter</strong></span> <span class='ocrx_word' id='word_1_249' title='bbox 920 2766 1080 2840; x_wconf 84' lang='lat' dir='ltr'><strong>exponunt</strong></span> <span class='ocrx_word' id='word_1_250' title='bbox 1137 2762 1271 2835; x_wconf 81' lang='lat' dir='ltr'><strong>Graccis,</strong></span> <span class='ocrx_word' id='word_1_251' title='bbox 1288 2761 1336 2820; x_wconf 91' lang='lat' dir='ltr'><strong>hic</strong></span> <span class='ocrx_word' id='word_1_252' title='bbox 1350 2759 1578 2841; x_wconf 84' lang='lat' dir='ltr'><strong>praeferendam</strong></span> <span class='ocrx_word' id='word_1_253' title='bbox 1595 2779 1721 2822; x_wconf 85' lang='lat' dir='ltr'><strong>censeo.</strong></span> 
     </span>
     <span class='ocr_line' id='line_1_26' title="bbox 390 2846 1829 2928; baseline -0.001 -19"><span class='ocrx_word' id='word_1_254' title='bbox 390 2848 518 2927; x_wconf 86' lang='lat' dir='ltr'><strong>Quidam</strong></span> <span class='ocrx_word' id='word_1_255' title='bbox 533 2856 665 2908; x_wconf 82' lang='lat' dir='ltr'><strong>veterem</strong></span> <span class='ocrx_word' id='word_1_256' title='bbox 682 2849 830 2909; x_wconf 87' lang='lat' dir='ltr'><strong>hominem</strong></span> <span class='ocrx_word' id='word_1_257' title='bbox 843 2850 1084 2928; x_wconf 85' lang='lat' dir='ltr'><strong>interpretantur,</strong></span> <span class='ocrx_word' id='word_1_258' title='bbox 1181 2850 1223 2909; x_wconf 81' lang='lat' dir='ltr'><strong>Et</strong></span> <span class='ocrx_word' id='word_1_259' title='bbox 1237 2851 1425 2908; x_wconf 78' lang='lat' dir='ltr'><strong>constituere</strong></span> <span class='ocrx_word' id='word_1_260' title='bbox 1448 2854 1523 2907; x_wconf 83' lang='lat' dir='ltr'><strong>onte</strong></span> <span class='ocrx_word' id='word_1_261' title='bbox 1545 2855 1756 2924; x_wconf 77' lang='lat' dir='ltr'><strong>conspectam</strong></span> <span class='ocrx_word' id='word_1_262' title='bbox 1769 2846 1829 2923; x_wconf 71' lang='lat' dir='ltr'><strong>olo·</strong></span> 
     </span>
     <span class='ocr_line' id='line_1_27' title="bbox 392 2936 1828 3018; baseline 0 -23"><span class='ocrx_word' id='word_1_263' title='bbox 392 2956 480 3018; x_wconf 89' lang='lat' dir='ltr'><strong>quem</strong></span> <span class='ocrx_word' id='word_1_264' title='bbox 502 2936 636 3011; x_wconf 85' lang='lat' dir='ltr'><strong>jubemur</strong></span> <span class='ocrx_word' id='word_1_265' title='bbox 658 2956 767 2998; x_wconf 84' lang='lat' dir='ltr'><strong>exuere</strong></span> <span class='ocrx_word' id='word_1_266' title='bbox 788 2955 857 2997; x_wconf 82' lang='lat' dir='ltr'><strong>com</strong></span> <span class='ocrx_word' id='word_1_267' title='bbox 875 2936 995 2995; x_wconf 82' lang='lat' dir='ltr'><strong>actibus</strong></span> <span class='ocrx_word' id='word_1_268' title='bbox 1009 2937 1083 3008; x_wconf 83' lang='lat' dir='ltr'><strong>estis,</strong></span> <span class='ocrx_word' id='word_1_269' title='bbox 1136 2938 1205 2995; x_wconf 82' lang='lat' dir='ltr'><strong>rios</strong></span> <span class='ocrx_word' id='word_1_270' title='bbox 1220 2955 1295 2996; x_wconf 84' lang='lat' dir='ltr'><strong>suae</strong></span> <span class='ocrx_word' id='word_1_271' title='bbox 1317 2936 1539 2995; x_wconf 82' lang='lat' dir='ltr'><strong>immaculatos</strong></span> <span class='ocrx_word' id='word_1_272' title='bbox 1562 2938 1597 2996; x_wconf 90' lang='lat' dir='ltr'><strong>in</strong></span> <span class='ocrx_word' id='word_1_273' title='bbox 1616 2936 1828 2996; x_wconf 72' lang='lat' dir='ltr'><strong>assultatione</strong></span> 
     </span>
     <span class='ocr_line' id='line_1_28' title="bbox 389 3019 1830 3102; baseline -0.004 -17"><span class='ocrx_word' id='word_1_274' title='bbox 389 3024 454 3085; x_wconf 84' lang='lat'><strong>001.</strong></span> <span class='ocrx_word' id='word_1_275' title='bbox 482 3024 511 3081; x_wconf 83' lang='lat'><strong>3.</strong></span> <span class='ocrx_word' id='word_1_276' title='bbox 560 3019 629 3099; x_wconf 81' lang='lat' dir='ltr'><strong>Quo</strong></span> <span class='ocrx_word' id='word_1_277' title='bbox 664 3025 793 3102; x_wconf 88' lang='lat' dir='ltr'><strong>pertinet</strong></span> <span class='ocrx_word' id='word_1_278' title='bbox 819 3022 894 3083; x_wconf 93' lang='lat' dir='ltr'><strong>illud</strong></span> <span class='ocrx_word' id='word_1_279' title='bbox 921 3021 1005 3082; x_wconf 84' lang='lat' dir='ltr'><strong>Cant.</strong></span> <span class='ocrx_word' id='word_1_280' title='bbox 1033 3023 1083 3082; x_wconf 77' lang='lat' dir='ltr'><strong>b:</strong></span> <span class='ocrx_word' id='word_1_281' title='bbox 1136 3019 1830 3102; x_wconf 72' lang='lat' dir='ltr'><strong>significeturremuneratiojustornm,quando</strong></span> 
     </span>
     <span class='ocr_line' id='line_1_29' title="bbox 388 3108 1831 3187; baseline -0.001 -16"><span class='ocrx_word' id='word_1_282' title='bbox 388 3110 577 3186; x_wconf 75' lang='lat' dir='ltr'><strong>Enspoliovi</strong></span> <span class='ocrx_word' id='word_1_283' title='bbox 600 3127 649 3168; x_wconf 84' lang='lat' dir='ltr'><strong>mc</strong></span> <span class='ocrx_word' id='word_1_284' title='bbox 670 3114 782 3171; x_wconf 84' lang='lat' dir='ltr'><strong>tunica</strong></span> <span class='ocrx_word' id='word_1_285' title='bbox 807 3129 899 3187; x_wconf 81' lang='lat' dir='ltr'><strong>mea,·</strong></span> <span class='ocrx_word' id='word_1_286' title='bbox 924 3108 1083 3185; x_wconf 77' lang='lat' dir='ltr'><strong>quomodo</strong></span> <span class='ocrx_word' id='word_1_287' title='bbox 1136 3110 1223 3169; x_wconf 90' lang='lat' dir='ltr'><strong>Deus</strong></span> <span class='ocrx_word' id='word_1_288' title='bbox 1247 3110 1358 3170; x_wconf 91' lang='lat' dir='ltr'><strong>electos</strong></span> <span class='ocrx_word' id='word_1_289' title='bbox 1382 3128 1452 3168; x_wconf 88' lang='lat' dir='ltr'><strong>suos</strong></span> <span class='ocrx_word' id='word_1_290' title='bbox 1473 3115 1589 3167; x_wconf 81' lang='lat' dir='ltr'><strong>stataet</strong></span> <span class='ocrx_word' id='word_1_291' title='bbox 1608 3111 1647 3168; x_wconf 90' lang='lat' dir='ltr'><strong>in</strong></span> <span class='ocrx_word' id='word_1_292' title='bbox 1672 3115 1831 3185; x_wconf 73' lang='lat' dir='ltr'><strong>conspecta</strong></span> 
     </span>
     <span class='ocr_line' id='line_1_30' title="bbox 389 3192 1830 3274; baseline -0.001 -17"><span class='ocrx_word' id='word_1_293' title='bbox 389 3197 511 3259; x_wconf 79' lang='lat' dir='ltr'><strong>induar</strong></span> <span class='ocrx_word' id='word_1_294' title='bbox 531 3196 614 3255; x_wconf 80' lang='lat' dir='ltr'><strong>illa?</strong></span> <span class='ocrx_word' id='word_1_295' title='bbox 650 3196 731 3257; x_wconf 89' lang='lat' dir='ltr'><strong>Vide</strong></span> <span class='ocrx_word' id='word_1_296' title='bbox 753 3196 926 3257; x_wconf 89' lang='lat' dir='ltr'><strong>Hesselium</strong></span> <span class='ocrx_word' id='word_1_297' title='bbox 951 3196 982 3253; x_wconf 93' lang='lat' dir='ltr'><strong>in</strong></span> <span class='ocrx_word' id='word_1_298' title='bbox 1009 3192 1084 3252; x_wconf 89' lang='lat' dir='ltr'><strong>illud</strong></span> <span class='ocrx_word' id='word_1_299' title='bbox 1136 3198 1257 3272; x_wconf 77' lang='lat' dir='ltr'><strong>plorioe</strong></span> <span class='ocrx_word' id='word_1_300' title='bbox 1278 3216 1363 3271; x_wconf 83' lang='lat' dir='ltr'><strong>enoc,</strong></span> <span class='ocrx_word' id='word_1_301' title='bbox 1388 3194 1417 3254; x_wconf 91' lang='lat' dir='ltr'><strong>id</strong></span> <span class='ocrx_word' id='word_1_302' title='bbox 1441 3203 1495 3267; x_wconf 88' lang='lat' dir='ltr'><strong>est,</strong></span> <span class='ocrx_word' id='word_1_303' title='bbox 1518 3196 1640 3255; x_wconf 88' lang='lat' dir='ltr'><strong>visione</strong></span> <span class='ocrx_word' id='word_1_304' title='bbox 1662 3203 1694 3254; x_wconf 91' lang='lat' dir='ltr'><strong>et</strong></span> <span class='ocrx_word' id='word_1_305' title='bbox 1719 3194 1830 3274; x_wconf 85' lang='lat' dir='ltr'><strong>partiei-</strong></span> 
     </span>
     <span class='ocr_line' id='line_1_31' title="bbox 391 3279 1829 3364; baseline -0.003 -20"><span class='ocrx_word' id='word_1_306' title='bbox 391 3285 503 3344; x_wconf 84' lang='lat' dir='ltr'><strong>lTim.</strong></span> <span class='ocrx_word' id='word_1_307' title='bbox 526 3286 571 3343; x_wconf 80' lang='lat' dir='ltr'><strong>e:</strong></span> <span class='ocrx_word' id='word_1_308' title='bbox 608 3284 647 3342; x_wconf 86' lang='lat' dir='ltr'><strong>Ut</strong></span> <span class='ocrx_word' id='word_1_309' title='bbox 670 3301 771 3344; x_wconf 79' lang='lat' dir='ltr'><strong>servas</strong></span> <span class='ocrx_word' id='word_1_310' title='bbox 788 3288 994 3360; x_wconf 82' lang='lat' dir='ltr'><strong>praeceptum</strong></span> <span class='ocrx_word' id='word_1_311' title='bbox 1016 3283 1084 3340; x_wconf 80' lang='lat' dir='ltr'><strong>sine</strong></span> <span class='ocrx_word' id='word_1_312' title='bbox 1137 3284 1259 3364; x_wconf 85' lang='lat' dir='ltr'><strong>petione</strong></span> <span class='ocrx_word' id='word_1_313' title='bbox 1282 3303 1357 3342; x_wconf 87' lang='lat' dir='ltr'><strong>suae</strong></span> <span class='ocrx_word' id='word_1_314' title='bbox 1378 3282 1495 3361; x_wconf 84' lang='lat' dir='ltr'><strong>gloriae</strong></span> <span class='ocrx_word' id='word_1_315' title='bbox 1516 3279 1646 3341; x_wconf 83' lang='lat' dir='ltr'><strong>donabit</strong></span> <span class='ocrx_word' id='word_1_316' title='bbox 1669 3300 1708 3340; x_wconf 88' lang='lat' dir='ltr'><strong>ac</strong></span> <span class='ocrx_word' id='word_1_317' title='bbox 1723 3279 1829 3342; x_wconf 76' lang='lat' dir='ltr'><strong>baadi·</strong></span> 
     </span>
     <span class='ocr_line' id='line_1_32' title="bbox 389 3366 1830 3450; baseline -0.003 -20"><span class='ocrx_word' id='word_1_318' title='bbox 389 3371 528 3430; x_wconf 82' lang='lat' dir='ltr'><strong>macnlo.</strong></span> <span class='ocrx_word' id='word_1_319' title='bbox 574 3369 635 3428; x_wconf 86' lang='lat' dir='ltr'><strong>Alii</strong></span> <span class='ocrx_word' id='word_1_320' title='bbox 669 3371 839 3450; x_wconf 77' lang='lat' dir='ltr'><strong>specialiter</strong></span> <span class='ocrx_word' id='word_1_321' title='bbox 865 3370 1020 3447; x_wconf 90' lang='lat' dir='ltr'><strong>accipiunt</strong></span> <span class='ocrx_word' id='word_1_322' title='bbox 1046 3368 1085 3428; x_wconf 90' lang='lat' dir='ltr'><strong>de</strong></span> <span class='ocrx_word' id='word_1_323' title='bbox 1138 3370 1227 3429; x_wconf 89' lang='lat' dir='ltr'><strong>cabit.</strong></span> <span class='ocrx_word' id='word_1_324' title='bbox 1251 3368 1345 3428; x_wconf 81' lang='lat' dir='ltr'><strong>Addit</strong></span> <span class='ocrx_word' id='word_1_325' title='bbox 1360 3377 1477 3428; x_wconf 85' lang='lat' dir='ltr'><strong>autem:</strong></span> <span class='ocrx_word' id='word_1_326' title='bbox 1493 3369 1732 3443; x_wconf 78' lang='lat' dir='ltr'><strong>immaculatos,</strong></span> <span class='ocrx_word' id='word_1_327' title='bbox 1749 3366 1830 3429; x_wconf 76' lang='lat' dir='ltr'><strong>Gne</strong></span> 
     </span>
     <span class='ocr_line' id='line_1_33' title="bbox 390 3446 1830 3536; baseline -0.005 -17"><span class='ocrx_word' id='word_1_328' title='bbox 390 3456 503 3519; x_wconf 90' lang='lat' dir='ltr'><strong>carnali</strong></span> <span class='ocrx_word' id='word_1_329' title='bbox 530 3462 561 3515; x_wconf 87' lang='lat' dir='ltr'><strong>et</strong></span> <span class='ocrx_word' id='word_1_330' title='bbox 583 3457 699 3536; x_wconf 88' lang='lat' dir='ltr'><strong>impura</strong></span> <span class='ocrx_word' id='word_1_331' title='bbox 723 3457 934 3517; x_wconf 86' lang='lat' dir='ltr'><strong>Gnosticorum</strong></span> <span class='ocrx_word' id='word_1_332' title='bbox 962 3473 1082 3514; x_wconf 83' lang='lat' dir='ltr'><strong>conver·</strong></span> <span class='ocrx_word' id='word_1_333' title='bbox 1138 3476 1189 3516; x_wconf 88' lang='lat' dir='ltr'><strong>ce:</strong></span> <span class='ocrx_word' id='word_1_334' title='bbox 1222 3446 1373 3532; x_wconf 79' lang='grc' dir='ltr'>ἀμώμους</span> <span class='ocrx_word' id='word_1_335' title='bbox 1379 3500 1389 3529; x_wconf 84' lang='grc'><strong><em>,</em></strong></span> <span class='ocrx_word' id='word_1_336' title='bbox 1424 3454 1736 3530; x_wconf 76' lang='lat' dir='ltr'><strong>irreprehensibiles,</strong></span> <span class='ocrx_word' id='word_1_337' title='bbox 1766 3455 1830 3534; x_wconf 83' lang='lat' dir='ltr'><strong>quia</strong></span> 
     </span>
     <span class='ocr_line' id='line_1_34' title="bbox 389 3538 1828 3624; baseline -0.002 -19"><span class='ocrx_word' id='word_1_338' title='bbox 389 3545 514 3617; x_wconf 88' lang='lat' dir='ltr'><strong>satione,</strong></span> <span class='ocrx_word' id='word_1_339' title='bbox 537 3548 682 3621; x_wconf 86' lang='lat' dir='ltr'><strong>utquam</strong></span> <span class='ocrx_word' id='word_1_340' title='bbox 705 3545 849 3624; x_wconf 90' lang='lat' dir='ltr'><strong>imprimis</strong></span> <span class='ocrx_word' id='word_1_341' title='bbox 873 3538 1032 3601; x_wconf 88' lang='lat' dir='ltr'><strong>odiendam</strong></span> <span class='ocrx_word' id='word_1_342' title='bbox 1055 3549 1085 3600; x_wconf 89' lang='lat' dir='ltr'><strong>et</strong></span> <span class='ocrx_word' id='word_1_343' title='bbox 1137 3542 1219 3604; x_wconf 81' lang='lat' dir='ltr'><strong>nibil</strong></span> <span class='ocrx_word' id='word_1_344' title='bbox 1231 3546 1472 3619; x_wconf 79' lang='lat' dir='ltr'><strong>coinquinatam</strong></span> <span class='ocrx_word' id='word_1_345' title='bbox 1486 3540 1726 3617; x_wconf 69' lang='lat' dir='ltr'><strong>illucescentis,</strong></span> <span class='ocrx_word' id='word_1_346' title='bbox 1743 3540 1828 3622; x_wconf 72' lang='lat' dir='ltr'><strong>apoc</strong></span> 
     </span>
     <span class='ocr_line' id='line_1_35' title="bbox 390 3626 1830 3711; baseline -0.003 -20"><span class='ocrx_word' id='word_1_347' title='bbox 390 3629 565 3711; x_wconf 76' lang='lat' dir='ltr'><strong>fugiendam</strong></span> <span class='ocrx_word' id='word_1_348' title='bbox 580 3638 701 3690; x_wconf 84' lang='lat' dir='ltr'><strong>moneat</strong></span> <span class='ocrx_word' id='word_1_349' title='bbox 715 3629 887 3709; x_wconf 86' lang='lat' dir='ltr'><strong>Apostolus.</strong></span> <span class='ocrx_word' id='word_1_350' title='bbox 916 3626 1084 3687; x_wconf 83' lang='lat' dir='ltr'><strong>Sasboldus</strong></span> <span class='ocrx_word' id='word_1_351' title='bbox 1138 3633 1187 3690; x_wconf 79' lang='lat'><strong>21.</strong></span> <span class='ocrx_word' id='word_1_352' title='bbox 1211 3628 1407 3689; x_wconf 87' lang='lat' dir='ltr'><strong>Itemaddit:</strong></span> <span class='ocrx_word' id='word_1_353' title='bbox 1430 3627 1712 3703; x_wconf 61' lang='lat' dir='ltr'><strong>inconsonantiam,</strong></span> <span class='ocrx_word' id='word_1_354' title='bbox 1737 3628 1769 3688; x_wconf 92' lang='lat' dir='ltr'><strong>id</strong></span> <span class='ocrx_word' id='word_1_355' title='bbox 1783 3632 1830 3697; x_wconf 64' lang='lat' dir='ltr'><strong>ed,</strong></span> 
     </span>
     <span class='ocr_line' id='line_1_36' title="bbox 389 3711 1830 3796; baseline -0.004 -19"><span class='ocrx_word' id='word_1_356' title='bbox 389 3716 593 3796; x_wconf 85' lang='lat' dir='ltr'><strong>metaphoram</strong></span> <span class='ocrx_word' id='word_1_357' title='bbox 627 3716 759 3795; x_wconf 85' lang='lat' dir='ltr'><strong>explicat</strong></span> <span class='ocrx_word' id='word_1_358' title='bbox 786 3718 818 3776; x_wconf 91' lang='lat' dir='ltr'><strong>in</strong></span> <span class='ocrx_word' id='word_1_359' title='bbox 843 3716 923 3775; x_wconf 89' lang='lat' dir='ltr'><strong>huno</strong></span> <span class='ocrx_word' id='word_1_360' title='bbox 948 3711 1084 3773; x_wconf 84' lang='lat' dir='ltr'><strong>modum:</strong></span> <span class='ocrx_word' id='word_1_361' title='bbox 1137 3735 1209 3777; x_wconf 82' lang='lat' dir='ltr'><strong>cnm</strong></span> <span class='ocrx_word' id='word_1_362' title='bbox 1223 3717 1443 3790; x_wconf 74' lang='lat' dir='ltr'><strong>exsultatione,</strong></span> <span class='ocrx_word' id='word_1_363' title='bbox 1468 3715 1540 3794; x_wconf 85' lang='lat' dir='ltr'><strong>qnia</strong></span> <span class='ocrx_word' id='word_1_364' title='bbox 1564 3722 1750 3794; x_wconf 90' lang='lat' dir='ltr'><strong>perpetuum</strong></span> <span class='ocrx_word' id='word_1_365' title='bbox 1766 3730 1830 3793; x_wconf 82' lang='lat' dir='ltr'><strong>gan·</strong></span> 
     </span>
     <span class='ocr_line' id='line_1_37' title="bbox 392 3799 1831 3882; baseline -0.006 -16"><span class='ocrx_word' id='word_1_366' title='bbox 392 3804 573 3881; x_wconf 62' lang='lat' dir='ltr'><strong>turpitudo</strong></span> <span class='ocrx_word' id='word_1_367' title='bbox 601 3803 844 3879; x_wconf 77' lang='lat' dir='ltr'><strong>Gnosticorum,</strong></span> <span class='ocrx_word' id='word_1_368' title='bbox 874 3804 989 3881; x_wconf 90' lang='lat' dir='ltr'><strong>iuquit,</strong></span> <span class='ocrx_word' id='word_1_369' title='bbox 1016 3820 1085 3863; x_wconf 90' lang='lat' dir='ltr'><strong>non</strong></span> <span class='ocrx_word' id='word_1_370' title='bbox 1138 3802 1219 3862; x_wconf 91' lang='lat' dir='ltr'><strong>dium</strong></span> <span class='ocrx_word' id='word_1_371' title='bbox 1242 3811 1273 3861; x_wconf 89' lang='lat' dir='ltr'><strong>et</strong></span> <span class='ocrx_word' id='word_1_372' title='bbox 1296 3802 1456 3863; x_wconf 85' lang='lat' dir='ltr'><strong>exsultatio</strong></span> <span class='ocrx_word' id='word_1_373' title='bbox 1479 3800 1613 3879; x_wconf 86' lang='lat' dir='ltr'><strong>excipiet</strong></span> <span class='ocrx_word' id='word_1_374' title='bbox 1637 3821 1709 3874; x_wconf 89' lang='lat' dir='ltr'><strong>eos,</strong></span> <span class='ocrx_word' id='word_1_375' title='bbox 1733 3799 1831 3882; x_wconf 82' lang='lat' dir='ltr'><strong>quiin</strong></span> 
     </span>
     <span class='ocr_line' id='line_1_38' title="bbox 391 3887 1831 3968; baseline -0.005 -15"><span class='ocrx_word' id='word_1_376' title='bbox 391 3893 491 3953; x_wconf 81' lang='lat' dir='ltr'><strong>solnm</strong></span> <span class='ocrx_word' id='word_1_377' title='bbox 507 3893 649 3967; x_wconf 79' lang='lat' dir='ltr'><strong>ipsoram</strong></span> <span class='ocrx_word' id='word_1_378' title='bbox 666 3908 763 3968; x_wconf 84' lang='lat' dir='ltr'><strong>opero</strong></span> <span class='ocrx_word' id='word_1_379' title='bbox 778 3891 897 3967; x_wconf 77' lang='lat' dir='ltr'><strong>inficit,</strong></span> <span class='ocrx_word' id='word_1_380' title='bbox 921 3889 974 3947; x_wconf 81' lang='lat' dir='ltr'><strong>aad</strong></span> <span class='ocrx_word' id='word_1_381' title='bbox 997 3896 1026 3947; x_wconf 84' lang='lat' dir='ltr'><strong>et</strong></span> <span class='ocrx_word' id='word_1_382' title='bbox 1041 3889 1084 3948; x_wconf 81' lang='lat' dir='ltr'><strong>od</strong></span> <span class='ocrx_word' id='word_1_383' title='bbox 1137 3888 1319 3950; x_wconf 82' lang='lat' dir='ltr'><strong>boemundo</strong></span> <span class='ocrx_word' id='word_1_384' title='bbox 1342 3890 1442 3949; x_wconf 84' lang='lat' dir='ltr'><strong>tristia</strong></span> <span class='ocrx_word' id='word_1_385' title='bbox 1463 3887 1556 3946; x_wconf 87' lang='lat' dir='ltr'><strong>multa</strong></span> <span class='ocrx_word' id='word_1_386' title='bbox 1578 3890 1664 3966; x_wconf 90' lang='lat' dir='ltr'><strong>passi</strong></span> <span class='ocrx_word' id='word_1_387' title='bbox 1690 3894 1764 3947; x_wconf 87' lang='lat' dir='ltr'><strong>aunt</strong></span> <span class='ocrx_word' id='word_1_388' title='bbox 1784 3901 1831 3966; x_wconf 83' lang='lat' dir='ltr'><strong>pm</strong></span> 
     </span>
     <span class='ocr_line' id='line_1_39' title="bbox 388 3974 1830 4054; baseline -0.002 -15"><span class='ocrx_word' id='word_1_389' title='bbox 388 3986 487 4039; x_wconf 83' lang='lat' dir='ltr'><strong>uestes</strong></span> <span class='ocrx_word' id='word_1_390' title='bbox 507 3981 641 4053; x_wconf 81' lang='lat' dir='ltr'><strong>transit,</strong></span> <span class='ocrx_word' id='word_1_391' title='bbox 665 3996 777 4054; x_wconf 82' lang='lat' dir='ltr'><strong>easque</strong></span> <span class='ocrx_word' id='word_1_392' title='bbox 799 3976 948 4039; x_wconf 79' lang='lat' dir='ltr'><strong>maculat.</strong></span> <span class='ocrx_word' id='word_1_393' title='bbox 980 3974 1085 4054; x_wconf 78' lang='lat' dir='ltr'><strong>Quare</strong></span> <span class='ocrx_word' id='word_1_394' title='bbox 1138 3976 1263 4037; x_wconf 86' lang='lat' dir='ltr'><strong>Christo.</strong></span> <span class='ocrx_word' id='word_1_395' title='bbox 1288 3978 1382 4035; x_wconf 80' lang='lat' dir='ltr'><strong>Booti</strong></span> <span class='ocrx_word' id='word_1_396' title='bbox 1394 3992 1531 4054; x_wconf 90' lang='lat' dir='ltr'><strong>namque,</strong></span> <span class='ocrx_word' id='word_1_397' title='bbox 1549 3978 1606 4050; x_wconf 84' lang='lat' dir='ltr'><strong>qni</strong></span> <span class='ocrx_word' id='word_1_398' title='bbox 1617 3974 1743 4051; x_wconf 67' lang='lat' dir='ltr'><strong>lucent,</strong></span> <span class='ocrx_word' id='word_1_399' title='bbox 1759 3988 1830 4052; x_wconf 67' lang='grc' dir='ltr'><strong>φη·</strong></span> 
     </span>
     <span class='ocr_line' id='line_1_40' title="bbox 389 4060 1753 4145; baseline -0.005 -19"><span class='ocrx_word' id='word_1_400' title='bbox 389 4085 448 4126; x_wconf 94' lang='lat' dir='ltr'><strong>non</strong></span> <span class='ocrx_word' id='word_1_401' title='bbox 474 4063 570 4124; x_wconf 87' lang='lat' dir='ltr'><strong>solum</strong></span> <span class='ocrx_word' id='word_1_402' title='bbox 593 4066 652 4145; x_wconf 90' lang='lat' dir='ltr'><strong>ipsi</strong></span> <span class='ocrx_word' id='word_1_403' title='bbox 675 4063 823 4144; x_wconf 81' lang='lat' dir='ltr'><strong>fugiendi,</strong></span> <span class='ocrx_word' id='word_1_404' title='bbox 845 4063 898 4124; x_wconf 92' lang='lat' dir='ltr'><strong>sed</strong></span> <span class='ocrx_word' id='word_1_405' title='bbox 921 4070 952 4121; x_wconf 87' lang='lat' dir='ltr'><strong>et</strong></span> <span class='ocrx_word' id='word_1_406' title='bbox 975 4063 1084 4134; x_wconf 88' lang='lat' dir='ltr'><strong>tunica,</strong></span> <span class='ocrx_word' id='word_1_407' title='bbox 1136 4065 1225 4124; x_wconf 84' lang='lat' dir='ltr'><strong>niam</strong></span> <span class='ocrx_word' id='word_1_408' title='bbox 1242 4064 1304 4138; x_wconf 80' lang='lat' dir='ltr'><strong>ipsi</strong></span> <span class='ocrx_word' id='word_1_409' title='bbox 1320 4062 1578 4134; x_wconf 77' lang='lat' dir='ltr'><strong>corstolobtsntssr,</strong></span> <span class='ocrx_word' id='word_1_410' title='bbox 1593 4060 1706 4121; x_wconf 74' lang='lat' dir='ltr'><strong>Metili.</strong></span> <span class='ocrx_word' id='word_1_411' title='bbox 1723 4062 1753 4121; x_wconf 76' lang='lat' dir='ltr'><strong>b.</strong></span> 
     </span>
     <span class='ocr_line' id='line_1_41' title="bbox 389 4147 1831 4232; baseline -0.004 -21"><span class='ocrx_word' id='word_1_412' title='bbox 389 4172 451 4232; x_wconf 86' lang='lat' dir='ltr'><strong>qua</strong></span> <span class='ocrx_word' id='word_1_413' title='bbox 465 4160 536 4211; x_wconf 91' lang='lat' dir='ltr'><strong>sunt</strong></span> <span class='ocrx_word' id='word_1_414' title='bbox 550 4151 656 4223; x_wconf 90' lang='lat' dir='ltr'><strong>induti,</strong></span> <span class='ocrx_word' id='word_1_415' title='bbox 680 4171 774 4212; x_wconf 88' lang='lat' dir='ltr'><strong>exosa</strong></span> <span class='ocrx_word' id='word_1_416' title='bbox 788 4151 882 4223; x_wconf 87' lang='lat' dir='ltr'><strong>vobis,</strong></span> <span class='ocrx_word' id='word_1_417' title='bbox 903 4158 934 4208; x_wconf 91' lang='lat' dir='ltr'><strong>et</strong></span> <span class='ocrx_word' id='word_1_418' title='bbox 949 4168 1083 4209; x_wconf 84' lang='lat' dir='ltr'><strong>exsecra·</strong></span> <span class='ocrx_word' id='word_1_419' title='bbox 1181 4151 1222 4208; x_wconf 88' lang='lat' dir='ltr'><strong>ln</strong></span> <span class='ocrx_word' id='word_1_420' title='bbox 1234 4150 1375 4209; x_wconf 79' lang='lat' dir='ltr'><strong>adventa</strong></span> <span class='ocrx_word' id='word_1_421' title='bbox 1387 4149 1520 4209; x_wconf 79' lang='lat' dir='ltr'><strong>Domini</strong></span> <span class='ocrx_word' id='word_1_422' title='bbox 1531 4151 1637 4208; x_wconf 78' lang='lat' dir='ltr'><strong>nostri</strong></span> <span class='ocrx_word' id='word_1_423' title='bbox 1648 4152 1678 4211; x_wconf 86' lang='lat' dir='ltr'><em>J</em></span> <span class='ocrx_word' id='word_1_424' title='bbox 1677 4167 1733 4208; x_wconf 81' lang='lat' dir='ltr'><strong>ests</strong></span> <span class='ocrx_word' id='word_1_425' title='bbox 1746 4147 1831 4209; x_wconf 74' lang='lat' dir='ltr'><strong>ctri-</strong></span> 
     </span>
     <span class='ocr_line' id='line_1_42' title="bbox 390 4233 1830 4318; baseline -0.003 -19"><span class='ocrx_word' id='word_1_426' title='bbox 390 4238 459 4299; x_wconf 93' lang='lat' dir='ltr'><strong>bilis</strong></span> <span class='ocrx_word' id='word_1_427' title='bbox 473 4256 542 4298; x_wconf 90' lang='lat' dir='ltr'><strong>esse</strong></span> <span class='ocrx_word' id='word_1_428' title='bbox 553 4237 649 4311; x_wconf 88' lang='lat' dir='ltr'><strong>debet,</strong></span> <span class='ocrx_word' id='word_1_429' title='bbox 662 4248 816 4318; x_wconf 81' lang='lat' dir='ltr'><strong>tamquam</strong></span> <span class='ocrx_word' id='word_1_430' title='bbox 829 4235 868 4298; x_wconf 90' lang='lat' dir='ltr'><strong>ab</strong></span> <span class='ocrx_word' id='word_1_431' title='bbox 880 4255 983 4296; x_wconf 89' lang='lat' dir='ltr'><strong>eorum</strong></span> <span class='ocrx_word' id='word_1_432' title='bbox 996 4254 1085 4294; x_wconf 90' lang='lat' dir='ltr'><strong>carue</strong></span> <span class='ocrx_word' id='word_1_433' title='bbox 1136 4238 1185 4297; x_wconf 85' lang='lat' dir='ltr'><strong>sti.</strong></span> <span class='ocrx_word' id='word_1_434' title='bbox 1218 4235 1307 4295; x_wconf 86' lang='lat' dir='ltr'><strong>Hanc</strong></span> <span class='ocrx_word' id='word_1_435' title='bbox 1333 4244 1450 4315; x_wconf 85' lang='lat' dir='ltr'><strong>partem</strong></span> <span class='ocrx_word' id='word_1_436' title='bbox 1479 4233 1597 4294; x_wconf 82' lang='lat' dir='ltr'><strong>Graeca</strong></span> <span class='ocrx_word' id='word_1_437' title='bbox 1628 4254 1691 4295; x_wconf 91' lang='lat' dir='ltr'><strong>non</strong></span> <span class='ocrx_word' id='word_1_438' title='bbox 1719 4234 1830 4302; x_wconf 79' lang='lat' dir='ltr'><strong>babent.</strong></span> 
     </span>
     <span class='ocr_line' id='line_1_43' title="bbox 388 4320 1829 4405; baseline -0.006 -19"><span class='ocrx_word' id='word_1_439' title='bbox 388 4333 592 4405; x_wconf 87' lang='lat' dir='ltr'><strong>conspurcata.</strong></span> <span class='ocrx_word' id='word_1_440' title='bbox 637 4325 685 4386; x_wconf 81' lang='lat' dir='ltr'><strong>Ad</strong></span> <span class='ocrx_word' id='word_1_441' title='bbox 721 4325 800 4385; x_wconf 88' lang='lat' dir='ltr'><strong>huuc</strong></span> <span class='ocrx_word' id='word_1_442' title='bbox 829 4343 948 4385; x_wconf 90' lang='lat' dir='ltr'><strong>sensum</strong></span> <span class='ocrx_word' id='word_1_443' title='bbox 978 4322 1085 4382; x_wconf 87' lang='lat' dir='ltr'><strong>invitat</strong></span> <span class='ocrx_word' id='word_1_444' title='bbox 1137 4342 1194 4383; x_wconf 88' lang='lat' dir='ltr'><strong>noc</strong></span> <span class='ocrx_word' id='word_1_445' title='bbox 1209 4321 1292 4381; x_wconf 84' lang='lat' dir='ltr'><strong>Beda</strong></span> <span class='ocrx_word' id='word_1_446' title='bbox 1308 4324 1451 4397; x_wconf 79' lang='lat' dir='ltr'><strong>agnoscit</strong></span> <span class='ocrx_word' id='word_1_447' title='bbox 1474 4320 1572 4382; x_wconf 81' lang='lat' dir='ltr'><strong>Abest</strong></span> <span class='ocrx_word' id='word_1_448' title='bbox 1593 4340 1721 4402; x_wconf 89' lang='lat' dir='ltr'><strong>quoque</strong></span> <span class='ocrx_word' id='word_1_449' title='bbox 1743 4323 1773 4381; x_wconf 90' lang='lat' dir='ltr'><strong>in</strong></span> <span class='ocrx_word' id='word_1_450' title='bbox 1786 4337 1829 4378; x_wconf 75' lang='lat' dir='ltr'><strong>va</strong></span> 
     </span>
     <span class='ocr_line' id='line_1_44' title="bbox 388 4406 1830 4492; baseline -0.005 -19"><span class='ocrx_word' id='word_1_451' title='bbox 388 4414 572 4492; x_wconf 87' lang='lat' dir='ltr'><strong>conjunctio:</strong></span> <span class='ocrx_word' id='word_1_452' title='bbox 597 4420 636 4486; x_wconf 84' lang='lat' dir='ltr'><strong>et,</strong></span> <span class='ocrx_word' id='word_1_453' title='bbox 654 4412 685 4472; x_wconf 92' lang='lat' dir='ltr'><strong>id</strong></span> <span class='ocrx_word' id='word_1_454' title='bbox 701 4421 749 4472; x_wconf 88' lang='lat' dir='ltr'><strong>cst</strong></span> <span class='ocrx_word' id='word_1_455' title='bbox 764 4416 870 4487; x_wconf 69' lang='lat' dir='ltr'><strong>dium,</strong></span> <span class='ocrx_word' id='word_1_456' title='bbox 886 4414 1037 4486; x_wconf 59' lang='lat' dir='ltr'><strong>increpem</strong></span> <span class='ocrx_word' id='word_1_457' title='bbox 1052 4415 1086 4467; x_wconf 90' lang='lat' dir='ltr'><strong>ut</strong></span> <span class='ocrx_word' id='word_1_458' title='bbox 1137 4409 1223 4469; x_wconf 89' lang='lat' dir='ltr'><strong>tustis</strong></span> <span class='ocrx_word' id='word_1_459' title='bbox 1244 4407 1358 4487; x_wconf 83' lang='lat' dir='ltr'><strong>aliquot</strong></span> <span class='ocrx_word' id='word_1_460' title='bbox 1373 4409 1500 4468; x_wconf 87' lang='lat' dir='ltr'><strong>Latinis.</strong></span> <span class='ocrx_word' id='word_1_461' title='bbox 1523 4406 1649 4485; x_wconf 83' lang='lat' dir='ltr'><strong>Adjecit</strong></span> <span class='ocrx_word' id='word_1_462' title='bbox 1663 4406 1745 4468; x_wconf 81' lang='lat' dir='ltr'><strong>torte</strong></span> <span class='ocrx_word' id='word_1_463' title='bbox 1759 4406 1830 4486; x_wconf 74' lang='lat' dir='ltr'><strong>quis</strong></span> 
     </span>
     <span class='ocr_line' id='line_1_45' title="bbox 387 4493 1831 4577; baseline -0.005 -18"><span class='ocrx_word' id='word_1_464' title='bbox 387 4500 445 4560; x_wconf 89' lang='lat' dir='ltr'><strong>hcc</strong></span> <span class='ocrx_word' id='word_1_465' title='bbox 467 4501 612 4561; x_wconf 90' lang='lat' dir='ltr'><strong>sermonis</strong></span> <span class='ocrx_word' id='word_1_466' title='bbox 635 4499 787 4560; x_wconf 88' lang='lat' dir='ltr'><strong>schemate</strong></span> <span class='ocrx_word' id='word_1_467' title='bbox 808 4498 1001 4575; x_wconf 85' lang='lat' dir='ltr'><strong>significetur,</strong></span> <span class='ocrx_word' id='word_1_468' title='bbox 1024 4515 1084 4554; x_wconf 93' lang='lat' dir='ltr'><strong>non</strong></span> <span class='ocrx_word' id='word_1_469' title='bbox 1138 4497 1219 4574; x_wconf 90' lang='lat' dir='ltr'><strong>piam</strong></span> <span class='ocrx_word' id='word_1_470' title='bbox 1236 4495 1275 4555; x_wconf 90' lang='lat' dir='ltr'><strong>ad</strong></span> <span class='ocrx_word' id='word_1_471' title='bbox 1291 4493 1510 4575; x_wconf 81' lang='lat' dir='ltr'><strong>designandum</strong></span> <span class='ocrx_word' id='word_1_472' title='bbox 1526 4502 1659 4575; x_wconf 87' lang='lat' dir='ltr'><strong>tempus,</strong></span> <span class='ocrx_word' id='word_1_473' title='bbox 1684 4514 1746 4577; x_wconf 90' lang='lat' dir='ltr'><strong>quo</strong></span> <span class='ocrx_word' id='word_1_474' title='bbox 1761 4493 1831 4553; x_wconf 81' lang='lat' dir='ltr'><strong>tcu-</strong></span> 
     </span>
     <span class='ocr_line' id='line_1_46' title="bbox 386 4580 1583 4662; baseline -0.005 -16"><span class='ocrx_word' id='word_1_475' title='bbox 386 4585 476 4646; x_wconf 91' lang='lat' dir='ltr'><strong>modo</strong></span> <span class='ocrx_word' id='word_1_476' title='bbox 499 4586 669 4647; x_wconf 87' lang='lat' dir='ltr'><strong>cavendum</strong></span> <span class='ocrx_word' id='word_1_477' title='bbox 697 4605 766 4647; x_wconf 84' lang='lat' dir='ltr'><strong>esse</strong></span> <span class='ocrx_word' id='word_1_478' title='bbox 788 4584 929 4645; x_wconf 84' lang='lat' dir='ltr'><strong>fidelibus</strong></span> <span class='ocrx_word' id='word_1_479' title='bbox 953 4603 971 4641; x_wconf 92' lang='lat' dir='ltr'><strong>a</strong></span> <span class='ocrx_word' id='word_1_480' title='bbox 996 4583 1082 4642; x_wconf 85' lang='lat' dir='ltr'><strong>vitio·</strong></span> <span class='ocrx_word' id='word_1_481' title='bbox 1136 4602 1200 4642; x_wconf 88' lang='lat' dir='ltr'><strong>rum</strong></span> <span class='ocrx_word' id='word_1_482' title='bbox 1216 4583 1255 4641; x_wconf 91' lang='lat' dir='ltr'><strong>sit</strong></span> <span class='ocrx_word' id='word_1_483' title='bbox 1270 4580 1310 4655; x_wconf 91' lang='lat' dir='ltr'><strong>id,</strong></span> <span class='ocrx_word' id='word_1_484' title='bbox 1327 4581 1407 4660; x_wconf 90' lang='lat' dir='ltr'><strong>quod</strong></span> <span class='ocrx_word' id='word_1_485' title='bbox 1423 4580 1583 4662; x_wconf 81' lang='lat' dir='ltr'><strong>praecedit.</strong></span> 
     </span>
     <span class='ocr_line' id='line_1_47' title="bbox 390 4667 1829 4754; baseline -0.004 -22"><span class='ocrx_word' id='word_1_486' title='bbox 390 4692 455 4732; x_wconf 87' lang='lat' dir='ltr'><strong>rum</strong></span> <span class='ocrx_word' id='word_1_487' title='bbox 478 4683 627 4747; x_wconf 69' lang='lat' dir='ltr'><strong>conmotu,</strong></span> <span class='ocrx_word' id='word_1_488' title='bbox 643 4673 752 4754; x_wconf 91' lang='lat' dir='ltr'><strong>quibus</strong></span> <span class='ocrx_word' id='word_1_489' title='bbox 772 4667 907 4732; x_wconf 84' lang='lat' dir='ltr'><strong>Gnostici</strong></span> <span class='ocrx_word' id='word_1_490' title='bbox 923 4688 991 4728; x_wconf 89' lang='lat' dir='ltr'><strong>sese</strong></span> <span class='ocrx_word' id='word_1_491' title='bbox 1006 4687 1084 4728; x_wconf 89' lang='lat' dir='ltr'><strong>com·</strong></span> <span class='ocrx_word' id='word_1_492' title='bbox 1180 4668 1230 4727; x_wconf 77' lang='lat'><strong>25.</strong></span> <span class='ocrx_word' id='word_1_493' title='bbox 1246 4669 1314 4729; x_wconf 73' lang='lat' dir='ltr'><strong>Soli</strong></span> <span class='ocrx_word' id='word_1_494' title='bbox 1321 4671 1389 4730; x_wconf 84' lang='lat' dir='ltr'><strong>Deo</strong></span> <span class='ocrx_word' id='word_1_495' title='bbox 1397 4669 1562 4731; x_wconf 79' lang='lat' dir='ltr'><strong>salvatori</strong></span> <span class='ocrx_word' id='word_1_496' title='bbox 1568 4676 1691 4729; x_wconf 71' lang='lat' dir='ltr'><strong>nomo.</strong></span> <span class='ocrx_word' id='word_1_497' title='bbox 1704 4669 1829 4731; x_wconf 79' lang='lat' dir='ltr'><strong>Graeca:</strong></span> 
     </span>
     <span class='ocr_line' id='line_1_48' title="bbox 387 4752 1830 4839; baseline -0.003 -22"><span class='ocrx_word' id='word_1_498' title='bbox 387 4760 598 4839; x_wconf 78' lang='lat' dir='ltr'><strong>maculabant3</strong></span> <span class='ocrx_word' id='word_1_499' title='bbox 614 4760 667 4821; x_wconf 90' lang='lat' dir='ltr'><strong>sed</strong></span> <span class='ocrx_word' id='word_1_500' title='bbox 683 4769 715 4820; x_wconf 88' lang='lat' dir='ltr'><strong>st</strong></span> <span class='ocrx_word' id='word_1_501' title='bbox 727 4756 912 4838; x_wconf 84' lang='lat' dir='ltr'><strong>fugiendum,</strong></span> <span class='ocrx_word' id='word_1_502' title='bbox 936 4752 1083 4836; x_wconf 90' lang='lat' dir='ltr'><strong>quidquid</strong></span> <span class='ocrx_word' id='word_1_503' title='bbox 1138 4754 1206 4817; x_wconf 82' lang='lat' dir='ltr'><strong>Soli</strong></span> <span class='ocrx_word' id='word_1_504' title='bbox 1220 4758 1359 4831; x_wconf 82' lang='lat' dir='ltr'><strong>sapienti</strong></span> <span class='ocrx_word' id='word_1_505' title='bbox 1370 4757 1449 4829; x_wconf 80' lang='lat' dir='ltr'><strong>Deo,</strong></span> <span class='ocrx_word' id='word_1_506' title='bbox 1466 4762 1520 4815; x_wconf 85' lang='lat' dir='ltr'><strong>cto.</strong></span> <span class='ocrx_word' id='word_1_507' title='bbox 1545 4753 1607 4816; x_wconf 85' lang='lat' dir='ltr'><strong>Sed</strong></span> <span class='ocrx_word' id='word_1_508' title='bbox 1623 4757 1727 4817; x_wconf 83' lang='lat' dir='ltr'><strong>videri</strong></span> <span class='ocrx_word' id='word_1_509' title='bbox 1742 4758 1830 4837; x_wconf 85' lang='lat' dir='ltr'><strong>potest</strong></span> 
     </span>
     <span class='ocr_line' id='line_1_49' title="bbox 388 4839 1828 4927; baseline -0.003 -22"><span class='ocrx_word' id='word_1_510' title='bbox 388 4847 449 4906; x_wconf 89' lang='lat' dir='ltr'><strong>illis</strong></span> <span class='ocrx_word' id='word_1_511' title='bbox 468 4856 548 4908; x_wconf 90' lang='lat' dir='ltr'><strong>esset</strong></span> <span class='ocrx_word' id='word_1_512' title='bbox 563 4849 658 4922; x_wconf 84' lang='lat' dir='ltr'><strong>affine,</strong></span> <span class='ocrx_word' id='word_1_513' title='bbox 683 4866 720 4908; x_wconf 86' lang='lat' dir='ltr'><strong>ex</strong></span> <span class='ocrx_word' id='word_1_514' title='bbox 736 4865 796 4926; x_wconf 90' lang='lat' dir='ltr'><strong>quo</strong></span> <span class='ocrx_word' id='word_1_515' title='bbox 809 4844 979 4923; x_wconf 82' lang='lat' dir='ltr'><strong>contagium</strong></span> <span class='ocrx_word' id='word_1_516' title='bbox 991 4841 1085 4902; x_wconf 88' lang='lat' dir='ltr'><strong>metui</strong></span> <span class='ocrx_word' id='word_1_517' title='bbox 1136 4842 1196 4903; x_wconf 89' lang='lat' dir='ltr'><strong>huc</strong></span> <span class='ocrx_word' id='word_1_518' title='bbox 1210 4839 1361 4902; x_wconf 88' lang='lat' dir='ltr'><strong>additum:</strong></span> <span class='ocrx_word' id='word_1_519' title='bbox 1377 4840 1477 4927; x_wconf 67' lang='lat' dir='ltr'><strong>coppi,</strong></span> <span class='ocrx_word' id='word_1_520' title='bbox 1493 4844 1649 4918; x_wconf 83' lang='lat' dir='ltr'><strong>sapienti,</strong></span> <span class='ocrx_word' id='word_1_521' title='bbox 1666 4862 1706 4905; x_wconf 85' lang='lat' dir='ltr'><strong>ex</strong></span> <span class='ocrx_word' id='word_1_522' title='bbox 1720 4843 1828 4925; x_wconf 73' lang='lat' dir='ltr'><strong>epilogo</strong></span> 
     </span>
     <span class='ocr_line' id='line_1_50' title="bbox 388 4926 1828 5015; baseline -0.002 -23"><span class='ocrx_word' id='word_1_523' title='bbox 388 4942 503 5014; x_wconf 73' lang='lat' dir='ltr'><strong>posset,</strong></span> <span class='ocrx_word' id='word_1_524' title='bbox 516 4933 665 5015; x_wconf 87' lang='lat' dir='ltr'><strong>quomodo</strong></span> <span class='ocrx_word' id='word_1_525' title='bbox 676 4936 808 4994; x_wconf 77' lang='lat' dir='ltr'><strong>vitamus</strong></span> <span class='ocrx_word' id='word_1_526' title='bbox 820 4952 880 4993; x_wconf 90' lang='lat' dir='ltr'><strong>nou</strong></span> <span class='ocrx_word' id='word_1_527' title='bbox 891 4930 988 4989; x_wconf 90' lang='lat' dir='ltr'><strong>solum</strong></span> <span class='ocrx_word' id='word_1_528' title='bbox 1000 4935 1085 5010; x_wconf 84' lang='lat' dir='ltr'><strong>peste</strong></span> <span class='ocrx_word' id='word_1_529' title='bbox 1138 4926 1295 5011; x_wconf 74' lang='lat' dir='ltr'><strong>Epistolae</strong></span> <span class='ocrx_word' id='word_1_530' title='bbox 1312 4927 1351 4989; x_wconf 93' lang='lat' dir='ltr'><strong>ad</strong></span> <span class='ocrx_word' id='word_1_531' title='bbox 1365 4929 1451 4989; x_wconf 87' lang='lat' dir='ltr'><strong>Rom.</strong></span> <span class='ocrx_word' id='word_1_532' title='bbox 1477 4927 1575 4989; x_wconf 90' lang='lat' dir='ltr'><strong>Porro</strong></span> <span class='ocrx_word' id='word_1_533' title='bbox 1592 4931 1776 4994; x_wconf 74' lang='lat' dir='ltr'><strong>sniootore</strong></span> <span class='ocrx_word' id='word_1_534' title='bbox 1786 4947 1828 4989; x_wconf 79' lang='lat' dir='ltr'><strong>uo</strong></span> 
     </span>
     <span class='ocr_line' id='line_1_51' title="bbox 387 5016 1603 5095; baseline -0.002 -16"><span class='ocrx_word' id='word_1_535' title='bbox 387 5019 566 5095; x_wconf 85' lang='lat' dir='ltr'><strong>laborantes,</strong></span> <span class='ocrx_word' id='word_1_536' title='bbox 582 5021 636 5083; x_wconf 88' lang='lat' dir='ltr'><strong>sed</strong></span> <span class='ocrx_word' id='word_1_537' title='bbox 652 5030 684 5081; x_wconf 90' lang='lat' dir='ltr'><strong>et</strong></span> <span class='ocrx_word' id='word_1_538' title='bbox 698 5026 798 5081; x_wconf 69' lang='lat' dir='ltr'><strong>seems</strong></span> <span class='ocrx_word' id='word_1_539' title='bbox 813 5037 925 5081; x_wconf 88' lang='lat' dir='ltr'><strong>eorum.</strong></span> <span class='ocrx_word' id='word_1_540' title='bbox 1138 5035 1208 5077; x_wconf 89' lang='lat' dir='ltr'><strong>man</strong></span> <span class='ocrx_word' id='word_1_541' title='bbox 1221 5016 1276 5077; x_wconf 88' lang='lat' dir='ltr'><strong>toti</strong></span> <span class='ocrx_word' id='word_1_542' title='bbox 1290 5016 1434 5077; x_wconf 79' lang='lat' dir='ltr'><strong>Trinitati</strong></span> <span class='ocrx_word' id='word_1_543' title='bbox 1448 5016 1603 5077; x_wconf 81' lang='lat' dir='ltr'><strong>convenit.</strong></span> 
     </span>
    </p>
   </div>
   <div class='ocr_carea' id='block_1_3' title="bbox 0 0 2226 5825">
    <p class='ocr_par' dir='ltr' id='par_1_3' title="bbox 0 0 2226 5825">
     <span class='ocr_line' id='line_1_52' title="bbox 0 0 2226 5825; baseline 0 0"><span class='ocrx_word' id='word_1_544' title='bbox 0 0 2226 5825; x_wconf 95' lang='lat' dir='ltr'><strong> </strong></span> 
     </span>
    </p>
   </div>
  </div>
 </body>
</html>
