4442 5825
759 616 922 673 tristatur
941 611 1276 684 autumabamus.
1295 617 1399 670 7.-10.

375 792 435 869 titur,
444 792 513 856 dum
526 792 685 876 repellitur
700 813 735 855 aa
749 796 895 871 vincitar3
923 796 1040 856 etiamsi

373 880 449 942 rictus
470 880 596 943 subinde
619 882 725 944 redeat
739 890 768 942 et
783 901 912 963 pugnam
930 884 1039 942 instau-

371 970 478 1030 stillat
499 970 580 1030 enim
603 970 635 1028 in
658 969 752 1031 verbo
773 969 924 1047 sapiendi
946 979 1040 1030 meta-

371 1054 456 1135 phora,
480 1056 524 1116 sic
549 1055 747 1137 explicanda:
777 1057 870 1136 Fugit
890 1055 1040 1130 diabolus,

371 1150 494 1223 intonas
520 1140 711 1220 debilitatum
733 1163 800 1203 nam
824 1143 970 1203 debilium
994 1151 1041 1202 est

371 1226 469 1311 trgum
492 1228 668 1291 debilitatur
689 1238 798 1303 autem,
821 1239 971 1310 quatenus
987 1229 1037 1288 ho·

371 1315 429 1389 aial.
442 1314 531 1395 q'uom
546 1318 712 1396 impugnat,
727 1317 807 1376 viros
822 1324 961 1377 crescunt
973 1318 1041 1395 ipsa

371 1402 478 1477 icaria,
500 1422 562 1483 qua
583 1412 715 1464 meretur
734 1410 827 1484 atquo
849 1405 1041 1482 consequitur

371 1496 539 1570 tegmentum
550 1490 681 1551 virtutis.
704 1489 893 1570 Quamquam
905 1509 961 1550 nec
972 1509 1039 1569 per·

371 1578 435 1637 sitiit
455 1575 539 1636 illum
561 1577 648 1638 Deus
671 1595 726 1637 nos
749 1585 874 1651 tentare,
896 1585 1040 1657 quantum

371 1662 500 1744 tquoties
515 1662 595 1740 vult3
610 1662 662 1724 sed
674 1663 824 1723 interdum
836 1666 959 1723 tentatis
971 1671 1041 1743 post

371 1751 510 1825 puriorem
534 1750 792 1831 impugnationem
815 1749 909 1810 lorias
932 1750 970 1810 ab
987 1751 1039 1819 im·

371 1838 425 1899 tani
433 1838 519 1899 hoste
526 1837 678 1914 macedit3
691 1835 941 1918 quemadmodum
952 1837 1041 1897 docet

371 1923 514 2005 xamplum
537 1925 633 1985 uncti
655 1924 779 1985 Antonii
802 1923 883 2005 apud
906 1924 1040 1984 Athana·

371 2030 428 2073 un.

388 2097 417 2159 8.
431 2101 701 2175 appropinquate
716 2098 796 2172 Deo,
813 2104 843 2158 et
857 2100 1039 2174 appropin·

371 2184 456 2247 autu
471 2185 566 2246 uobis.
588 2186 668 2260 Deo,
686 2186 739 2265 qui
754 2184 868 2263 ubique
881 2194 927 2246 est
939 2195 969 2245 st
980 2204 1038 2243 om·

371 2271 524 2353 laimplet,
547 2275 858 2350 appropinquamus,
883 2292 943 2333 non
959 2290 1039 2351 gres

371 2358 427 2421 bus
441 2360 588 2440 corporis,
612 2358 668 2419 sed
689 2359 820 2419 motibus
844 2361 944 2419 animi.
967 2360 1039 2420 Sen-

371 2464 396 2505 ιι
419 2446 511 2527 igitur
536 2454 597 2506 ost:
619 2447 868 2527 Appropinquato
890 2447 958 2506 Deo
984 2464 1041 2525 per

371 2533 550 2605 umilitatem,
567 2541 598 2593 ot
612 2532 869 2614 appropinquabit
883 2532 971 2594 vobis
986 2552 1041 2612 per

1715 612 1787 692 tit

1092 793 1235 857 Nondum
1255 793 1387 855 animab
1404 814 1439 855 eo
1460 800 1637 874 argumento
1654 791 1789 855 discedit.

1093 885 1275 944 Peccatores
1289 891 1379 943 vocat
1390 889 1512 963 propter
1527 900 1617 962 opera
1632 879 1707 942 ioris
1723 902 1790 943 con·

1093 973 1213 1050 spicua,
1239 989 1319 1049 quae
1346 988 1438 1048 supra
1463 969 1629 1028 nominavit
1656 968 1738 1029 balla
1763 976 1792 1029 ct

1094 1057 1172 1117 lites.
1197 1057 1349 1134 Duplicss
1365 1065 1465 1115 autem
1480 1059 1591 1116 animo
1606 1065 1704 1132 vocat,
1723 1076 1791 1135 pro·

1094 1151 1163 1224 pter
1184 1143 1331 1223 ancipites
1354 1142 1489 1202 cordium
1508 1143 1679 1205 affectiones
1699 1150 1729 1202 et
1744 1163 1791 1203 co·

1093 1231 1233 1310 phones,
1257 1230 1368 1310 quibus
1388 1229 1576 1290 fluctuabant
1598 1231 1676 1291 inter
1691 1231 1791 1290 amici·

1094 1316 1166 1377 tiani
1183 1317 1240 1376 ua
1265 1323 1297 1377 et
1317 1315 1431 1376 mandi.
1454 1314 1605 1377 Volabant
1629 1319 1706 1378 enim
1726 1335 1793 1378 esse

1094 1405 1154 1464 Dei
1169 1404 1265 1476 amici,
1287 1422 1349 1484 quo
1372 1402 1447 1463 fides
1463 1403 1607 1483 urgebat3
1634 1403 1686 1465 sed
1709 1404 1792 1482 cupi·

1094 1489 1240 1551 ditatibus
1254 1490 1393 1569 impliciti
1409 1489 1521 1550 mundo
1537 1489 1608 1551 vale
1625 1489 1790 1552 dicerene

1095 1575 1229 1657 quibant.
1251 1576 1341 1636 Unde
1353 1584 1384 1636 et
1395 1577 1425 1636 in
1442 1578 1506 1637 suis
1522 1578 1692 1638 actionibus
1707 1584 1793 1638 eraut

1095 1664 1254 1724 instabiles
1278 1683 1313 1723 ac
1336 1665 1422 1736 varii,
1450 1667 1528 1724 sicut
1555 1663 1633 1725 dixit
1656 1685 1721 1745 cap.
1748 1670 1791 1724 1.:

1101 1752 1160 1811 Vir
1189 1750 1309 1827 duplas
1334 1754 1444 1811 animo
1475 1754 1662 1812 inconstans
1688 1759 1731 1811 est
1756 1754 1792 1811 in

1095 1837 1242 1899 omnibus
1257 1841 1317 1897 viis
1330 1840 1404 1898 suis.
1432 1839 1489 1897 Est
1512 1839 1592 1899 enim
1608 1838 1687 1900 idem
1702 1857 1791 1899 voca·

1094 1924 1195 1984 bulum
1213 1922 1362 1985 Graecum
1379 1919 1509 2002 δίψυχοι.

1138 2012 1231 2071 Porro
1254 2013 1279 2070 si
1299 2011 1446 2090 jubentur
1469 2011 1603 2071 homines
1626 2010 1791 2073 amandare

1095 2117 1199 2158 manus
1222 2105 1252 2157 et
1274 2097 1436 2177 purificare
1459 2099 1563 2171 corda,
1590 2119 1647 2159 neo
1665 2100 1792 2178 jubetur

1094 2184 1166 2264 quid
1196 2186 1395 2263 impossibile:
1431 2204 1619 2265 consequens
1646 2196 1708 2259 ost,
1740 2202 1790 2247 eos

1094 2290 1185 2351 posse
1200 2271 1276 2331 haec
1286 2280 1449 2351 praestare.
1476 2271 1566 2352 Quod
1583 2272 1654 2331 dum
1669 2274 1790 2346 faciunt,

1094 2359 1200 2437 utiquo
1211 2367 1409 2439 cooperantur
1417 2378 1491 2419 suae
1498 2360 1718 2438 justificationi,
1730 2380 1791 2441 qus

1094 2444 1186 2506 corda
1216 2445 1413 2524 purificantur
1438 2465 1456 2504 a
1483 2446 1565 2519 Deo,
1595 2464 1632 2504 ac
1658 2446 1790 2527 quodam

1094 2533 1185 2591 etiam
1197 2551 1287 2593 sensu
1300 2552 1333 2593 so
1344 2534 1427 2612 ipsos
1441 2534 1624 2611 justificant3
1641 2531 1790 2613 quomodo

371 2620 482 2694 retiam,
499 2618 662 2680 secundum
677 2618 758 2700 quod
774 2628 843 2680 ante
858 2621 952 2681 dixit:
967 2621 1040 2680 Hu·
1095 2617 1209 2678 dictum
1232 2631 1279 2680 est
1296 2640 1313 2678 a
1329 2619 1466 2679 Davide:
1494 2623 1581 2696 Erpo
1603 2622 1671 2683 sinc
1692 2636 1791 2682 causa

371 2706 474 2768 sitibus
490 2707 548 2766 dut
561 2709 711 2783 qratiam,
727 2716 757 2767 et
768 2705 845 2766 inira
857 2706 951 2768 dicet:
967 2709 1040 2767 Ηυ-
1090 2706 1264 2782 justificavi
1286 2725 1341 2767 cor
1365 2723 1479 2780 meum,
1503 2717 1532 2767 ct
1547 2709 1616 2769 taio·
1637 2712 1724 2769 inter
1737 2711 1790 2769 in·

371 2794 520 2855 diiamini
542 2797 578 2854 in
593 2801 760 2871 conspectu
775 2793 847 2868 Dei,
872 2802 901 2854 at
917 2794 1040 2855 souitu·
1094 2801 1241 2853 nocentes
1252 2812 1368 2855 munus
1379 2812 1474 2869 meas,
1488 2795 1599 2855 Psalm.
1611 2796 1660 2856 ta.
1679 2796 1789 2876 Quam·

371 2882 467 2944 tuos
492 2881 697 2943 Veruntamen
716 2899 802 2942 nemo
818 2882 1040 2962 appropinquat
1094 2899 1185 2959 quam
1201 2887 1230 2941 ot
1244 2880 1297 2940 illa
1321 2883 1493 2963 cooperatio
1517 2882 1641 2945 effectus
1662 2892 1709 2944 est
1723 2896 1789 2964 gra·

371 2987 417 3044 ao,
441 2969 502 3029 nisi
524 2977 638 3029 tractus
660 2969 698 3030 ab
722 2988 768 3028 eo.
799 2968 896 3029 Vocat
918 2968 1039 3048 quidem
1093 2968 1155 3027 tiae
1181 2967 1311 3028 divinae.
1347 2970 1431 3048 Quid
1458 2973 1542 3030 enim
1565 2971 1673 3047 botes,
1704 2969 1791 3049 quod

371 3055 482 3118 brutus
507 3062 538 3114 et
558 3056 678 3129 invitat,
706 3055 825 3115 dicens:
862 3058 974 3115 Venitc
996 3055 1039 3114 ad
1093 3072 1161 3115 non
1177 3057 1349 3130 aoccpisti?
1375 3062 1389 3115 1
1408 3055 1475 3116 Cor.
1492 3061 1520 3118 4.

371 3159 522 3217 uomnss,
540 3146 596 3220 qui
611 3143 773 3216 laboratis,
791 3142 898 3202 Matth.
914 3148 962 3204 11.
978 3140 1037 3204 Sed
1138 3143 1166 3201 9.
1191 3143 1300 3202 Miseri
1315 3150 1416 3217 estote,
1443 3151 1472 3203 et
1487 3146 1589 3219 lupata
1604 3153 1634 3204 et
1653 3145 1789 3220 plorate.

433 3230 500 3311 ipse
515 3238 646 3290 testatur
661 3239 692 3290 et
707 3228 797 3289 dicit:
825 3231 924 3290 Nemo
936 3235 1040 3305 potest
1092 3229 1279 3302 Peccatores,
1297 3248 1372 3308 quos
1388 3231 1474 3302 dixit,
1491 3230 1626 3291 hortatur
1642 3232 1681 3291 ad
1698 3251 1790 3310 opera

371 3320 453 3378 taire
468 3317 514 3376 ud
528 3335 590 3392 mc,
606 3321 669 3377 nisi
683 3318 791 3391 Pater,
807 3320 863 3393 qui
879 3320 963 3377 misit
977 3335 1037 3389 me,
1095 3316 1308 3394 poenitentiae.
1331 3318 1441 3376 Miseri
1457 3325 1560 3391 estote,
1585 3317 1714 3378 Graeco:
1733 3333 1789 3376 ra-

371 3407 479 3466 uoeerit
496 3421 578 3479 eum,
594 3404 684 3465 Josn.
700 3405 728 3463 6.
744 3404 903 3463 Praeclara
918 3404 949 3464 S.
966 3404 1038 3463 Hie·
1096 3396 1324 3480 λαιπωρήσατε,
1352 3405 1513 3464 Erasmus:
1538 3407 1734 3483 aspipimtni,
1758 3404 1789 3464 id

371 3509 487 3572 aymus
508 3491 540 3549 in
556 3499 710 3551 comment.
726 3491 821 3570 Epist
844 3489 883 3550 ad
899 3490 975 3571 Idph.
994 3496 1038 3552 2:
1097 3497 1151 3561 est,
1178 3491 1313 3568 asflipite
1336 3509 1390 3551 vos
1411 3494 1510 3566 ipsos,
1538 3511 1629 3569 opora
1651 3491 1790 3571 poenalia

371 3579 434 3640 uod
449 3577 569 3655 absque
580 3596 693 3638 eruore
705 3578 839 3637 Domini
849 3581 930 3640 Jesu
946 3594 1039 3637 nemo
1092 3576 1197 3650 subite,
1215 3578 1297 3657 quod
1309 3577 1451 3637 Hebraea
1466 3578 1566 3656 phrasi
1583 3577 1708 3640 dicitur:
1725 3580 1788 3655 Af·

371 3668 589 3744 ppropinquut
610 3666 687 3725 Deo.
710 3663 815 3744 Quare
838 3683 893 3723 nec
908 3665 967 3724 ista
983 3665 1037 3724 Ja·
1092 3664 1191 3741 piipiis
1206 3667 1334 3724 animas
1350 3672 1477 3725 vestros.
1501 3664 1538 3724 Id
1553 3666 1644 3726 flabat
1655 3666 1787 3744 jejuniis,

371 3751 410 3814 rbi
424 3751 579 3812 sententia
590 3750 677 3812 favet
688 3749 859 3832 supradicto
873 3751 1039 3830 Pelagiano
1094 3750 1376 3830 supplicationibus,
1392 3754 1463 3811 itam
1474 3752 1565 3824 luctu,
1581 3753 1708 3831 ploratu,
1724 3752 1787 3812 cili·

371 3840 485 3920 spmati.
1094 3838 1133 3896 cii
1148 3841 1324 3916 gestatione,
1348 3848 1377 3895 at
1392 3838 1460 3898 aliis
1476 3838 1507 3898 id
1522 3859 1617 3919 genus
1640 3837 1788 3920 operibus,

384 3925 572 3988 amandata
583 3942 709 3998 manus,
719 3932 916 4002 paccatorem
932 3931 961 3983 st
975 3943 1038 4000 pu-
1093 3924 1201 4004 quibus
1216 3925 1313 3986 Deum
1337 3926 1445 3984 iratum
1468 3926 1525 3985 sibi
1551 3926 1670 4004 placare
1688 3925 1787 3986 stude·

371 4011 464 4088 flaute
478 4011 589 4087 eorda,
610 4012 750 4089 duplices
765 4015 884 4072 animo.
909 4010 1039 4072 Genera·
1092 4012 1174 4070 bant.
1197 4013 1254 4070 ldst
1275 4013 1352 4072 enim
1376 4012 1544 4073 adhortatio
1569 4014 1729 4094 persimilis
1751 4015 1788 4087 ei,

371 4115 401 4160 m
430 4119 514 4161 nuno
543 4097 668 4177 subjicit
696 4100 840 4160 rationem
879 4100 1038 4178 appropin·
1094 4117 1174 4178 quae
1196 4108 1242 4157 est
1264 4099 1345 4177 apud
1368 4099 1636 4181 Joiill'rophetam
1660 4122 1725 4180 cap.
1743 4107 1788 4163 2:

371 4184 559 4249 randinco:
581 4185 696 4246 scilicet
710 4205 764 4265 per
778 4186 955 4245 munditiam
971 4205 1039 4265 ope·
1095 4186 1329 4246 Convertimini
1350 4187 1393 4244 ud
1415 4205 1465 4246 ms
1485 4190 1521 4247 in
1540 4195 1605 4248 toto
1624 4189 1719 4249 corde
1735 4208 1788 4249 uc-

371 4287 409 4334 ω
429 4281 462 4334 et
483 4273 710 4353 cogitationum.
740 4274 898 4333 Mortuum
920 4274 1040 4332 nomine
1093 4278 1169 4345 stro,
1182 4274 1216 4331 in
1225 4275 1362 4348 ieiunio,
1376 4280 1405 4332 st
1416 4276 1452 4335 in
1460 4275 1546 4351 fletu,
1560 4278 1632 4335 stin
1642 4278 1787 4351 planctu,

371 4359 569 4442 upnbendit
583 4362 684 4420 omnia
697 4361 840 4433 membra,
863 4359 972 4439 quibus
989 4378 1039 4419 ex·
1094 4365 1124 4418 et
1138 4359 1269 4419 scindite
1284 4360 1381 4418 corda
1397 4368 1501 4421 vestra
1517 4370 1570 4422 cto.
1594 4362 1709 4422 Eodem
1722 4383 1787 4443 per·

371 4447 438 4508 tius
455 4445 576 4527 aliquid
590 4466 759 4528 operamur,
775 4448 853 4507 inter
867 4465 946 4525 quae
961 4447 1039 4525 prin·
1093 4447 1179 4517 tinet,
1196 4444 1276 4525 quod
1292 4448 1444 4526 sequitur:

371 4543 476 4612 patum
506 4534 643 4595 obtineat
671 4553 787 4594 manus.
832 4530 992 4592 Castorum
1023 4553 1040 4591 a
1138 4534 1231 4592 Risus
1246 4541 1347 4593 vester
1369 4536 1404 4593 in
1428 4534 1549 4597 luctum
1571 4542 1788 4611 convertatur,

371 4621 439 4683 rac
463 4622 665 4702 cogitationes
686 4619 862 4701 procedunt
890 4619 1042 4699 Praecipit
1095 4626 1125 4679 et
1139 4622 1295 4695 gaudium
1310 4623 1346 4680 in
1361 4639 1544 4681 moerorem.
1569 4622 1636 4682 Hos
1652 4632 1713 4682 est:
1730 4622 1789 4684 Pro

371 4721 435 4790 p,
458 4717 495 4769 ut
517 4716 581 4768 tam
603 4725 709 4788 opera,
733 4726 822 4785 quum
846 4707 1040 4785 cogitationes
1094 4708 1157 4766 risu
1174 4716 1205 4766 et
1219 4707 1332 4785 gaudio
1356 4707 1467 4768 luctum
1483 4716 1512 4768 et
1527 4727 1690 4769 moerorem
1706 4729 1788 4770 assu·

371 4793 475 4858 unns
494 4793 625 4855 mundas
648 4813 684 4855 ao
705 4802 881 4873 repurgatas
905 4813 924 4852 a
938 4794 1041 4872 pravis
1094 4794 1173 4853 mita
1209 4795 1318 4855 Risum
1346 4804 1376 4855 et
1401 4797 1556 4870 paudium
1581 4795 1736 4876 intelligit,
1759 4798 1789 4857 in

371 4880 574 4970 tpidltatibus,
593 4881 632 4942 iis
655 4882 851 4960 potissimum,
874 4879 1042 4960 dequibus
1096 4900 1174 4960 quae
1197 4899 1263 4942 sose
1285 4881 1460 4953 effuderant,
1482 4884 1519 4942 iis
1539 4902 1577 4942 ex
1599 4892 1685 4962 parte
1704 4884 1791 4963 potiti

371 4989 393 5034 Ι
406 4971 444 5034 im
466 4968 674 5050 superioribus
695 4966 896 5047 reprehendit,
918 4977 1043 5045 atquae
1094 4967 1191 5040 bonis,
1208 4987 1289 5047 quae
1304 4967 1382 5028 male
1397 4970 1619 5049 concupierant.

371 5058 571 5122 utentionum
591 5055 670 5117 inter
691 5073 743 5116 sos
763 5061 849 5116 erant
869 5053 1042 5116 seminario.
1140 5056 1189 5115 10.
1213 5056 1442 5118 Humiliomini
1467 5059 1504 5117 in
1530 5064 1699 5135 conspectu
1720 5059 1790 5120 Do·
