4442 5825
440 580 515 649 220
958 572 1386 637 conumrssrosmoss.m

437 748 527 813 dstur
541 768 579 811 ex
595 748 661 812 eliis
676 749 764 824 locis,
780 751 863 812 velot
877 751 975 814 ond.
993 753 1057 827 12,
1072 752 1131 812 Le·
1187 770 1283 833 usque
1298 750 1338 813 sd
1353 771 1421 812 eum
1437 749 1544 825 locum,
1559 749 1614 811 ubi
1628 749 1705 811 hoec
1720 757 1871 829 nsrrtntus,

437 839 490 898 vit.
509 841 557 900 14.
574 846 605 897 et
623 837 714 899 Num.
732 841 780 900 19.
894 907 897 910 ,
1186 840 1293 899 merito
1310 837 1454 899 oLirsno
1467 847 1499 898 ot
1513 837 1580 898 aliis
1592 837 1690 899 doctis
1702 835 1869 918 exploditur.

480 923 643 987 Habebunt
657 934 755 986 sutem
766 926 842 988 huuc
857 928 1054 988 omuiosusm
1068 946 1132 1006 my·
1187 925 1337 1004 Quemvis
1359 933 1462 986 sutem
1488 923 1526 986 de
1557 923 1633 987 libro
1664 943 1787 1005 sspcrso
1807 923 1870 985 nihil

437 1013 542 1074 sticum
557 1012 810 1091 significationem.
848 1015 988 1090 Soopuir
1009 1014 1088 1074 enim
1104 1020 1135 1074 et
1188 1031 1329 1093 expresse
1352 1011 1473 1093 legetur
1496 1013 1528 1073 in
1548 1010 1669 1084 Exodo,
1694 1012 1752 1073 ssd
1770 1019 1871 1074 unium

438 1119 524 1177 oque
545 1099 734 1180 significabat
756 1102 934 1180 sanguinem
961 1109 993 1161 et
1014 1119 1133 1181 squam,
1187 1098 1226 1160 de
1240 1099 1369 1181 populo,
1397 1099 1496 1160 facilis
1517 1107 1618 1160 umen
1641 1098 1815 1178 conjecturs
1834 1108 1872 1160 sst

438 1206 519 1268 quse
534 1206 593 1247 non
616 1188 683 1248 siue
705 1208 881 1268 mogusrum
904 1207 1004 1248 rerum
1023 1195 1133 1269 mysto·
1187 1207 1225 1248 ex
1249 1207 1299 1259 eo,
1330 1185 1519 1268 quodfacto
1541 1185 1668 1247 solemni
1690 1184 1872 1265 stipulstious

436 1276 482 1335 rio
497 1272 536 1334 de
550 1273 645 1334 lutere
659 1275 781 1336 Domini
799 1274 1019 1355 produxerunt,
1042 1275 1133 1337 Josn.
1188 1294 1278 1354 snper
1293 1275 1328 1334 iis
1343 1274 1550 1347 observandis,
1565 1291 1646 1354 quse
1657 1271 1737 1334 libro
1753 1274 1870 1335 contine

439 1365 488 1425 19.
511 1360 541 1421 S.
557 1361 693 1421 Thomas
704 1361 772 1423 ideo
785 1363 960 1441 sangninem
973 1382 1040 1421 oum
1052 1380 1135 1441 sque
1186 1360 1312 1432 buntur,
1342 1380 1482 1441 sspersns
1511 1361 1570 1421 init
1598 1360 1750 1447 populus¹
1786 1362 1871 1441 ipsum

335 1448 339 1463 '
437 1447 561 1509 fluxisse
576 1447 662 1522 dicit,
687 1451 759 1529 quie
773 1448 939 1530 baptismus
955 1468 973 1509 o
988 1450 1133 1528 sunguine
1187 1467 1308 1528 quoquo
1329 1447 1438 1508 librum
1465 1447 1570 1508 sedem
1597 1447 1747 1527 sunguine
1771 1465 1870 1527 rsspsr

438 1533 547 1595 Christi
562 1534 834 1597 efficacismhshet.
858 1533 1065 1598 Neomuisox
1078 1534 1135 1595 heo
1187 1553 1253 1594 sum
1268 1533 1367 1596 iuisss.
1398 1531 1596 1615 Significsbot
1610 1543 1711 1594 sutem
1727 1532 1869 1594 hseomn

437 1621 593 1701 unguinis
620 1629 650 1680 et
676 1642 770 1703 oqoso
796 1623 1022 1695 commixtione,
1053 1640 1134 1702 quse
1185 1621 1284 1700 guinis
1299 1641 1388 1702 super
1410 1621 1517 1682 librum
1532 1629 1562 1681 et
1580 1620 1727 1701 populum
1742 1622 1869 1701 aspersio,

438 1708 520 1769 tincto
534 1718 671 1768 narratur
686 1712 716 1770 in
733 1708 918 1789 suspicando
929 1710 1024 1770 veteri
1039 1716 1132 1769 testo·
1187 1727 1242 1768 neo
1256 1706 1355 1788 legem
1370 1707 1488 1789 impleri
1502 1726 1609 1788 posse,
1632 1725 1692 1768 nec
1707 1706 1869 1789 populnms

435 1803 544 1868 mento,
558 1795 643 1855 velut
658 1814 698 1856 ex
712 1803 787 1875 typo
803 1794 929 1878 quodum
946 1796 1071 1857 sumitur
1086 1815 1132 1855 er·
1185 1797 1319 1875 peoostie
1345 1798 1477 1876 expisri,
1503 1795 1562 1855 nisi
1588 1795 1702 1855 virtute
1730 1793 1868 1875 suupuiu'u

435 1889 611 1963 gumentum
627 1901 724 1963 squse
745 1881 918 1944 miscendae
934 1903 1000 1944 cum
1015 1882 1085 1944 vino
1101 1881 1134 1942 in
1186 1879 1310 1942 Christi.

435 1969 613 2048 songoinsm
634 1971 708 2030 novi
728 1971 898 2030 testamenti
921 1968 1132 2032 convertendo.
1229 1969 1279 2029 20.
1302 1970 1436 2030 Dirum
1456 1969 1517 2029 Hic
1539 1968 1670 2044 respuis
1692 1967 1866 2041 tostomsot',

436 2057 634 2132 Hyssopssm,
661 2065 811 2138 quaeest
836 2055 927 2118 herbo
953 2055 1073 2117 humilis
1103 2062 1134 2117 ot
1185 2054 1866 2133 quodmoodovitodoorDssss.1nHebrsss

437 2143 499 2204 vim
513 2141 606 2202 hshst
620 2141 767 2223 purgandi
782 2144 928 2223 pectoris,
945 2145 980 2205 B.
998 2143 1133 2204 Thomas
1185 2141 1324 2223 quidem,
1339 2150 1373 2203 ut
1388 2150 1472 2223 potet
1487 2160 1525 2202 ex
1540 2142 1594 2216 iis,
1620 2160 1701 2222 qnos
1715 2161 1808 2223 supro
1820 2138 1865 2202 dis

435 2229 531 2307 fldem
557 2229 658 2310 typice
688 2232 916 2310 interpretetur,
945 2231 1022 2310 fidos
1051 2230 1132 2291 enim
1185 2231 1347 2303 sumimus,
1363 2250 1423 2291 non
1439 2236 1502 2289 est:
1529 2231 1728 2303 testamenti,
1744 2226 1866 2307 ssdsos·

435 2323 565 2379 mentem
586 2317 651 2379 Deo
674 2317 797 2395 subjicit
819 2326 851 2379 et
872 2317 964 2379 cords
985 2317 1133 2397 purificat,
1185 2317 1277 2377 deris.
1307 2314 1396 2377 Unde
1410 2315 1616 2396 Hieronymus
1631 2317 1674 2377 its
1688 2317 1796 2378 vertit:
1818 2314 1866 2376 se

435 2410 512 2466 teste
527 2402 616 2464 Petro
632 2406 700 2466 Act.
717 2405 765 2465 15.
800 2407 927 2466 Lunam
945 2425 1016 2465 vero
1032 2407 1131 2466 cocci·
1185 2409 1228 2464 ost
1241 2407 1372 2481 sonpois
1385 2404 1542 2482 foedat,
1566 2402 1653 2480 quod
1674 2404 1798 2480 pcpipit
1811 2400 1865 2464 Do·

435 2509 548 2566 usam,
571 2509 650 2571 quse
671 2491 754 2553 rubsi
779 2500 826 2554 est
840 2492 964 2566 coloris,
988 2493 1129 2572 interpre·
1183 2494 1289 2553 missus
1306 2492 1473 2552 vobiscum.
1510 2488 1574 2552 Sed
1595 2493 1864 2551 rasomonorum

434 2585 515 2639 tatur
543 2577 742 2639 flammantem
774 2581 939 2640 coritstem.
984 2579 1046 2639 Alii
1077 2597 1131 2658 per
1183 2577 1298 2650 bulum,
1314 2580 1453 2639 instituto
1469 2598 1523 2638 suo
1539 2575 1778 2651 sceommodum,
1800 2575 1864 2657 spo

433 2666 602 2741 hysopum
633 2665 797 2745 signihosri
826 2667 932 2728 volunt
969 2665 1131 2726 humsnsm
1183 2664 1279 2726 stolus
1306 2667 1423 2745 sucepit
1451 2686 1471 2725 o
1499 2663 1598 2725 LXX.
1635 2663 1753 2724 Sensus
1780 2670 1865 2724 sutem

435 2750 546 2814 Christi
573 2759 728 2827 ustorum,
758 2753 790 2813 in
820 2772 882 2830 que
912 2760 944 2814 et
974 2751 1131 2813 humilitus
1184 2753 1287 2812 horum
1301 2753 1381 2813 idosi
1404 2752 1563 2812 verborum
1586 2758 1646 2811 cst:
1672 2751 1733 2812 ffio
1753 2756 1863 2812 sstssn·

437 2847 559 2900 ostensu
574 2845 634 2913 est,
661 2849 692 2899 et
707 2840 801 2899 virtus
824 2839 898 2900 lutet
919 2838 959 2899 sd
975 2835 1132 2920 purgando
1183 2839 1261 2920 guis,
1276 2858 1337 2921 quo
1350 2837 1505 2900 dedicatur
1521 2846 1552 2898 et
1563 2837 1756 2899 confirmetur
1766 2834 1865 2908 foedus.

437 2926 536 2988 cordis
552 2926 644 2986 nostri
667 2927 752 2988 vitis.
782 2928 964 2988 Perlarsom
977 2947 1049 2988 voro
1062 2945 1131 2987 roc·
1184 2926 1266 3007 quod
1283 2927 1384 3001 Deus,
1409 2946 1465 2987 suo
1488 2924 1628 2988 msudsto
1651 2933 1684 2986 et
1706 2945 1775 2988 meo
1796 2922 1864 2986 mini·

323 3067 327 3072 .
435 3016 558 3077 uncam
574 3012 684 3073 Christi
701 3033 838 3087 curnem,
855 3033 933 3096 quse
945 3034 999 3095 per
1014 3034 1047 3074 se
1063 3033 1131 3073 cun·
1183 3016 1291 3088 sterio,
1318 3034 1397 3076 nuuc
1412 3015 1568 3075 vobiscum
1583 3013 1707 3093 pepigit.
1745 3012 1865 3074 Hoetu·

437 3098 1130 3182 dids,se1utlsns,sunguinepessionisvo-
1184 3111 1243 3162 tom
1273 3111 1338 3162 erot
1367 3100 1490 3174 foedus,
1527 3100 1609 3182 quod
1639 3107 1768 3162 vocotus
1794 3105 1866 3167 setus

437 3186 485 3249 iot
499 3205 589 3271 cocco
609 3187 787 3248 rubricatur.
1117 3241 1119 3244 ,
1183 3196 1402 3250 testamentum.
1440 3187 1572 3249 Additur
1588 3189 1619 3249 in
1633 3184 1761 3248 Exodo:
1787 3200 1867 3266 repet

481 3276 593 3354 Ipsum
609 3293 731 3352 quoquo
754 3277 869 3337 librum
887 3282 917 3335 ot
931 3293 1056 3337 omnem
1072 3292 1132 3347 po·
1183 3278 1302 3338 condis
1321 3276 1517 3337 sermonibus
1542 3276 1598 3335 his.
1636 3272 1729 3354 Quod
1756 3295 1815 3336 nou
1834 3277 1867 3334 sd

432 3363 560 3441 pulum
584 3361 713 3423 Graece:
735 3365 908 3441 Ipsumque
922 3363 1048 3424 librum.
1072 3362 1130 3421 Lu·
1183 3362 1407 3444 accipiendum,
1433 3373 1469 3424 ut
1495 3360 1618 3443 quidum
1644 3370 1817 3440 exponunt,
1839 3355 1869 3420 ds

435 3451 498 3512 tine
514 3448 614 3509 dicos:
630 3451 674 3511 Et
688 3450 804 3512 librum
820 3454 943 3527 ipsum,
962 3458 991 3511 st
1006 3469 1131 3511 omnem
1183 3451 1337 3530 promissis
1362 3449 1487 3524 divinis,
1513 3450 1601 3530 qussi
1626 3466 1734 3509 sensus
1758 3450 1810 3511 sit:
1835 3444 1870 3508 Ut

432 3538 601 3615 popuium.
646 3537 771 3598 Librum
807 3537 885 3597 hunc
915 3537 1015 3598 Moses
1044 3544 1133 3596 uocet
1183 3538 1302 3610 scistis,
1332 3538 1416 3597 iirms
1443 3536 1545 3597 futuru
1568 3555 1634 3597 osse
1656 3535 1776 3610 omnis,
1822 3552 1871 3596 uss

435 3625 552 3685 librum
566 3624 713 3701 foederis.
747 3622 835 3685 Unde
856 3625 928 3683 sutis
950 3624 1132 3704 intelligitur
1183 3623 1269 3685 vobis
1285 3626 1317 3685 in
1332 3624 1387 3684 hoc
1402 3623 1478 3685 libro
1493 3624 1578 3684 Deus
1594 3622 1751 3704 promisit,
1766 3556 1823 3685 ssd
1834 3622 1870 3683 irs

435 3731 496 3774 non
511 3709 572 3770 slio
588 3708 683 3771 inisse
698 3711 729 3772 in
745 3731 781 3771 eo
796 3712 923 3791 scripte,
942 3730 1030 3791 quum
1046 3730 1131 3790 prse-
1183 3710 1280 3793 teliigi
1297 3711 1388 3772 debet
1407 3710 1445 3773 de
1466 3712 1637 3792 praeceptis
1660 3730 1700 3771 ex
1714 3708 1793 3772 libro
1807 3708 1872 3770 rsci·

436 3806 522 3879 ospts
534 3798 618 3877 logis,
629 3818 711 3878 quse
722 3817 812 3878 suprs
823 3794 963 3859 diximus.
986 3796 1022 3858 Id
1034 3799 1132 3877 ipsum
1184 3800 1269 3873 totis,
1285 3819 1300 3859 o
1318 3819 1443 3879 quorum
1460 3797 1684 3873 observatione,
1711 3797 1799 3859 velut
1811 3816 1872 3858 cou-

435 3884 529 3967 iiquet
540 3893 572 3946 et
580 3886 750 3946 narratione
757 3884 939 3965 Scripturas.
962 3881 1039 3945 Cum
1053 3885 1132 3945 enirn
1185 3885 1299 3948 ditione
1311 3896 1449 3967 exparte
1461 3885 1566 3965 populi
1577 3884 1763 3959 necessaris,
1775 3881 1874 3969 foedus

436 3972 579 4054 populus,
600 3970 710 4033 suditis
725 3972 911 4053 praeceptis,
939 3991 1016 4053 quos
1030 3971 1132 4032 Moses
1183 3971 1259 4034 iilud
1274 3972 1433 4054 pendebat.
1470 3975 1544 4034 Erat
1567 3974 1646 4033 enim
1669 3972 1747 4033 liber
1760 3989 1873 4053 prasos«

435 4080 455 4120 s
468 4060 597 4121 Domino
613 4059 762 4134 uetuisset,
778 4059 995 4140 respondisset:
1016 4060 1132 4120 Omrsio
1184 4070 1315 4141 piorum,
1330 4082 1391 4121 non
1407 4061 1644 4142 promissionum.
1679 4058 1784 4140 Atque
1799 4056 1874 4119 esiu

436 4148 531 4209 vorho
547 4147 699 4223 Domini,
722 4165 805 4225 quos
821 4148 943 4209 locutus
958 4153 1012 4222 cst,
1028 4147 1132 4225 socio
1183 4168 1217 4210 re
1232 4148 1331 4208 differt
1346 4156 1553 4210 testamentum
1565 4155 1651 4207 vetus
1663 4166 1682 4207 s
1694 4166 1785 4220 novo,
1801 4141 1876 4227 quod

435 4252 505 4296 mus
512 4278 523 4309 ,
539 4232 698 4313 subjungit
710 4231 873 4315 Scriptura,
889 4233 997 4297 Mosen
1011 4234 1131 4294 univer·
1184 4233 1391 4296 observandus
1412 4235 1487 4315 logis
1515 4232 1715 4297 conditionem
1737 4254 1757 4294 s
1779 4240 1877 4294 nostro

436 4340 486 4384 sos
502 4321 624 4383 Domini
644 4340 814 4396 sermones,
837 4320 956 4383 scilicet
976 4321 1016 4382 sd
1036 4340 1130 4401 popu·
1184 4333 1268 4404 porte
1289 4343 1349 4383 non
1378 4324 1488 4403 exigit,
1516 4321 1569 4384 sed
1600 4340 1682 4391 eom,
1707 4329 1744 4382 ut
1764 4328 1876 4402 purtem

435 4410 497 4472 lum
511 4407 633 4481 relatos,
648 4411 817 4489 scripsisse,
832 4409 889 4471 hoo
904 4417 958 4483 est,
974 4409 1006 4471 in
1021 4408 1132 4470 librum
1184 4409 1305 4472 divinus
1327 4410 1551 4490 promissionis,
1582 4406 1713 4470 includit
1738 4427 1776 4470 so
1796 4425 1875 4490 pree

434 4495 604 4578 redegisse3
631 4505 722 4579 utque
738 4516 777 4557 ex
792 4515 829 4558 so
843 4496 919 4558 libro
941 4505 1047 4577 postes
1069 4515 1130 4556 rur·
1184 4506 1261 4574 stet,
1289 4495 1539 4577 quemadmodum
1559 4516 1597 4558 ex
1623 4495 1661 4556 iis
1687 4497 1877 4577 perspicuum

435 4603 486 4646 sus
512 4582 631 4660 esdom,
660 4584 799 4646 audiente
823 4582 952 4665 populo,
979 4584 1131 4653 recitasse,
1184 4593 1246 4657 ost,
1262 4603 1341 4665 quoe
1357 4582 1438 4645 dioto
1452 4592 1521 4645 sunt
1535 4584 1633 4664 cupito
1647 4584 1807 4663 superiori.

435 4671 557 4753 quondo
574 4672 682 4732 iterum
697 4670 896 4733 soolsmstum
909 4679 985 4731 ests
1000 4669 1130 4752 populo:
1227 4671 1322 4732 Porro
1351 4672 1494 4752 quonism
1526 4671 1649 4751 sunguis
1687 4669 1740 4730 ille
1770 4667 1877 4732 vetoris

437 4761 573 4834 Omnia,
599 4778 681 4837 quos
700 4759 824 4820 locoros
846 4765 889 4820 ost
904 4758 1062 4821 Dominus
1074 4760 1131 4838 so·
1183 4761 1280 4840 pecti,
1297 4760 1337 4819 do
1353 4779 1410 4840 quo
1426 4766 1553 4820 toststur
1566 4755 1742 4839 Apostolos,
1768 4758 1876 4821 dicun

434 4847 558 4907 demus.
600 4845 692 4927 Quod
721 4845 814 4926 igitur
841 4843 978 4907 Hebraei
1007 4844 1131 4925 quidum
1183 4846 1389 4907 esseohdoss:
1405 4848 1607 4923 Hiosouorsis
1620 4847 1805 4908 summano·
1816 4852 1877 4915 etc,

434 4931 563 5008 trudunt,
578 4934 609 4994 in
625 4953 660 4994 eo
671 4933 747 4994 libro
759 4932 1028 5014 scriptsmshioso
1038 4932 1132 4996 fuisse
1184 4932 1279 5015 figure
1302 4933 1359 4994 fuit
1381 4934 1534 5014 sauguinis
1554 4930 1685 5006 Christi,
1711 4951 1771 5016 per
1812 4949 1878 4994 usn

435 5026 530 5084 totum
545 5019 702 5084 historism
716 5018 864 5100 Genesis,
885 5018 1130 5105 itemquohixodi
1181 5040 1294 5084 novum
1310 5028 1522 5086 testamcutum
1542 5028 1609 5086 erut
1630 5038 1666 5096 oo
1819 5035 1879 5112 ιιξ
