4442 5825
828 568 877 637 2
2042 554 2485 615 momomal

814 736 1005 817 Epist.
1024 780 1039 811 ,
1084 752 1267 815 quam
1312 731 1390 794 ad
1420 730 1755 813 Evagrium
1786 732 1862 793 de
1888 732 2207 795 Melchise-

816 819 928 881 dec
958 821 1228 905 scripsit,
1260 838 1419 898 quae
1452 828 1547 879 est
1573 838 1733 878 num.
1763 821 1934 893 126„
1965 840 2095 880 cum
2130 822 2215 879 ait

814 906 973 967 hanc
1026 906 1371 986 Epistolam
1424 925 1459 963 a
1512 905 1814 965 nonnullis
1858 906 2212 966 Latinorum

814 993 1031 1072 recipi,
1090 992 1238 1052 satis
1297 990 1593 1070 significat
1642 1011 1679 1050 a
1734 990 2041 1073 plerisque
2092 1013 2211 1053 non

812 1080 1018 1157 recipi.
1092 1080 1325 1139 Rursus
1370 1076 1525 1137 idem
1572 1078 1631 1136 in
1676 1088 1987 1139 comment.
2028 1097 2211 1157 super

814 1164 1038 1224 Ezech.
1071 1166 1171 1225 28.
1219 1162 1403 1224 verba
1451 1162 1751 1242 quaedam
1790 1183 1867 1224 ex
1899 1184 1969 1224 ea
2004 1165 2210 1235 citans,

738 1312 745 1321 ,
812 1248 1059 1327 adjecit:
1106 1253 1174 1312 Si
1212 1252 1353 1327 quis
1382 1256 1601 1309 tamen
1630 1251 1983 1325 Epistulam
2013 1254 2209 1312 susci-

806 1338 925 1413 pit.
988 1338 1071 1396 Et
1115 1355 1296 1416 supcr
1334 1336 1527 1414 Epist.
1575 1334 1653 1395 ad
1684 1336 1843 1415 Eph.
1894 1357 2022 1417 cap.
2058 1342 2114 1399 2.
2148 1344 2212 1396 et

812 1422 876 1482 in
907 1421 1030 1480 alia
1058 1421 1372 1501 Epistola:
1417 1425 1469 1481 si
1514 1424 1654 1498 quis
1683 1430 1901 1482 tamen
1933 1442 2075 1483 eam
2104 1442 2211 1483 re-

810 1510 1002 1584 cipit.-
1056 1509 1233 1587 quasi
1284 1507 1571 1568 videlicet
1619 1507 1873 1568 liberum
1924 1512 2027 1581 sit,
2087 1530 2208 1569 non

810 1596 1134 1674 suscipere.
1183 1595 1469 1655 Similiter
1495 1595 1555 1653 in
1579 1594 1761 1655 Zach.
1788 1596 1844 1655 8.
1878 1598 1946 1657 Si
1970 1604 2205 1669 tamen,

808 1680 1039 1761 inquit,
1092 1682 1163 1739 in
1209 1681 1611 1756 suscipienda
1658 1684 1952 1758 Epistola
2008 1682 2207 1745 Grae-

808 1784 1029 1828 corum
1062 1770 1503 1827 auctoritatem
1540 1768 1779 1829 Latina
1816 1770 2040 1844 linqua
2070 1788 2204 1828 non

810 1855 1071 1929 respuit.
1140 1854 1435 1913 Testatur
1467 1856 1644 1914 etiam
1676 1854 1978 1915 Eusebius
2010 1855 2112 1915 lib.
2147 1858 2201 1917 3.

814 1936 946 1999 hist.
979 1938 1208 1998 Eccles.
1245 1960 1374 2019 cap.
1412 1944 1466 2002 3.
1501 1940 1795 2018 quosdam
1839 1941 2049 2011 fuisse,
2097 1941 2203 2019 qui

811 2022 1083 2086 dicerent
1124 2026 1261 2085 huic
1294 2026 1614 2106 Epistolae
1661 2028 1736 2087 ab
1778 2027 2057 2087 Ecclesia
2086 2028 2200 2087 Ro-

810 2130 987 2172 mana
1019 2111 1365 2173 contradici.
1440 2111 1564 2173 Sed
1612 2122 1672 2173 et
1715 2113 1820 2173 lib.
1854 2116 1909 2172 6.
1942 2135 2070 2194 cap.
2108 2118 2202 2173 11.

810 2208 1081 2260 recenset
1132 2220 1262 2259 eam
1316 2199 1471 2258 inter
1530 2198 1900 2279 Scripturas,
1955 2220 2115 2279 quae
2168 2219 2204 2258 a

810 2284 1015 2349 multis
1047 2288 1106 2345 in
1141 2288 1605 2346 controversiam
1635 2296 1945 2347 vocantur.
2014 2286 2201 2346 Deni-

812 2394 927 2455 que
956 2382 1157 2432 nostro
1204 2371 1444 2433 saeculo
1476 2372 1802 2452 Cajetanus
1846 2374 2015 2432 initio
2047 2392 2202 2433 com·

808 2461 1230 2521 mentatiorum
1307 2459 1485 2537 hujus
1553 2458 1883 2539 Epistolae,
1960 2458 2203 2517 dubiam
2254 2466 2257 2481 '¹

810 2545 1013 2607 reddit
1044 2548 1174 2625 ejus
1206 2547 1654 2615 auctoritatem,
1704 2544 1967 2623 dicitque
2012 2564 2091 2604 ex
2134 2563 2205 2603 ea

810 2632 940 2693 sola
973 2651 1089 2690 non
1138 2650 1345 2709 posse,
1398 2632 1449 2689 si
1493 2630 1654 2711 quod
1701 2629 1949 2690 dubium
1994 2631 2051 2688 in
2087 2629 2204 2689 fide

810 2716 1141 2789 accideret,
1186 2716 1584 2778 determinari.
1632 2718 1820 2776 Porro
1852 2715 2204 2793 simpliciter

812 2822 942 2865 eam
991 2803 1189 2881 rejicit
1234 2802 1565 2875 Lutherus,
1626 2802 1941 2882 quoniam,
1985 2802 2202 2880 inquit,

809 2889 1234 2970 poenitentiam
1278 2888 1448 2949 tollit.
1524 2890 1729 2969 Atque
1771 2891 1859 2948 ita
1905 2886 2029 2948 fere
2069 2906 2199 2948 sen·

808 2978 969 3038 tiunt
998 2975 1362 3046 Lutherani,
1394 2978 1739 3053 caeterique
1768 2983 2009 3035 nostrae
2040 2985 2199 3033 aeta-

808 3063 887 3124 tis
915 3063 1187 3132 sectarii,
1220 3060 1476 3122 Calvino
1500 3071 1697 3122 tamen
1731 3070 1793 3120 et
1822 3062 1954 3139 ejus
1986 3079 2199 3140 sequa-

810 3147 983 3208 cibus
1044 3149 1346 3227 exceptis,
1419 3149 1523 3225 qui
1586 3168 1713 3206 eam
1772 3149 1835 3206 in
1890 3164 2200 3205 numerum

810 3251 1118 3294 sacrarum
1158 3235 1586 3311 scripturarum
1618 3229 1780 3292 baud
1820 3241 2068 3309 gravate
2112 3250 2199 3290 re-

810 3319 1074 3398 cipiunt,
1137 3339 1254 3378 non
1300 3327 1423 3377 tam
1468 3318 1782 3379 Ecclesiae
1828 3319 2200 3388 auctoritate,

810 3421 993 3486 quam
1024 3402 1188 3484 quod
1231 3407 1576 3465 existiment
1612 3424 1690 3464 ex
1723 3404 1857 3481 ejus
1886 3403 2203 3481 Epistulae

808 3489 1105 3563 doctrina,
1151 3509 1333 3570 quam
1378 3489 1566 3550 tradit
1596 3489 1674 3550 de
1704 3509 1823 3549 uno
1856 3487 2077 3549 Christi
2106 3508 2199 3547 sa-

810 3576 1049 3648 crificio,
1078 3574 1421 3636 convellere
1451 3595 1523 3635 ac
1547 3574 1894 3634 subvertere
1924 3594 1991 3634 se
2021 3593 2200 3652 posse

810 3660 1169 3722 sacrificium
1200 3661 1453 3732 Missae,
1503 3660 1667 3738 quod
1697 3660 1973 3720 Ecclesia
2004 3660 2200 3719 catho-

810 3745 933 3808 lica
962 3755 1090 3806 toto
1137 3745 1279 3806 orbe
1322 3746 1681 3826 frequentat.
1758 3745 2023 3824 Quibus,
2067 3744 2201 3804 Deo

810 3831 1029 3904 dante,
1094 3833 1351 3912 propriis
1406 3834 1467 3892 in
1526 3834 1672 3893 locis
1724 3829 2199 3911 respondebitur.
2250 3853 2251 3876 i

896 3917 1271 3996 Argumenta
1299 3938 1474 3992 vero,
1518 3936 1677 3997 quae
1718 3919 1933 3996 partim
1965 3916 2198 3995 Cajeta-

808 4021 983 4074 num,
1031 4004 1251 4082 partim
1304 4004 1687 4066 adversarios
1738 4013 2083 4076 moverunt,
2137 4011 2203 4062 ut

810 4090 1229 4150 auctoritatem
1276 4090 1416 4150 huic
1446 4089 1759 4170 Epistolae
1804 4089 2200 4159 detraherent,

808 4174 1144 4235 istiusmodi
1206 4185 1358 4236 sunt.
1434 4177 1730 4236 Primum:
1784 4176 2199 4252 Hieronymus
2250 4210 2253 4221 ῃ

808 4279 927 4320 non
965 4259 1085 4320 fuit
1112 4263 1353 4322 omnino
1398 4271 1593 4323 certus
1639 4261 1712 4320 de
1749 4268 1991 4320 auctore
2022 4261 2198 4338 hujus

806 4343 1138 4426 Epistolae.
1186 4349 1266 4407 Et
1304 4349 1586 4428 quoniam
1619 4347 1975 4425 Hieronymi
2008 4347 2200 4405 sortiti

808 4451 1009 4492 sumus
1058 4433 1359 4512 regulam,
1417 4453 1494 4494 ne
1551 4451 1817 4493 erremus
1869 4433 1928 4490 in
1981 4430 2197 4492 discre—
2250 4478 2251 4490 ,

807 4518 971 4579 tione
1009 4518 1292 4580 librorum
1335 4521 1787 4580 canonicorum:
1833 4517 1971 4577 ideo
2016 4517 2196 4579 dubio

810 4603 973 4684 apud
1002 4603 1441 4686 Hieronymum
1474 4615 1713 4666 auctore
1744 4605 1925 4683 hujus
1956 4605 2195 4684 Episto-

808 4687 905 4748 lae
964 4691 1290 4764 existente,
1363 4691 1545 4752 dubia
1621 4710 1865 4770 quoque
1927 4690 2201 4750 redditur

806 4773 1119 4854 Epistola:
1174 4779 1455 4858 quoniam
1517 4780 1632 4838 nisi
1688 4777 1769 4835 sit
1818 4776 2027 4848 Pauli,
2080 4797 2200 4836 non

806 4861 1195 4940 perspicuum
1224 4874 1316 4924 est
1347 4866 1695 4924 canonicam
1727 4881 1873 4922 esse.
1940 4863 2081 4924 Hoc
2110 4883 2199 4924 ar-

2317 752 2390 795 eo
2413 730 2794 813 descriptum.
2841 731 3102 795 Caetera
3131 743 3481 815 argumenta
3503 745 3708 814 petun-

2319 828 2418 879 tur
2469 840 2544 879 ex
2587 820 2766 881 variis
2809 822 2998 899 ipsius
3043 822 3356 901 Epistolae
3400 823 3578 895 locis,
3632 842 3710 882 ex

2317 904 2538 985 quibus
2555 904 2756 985 colligi
2777 916 3000 983 putant,
3021 926 3148 967 eam
3169 928 3286 969 non
3305 927 3484 987 posse
3501 908 3711 968 referri

2318 993 2474 1051 inter
2503 990 2736 1052 divinas
2782 1000 2842 1053 et
2881 993 3320 1072 irrefragabiles
3351 994 3710 1074 Scripturas.

2403 1094 2742 1155 Secundum
2777 1096 2956 1174 igitur
2979 1105 3071 1157 est
3093 1096 3362 1176 ejusdem
3391 1095 3706 1177 Cajetani:

2263 1248 2265 1251 v
2315 1179 2547 1241 Auctor
2575 1182 2881 1260 Epistolae
2925 1185 3123 1242 statim
3157 1185 3216 1243 in
3249 1185 3542 1263 principio
3573 1204 3708 1263 pro·

2315 1266 2462 1326 bare
2495 1266 2702 1327 volens
2733 1264 3038 1327 Christum
3079 1271 3312 1349 angelis
3357 1288 3490 1329 esse
3535 1289 3710 1350 supe-

2315 1353 2568 1425 riorem,
2618 1352 2850 1413 infirmo
2889 1356 3074 1414 utitur
3104 1366 3453 1435 argumento
3485 1374 3561 1415 ex
3592 1357 3710 1416 illis

2315 1438 2661 1519 Scripturas
2705 1439 2936 1499 verbis:
2997 1442 3134 1516 Eoo
3180 1461 3286 1501 ero
3333 1442 3431 1499 illi
3471 1444 3541 1501 in
3583 1460 3708 1518 pa-

2315 1532 2497 1600 trem,
2553 1533 2611 1587 et
2641 1529 2774 1601 ipsc
2805 1529 2925 1586 erit
2957 1529 3110 1587 mihi
3149 1532 3220 1588 in
3249 1528 3454 1603 filium
3473 1552 3497 1604 ,-
3549 1547 3707 1607 quae

2314 1612 2641 1673 secundum
2661 1611 2894 1672 literam
2918 1612 3080 1673 dicta
3104 1622 3244 1673 sunt
3266 1613 3342 1673 de
3367 1614 3707 1674 Salomone.

2260 1767 2261 1770 Ἴ
2313 1696 2600 1759 Poterant
2629 1700 2784 1757 enim
2815 1699 3082 1761 Hebraei
3117 1700 3296 1761 facile
3326 1700 3706 1778 respondere,

2312 1804 2433 1844 non
2478 1783 2558 1844 de
2609 1783 2735 1844 filio
2783 1785 2905 1846 Dei
2955 1788 3339 1867 pronuntiata
3392 1784 3578 1845 fuisse
3632 1805 3706 1844 ea

2313 1870 2528 1945 verba,
2575 1870 2682 1931 sed
2712 1870 2788 1931 de
2831 1892 2981 1950 puro
3013 1872 3282 1945 homine,
3320 1874 3416 1951 qui
3451 1892 3703 1951 peccare

2312 1960 2545 2035 potuit,
2589 1966 2651 2017 et
2679 1957 2916 2037 quidem
2955 1961 3225 2036 graviter
3253 1968 3462 2037 postea
3493 1978 3698 2037 pecca-

2310 2044 2417 2102 vit.
2463 2043 2568 2103 Uti
2599 2051 2798 2104 autem
2828 2044 2923 2104 his
2955 2045 3152 2105 verbis
3191 2046 3250 2102 in
3281 2064 3462 2104 sensu
3494 2045 3700 2122 mysti-

2310 2149 2382 2189 co
2414 2132 2704 2191 minorem
2745 2128 2945 2191 reddit
2982 2132 3398 2190 auctoritatem
3447 2132 3700 2209 proban·

2308 2217 2413 2287 tis,
2449 2219 2509 2276 in
2541 2217 2836 2296 principio
2869 2218 3218 2295 praesertim
3252 2218 3593 2295 Epistolae,
3642 2224 3704 2275 et

2310 2301 2474 2381 apud
2505 2304 2840 2363 Hebraeos.
2889 2303 3023 2362 Non
3051 2322 3191 2381 ergo
3215 2304 3438 2381 scripta
3463 2302 3703 2361 videtur

2309 2389 2461 2447 haec
2491 2388 2763 2467 Epistola
2793 2389 3002 2467 spiritu
3035 2388 3261 2447 divino.
3320 2388 3486 2447 Idem
3521 2388 3702 2465 objici

2309 2483 2508 2553 potest
2559 2473 2634 2534 de
2686 2474 2818 2533 loco
2867 2474 3091 2533 Psalm.
3140 2478 3230 2545 8.,
3291 2494 3470 2552 quem
3523 2474 3702 2551 hujus

2307 2560 2622 2640 Epistolae
2666 2560 2917 2639 scriptor
2962 2579 3093 2638 cap.
3129 2564 3183 2620 2.
3231 2558 3304 2619 dc
3337 2560 3570 2619 Christo
3617 2561 3702 2619 in-

2309 2654 2702 2723 terpretatur,
2736 2665 2917 2724 quum
2951 2645 3274 2705 secundum
3307 2647 3536 2706 literam
3564 2665 3696 2723 per-

2308 2732 2495 2791 tineat
2526 2732 2602 2791 ad
2637 2742 2823 2791 totam
2854 2732 3118 2810 speciem
3157 2730 3488 2790 humanam.

2393 2843 2668 2903 Tertium
2715 2852 3144 2922 argumentum.
3219 2840 3443 2901 Eodem
3483 2846 3534 2900 1.
3567 2860 3697 2920 cap.

2307 2929 2383 2989 de
2415 2929 2574 2989 Filio
2604 2929 2722 2990 Dei
2753 2929 2919 3008 loqui
2950 2928 3186 2989 videtur
3224 2928 3322 2988 hic
3351 2941 3582 2998 auctor,
3634 2937 3702 2985 ut

2307 3015 2382 3076 de
2421 3023 2725 3086 creatura,
2781 3013 2921 3076 dum
2966 3035 3095 3074 eum
3143 3034 3262 3075 non
3306 3015 3701 3074 substantiam

2303 3103 2517 3182 patris,
2568 3101 2675 3160 sed
2719 3099 3096 3180 splendorem
3141 3099 3512 3160 substantiae
3564 3100 3700 3175 ejus

2250 3222 2251 3226 =
2306 3197 2500 3246 vocat.
2547 3187 2632 3246 Et
2661 3189 2878 3247 iterum
2908 3207 3036 3246 cum
3069 3188 3191 3245 ait:
3237 3189 3446 3245 Tanto
3479 3187 3703 3245 melior

2305 3272 2550 3348 anqelis
2580 3273 2830 3350 effectus
2863 3283 2974 3333 etc.
2994 3317 3009 3344 ,
3062 3273 3237 3350 quasi
3269 3271 3552 3331 videlicet
3581 3290 3702 3330 non

2305 3361 2580 3438 genitus,
2611 3357 2716 3418 sed
2741 3358 2932 3418 factus
2963 3366 3119 3418 esset
3146 3358 3378 3437 angelis
3410 3359 3701 3436 superior.

2390 3470 2704 3550 Quartum.
2766 3469 2915 3550 Cap.
2962 3473 3018 3531 6.
3066 3469 3251 3548 lapsis
3304 3468 3558 3548 denegat
3610 3489 3699 3528 re-

2305 3555 2820 3629 conciliationem,
2869 3556 2965 3615 his
3017 3555 3253 3615 verbis:
3309 3556 3701 3631 Impossibile

2306 3650 2392 3704 est
2423 3661 2559 3716 eos,
2613 3645 2724 3718 qui
2751 3643 2938 3702 semel
2967 3648 3114 3701 sunt
3145 3643 3529 3715 illuminati,
3577 3645 3698 3700 ite-

2303 3748 2448 3788 rum
2479 3731 2785 3788 renovari
2815 3728 2901 3786 ad
2935 3729 3415 3804 poenitentiam.
3465 3727 3604 3806 Qua
3637 3727 3700 3786 in

2305 3815 2574 3874 doctrina
2608 3814 2870 3892 persistit
2901 3834 3030 3892 cap.
3068 3816 3189 3887 10.,
3235 3833 3464 3892 negans
3496 3814 3699 3872 relin-

2307 3903 2416 3977 qui
2473 3901 2738 3959 hostiam
2813 3918 2936 3976 pro
3009 3907 3262 3975 peccato
3333 3899 3699 3960 voluntarie

2250 4001 2251 4006 ’
2299 3985 2711 4062 peccantibus
2737 3994 2879 4062 post
2907 3993 3232 4061 acceptam
3260 3987 3554 4046 notitiam
3587 4003 3698 4046 ve—

2252 4100 2253 4125 :
2303 4075 2530 4132 ritatis.
2605 4073 2682 4132 Et
2731 4092 2858 4150 cap.
2911 4075 3005 4131 12.
3055 4071 3292 4132 dicens:
3337 4071 3516 4133 Esau
3560 4089 3697 4131 non

2250 4174 2251 4189 ¹
2303 4159 2616 4219 invenisse
2641 4160 3076 4233 poenitentiae
3108 4157 3352 4231 locum,
3405 4157 3697 4234 quamvis

2261 4262 2262 4269 ¹
2304 4264 2445 4304 cum
2506 4245 2805 4318 lacrymis
2864 4246 3217 4320 inquisisset
3277 4262 3433 4302 eam.
3521 4243 3697 4302 Haec

2259 4354 2262 4380 Ἴ
2305 4341 2504 4391 autem
2551 4339 2821 4409 pugnant
2866 4351 2999 4390 cum
3045 4329 3314 4390 doctrina
3359 4325 3580 4390 Christi
3635 4336 3698 4387 et

2301 4417 2634 4476 Ecclesiae.

2389 4519 2691 4596 Quintum.
2739 4519 2884 4596 Cap.
2921 4523 2977 4579 9.
3027 4517 3177 4578 dicit
3223 4518 3286 4578 in
3330 4535 3472 4577 arca
3513 4523 3695 4576 testa·

2300 4607 2486 4664 menti
2554 4604 2738 4664 fuisse
2796 4625 3008 4664 urnam
3067 4623 3309 4664 auream
3369 4603 3694 4663 habentem

2300 4711 2522 4751 manna
2551 4700 2612 4749 ct
2643 4691 2870 4768 virgam
2895 4690 3118 4762 Aaron,
3150 4710 3306 4768 quae
3329 4688 3693 4760 fronduerat,

2305 4787 2366 4836 et
2410 4775 2645 4838 tabulas
2691 4780 3048 4836 testamenti.
3124 4776 3261 4835 Hoc
3306 4787 3506 4836 autem
3556 4794 3694 4836 esse

2301 4861 2544 4924 videtur
2579 4871 2787 4922 contra
2829 4861 3005 4922 fidem
3049 4862 3334 4923 historiae
3369 4867 3406 4924 3
3429 4861 3578 4941 Reg.
3612 4861 3693 4931 8.,

806 4955 1159 5028 mentum
1200 4959 1297 5011 est
1333 4950 1614 5030 cajetani
1657 4968 1732 5010 ao
1781 4949 2082 5012 verbatim
2124 4969 2201 5012 ex
2250 4960 2262 5023 Ι
2303 4967 2461 5030 quae
2505 4955 2766 5012 natatur
2810 4949 2872 5007 in
2927 4967 3068 5010 arca
3115 4966 3234 5010 non
3279 4946 3447 5008 aliud
3488 4947 3695 5020 fuisse,
