4442 5825
303 533 305 540 ’
397 576 471 645 405
915 568 1148 625 commeatus
1164 569 1197 624 rr
1214 569 1318 626 canu

440 743 500 825 Qui
516 745 644 825 priorem
664 754 779 827 partem
802 748 1038 827 interpretantur
1054 745 1091 807 de
1145 746 1310 809 Graecum:
1329 739 1420 823 ἴστε,
1437 749 1559 823 nescio,
1574 768 1614 809 au
1625 748 1746 829 alibirs1

395 832 607 910 generatione,
637 853 697 912 qua
717 831 790 893 facti
817 853 921 893 sumus
947 833 1091 904 homines,
1146 836 1238 894 turin
1261 836 1380 912 scriptis
1403 833 1588 915 apostolicis.
1621 833 1745 915 Oertep

396 917 499 979 eodem
516 918 651 980 referunt
673 919 748 979 huuc
769 931 900 1001 partum,
927 930 957 980 et
971 939 1092 980 sensum
1145 919 1270 999 legitur:
1296 912 1428 997 οἴδατε,
1456 943 1510 1000 pre
1534 942 1586 995 eu,
1615 921 1695 1003 quod
1714 922 1746 985 le

394 1003 510 1065 faciunt
525 1005 712 1085 hujusmodi:
735 1006 858 1067 Creavit
871 1028 940 1076 nus,
964 1015 997 1067 ut
1013 1026 1090 1067 ease·
1144 1011 1234 1070 scitis.
1258 1007 1354 1089 Igitur
1370 1010 1526 1069 transitum
1538 1008 1614 1070 iecit
1627 1008 1746 1090 Apustol

396 1111 462 1153 mus
479 1090 555 1152 inter
578 1101 727 1153 creaturus
751 1095 816 1173 ejua
839 1093 976 1155 visibiles
998 1105 1091 1172 atque
1146 1095 1385 1155 exhortationum
1401 1106 1597 1174 sequentem:

393 1198 551 1258 corporeas
573 1180 741 1260 praecipui,
769 1201 804 1241 ac
827 1190 1010 1241 caeterarum
1041 1179 1092 1239 do·
1188 1184 1237 1244 Sit
1252 1189 1356 1241 uuum
1374 1185 1475 1242 omnis
1497 1185 1591 1243 home
1616 1184 1746 1245 veloaa

393 1265 479 1338 mini,
504 1266 668 1327 secundum
686 1265 775 1327 illud:
801 1270 919 1328 Omnia
934 1266 1091 1341 subiecisti
1146 1268 1307 1328 diendam.
1330 1272 1446 1328 Autem
1461 1290 1521 1329 non
1537 1268 1661 1330 additur
1676 1271 1707 1330 in
1721 1266 1746 1330 G

393 1351 449 1412 sub
462 1351 597 1429 pedibus
612 1356 678 1429 eius
685 1398 695 1428 ,
713 1353 821 1414 Psalm.
840 1355 868 1413 8.
1146 1366 1177 1414 et
1188 1355 1336 1435 Syriacis3
1353 1363 1383 1414 et
1395 1356 1516 1433 quidem
1525 1355 1620 1433 juxta
1631 1356 1746 1417 aarumss

435 1440 477 1498 At
487 1439 576 1516 juxta
593 1442 735 1501 veriorem
752 1441 948 1512 intellectum,
976 1440 1091 1518 quiesi
1144 1461 1229 1509 nem,
1259 1461 1349 1519 quam
1380 1440 1459 1512 dixi,
1489 1441 1648 1503 redundat.
1695 1441 1744 1522 Qu

393 1525 430 1586 de
454 1527 648 1603 generatione
676 1526 841 1606 spirituali,
868 1545 974 1586 sensus
1000 1524 1090 1603 hujus
1145 1529 1325 1588 mentionem
1341 1527 1412 1586 fecit
1426 1529 1591 1608 Apostolus
1603 1529 1644 1589 de
1660 1530 1746 1590 verba

391 1613 487 1693 partia
502 1621 562 1672 est:
587 1612 633 1672 Ea
647 1615 840 1693 generatione
864 1613 951 1673 nubis
974 1610 1031 1673 huc
1046 1613 1088 1673 io·
1144 1616 1230 1687 tatis,
1253 1634 1307 1694 per
1323 1613 1403 1692 quod
1419 1614 1534 1675 lucrant
1550 1617 1666 1688 renati,
1692 1636 1746 1677 nun

391 1700 477 1779 signe
493 1698 668 1760 beneficium
684 1699 825 1775 contulit,
851 1707 882 1759 ut
904 1699 1024 1761 humaui
1040 1720 1087 1778 ge·
1146 1703 1176 1761 iu
1191 1721 1242 1775 eo,
1259 1700 1340 1778 quud
1357 1704 1453 1761 renati
1468 1711 1569 1776 erant,
1589 1722 1746 1781 permanea

391 1788 473 1848 neris
489 1806 622 1846 essemus
638 1787 789 1867 primitiae
808 1784 972 1869 quaedam,
999 1784 1030 1845 id
1046 1795 1089 1845 est
1144 1809 1203 1868 que
1219 1787 1383 1866 proficiant,
1399 1787 1535 1849 hortatur
1550 1787 1590 1849 ad
1604 1788 1741 1874 ejusdem

393 1873 651 1952 praestantissima
677 1882 708 1933 et
733 1872 846 1933 selecta
869 1875 983 1951 portio,
1010 1892 1089 1952 quae
1143 1872 1285 1934 audiendi
1307 1873 1514 1947 velocitatem,
1544 1874 1646 1936 idest
1668 1895 1746 1955 pron

389 1960 457 2022 Deo
474 1960 623 2019 offeratur.
656 1958 734 2019 Nam
750 1968 930 2021 creaturam
948 1962 1088 2038 restringi
1143 1961 1242 2022 dinem
1260 1971 1288 2019 et
1305 1959 1501 2039 diligentiam.
1524 1963 1605 2022 Nam
1621 1964 1701 2025 sicut
1715 1962 1746 2023 tit

391 2045 430 2109 ad
453 2047 607 2107 bominum
631 2067 744 2125 genus,
772 2049 801 2107 iu
823 2068 910 2108 sacra
933 2046 1089 2125 Scriptura
1143 2047 1553 2120 audituest,Rom.10.,ita
1568 2069 1694 2109 necesse
1708 2065 1746 2109 ear

389 2155 450 2196 non
479 2142 525 2194 est
555 2133 715 2193 insolitum.
753 2134 804 2195 Sic
834 2135 912 2194 euim
943 2135 1089 2212 accipitur
1143 2134 1250 2195 auditu
1265 2133 1375 2207 foveri,
1396 2136 1504 2194 nutriri
1519 2145 1550 2197 et
1564 2139 1681 2217 augeri.
1704 2135 1746 2197 Nc

390 2220 483 2281 Marc.
497 2221 565 2279 ult:
578 2221 989 2297 PraedicateEcanpelium
1000 2222 1088 2281 omni
1143 2230 1191 2282 trrr
1207 2221 1247 2281 ad
1259 2219 1407 2301 quidlibet
1421 2219 1606 2282 audiendum
1622 2223 1691 2283 vult
1705 2244 1746 2283 nur

390 2314 555 2377 creaturae
563 2330 575 2385 ,·
604 2307 712 2367 sicul.
732 2314 774 2367 l.:
804 2307 895 2386 Quod
916 2306 1087 2385 praedica·
1143 2308 1280 2380 veloces,
1303 2327 1370 2368 cum
1387 2316 1446 2368 tam
1462 2308 1558 2367 multa
1574 2310 1668 2371 noxia
1684 2310 1746 2371 etir

390 2402 459 2455 tum
475 2401 517 2455 est
532 2395 568 2456 irc
584 2396 735 2456 uniuersa
751 2401 918 2469 creatura,
936 2412 1016 2472 quae
1031 2393 1087 2453 sub
1142 2395 1179 2454 ab
1195 2393 1366 2454 homiuibus
1383 2395 1529 2468 dicantur,
1545 2414 1564 2454 a
1579 2396 1691 2474 quihus
1706 2415 1745 2456 avr

392 2482 478 2543 coelo
494 2488 545 2547 ert.
577 2483 621 2541 Ac
638 2502 676 2543 ne
692 2481 824 2554 dubites,
852 2489 1018 2542 creaturam
1036 2480 1086 2539 hu·
1142 2480 1202 2542 dae
1223 2482 1281 2539 sint
1305 2500 1410 2541 aures:
1438 2480 1493 2542 sed
1515 2481 1555 2542 ad
1577 2481 1746 2543 andiendun

391 2588 509 2630 marram
532 2568 709 2647 significari,
736 2567 913 2631 manifestus
937 2576 983 2628 est
1005 2568 1089 2626 locus
1141 2568 1282 2638 verbum,
1298 2566 1379 2645 quud
1394 2576 1502 2647 potest,
1521 2576 1556 2626 ut
1570 2569 1663 2648 paulo
1679 2580 1746 2649 pust

392 2656 488 2735 Apoc.
507 2659 571 2716 la:
594 2655 640 2714 Hi
655 2660 752 2732 empti
766 2663 840 2716 sunt
856 2674 894 2717 ex
908 2653 1088 2715 huminibus
1142 2656 1256 2715 animas
1271 2653 1399 2715 salvare.
1423 2654 1487 2715 Sub
1504 2674 1565 2734 quo
1578 2656 1746 2736 comprober

390 2744 555 2819 primitiae
572 2742 639 2801 Deo
656 2748 686 2802 et
700 2761 793 2819 aprio.
831 2740 920 2821 Quod
936 2760 1035 2821 aeque
1051 2740 1089 2799 de
1143 2760 1230 2801 omne
1246 2739 1384 2813 verbum,
1400 2761 1523 2822 quoquo
1539 2741 1629 2802 modo
1646 2753 1746 2823 spectu

394 2828 496 2888 electis
508 2827 625 2889 dicitur.
649 2827 715 2888 Nec
727 2829 865 2889 dissimili
877 2829 992 2888 ratione
1001 2827 1088 2888 electi
1142 2826 1396 2900 aedificationem,
1428 2837 1489 2889 tam
1519 2825 1605 2901 fidei,
1642 2850 1731 2910 quarn

393 2924 537 2977 vocantur
567 2915 707 2977 Ecclesia
735 2917 991 2991 primitivarum,
1023 2915 1088 2976 sive
1143 2913 1343 2975 Christianae.
1378 2914 1510 2976 Pulchre
1532 2914 1567 2976 B.
1586 2916 1746 2995 Augurem

393 3003 673 3083 primogenitorum,
689 3001 783 3062 Hebr.
801 3006 849 3064 12.
1143 3000 1327 3074 Dulcitium‚
1357 3013 1473 3081 quaest
1498 3006 1545 3065 3.:
1574 3004 1647 3080 Epo
1671 3005 1746 3082 plus

437 3089 580 3167 Denique
595 3094 681 3162 uota,
695 3087 798 3150 fideles
814 3098 905 3170 etque
918 3089 1031 3150 electos
1048 3091 1088 3150 ita
1143 3090 1276 3163 discere,
1296 3107 1390 3165 quam
1407 3089 1525 3149 docere.
1557 3091 1642 3151 Num
1658 3093 1746 3152 hoca

393 3178 495 3236 vecari
525 3175 669 3258 primitias
699 3175 822 3236 humaui
846 3177 983 3258 generis,
1012 3176 1091 3236 sicut
1143 3194 1258 3237 pernur
1275 3176 1384 3249 etiam,
1401 3176 1522 3237 dicente
1536 3177 1664 3239 Jacobo
1677 3183 1746 3256 spe

395 3262 554 3323 electorum
578 3262 724 3340 primitiae
740 3260 894 3323 Christum
917 3261 994 3323 dixit
1009 3264 1088 3343 Apu·
1143 3264 1190 3324 Sit
1211 3263 1313 3322 omerio
1334 3263 1427 3324 homo
1450 3265 1541 3325 velex
1563 3264 1608 3322 ad
1633 3265 1746 3328 audac

394 3348 489 3411 stolus
504 3349 619 3412 Paulus
637 3353 652 3408 1
667 3345 735 3409 Cor.
755 3351 803 3412 15.
835 3349 923 3432 Quod
940 3369 1013 3410 sane
1029 3369 1089 3410 am·
1144 3349 1256 3409 tardus
1271 3356 1376 3409 autem
1398 3349 1672 3425 adloquendum
1717 3352 1746 3414 Ut

393 3436 559 3518 plissimam
575 3435 711 3498 declarat
726 3433 886 3497 electorum
903 3436 1089 3514 dignitatem.
1144 3437 1318 3509 discantur,
1346 3438 1484 3497 inuitare
1505 3455 1563 3497 nor
1586 3438 1678 3499 debet
1703 3457 1746 3504 tw

395 3523 520 3585 Sensum
536 3522 675 3605 Apostoli
687 3523 784 3584 miuus
800 3523 931 3584 assecuti
942 3531 1019 3595 saut,
1036 3524 1089 3602 qui
1146 3524 1308 3598 veritatis5
1334 3531 1371 3583 ut
1391 3531 1496 3584 autem
1520 3523 1709 3600 doceamur,
1735 3544 1746 3586 e

394 3611 452 3671 boc
479 3611 594 3671 initium
620 3610 684 3671 aire
718 3610 864 3687 primitiae
891 3607 1024 3669 referunt
1053 3606 1090 3668 ad
1145 3612 1313 3671 necessitas
1335 3613 1487 3670 caritatis.

395 3695 550 3758 Ecclesiae
573 3695 749 3775 primordia,
776 3694 869 3757 idest
892 3694 931 3756 ad
947 3715 1013 3768 eos,
1041 3697 1091 3776 qui
1192 3695 1318 3760 Tardrcr
1333 3704 1438 3757 uatem
1454 3696 1720 3775 adloquendum.

394 3785 482 3864 primi
509 3804 547 3845 ex
569 3782 701 3845 Judaiea
733 3792 821 3863 gente
847 3780 1035 3843 crediderunt
1062 3784 1091 3842 in
1144 3783 1207 3862 lige
1223 3781 1261 3842 de
1277 3781 1367 3844 rebus
1384 3782 1422 3844 ud
1438 3782 1605 3844 doctrinam
1623 3784 1745 3859 lidrico

397 3869 563 3944 Christum,
578 3880 613 3930 ut
628 3870 766 3931 dicantur
781 3869 875 3931 fuisse
890 3868 975 3929 velut
990 3869 1090 3950 primi·
1146 3891 1184 3930 ve
1214 3870 1441 3949 pertinentibus.
1481 3870 1573 3932 Unde
1602 3869 1678 3933 dicit
1707 3893 1746 3954 cap

394 3959 455 4018 tiae
482 3959 573 4018 totius
600 3957 759 4018 Ecclesiae
784 3956 968 4018 decurrentis
995 3975 1091 4035 usque
1144 3958 1249 4016 Nolite
1258 3957 1368 4034 plures
1377 3959 1520 4032 rnapistri
1527 3956 1607 4033 lieri.
1632 3959 1742 4022 Tutius

394 4042 435 4103 ad
457 4043 545 4104 finem
569 4042 692 4104 saeculi.
729 4043 847 4116 Minus,
874 4046 1009 4125 inquam,
1034 4042 1091 4103 hoe
1145 4044 1243 4122 inquit
1258 4042 1355 4116 Beda,
1373 4046 1485 4104 veritus
1499 4043 1641 4120 auditur,
1658 4067 1745 4128 quam

395 4128 512 4210 placet,
536 4129 608 4208 quis
631 4129 920 4210 doctrinaApostoli
943 4130 1091 4209 generalis
1146 4128 1271 4190 dicatur.
1309 4128 1386 4190 Cum
1413 4130 1491 4191 enim
1526 4130 1666 4202 auditur,
1695 4133 1746 4196 hut

396 4224 456 4289 eat,
487 4214 527 4275 ad
557 4235 660 4277 omues
698 4217 850 4294 pertinens
889 4224 1091 4295 regeneratos.
1146 4213 1327 4292 custoditur,
1352 4236 1417 4276 cum
1441 4224 1542 4276 autem
1557 4218 1746 4298 preadicatur

395 4298 508 4363 Confer
522 4308 621 4360 autem
638 4305 881 4364 commentarium
904 4312 1036 4363 nostrum
1053 4300 1092 4362 ad
1145 4313 1199 4374 est,
1216 4312 1250 4362 ut
1265 4322 1324 4362 nou
1339 4301 1605 4381 subrepatbomini
1615 4305 1745 4383 jactanti

395 4385 489 4449 verbu
503 4387 637 4468 proxime
661 4387 750 4446 citata
773 4409 809 4448 er
826 4410 890 4467 cap.
909 4392 957 4448 lt.
974 4390 1014 4449 ad
1028 4389 1090 4450 He·
1145 4399 1180 4451 ut
1193 4387 1298 4450 Budua
1315 4388 1414 4450 verbis
1436 4389 1492 4452 buc
1514 4388 1644 4467 addam,
1664 4393 1746 4456 rixa

394 4476 511 4535 bracos.
1146 4475 1261 4537 amanti
1277 4475 1450 4536 cathedram
1475 4497 1534 4538 nou
1549 4479 1746 4559 subrepente

441 4564 489 4623 19.
512 4560 604 4621 Scitis
611 4602 621 4633 ,
653 4559 773 4636 fratrer
804 4564 864 4621 mei
889 4561 1090 4622 dilectissimi.
1146 4563 1211 4622 loco
1227 4562 1379 4635 veritatis,
1402 4582 1492 4643 quam
1509 4563 1619 4626 ducere
1635 4563 1746 4628 debeat

396 4643 527 4706 Graece:
544 4648 672 4722 ltaque,
687 4644 806 4721 fratres
821 4648 881 4707 mei
894 4646 1009 4708 dilecti.
1033 4648 1090 4728 Sy·
1146 4657 1197 4709 net
1218 4648 1309 4728 igitur
1332 4647 1496 4726 Apostolus
1519 4649 1645 4732 fideles,
1671 4671 1746 4716 nec

396 4731 491 4791 risco:
507 4733 550 4791 Et
564 4750 636 4806 uos,
651 4732 771 4808 fratrer
786 4735 848 4793 mei
862 4733 975 4796 dilecti.
1008 4735 1090 4798 Leti·
1146 4734 1234 4795 facile
1253 4738 1444 4815 pronuntient
1467 4734 1505 4796 de
1526 4735 1615 4800 rebus
1639 4737 1746 4802 dirin‘u

397 4834 454 4875 nus
484 4816 628 4896 interpres
659 4837 727 4896 pro:
757 4808 852 4893 ὥςτε,
883 4818 971 4900 legitr
1004 4813 1089 4900 iace,
1145 4822 1227 4903 priua
1243 4822 1319 4882 bene
1342 4820 1475 4894 discant,
1500 4842 1579 4904 quae
1601 4822 1740 4890 acerui.

398 4900 496 4974 scitia,
512 4899 592 4980 quod
608 4901 679 4962 huic
689 4901 756 4961 loco
771 4922 830 4963 non
845 4901 1004 4968 admodum
1019 4929 1087 4971 con·
1145 4906 1271 4970 consiliu
1299 4908 1450 4987 quondam
1473 4908 1692 4991 Pythagorici,
1718 4920 1746 4972 nt

398 4983 487 5082 gruit,
503 4982 822 5072 licetBedauxpouat.
845 4987 948 5051 Sedet
963 4994 1089 5059 verbum
1145 4993 1222 5057 alios
1246 4993 1324 5057 idem
1348 4996 1436 5058 Beda
1460 4993 1567 5076 refert,
1598 4996 1746 5068 rudior«
