4442 5825
430 622 503 689 100
949 612 1184 667 commissurus
1199 612 1231 667 lli
1249 614 1314 669 ω.
1331 614 1379 668 vll

423 800 513 851 terso
523 789 642 851 leeilins
650 788 856 869 respondetur,
869 782 904 845 rb
915 781 985 864 γὰρ,
1002 790 1059 848 etsi
1068 809 1122 868 per
1174 790 1241 851 Deo
1256 800 1372 870 grrtum
1389 799 1421 851 et
1435 798 1594 873 acceptum
1612 789 1652 852 sd
1668 793 1764 852 vitem
1779 800 1866 853 ester·

425 898 457 938 se
465 876 641 949 eeussleeh,
650 877 781 938 additum
790 886 889 935 temen
898 875 1046 935 vocabulo
1055 867 1120 951 μὲν,
1174 897 1252 937 nem.
1275 878 1339 937 Nec
1361 889 1480 938 mosset
1503 888 1642 939 nentrum
1666 898 1768 957 genus
1782 880 1867 955 nihil,

425 984 518 1043 saepe
541 984 600 1024 non
625 972 685 1023 um
702 962 870 1043 significare
884 961 1010 1040 aliquid,
1030 981 1121 1041 quem
1175 966 1260 1042 quasi
1276 962 1420 1023 derebus
1436 964 1587 1044 loquetur,
1603 984 1664 1025 non
1677 965 1717 1025 de
1728 965 1868 1044 personis.

425 1070 532 1112 ornere
539 1069 714 1122 sermonem,
726 1058 759 1108 ut
771 1058 938 1128 promptum
948 1057 995 1108 est
1006 1067 1042 1107 ex
1052 1049 1120 1107 Ple·
1175 1050 1289 1110 Sensus
1304 1052 1382 1109 enim
1398 1060 1451 1122 est,
1471 1051 1564 1126 rrihil,
1581 1049 1613 1110 id
1629 1062 1676 1111 est
1691 1049 1808 1113 nnllam
1822 1051 1869 1113 ho-

425 1133 1122 1214 toneetsliisGraecieseriptoribnsostendere3
1174 1138 1290 1205 minem,
1305 1145 1338 1195 nt
1353 1145 1436 1214 petet
1446 1157 1485 1198 ex
1497 1147 1561 1197 tots
1572 1136 1785 1218 disputetione
1795 1139 1868 1219 Ape

426 1223 558 1303 ideoque
583 1234 717 1284 vetustos
740 1224 918 1301 interpretes
943 1222 1069 1282 Latinos
1092 1231 1123 1280 et
1173 1222 1251 1281 stoli
1275 1222 1326 1282 Sic
1338 1222 1475 1284 Christus
1486 1224 1577 1285 Joen.
1594 1224 1641 1283 6.:
1658 1226 1774 1299 Omne,
1791 1223 1870 1303 quod

425 1310 537 1389 Syrum
549 1312 655 1370 merito
668 1308 952 1387 nonbsbuisseejus
967 1308 1121 1367 rationem.
1174 1310 1231 1367 dat
1253 1309 1331 1368 mihi
1353 1311 1469 1385 Pater,
1497 1309 1541 1369 ad
1567 1329 1616 1372 me
1643 1313 1760 1371 veriet.
1784 1308 1869 1391 Quod

425 1397 531 1458 Simile
565 1396 674 1457 sceldit
703 1397 733 1455 in
763 1394 874 1453 Latine
910 1395 1122 1483 conjunctione
1175 1396 1315 1454 continno
1329 1394 1367 1455 de
1383 1416 1513 1474 persone
1535 1398 1669 1476 exponit,
1693 1416 1763 1458 curn
1785 1398 1870 1477 snbji-

424 1486 594 1545 eru'muero.
613 1483 817 1560 Reprobatio,
833 1471 1120 1555 Greeeeuilertpetc,
1175 1484 1229 1541 eit:
1254 1483 1394 1557 Eleum,
1418 1487 1474 1560 qui
1489 1484 1577 1543 uenit
1592 1483 1635 1543 ad
1650 1502 1714 1559 me,
1730 1503 1801 1547 nost
1816 1486 1870 1560 eji-

425 1570 518 1631 idest
540 1569 707 1649 abrogatio,
730 1587 810 1647 quus
829 1567 943 1626 seilicet
961 1569 1123 1645 opponitur
1175 1570 1254 1627 eiam
1269 1568 1369 1645 [oras.
1393 1568 1469 1629 Item
1486 1590 1552 1649 esp.
1571 1572 1636 1629 12:
1653 1571 1726 1645 Eoo
1741 1574 1770 1631 si
1785 1571 1868 1633 ecol-

424 1657 623 1737 legisletioni,
643 1676 733 1736 quem
749 1653 857 1715 Greeci
873 1648 1053 1729 νομοθεσίαν
1069 1673 1119 1711 re·
1174 1661 1260 1713 tatur
1280 1654 1376 1731 suero
1392 1675 1412 1714 a
1428 1665 1526 1730 terra,
1551 1660 1662 1716 omnia
1686 1659 1815 1717 traham
1830 1656 1870 1717 ad

424 1754 503 1805 cent.
518 1743 669 1821 Nouergo
684 1742 867 1817 reprobatio
880 1740 916 1816 tlt
930 1739 1119 1815 praeoedere·
1173 1760 1223 1799 me
1242 1744 1357 1815 ipsum,
1379 1740 1409 1802 id
1432 1756 1485 1815 cst,
1508 1744 1638 1803 omnium
1661 1746 1800 1823 gentium
1821 1743 1868 1805 ho

424 1834 464 1891 his
479 1830 636 1904 mandati,
652 1828 681 1889 id
698 1829 861 1887 estretoris
872 1828 956 1905 legis,
967 1835 1120 1905 temqusm
1173 1829 1276 1887 mines.
1304 1828 1359 1887 Est
1381 1831 1461 1890 enim
1481 1840 1617 1890 neutrum
1632 1848 1739 1909 genus
1754 1833 1869 1911 spurci·

423 1916 560 1977 melseet
570 1937 588 1974 e
599 1915 677 1975 mulo
689 1914 758 1974 Deo
773 1912 936 1993 proiectae,
951 1915 1028 1972 sient
1038 1912 1119 1973 dixe·
1173 1932 1254 1973 mum
1270 1912 1309 1971 ed
1324 1916 1552 1976 universitatem
1568 1915 1809 1995 significandum.
1913 1978 1916 1983 ,

424 2013 495 2063 runt
508 2002 694 2077 Manichaei3
717 2000 767 2060 sed
792 2000 948 2078 ebrogstio
967 2010 1119 2079 tamquam
1217 2001 1417 2062 Introductio
1441 2020 1514 2063 uero
1540 2003 1683 2063 melioris
1704 2006 1790 2079 spei,
1815 2022 1870 2082 per

425 2094 622 2169 temporariae
636 2090 792 2159 duntexat,
806 2086 950 2158 infirmae,
965 2086 1079 2146 inutilis
1091 2094 1121 2145 et
1174 2106 1269 2164 quam
1282 2090 1506 2163 proximamur
1520 2089 1564 2148 ad
1579 2090 1695 2151 Deum.
1718 2090 1772 2151 Ex
1787 2110 1869 2172 supe·

424 2176 629 2258 imperfectae.
653 2174 744 2255 Quod
760 2174 919 2255 sequentis
935 2171 1097 2234 declarent.
1173 2175 1245 2233 riori
1260 2183 1346 2254 perte
1359 2175 1554 2256 repetendum
1578 2184 1626 2235 est
1639 2176 1789 2237 verbnmt
1816 2178 1870 2241 lsr-

467 2265 605 2341 Propter
625 2263 843 2338 infirmitatem
867 2266 933 2336 eius
948 2268 977 2321 et
993 2260 1120 2323 inutili·
1173 2263 1331 2321 traductio
1357 2280 1432 2323 vero
1459 2262 1496 2339 fit
1523 2264 1663 2323 melioris
1685 2266 1765 2341 spei.
1799 2266 1870 2344 Spes

424 2358 530 2411 tatem.
555 2351 727 2430 Abregetur
742 2348 791 2410 lex
802 2358 891 2410 votus
907 2356 1061 2426 temqnam
1077 2348 1120 2406 in·
1174 2347 1247 2408 alibi
1270 2369 1324 2429 pro
1346 2368 1379 2408 re
1400 2359 1523 2428 sperrts
1542 2351 1670 2429 ponitur,
1696 2350 1731 2411 id
1753 2360 1802 2413 est
1820 2370 1871 2434 pre

423 2439 516 2513 firme,
532 2438 589 2498 boe
604 2447 658 2510 est,
683 2439 829 2516 impotens
844 2435 883 2495 ad
896 2436 1120 2513 justificandum
1174 2434 1310 2514 object03
1334 2435 1383 2495 hic
1406 2456 1480 2497 vere
1499 2456 1553 2517 pre
1576 2456 1669 2497 esan
1690 2439 1761 2519 epei
1776 2440 1870 2520 pesile

424 2525 583 2597 hominem,
605 2526 697 2603 juxte
722 2521 803 2603 qnod
829 2522 941 2582 dieitur
965 2522 1049 2581 Rom.
1075 2525 1120 2581 8.:
1174 2521 1303 2596 videtur,
1318 2530 1351 2582 nt
1365 2542 1471 2583 sensas
1486 2526 1542 2582 sit:
1564 2524 1647 2584 Loeo
1663 2524 1871 2604 praeeedent'!

426 2612 517 2693 Quod
539 2610 729 2687 impossibile
750 2615 819 2667 erat
841 2610 911 2684 leet,
933 2610 969 2668 ia
990 2625 1052 2685 quo
1067 2610 1120 2668 irt-
1174 2609 1309 2669 mendsti
1334 2609 1535 2669 introducitur
1557 2608 1675 2691 aliquid
1696 2610 1794 2673 multo
1816 2630 1870 2675 me·

426 2699 621 2776 armabatur
639 2714 700 2772 per
722 2712 867 2769 earnem,
893 2696 979 2755 Deus
999 2695 1120 2756 Filium
1174 2695 1248 2767 lius,
1271 2714 1381 2774 nempe
1402 2695 1452 2756 lex
1477 2704 1509 2756 et
1530 2693 1734 2758 secerdotium
1758 2698 1870 2773 (iffi,

424 2802 517 2845 raum
538 2786 633 2856 misit,
656 2789 693 2842 ut
711 2781 895 2858 iustihcatio
917 2780 992 2857 lepis
1006 2781 1120 2855 imple·
1174 2802 1258 2862 spem
1271 2781 1357 2841 nobis
1370 2784 1565 2844 certissimam
1578 2781 1694 2844 leeiens
1708 2786 1868 2866 appropin-

425 2878 516 2932 retur
530 2872 565 2931 irs
582 2870 679 2932 nobie.
705 2867 793 2948 Quae
816 2868 969 2931 infirmitas
991 2887 1052 2928 non
1075 2885 1120 2926 so·
1175 2867 1289 2950 quendi
1314 2866 1353 2929 sd
1377 2869 1475 2930 Deum
1501 2888 1556 2951 per
1580 2887 1683 2932 rerem
1711 2870 1866 2950 justitian

426 2958 487 3018 lum
518 2965 583 3018 eret
611 2957 687 3036 legis
719 2955 856 3028 morulis,
894 2975 974 3035 quse
1003 2973 1121 3034 prsece·
1175 2957 1291 3016 Finitur
1313 2957 1344 3015 in
1359 2955 1415 3016 bue
1431 2967 1516 3037 perte
1538 2955 1690 3035 periodus,
1714 2959 1804 3038 euius
1818 2959 1868 3020 ini·

426 3055 487 3125 pts,
503 3042 557 3102 sed
574 3052 606 3104 et
621 3042 856 3113 caeremonialis,
871 3061 948 3122 ques
973 3041 1122 3102 sacrificia
1175 3044 1250 3102 tium
1272 3050 1339 3102 eret
1361 3043 1399 3102 eb
1422 3043 1481 3103 illis
1505 3042 1620 3104 serbis:
1643 3045 1680 3104 Si
1700 3045 1869 3108 tecum
1910 3109 1917 3120 ,

426 3129 644 3211 complectitur.
674 3127 711 3189 Id
735 3129 819 3207 quod
841 3129 1005 3210 Apostolus
1026 3127 1122 3187 tribue
1175 3129 1414 3190 similitudimem
1431 3129 1660 3191 Melchisedech.
1684 3129 1757 3211 Quo
1779 3133 1869 3214 αξη

426 3215 623 3297 sequentibus
647 3216 795 3295 capitibus
812 3235 850 3275 ex
866 3215 1002 3296 prolesso
1025 3213 1122 3274 docet.
1176 3224 1273 3276 eutem
1290 3224 1354 3276 tote
1368 3217 1521 3277 sententie
1544 3214 1677 3277 dilucide
1698 3217 1762 3292 tint,
1785 3217 1868 3280 etth

425 3305 502 3365 Item
530 3303 695 3383 abrogetur
719 3311 876 3381 temqnem
902 3301 1033 3379 inutilis3
1063 3320 1123 3361 non
1176 3303 1441 3382 argumentationis
1456 3302 1652 3383 Apostolicse
1662 3306 1867 3386 perspicietur,

426 3391 549 3472 quidem
572 3390 748 3470 simpliciter
762 3399 794 3448 et
809 3407 863 3468 per
885 3390 984 3450 omnis
1000 3386 1122 3460 inutilis,
1175 3397 1296 3470 prester
1309 3387 1393 3449 illem
1407 3399 1542 3469 purtem:
1567 3389 1776 3452 carmem
1789 3395 1867 3456 esth

427 3477 509 3557 qnod
535 3476 614 3537 ebeit
636 3476 751 3556 opineri
775 3473 813 3535 ele
836 3476 904 3556 lege
918 3497 937 3535 a
951 3476 1019 3535 Deo
1043 3475 1123 3550 lete;
1176 3484 1242 3548 cte,
1264 3474 1379 3554 deque
1395 3477 1658 3556 superinsmonui,
1678 3478 1774 3538 etiem
1788 3481 1868 3540 im

425 3564 537 3624 multae
549 3566 627 3625 enim
640 3562 761 3623 luerunt
773 3561 850 3642 legis
861 3561 1026 3636 utilitstes3
1042 3560 1124 3622 velut
1176 3562 1359 3643 proximem:
1374 3563 1462 3622 Nihil
1475 3565 1559 3624 enim
1571 3563 1615 3622 ad
1623 3564 1806 3642 perfectum
1818 3563 1867 3625 ad·

426 3650 506 3730 quod
524 3668 584 3726 per
608 3651 704 3725 leuem
721 3651 858 3724 counitio
878 3651 1011 3724 peceati,
1036 3650 1122 3708 Rom.
1176 3649 1268 3710 duxit
1284 3649 1345 3721 les,
1363 3651 1503 3710 convenit
1517 3648 1629 3709 includi
1644 3651 1831 3727 parenthesi.

428 3737 475 3812 3.;
491 3735 572 3816 qnod
586 3737 637 3796 lex
646 3736 852 3811 paedagogus
865 3735 967 3812 [uerit
974 3735 1018 3794 ad
1031 3735 1123 3797 Ohri·
1219 3735 1276 3795 Est
1291 3735 1382 3814 igitur
1403 3733 1478 3795 bsec
1493 3736 1731 3814 argumentatio:
1754 3739 1868 3800 &sue

427 3829 522 3898 mum,
546 3820 648 3883 Gslst.
665 3823 711 3896 3.;
736 3820 818 3903 quod
832 3841 891 3897 per
905 3823 1003 3898 leaern
1019 3822 1124 3881 aburr·
1177 3823 1253 3881 dum
1270 3821 1416 3882 ordinem
1433 3820 1651 3884 Melchisedech
1673 3827 1779 3900 surgit
1792 3825 1870 3886 aliut

429 3909 526 3969 dante
550 3916 680 3986 peceato
706 3909 981 3986 superabundavit
1005 3910 1124 3985 gratia,
1177 3907 1653 3985 sacerdos,qm·nomeeahdam
1667 3909 1869 3986 leucum

427 3995 512 4056 Bam.
534 3997 581 4071 b.;
608 3996 740 4074 deniqne
765 3995 848 4076 quod
874 3995 923 4057 lex
946 3995 1125 4075 Prophetics
1179 3995 1250 4054 dati
1264 3996 1404 4055 earnalis
1423 3995 1530 4072 sactus
1549 4002 1603 4070 est,
1626 3995 1681 4054 sed
1703 3997 1870 4061 eman
1901 4011 1906 4018 '

427 4080 527 4155 inerit,
544 4092 573 4142 et
588 4081 698 4142 Christi
714 4082 960 4162 preebgnrslive3
987 4080 1126 4142 videlicet
1179 4084 1328 4142 uirtutem
1344 4083 1430 4142 vitae
1451 4081 1631 4142 insolubilis
1637 4103 1649 4158 ,-
1673 4101 1751 4160 ereo
1766 4101 1872 4162 repre·

427 4167 575 4230 umbram
603 4168 719 4228 habens
743 4169 930 4246 futurorum
958 4170 1125 4241 bonorum,
1181 4169 1266 4228 batia
1288 4169 1324 4245 fii
1346 4170 1567 4244 praecederetis
1589 4170 1751 4246 mandati,
1775 4173 1872 4235 iceles·

429 4255 510 4315 sient
530 4251 607 4314 infre
628 4253 738 4313 dicitur
762 4274 829 4334 eep.
848 4258 896 4316 10.
912 4266 944 4314 et
958 4256 997 4315 ud
1014 4253 1079 4315 Ool.
1097 4259 1125 4314 1.
1179 4255 1286 4315 ductio
1308 4272 1382 4314 vero
1404 4256 1545 4316 melioris
1558 4256 1633 4332 spei.
1661 4255 1721 4316 Ubi
1736 4253 1871 4330 videri.

431 4338 493 4402 see
508 4350 609 4401 temen
620 4339 738 4400 inutilis
750 4339 919 4421 fnitqnosd
931 4343 1066 4402 effer-re.
1079 4341 1125 4419 jn·
1180 4340 1263 4422 quod
1277 4342 1311 4402 B.
1328 4340 1463 4403 Thomas
1486 4341 1667 4416 observavit,
1691 4343 1870 4406 antecede!

427 4427 627 4499 stilicetionis,
644 4443 732 4505 quem
745 4446 801 4486 nec
814 4448 869 4506 per
884 4439 1055 4507 praecepte,
1070 4435 1127 4486 n'ee
1180 4426 1298 4488 duebus
1321 4428 1453 4507 pertibus
1477 4437 1622 4499 cunctere,
1645 4447 1727 4506 quse
1751 4429 1870 4492 entitb

429 4533 484 4594 per
499 4515 646 4575 sscrifieis
661 4522 817 4591 praestare
832 4516 937 4593 potnit.
953 4515 1042 4574 Hune
1057 4533 1124 4574 son·
1179 4516 1235 4577 eim
1256 4516 1334 4576 inter
1357 4534 1390 4574 se
1404 4513 1552 4591 bubeent3
1574 4512 1712 4576 similiter
1727 4527 1760 4578 et
1774 4533 1869 4580 eum

429 4620 496 4662 sum
513 4600 627 4683 probet,
652 4595 733 4680 qnod
748 4601 899 4678 seqnitur:
1180 4621 1286 4684 quens,
1309 4603 1352 4661 its
1365 4610 1399 4661 nt
1414 4601 1495 4680 prior
1509 4620 1578 4683 pers
1601 4604 1818 4682 consequentis
1830 4619 1869 4664 re·

474 4689 522 4746 19.
546 4687 635 4750 Nihil
657 4687 741 4747 emim
765 4685 808 4742 ad
827 4686 1004 4763 perfeetum
1021 4688 1126 4747 addu—
1180 4689 1330 4769 spondeat
1344 4689 1436 4769 priori
1452 4690 1532 4767 perti
1547 4687 1764 4765 entecedentis,
1780 4697 1869 4772 etpo-

428 4774 477 4832 ut't
497 4773 555 4835 lere.
588 4774 706 4836 Graece
722 4777 753 4829 et
766 4771 905 4848 Syriuce:
932 4774 1019 4832 Nihil
1043 4778 1125 4836 enim
1180 4777 1287 4836 sterior
1298 4775 1466 4855 posteriori.
1483 4776 1557 4836 Nem
1569 4794 1609 4836 ex
1620 4793 1663 4848 eo,
1680 4775 1763 4857 quod
1774 4781 1870 4857 surget

426 4858 561 4935 perfecit
583 4861 646 4934 les,
672 4855 703 4919 id
718 4865 771 4929 eet,
793 4856 831 4916 td
848 4857 1058 4937 perlectionem
1075 4860 1126 4922 eel-
1180 4883 1276 4924 novus
1293 4860 1441 4932 smerdes,
1457 4864 1510 4942 qui
1526 4883 1587 4923 nen
1598 4861 1767 4925 secundnm
1779 4863 1869 4944 leg·

428 4939 524 5004 duxit.
547 4944 780 5024 Perfeetioaem
805 4953 904 5004 entem
924 4944 1059 5028 intellige
1074 4968 1125 5009 ve·
1180 4950 1314 5011 mandeti
1328 4948 1458 5010 cernelie
1472 4948 1568 5010 fectus
1579 4949 1627 5020 sit,
1643 4950 1784 5030 sequitur
1797 4949 1870 5013 illas

425 5045 491 5090 rem
510 5029 672 5108 justitium,
696 5046 776 5109 quse
802 5031 956 5092 constituit
977 5032 1127 5098 hominem
1182 5038 1259 5117 legis
1281 5035 1414 5098 abolitio.
1436 5037 1478 5097 Et
1492 5055 1531 5099 ex
1552 5054 1597 5111 eo,
1619 5035 1703 5118 qued
1724 5037 1823 5102 lectus
1835 5035 1871 5098 d
