4442 5825
795 592 959 648 fflsrotau
975 594 1015 649 tu
1032 592 1197 648 mmuh
1231 591 1316 647 VB.
1332 592 1357 646 d.
1374 593 1400 646 l.
1737 601 1808 669 141

361 767 437 830 modi
461 767 583 831 ridetur
604 770 748 852 intelligi:
770 769 875 830 licebit
895 769 953 831 hac
967 776 1056 850 parte
1107 770 1204 830 minat
1224 768 1337 829 Filium
1360 766 1441 829 Dei?
1469 768 1548 831 Item
1570 767 1720 851 quomodo
1743 769 1808 831 aino

362 856 446 915 eimul
462 864 626 938 utrumque
640 877 737 938 genua
753 857 921 938 complecti,
942 867 973 916 ut
990 877 1054 918 een·
1107 856 1289 936 genealogia
1311 875 1376 915 cum
1399 855 1491 935 longa
1513 858 1591 918 aerio
1614 876 1681 918 eam
1697 857 1808 918 deeorie

360 962 403 1003 me
418 945 477 1003 eit:
503 942 600 1023 Oujue
614 965 670 1004 nec
685 953 780 1025 pater,
801 964 857 1005 neo
872 953 976 1019 mater,
999 963 1055 1004 noo
1107 943 1182 1004 hant
1195 942 1370 1007 Matthaeus
1386 951 1416 1003 et
1430 943 1548 1021 Lucae,
1571 963 1626 1005 uec
1641 943 1807 1007 meandum
1886 946 1888 949 ’

360 1031 475 1090 omnino
501 1033 632 1112 majorne
660 1041 714 1092 eut
739 1033 851 1111 posteri
880 1033 985 1110 ecripti
1011 1030 1054 1090 le·
1107 1038 1245 1090 naturam
1274 1032 1461 1109 superiorem
1491 1029 1672 1110 genealogia
1698 1039 1808 1103 careat,

360 1126 476 1196 guntur.
1108 1118 1160 1198 qui
1189 1124 1302 1196 petrem
1333 1115 1448 1178 habet?
1495 1115 1585 1176 Multi
1615 1117 1808 1197 respondent,

395 1204 508 1281 Neque
529 1206 660 1264 initium
676 1205 812 1278 dicrum,
835 1222 936 1281 acque
958 1202 1055 1279 {inem
1108 1203 1262 1265 (lhrietum
1284 1221 1352 1264 oeae
1382 1206 1449 1265 eine
1475 1213 1576 1284 patre,
1606 1205 1672 1265 eine
1702 1213 1807 1278 metro,

361 1295 439 1350 citae
461 1291 590 1352 hahent.
613 1291 762 1352 Videlicet
783 1293 814 1350 in
829 1290 999 1370 Scripturie,
1022 1296 1056 1349 ut
1109 1288 1192 1371 quod
1207 1297 1293 1371 patre
1307 1298 1407 1351 eareat
1422 1290 1584 1351 eorundum
1600 1298 1737 1352 naturam
1752 1291 1806 1355 hu·

360 1377 469 1436 dietum
492 1387 548 1437 eet.
574 1379 651 1438 Nam
667 1377 823 1456 Scriptura
844 1376 882 1437 de
897 1377 1054 1436 Melchiee-
1108 1396 1237 1449 menam,
1259 1384 1355 1438 metro
1376 1375 1542 1439 eorundum
1565 1376 1707 1438 divinam
1730 1378 1806 1439 Item

361 1464 429 1525 doch
445 1464 586 1545 loquene,
610 1485 675 1536 nec,
695 1464 817 1544 qnando
832 1473 922 1523 natue
938 1465 986 1535 eit,
1009 1481 1054 1522 re
1108 1464 1174 1524 eine
1200 1463 1396 1543 genealogie,
1423 1461 1504 1545 quod
1518 1453 1584 1527 'nec
1610 1463 1716 1526 diviua
1741 1464 1807 1544 ojua

360 1551 417 1622 lert,
432 1571 502 1622 nec,
517 1550 637 1632 quando
648 1560 792 1610 mortuue.
809 1551 874 1611 Imo
886 1551 1057 1611 nativitatie
1107 1552 1265 1630 generatio
1279 1559 1379 1611 mente
1395 1549 1607 1631 comprehendi
1623 1552 1728 1633 poenit,
1750 1569 1806 1613 nec

361 1649 384 1697 et
396 1640 505 1698 mortio
517 1639 585 1717 ejue
595 1640 716 1698 omniuo
728 1659 788 1698 non
802 1638 947 1697 meminit.
964 1635 1056 1715 Quod
1109 1637 1241 1697 humana
1255 1657 1311 1718 per
1324 1649 1463 1698 ceturam
1478 1639 1630 1716 coguoeoi,
1689 1694 1693 1698 .
1801 1682 1805 1691 -

361 1745 426 1786 vero
439 1724 652 1786 Tertullianue
663 1725 721 1785 eub
732 1725 823 1785 finem
840 1724 909 1783 libri
921 1722 959 1782 de
970 1743 1055 1803 prae·
1152 1723 1195 1783 At
1223 1744 1296 1785 vero
1327 1723 1504 1805 Apostolum
1537 1723 1613 1786 hece
1640 1730 1807 1805 apectreee,

362 1813 470 1960 to
487 1811 1056 1976 terreitzttztit
1108 1811 1807 1979 trrrezetffltrierrtrtrlt:

462 1944 470 1957 ·
841 1941 852 1972 r

362 1987 600 2062 comprehensae
614 1990 655 2046 eit
669 1994 727 2046 cat
742 1985 966 2062 comprehendi
977 2003 1054 2060 por·
1108 1983 1221 2045 liariter
1242 1985 1274 2044 in
1295 2004 1339 2058 eo,
1363 1984 1443 2065 quod
1466 1993 1514 2046 eet
1535 1987 1600 2047 eine
1622 1996 1716 2066 patre,
1742 1986 1808 2047 eine

362 2077 404 2148 ait,
426 2071 468 2132 ed
491 2092 553 2133 rem
574 2093 630 2153 per
651 2071 875 2133 hlelchieedech
896 2070 1054 2132 adumbra·
1107 2079 1210 2143 matre,
1231 2072 1296 2132 eine
1317 2071 1516 2152 genealogia,
1538 2072 1592 2133 aad
1608 2073 1640 2133 in
1656 2093 1701 2145 eo,
1725 2069 1808 2154 quod

363 2168 424 2233 um,
440 2158 472 2219 id
490 2168 539 2219 eet
555 2159 764 2231 adchrietum,
779 2159 901 2240 proprie
917 2160 1053 2237 pertinet
1108 2177 1166 2218 nec
1180 2159 1297 2220 initium
1320 2158 1435 2219 dierum
1457 2157 1557 2233 habet,
1579 2179 1637 2220 nec
1656 2159 1746 2220 finem
1761 2159 1806 2221 ri·

396 2248 602 2308 Aeaimilotua
621 2255 727 2308 nutem
748 2247 835 2308 Filio
850 2248 922 2319 Dei,
947 2252 1056 2306 monet
1107 2252 1176 2321 tee;
1202 2265 1255 2325 per
1280 2245 1339 2306 hoc
1361 2246 1439 2305 euim
1460 2245 1624 2315 aeternitas
1649 2244 1807 2307 manifecte

363 2333 501 2394 merdor
522 2337 780 2412 inperpetuum.
810 2331 985 2393 Aheolritur
1005 2333 1056 2392 hic
1107 2330 1305 2411 eignilicatur.
1325 2332 1370 2393 Ut
1393 2339 1494 2392 autem
1512 2331 1670 2411 Scriptura
1682 2332 1806 2407 Melchi-

364 2419 501 2500 periodus
523 2420 664 2481 inchoata
679 2419 719 2480 ab
734 2420 817 2480 initio
841 2421 957 2498 cepitis.
980 2418 1053 2481 Mel·
1107 2417 1219 2480 eedech
1249 2417 1470 2492 introduceret,
1499 2437 1556 2479 uec
1584 2419 1720 2492 initium,
1749 2437 1808 2481 nec

364 2507 518 2568 ehioedeoh
541 2508 735 2567 assimilatum
750 2507 832 2567 Filio
847 2507 904 2567 Dei
919 2506 1054 2567 nonnulli
1108 2505 1196 2566 ficem
1222 2507 1304 2566 ritae
1330 2504 1506 2579 habentem,
1536 2509 1668 2586 oportuit
1691 2515 1808 2587 petrem

364 2594 542 2674 intelligunt,
558 2594 647 2676 quod,
662 2594 895 2675 praetoremnia
907 2594 1053 2672 jamenu·
1108 2593 1183 2672 ejus,
1203 2601 1234 2654 et
1248 2601 1380 2667 matrem,
1402 2602 1434 2654 et
1447 2610 1545 2672 goutte
1560 2594 1662 2653 taceri
1685 2591 1765 2654 Nam
1780 2592 1827 2654 d'

363 2691 480 2756 morata,
497 2684 589 2742 etiem
602 2683 703 2741 vitaet
714 2681 882 2742 actionibus
895 2681 958 2740 enh
968 2678 1053 2741 chri-
1107 2679 1213 2740 horum
1235 2679 1401 2762 quidquam
1424 2677 1575 2761 proditum
1596 2678 1718 2753 luieeet,
1740 2679 1806 2758 jam
1830 2760 1831 2763 Ἴ

362 2778 430 2828 ouum
447 2768 510 2828 Dei
524 2768 639 2829 Filium
653 2770 843 2848 expreeeerit.
866 2767 962 2847 Atqui
976 2769 1054 2828 reri·
1108 2766 1165 2828 hoc
1180 2767 1247 2846 ipro
1259 2765 1420 2840 diceretur,
1435 2785 1502 2828 eum
1514 2786 1575 2829 non
1586 2785 1651 2828 eaeo
1665 2766 1805 2848 principii

361 2856 482 2918 rimiliua
497 2863 553 2928 eet,
577 2852 757 2935 Apostolum
779 2853 820 2915 ad
838 2855 995 2934 superiora
1008 2874 1052 2915 re·
1107 2862 1137 2915 et
1151 2852 1220 2915 tinia
1236 2863 1400 2938 expertem.
1415 2852 1516 2916 Sentit
1526 2855 1618 2935 igitur
1630 2853 1805 2935 Apoatoloe,

360 2947 488 3023 rpieero3
504 2946 594 3023 quael
609 2942 700 3017 dicat,
716 2946 747 3004 in
759 2943 824 3003 illie
835 2941 973 3002 omnihus
987 2962 1053 3002 enm
1105 2961 1159 3021 per
1174 2940 1249 3003 haec
1262 2944 1362 3003 omnia
1375 2943 1493 3004 ellentio
1509 2960 1679 3022 auppreeea,
1702 2949 1803 3022 quate

357 3032 486 3108 geeeiaae
515 3029 641 3109 liguram
672 3039 702 3090 et
729 3028 957 3089 similitudinem
982 3027 1053 3089 Filii
1105 3048 1164 3089 uua
1193 3029 1329 3089 eerviunt
1367 3031 1540 3090 aeternitati
1575 3027 1806 3109 eignilicandae,

358 3116 418 3177 Dei.
443 3115 636 3179 Relelluntur
656 3117 714 3178 hac
735 3125 830 3197 parte,
852 3117 905 3196 qui
926 3114 1052 3176 Melchi·
1105 3114 1332 3177 llelehieedeclr
1360 3116 1538 3196 praetulieee
1562 3116 1592 3175 in
1619 3135 1653 3176 ae
1677 3115 1804 3195 figuram

356 3202 463 3264 sedech
487 3201 630 3265 dixerunt
651 3221 718 3265 eeoe
740 3202 849 3264 Filium
872 3203 939 3263 Dei.
974 3202 1053 3262 Nam
1106 3199 1219 3261 (lhrieti
1240 3203 1361 3262 aeterm.
1384 3201 1556 3263 Notandum
1579 3201 1678 3264 obiter
1693 3201 1803 3272 adver·

358 3288 525 3368 quomodo,
561 3293 589 3351 oi
627 3301 707 3352 creet
742 3292 800 3350 Dei
828 3289 940 3362 Filiae,
977 3292 1051 3350 aoei-
1104 3307 1157 3349 oue
1172 3287 1302 3348 Ariauoe
1316 3288 1524 3368 Apoatolicum
1548 3287 1666 3369 dogma,
1689 3288 1804 3351 Filium

356 3376 477 3436 milatne
503 3374 650 3438 diceretur
675 3376 751 3437 Filio
777 3376 849 3436 Dei·
892 3375 983 3456 Quod
1006 3396 1051 3438 ee
1106 3375 1164 3436 Dei
1180 3393 1241 3435 non
1258 3373 1371 3435 habere
1394 3375 1583 3456 principium,
1606 3394 1643 3436 er
1659 3394 1719 3457 quo
1734 3394 1803 3436 ooo·

354 3464 472 3541 quitur:
501 3464 612 3526 Manet
628 3466 775 3526 aoccrdoa
791 3466 828 3522 in
847 3470 1057 3541 perpetrarem,
1104 3461 1182 3541 perit
1197 3480 1279 3539 aeae,
1302 3462 1374 3523 licet
1388 3462 1575 3543 principium,
1590 3472 1629 3535 et,
1644 3471 1676 3522 ut
1693 3460 1803 3526 Graeci

353 3550 487 3611 eimilem
503 3570 568 3612 cum
591 3551 798 3633 superioribus
815 3568 936 3611 aeneum
950 3550 1051 3612 habet
1103 3549 1268 3629 loquuntur
1292 3549 1350 3610 hoc
1375 3548 1458 3628 loco,
1485 3567 1607 3609 caueam
1633 3546 1754 3621 haheat,
1774 3569 1801 3614 ‚a

351 3633 437 3697 Sient
461 3638 542 3697 enim
562 3642 665 3718 patrie,
685 3660 722 3699 ac
743 3638 910 3709 matriaco
931 3639 1050 3717 meria
1103 3654 1165 3717 qna
1180 3636 1220 3694 eit
1234 3638 1363 3713 genitae,
1383 3638 1480 3716 ipsum
1496 3634 1614 3697 ecilieot
1628 3634 1758 3698 Patrem.
1794 3679 1797 3684 Δ

352 3742 462 3803 erpere
482 3720 590 3783 dieitur
610 3723 840 3796 Melchisedech,
864 3731 896 3784 et
916 3742 973 3785 nec
995 3725 1050 3786 ini·
1145 3723 1175 3783 4.
1198 3723 1377 3784 Intuemini
1391 3730 1508 3798 nutem,
1531 3730 1672 3801 quantur
1686 3725 1728 3784 eit
1741 3723 1801 3785 hie.

350 3811 425 3870 tium
440 3810 533 3882 vitae,
555 3829 612 3870 uec
635 3812 721 3873 finem
744 3810 862 3881 hahere,
884 3812 956 3891 quia
977 3811 1051 3873 nihil
1103 3810 1306 3871 Attentionem
1322 3813 1441 3883 excitet,
1463 3828 1555 3889 quum
1570 3808 1660 3879 dicit:
1687 3810 1801 3873 Iotae·

350 3894 461 3956 horam
475 3896 621 3978 acriptum
636 3906 696 3958 eat:
720 3898 764 3958 ita
784 3915 914 3957 monere
932 3898 1052 3959 dicitur
1101 3900 1193 3959 mini.
1220 3897 1371 3979 Quamvie
1393 3898 1471 3958 enirn
1493 3895 1645 3958 Graecum
1666 3898 1800 3971 verbum,

351 3982 546 4044 mardonio
557 3991 749 4060 perpetuam
762 3984 827 4044 aire
837 3986 874 4043 in
881 3990 1051 4045 artemam
1102 4002 1201 4063 aeque
1216 3994 1251 4043 ut
1260 3988 1408 4059 Latinum,
1423 3983 1555 4064 ambigui
1570 3984 1611 4044 ait
1624 3982 1719 4059 modi,-
1730 3990 1799 4046 eon*

352 4066 443 4146 (haee
463 4070 543 4131 enim
564 4069 712 4149 Apoetolo
734 4078 804 4130 eunt
825 4066 952 4147 eadem),
978 4072 1049 4152 quia
1102 4078 1204 4130 textuo
1224 4078 1324 4134 umen
1344 4071 1489 4133 aermonie
1511 4072 1724 4151 imperativum
1739 4091 1799 4131 ma·

350 4155 390 4218 de
404 4155 469 4217 tine
490 4155 649 4217 sacerdotii
672 4158 738 4237 ejuo
753 4155 827 4217 nihil
849 4157 992 4236 acriptom
1007 4158 1049 4218 in·
1101 4158 1150 4237 gie
1166 4157 1309 4235 poetnlat.
1331 4157 1419 4219 Unde
1434 4158 1579 4219 llraemua
1594 4158 1699 4218 vertite
1721 4176 1801 4220 coa·

351 4245 484 4305 venitur.
1101 4244 1246 4304 riderotc
1270 4242 1441 4306 Obeervant
1462 4247 1555 4306 etiam
1577 4244 1743 4307 Saeholdua
1769 4252 1803 4307 et

393 4329 459 4390 Hie
469 4330 535 4409 jem
550 4328 764 4411 quaerendum,
780 4349 841 4408 quo
857 4338 955 4409 pacto,
971 4349 1051 4411 queo
1102 4328 1243 4403 Galenus,
1265 4328 1414 4394 Graecum
1428 4328 1563 4409 deiopeia
1585 4332 1800 4396 echoleoticum

351 4414 391 4476 de
403 4414 631 4477 Melchioedech
655 4416 736 4477 dicta
754 4424 824 4477 eunt
845 4417 884 4477 ab
907 4436 944 4477 oo
966 4417 1050 4478 loco:
1102 4436 1169 4478 eaeo
1184 4416 1318 4491 rothum,
1343 4418 1509 4498 Theologie
1531 4421 1800 4494 accommodatum,

350 4505 420 4564 rinc
433 4511 528 4580 putre
542 4510 607 4576 etc,
628 4501 812 4585 applicanda
833 4504 894 4564 eint
908 4503 947 4564 ad
963 4502 1049 4564 (llari-
1101 4506 1155 4586 qui
1177 4503 1347 4583 scripturae
1367 4504 1532 4586 allegorice
1549 4513 1693 4567 tractant
1716 4504 1798 4584 Qnoe

350 4597 430 4650 unm
441 4590 502 4652 Dei
513 4589 636 4651 Filiam.
657 4590 736 4650 Nam
748 4588 899 4669 quomodo
913 4590 1051 4652 Chrietua
1101 4591 1192 4651 modo
1204 4591 1374 4672 Dionyeiue
1390 4600 1421 4652 et
1434 4591 1667 4672 Chryeoatomne
1690 4611 1727 4651 eo
1747 4611 1798 4653 vo-

349 4677 415 4738 eiue
429 4686 526 4757 patre,
541 4678 607 4737 eine
620 4686 724 4751 matre,
748 4678 801 4756 qul
817 4685 847 4737 et
862 4676 982 4737 Patrem
997 4676 1048 4739 ha·
1101 4677 1207 4738 cabulo
1236 4686 1366 4739 utuntur.
1404 4678 1484 4739 Nam
1508 4689 1539 4740 et
1564 4680 1596 4740 in
1623 4679 1800 4739 univercum

351 4761 404 4825 het
425 4764 465 4825 ab
487 4771 613 4824 aeterno
636 4762 799 4824 recundum
818 4770 958 4825 naturam
975 4763 1049 4826 diri·
1100 4766 1255 4839 eciontiae,
1278 4766 1404 4846 quaein
1418 4765 1501 4826 nuda
1515 4765 1652 4826 veritatis
1667 4776 1799 4826 contem

350 4870 430 4927 naue,
451 4858 483 4914 et
500 4850 631 4913 Matrem
653 4852 773 4929 aceepit
794 4850 824 4911 in
847 4861 981 4931 tempore
1003 4872 1047 4912 ea·
1100 4849 1235 4931 plutione
1260 4860 1426 4923 vereantur,
1446 4850 1626 4912 theoreticae
1648 4849 1799 4929 dicuntur,

351 4938 477 5004 nundum
504 4946 646 5000 naturam
668 4937 853 4998 humanam?
880 4936 1048 5018 Quomodo,
1101 4938 1134 4998 id
1150 4946 1195 4998 eet
1217 4936 1479 5019 contemplativae
1509 4934 1606 5015 Queri
1626 4955 1700 5018 ergo
1722 4938 1800 5001 dicit

347 5025 478 5107 inquam,
500 5026 571 5087 eine
588 5032 684 5105 patre,
706 5042 798 5106 quem
819 5025 982 5105 iprumhlc
996 5046 1048 5086 no·
1099 5022 1281 5105 Apoatoluar
1295 5024 1487 5086 Hiemeoom
1501 5029 1639 5084 exercete
1649 5024 1799 5100 theoriam
