4442 5825
769 434 934 491 merom
950 436 992 491 su
1009 436 1175 494 mustos
1208 436 1294 493 ms.
1315 441 1354 494 tt.
1373 441 1413 495 ts.
1731 449 1803 519 m

481 604 691 673 decimentur.
726 608 815 671 Unde
833 610 872 672 sd
887 613 1056 693 significan·
1110 616 1221 675 mortui
1244 623 1321 675 sont
1358 614 1500 696 Suggerit
1522 616 1602 679 idem
1624 617 1750 698 scriptor
1776 626 1806 679 et

462 712 614 755 numm
642 694 768 757 aliarum
790 716 887 759 rerum
909 718 1056 780 nusquam
1110 701 1199 762 sliam
1215 700 1402 774 solutionem,
1417 704 1699 764 utnominemortis
1714 705 1804 765 etism

390 776 490 861 hgimns
498 782 529 842 in
540 781 704 861 scripturis
714 781 792 844 hane
804 788 1057 865 comparationem
1109 787 1263 847 translatio
1275 788 1551 868 comprehendatur,
1569 809 1605 850 eo
1617 787 1699 870 qnod
1710 798 1803 851 trans

385 864 541 943 adhibitam,
560 868 639 928 sieut
652 869 775 929 alteram
799 870 838 931 de
852 890 943 931 arena
956 875 1053 933 maris.
1109 874 1181 933 latio
1196 873 1334 946 Henoeh,
1350 883 1491 954 respectu
1503 885 1686 937 caeterorum
1698 877 1802 937 viven-

383 950 521 1014 llseterum
536 955 667 1035 mystice
686 975 739 1035 per
760 954 863 1017 stollas
879 958 954 1018 cosli
970 960 1054 1039 spiri·
1108 961 1201 1033 tium,
1229 962 1318 1039 quasi
1333 979 1412 1019 mors
1429 960 1577 1040 quaedam
1593 961 1701 1036 luerit,
1728 964 1804 1041 quia

380 1038 461 1100 tuales
475 1050 527 1100 sut
541 1040 651 1101 electos
665 1040 807 1129 Abrahae
825 1040 903 1106 filios
919 1043 1055 1126 intelligi,
1108 1066 1162 1125 per
1176 1066 1244 1105 eam
1260 1048 1336 1106 inter
1351 1046 1484 1106 homines
1500 1065 1566 1108 esse
1580 1047 1679 1108 desiit.
1708 1047 1804 1109 Addit

335 1202 338 1207 Ι
378 1124 436 1187 ss'hll
455 1136 546 1187 vetat.
728 1154 733 1161 ·
1107 1143 1137 1191 et
1153 1134 1288 1205 tertiam,
1305 1132 1400 1210 quod,
1419 1134 1495 1193 sicut
1509 1135 1597 1193 unius
1613 1134 1803 1214 privilegium

329 1228 340 1249 ··
410 1213 453 1273 18.
474 1216 582 1277 Juxta
596 1212 689 1292 fldem
702 1214 847 1293 defuncti
861 1224 1054 1278 santomsscs
1106 1238 1164 1278 non
1181 1219 1308 1297 derogat
1323 1219 1384 1298 legi
1402 1221 1566 1293 communi,
1594 1223 1635 1281 ita
1649 1239 1704 1280 nee
1719 1222 1802 1299 cogit

375 1298 420 1359 Bi
454 1298 591 1362 Graece:
616 1301 796 1362 &eundum
818 1302 912 1379 fldem
932 1307 1054 1365 suenni
1105 1306 1214 1364 mutari
1231 1305 1322 1365 rerba
1336 1305 1413 1384 legis
1429 1315 1483 1365 aut
1498 1303 1667 1379 locutionis,
1683 1306 1801 1367 etiamsi

373 1392 432 1447 uss
444 1386 479 1445 bi
493 1404 611 1448 omsses.
649 1386 819 1448 Summaris
841 1388 980 1449 collectio
999 1400 1052 1465 est,
1104 1391 1363 1451 eintunivcrsalia.
1386 1391 1464 1451 Nam
1476 1392 1685 1452 universalitas
1696 1393 1728 1452 in
1739 1391 1800 1452 illis

374 1475 514 1533 tutiusne
537 1473 717 1553 singularem
740 1476 898 1536 materiam
914 1476 1050 1537 exhorta·
1104 1496 1222 1556 semper
1238 1476 1413 1556 intelligitur
1430 1477 1516 1538 salvo
1532 1478 1702 1558 privilegio.
1738 1477 1797 1537 Lo·

341 1558 456 1633 ,hia
494 1558 636 1621 Studium
655 1562 733 1621 euim
749 1561 888 1640 Apostoli
903 1569 964 1637 est,
990 1564 1049 1624 He·
1104 1582 1170 1623 eum
1182 1562 1292 1623 hahent
1304 1563 1361 1624 hae
1373 1564 1547 1639 solutiones,
1563 1584 1599 1625 ae
1613 1564 1718 1624 merito
1730 1573 1798 1624 sunt

329 1706 341 1717 ,
370 1640 461 1707 trem
477 1650 614 1708 excitare
639 1648 679 1708 sd
700 1647 771 1709 fidei
792 1652 1050 1726 perseverentiam
1104 1649 1323 1727 receptandae,
1338 1651 1365 1710 si
1381 1650 1600 1730 intelligamus,
1619 1648 1798 1729 Apostolum

371 1731 517 1881 alid
539 1742 672 1880 mprtspm.
706 1734 942 1882 {poemenem
964 1734 1050 1837 alias,
1101 1737 1242 1877 nnisepse
1257 1736 1340 1882 loqpi
1355 1737 1393 1881 dp
1416 1738 1470 1809 iis,
1497 1756 1622 1816 querum
1644 1735 1734 1798 fidem
1749 1755 1797 1796 su·

312 1890 337 1961 .·“
371 1902 410 1965 rh
441 1839 642 1968 Adoddorbledo
653 1840 1050 1986 ¹¹piersuudddlldiliaddireillde
1101 1841 1535 1987 prlllqdiliddtddtldaliornm
1548 1918 1601 1983 eat,
1615 1907 1795 1989 Apostolum

334 2056 337 2061 ,
370 1988 457 2054 ssltnt
470 1992 611 2074 exempla
624 2002 795 2054 sanctorum
818 2004 951 2074 patrum,
976 2016 1049 2078 quo·
1101 1996 1251 2074 respicere
1266 2004 1382 2055 tantum
1398 1995 1436 2055 ad
1452 2014 1518 2068 oos,
1544 1995 1582 2055 de
1604 1994 1713 2076 quibus
1729 2013 1794 2074 pro·

336 2104 347 2157 j·
368 2094 424 2138 sus
436 2076 525 2139 fidem
541 2099 609 2141 eum
630 2080 661 2141 in
677 2080 883 2160 superioribus
902 2101 1048 2143 commen·
1101 2082 1182 2141 xime
1191 2080 1421 2153 lueratlocutns,
1437 2080 1552 2142 seilicet
1560 2079 1598 2141 ad
1607 2080 1795 2160 patriarcbss

341 2182 350 2189 ·
370 2158 482 2239 deserit,
497 2185 579 2226 nnnc
588 2165 682 2237 addit,
698 2186 750 2228 eos
760 2168 934 2229 secundum
944 2169 1049 2245 fldem,
1101 2167 1324 2240 Hebraeorum,
1348 2167 1516 2240 Abraham,
1539 2168 1626 2227 Isaac
1641 2175 1672 2227 et
1686 2164 1795 2238 Jacob,

368 2244 496 2313 flotin
518 2250 596 2326 fide,
621 2253 788 2331 defunctos
807 2272 885 2332 esse,
910 2259 1050 2332 promis·
1102 2254 1175 2333 quis
1189 2252 1285 2313 solum
1300 2254 1347 2317 his
1363 2253 1455 2314 tribus
1477 2253 1574 2314 laetae
1596 2253 1715 2314 inerant
1728 2272 1794 2332 pro·

337 2336 495 2419 susas
508 2358 578 2400 ssoss
593 2342 744 2416 acceptis,
771 2348 805 2400 ut
820 2360 897 2422 qnae
912 2343 942 2401 in
958 2341 1050 2402 aliam
1100 2340 1266 2413 missiones,
1282 2339 1320 2401 de
1335 2340 1443 2421 quibus
1458 2341 1506 2400 hic
1521 2347 1567 2400 est
1582 2345 1797 2419 sermo,'qnum

371 2434 511 2486 errentur
525 2426 629 2488 sitam
664 2425 803 2487 Phraeim
822 2428 977 2506 Apostoli:
1003 2446 1050 2488 se·
1102 2427 1145 2486 ait
1172 2435 1401 2507 consequenter:
1428 2428 1501 2489 Nost
1527 2428 1661 2504 acceptis
1681 2441 1795 2502 repro·

341 2524 348 2529 '
374 2510 496 2575 'udum
516 2510 630 2592 Mem,
656 2532 693 2573 ex
713 2515 779 2594 ipso
795 2514 941 2592 Apostolo
962 2516 1048 2574 intor-
1101 2513 1309 2573 missionibus.
1331 2514 1410 2573 Nam
1426 2521 1455 2573 et
1469 2511 1576 2574 iisdem
1587 2522 1657 2573 ante
1667 2510 1795 2582 dixerat,

349 2588 513 2745 'moun
550 2598 629 2660 llam
651 2596 691 2659 ad
712 2600 797 2660 Rom.
817 2602 845 2662 8.
867 2621 921 2681 pro
942 2600 1050 2663 iisdem
1101 2618 1154 2660 eos
1169 2599 1336 2660 demoratos
1352 2599 1446 2660 inisse
1467 2601 1498 2660 in
1521 2608 1602 2661 terra
1625 2598 1796 2679 promissio·

350 2686 359 2743 .'
450 2730 459 2757 ,
485 2704 548 2747 esse
568 2686 742 2747 semenstrem
764 2705 911 2761 earnem,
936 2696 966 2747 et
991 2706 1051 2747 csse
1102 2686 1150 2746 nis
1171 2695 1323 2767 tamquam
1347 2688 1377 2747 in
1398 2686 1505 2747 aliena
1543 2685 1663 2746 Deinde
1684 2683 1723 2745 ad
1744 2702 1797 2746 eos

337 2810 341 2815 -
370 2770 524 2850 §eamq
540 2773 619 2845 item,
636 2774 1049 2850 esseseessssdumspirs'trsm,
1103 2774 1224 2852 proprie
1246 2774 1398 2855 pertinent
1418 2771 1472 2833 illa
1493 2773 1665 2851 sequentia:
1689 2770 1796 2849 Confl-

335 2862 468 2944 ''stssoe
490 2861 527 2922 iss
549 2861 674 2938 spiritus
710 2858 757 2920 Ae
778 2878 896 2921 rursum
918 2880 983 2941 cap.
1000 2863 1049 2922 14.
1103 2866 1220 2934 tentes,
1244 2863 1321 2938 quio
1339 2863 1504 2937 perecrini
1524 2867 1553 2921 et
1574 2859 1709 2937 hospites
1723 2863 1798 2918 sant

370 2941 492 3024 mom
506 2947 678 3027 llpistolse,
697 2948 869 3008 ”madum
883 2950 1049 3010 caritatem
1102 2965 1198 3025 super·
1213 2954 1354 3024 terrum,·
1382 2948 1469 3009 itan:
1499 2948 1534 3007 Si
1555 2947 1681 3023 quidem
1697 2947 1797 3022 ipsius

312 3049 326 3102 ,²-
365 3031 538 3112 cumbra,
569 3031 646 3094 dixit
662 3053 717 3114 pro
744 3053 795 3107 eo,
823 3036 905 3114 qnod
930 3043 992 3109 est,
1019 3035 1050 3093 in
1103 3028 1245 3114 (patriae)
1268 3036 1494 3108 meminissent,
1511 3033 1549 3092 de
1564 3051 1628 3110 qao
1643 3036 1796 3105 exierunt,

312 3171 316 3182 .
368 3120 481 3180 ssritste
508 3139 564 3181 sen
599 3139 667 3182 cnm
705 3121 831 3181 caritate
868 3122 1049 3182 conversari.
1103 3119 1260 3180 habebant
1294 3122 1404 3195 utique
1440 3127 1561 3194 tempus
1596 3118 1803 3194 emerenda,

312 3239 316 3286 t
365 3199 437 3286 Syre
456 3225 580 3286 qnoque
602 3207 702 3267 versio
723 3207 768 3267 sic
786 3206 893 3287 habet:
924 3210 967 3269 Iss
988 3208 1051 3284 fide
1104 3208 1190 3267 item:
1227 3207 1300 3267 Non
1330 3206 1542 3283 confunditur
1571 3206 1658 3267 Deus
1687 3205 1797 3266 vesun

312 3297 330 3360 ‘te
365 3291 478 3354 *emi
490 3301 566 3355 essnt
580 3295 761 3355 emersisti
1105 3295 1191 3354 Deus
1205 3310 1323 3354 eonem.
1345 3292 1442 3354 Juxta
1460 3293 1538 3353 hunc
1553 3291 1797 3352 commentarium

406 3377 560 3458 Quaerunt
580 3380 771 3460 interpretes,
799 3380 950 3459 quomodo
972 3377 1052 3440 dieat
1103 3379 1311 3440 nihilomnino
1334 3378 1406 3439 lacit
1428 3380 1479 3440 hie
1499 3376 1582 3438 loeus
1605 3375 1645 3438 ad
1659 3374 1795 3438 Henoeh.

319 3459 326 3466 ¹
369 3459 518 3546 Ιμοιιιι
534 3485 636 3527 omnes
650 3465 717 3527 illes
739 3475 872 3527 mortuos
895 3485 977 3540 ease,
1001 3467 1052 3547 qul
1105 3467 1203 3546 Quem
1218 3464 1341 3544 quidem
1360 3465 1600 3526 commentarium
1616 3464 1646 3526 S.
1662 3463 1797 3525 Thomas

312 3545 333 3622 ¹¹,
370 3551 527 3614 umulto
542 3559 613 3614 aute
627 3554 796 3632 scripserit,
812 3553 941 3615 Henoch
955 3561 1050 3614 trans·
1105 3554 1146 3612 its
1161 3551 1300 3625 adducit,
1318 3561 1351 3612 ut
1364 3550 1455 3633 plane
1470 3551 1630 3631 approbet,
1652 3570 1689 3611 se
1703 3548 1796 3611 Grae·

321 3643 355 3696 L·
366 3625 451 3701 fin
463 3639 573 3714 luisse,
592 3659 632 3700 ne
646 3639 762 3701 videret
776 3649 909 3700 mortem.
932 3639 981 3700 Ad
997 3638 1053 3698 boe
1105 3659 1206 3699 eorum
1221 3640 1407 3718 responsioni
1420 3638 1579 3719 praeierat.
1601 3636 1736 3697 Eundem
1751 3652 1797 3695 se·

368 3725 422 3786 'sss
441 3723 546 3788 eedem
569 3734 615 3788 est
633 3729 766 3788 omnium
788 3728 952 3808 responsio.
989 3724 1052 3804 Qui
1105 3733 1238 3804 quuntnr
1259 3726 1401 3799 Liranus,
1425 3723 1605 3803 cajetanus,
1631 3721 1798 3783 Titelmsn·

371 3805 483 3892 hat,
508 3811 638 3875 Henocb
663 3812 764 3875 adhue
788 3815 908 3886 vivere,
933 3832 970 3873 ex
994 3811 1053 3872 hoe
1105 3831 1179 3882 nris,
1196 3811 1389 3885 catherinus,
1405 3810 1585 3891 Gaignaeus,
1604 3808 1798 3880 Hasselsnus,

312 3929 323 3980 p
371 3891 611 3980 &menmium
626 3909 742 3980 petunt.
779 3899 840 3962 Sed
854 3899 922 3977 ejus
937 3898 1051 3979 opinio·
1105 3899 1220 3978 aliique
1245 3900 1433 3958 recentiores.
1468 3896 1585 3978 Quibus
1608 3917 1656 3956 ms
1674 3895 1801 3957 libenter

312 3985 323 4096 p
371 3979 412 4044 ὺ
434 3983 596 4048 lslsltstem
624 4005 718 4067 supra
746 3987 1052 4048 commonstravimus.
1107 3985 1249 4063 adjungo,
1264 3986 1380 4057 videns,
1397 4004 1462 4044 eum
1478 3985 1575 4045 textui
1587 3983 1716 4043 maxime
1731 4001 1798 4042 eon·

312 4107 324 4154 p
371 4061 470 4150 lhqse
497 4071 677 4145 ridendum,
711 4072 862 4151 quomodo
890 4071 940 4134 hic
968 4072 1052 4131 loeus
1107 4072 1219 4131 venire.
1254 4071 1330 4131 Nam
1346 4070 1428 4152 quod
1444 4070 1601 4149 objiciunt,
1622 4069 1800 4148 Apostolum

312 4173 322 4234 ‚²
373 4153 780 4240 1ϋμιιιοιὶιιιιιιιιιιιιςιιι,
825 4158 932 4221 Graeci
959 4158 1054 4219 verba
1107 4177 1168 4217 non
1183 4156 1222 4217 de
1237 4165 1356 4219 terrena
1377 4156 1565 4218 haereditate
1584 4157 1675 4237 loqui,
1695 4154 1748 4216 sed
1763 4153 1802 4216 de

312 4237 319 4322 l
375 4237 499 4322 Apostoli
514 4265 583 4308 eum
605 4247 785 4327 exceptione
807 4244 977 4326 intelligunt
998 4244 1055 4304 hoe
1108 4242 1246 4316 coelesti,
1276 4245 1307 4305 in
1333 4246 1419 4324 eujus
1448 4245 1673 4323 exspectatione
1699 4258 1801 4303 omnes

312 4325 320 4378 Ε
374 4329 464 4394 sodo:
489 4331 601 4396 Omnes
614 4333 724 4394 mortni
738 4341 825 4404 eunt,
851 4341 977 4411 excepto
992 4331 1054 4391 He·
1104 4330 1180 4412 jhsti
1209 4350 1301 4410 snpra
1330 4330 1404 4392 dicti
1433 4329 1565 4392 defuncti
1591 4338 1675 4403 sunt,
1703 4348 1742 4389 an
1771 4333 1803 4388 et

312 4473 316 4498 ,
375 4417 447 4490 sech.
462 4419 516 4502 qul
529 4429 652 4481 mortem
667 4440 728 4480 non
743 4418 827 4481 sidit.
851 4418 990 4496 Aequum
1010 4426 1056 4478 est
1109 4425 1261 4499 quatenus
1285 4416 1316 4479 id
1338 4437 1441 4479 rerum
1464 4420 1518 4491 sit,
1546 4412 1802 4496 exsequentibus

312 4579 314 4584 Ι
375 4503 453 4579 uim,
482 4505 568 4568 illum
602 4515 760 4585 exceptum
791 4504 935 4585 intelligi,
965 4524 1056 4583 quem
1110 4502 1301 4584 intelligetur.

373 4589 452 4666 saulo
466 4601 538 4656 snte
551 4592 620 4654 eliis
641 4593 742 4654 serbis
765 4592 877 4652 diserte
892 4592 1056 4671 exceperis.
1153 4592 1227 4651 Non
1238 4595 1371 4668 acceptis
1381 4589 1681 4667 repromissionibus.
1704 4586 1803 4648 Nimi-

370 4671 472 4742 ΗΜ
486 4678 729 4742 distributionem
753 4677 828 4739 iacit
851 4678 1056 4738 accommoda·
1110 4696 1175 4738 rum
1194 4679 1247 4749 iis,
1274 4697 1354 4757 quae
1369 4679 1407 4739 ad
1424 4679 1504 4758 ipsos
1520 4675 1620 4736 laetae
1636 4675 1753 4736 inerant
1766 4672 1804 4736 de

370 4767 435 4840 h,
460 4775 495 4828 ut
514 4783 623 4828 sensus
642 4767 694 4828 sit:
724 4763 851 4837 Omnes,
878 4766 930 4844 qni
948 4765 1058 4824 mortni
1111 4773 1191 4824 terra
1200 4762 1342 4825 chonam
1350 4766 1381 4825 in
1393 4764 1609 4841 possessionem
1618 4762 1802 4842 accipienda

367 4861 430 4916 ms
442 4871 482 4917 ex
496 4853 554 4931 iis,
580 4871 656 4937 quos
678 4851 744 4916 dixi
753 4896 762 4928 ,
783 4849 945 4916 secundnm
967 4849 1058 4912 fidem
1110 4851 1180 4913 Non
1193 4851 1349 4931 signifieat,
1366 4870 1418 4913 eos
1432 4850 1626 4933 promissione
1643 4848 1805 4913 hustrstos
