4442 5825
676 578 1078 638 uusommuneaum.
1105 552 1334 636 suess-n'
1658 590 1705 659 91

371 767 489 821 menae
510 759 621 839 quietis
642 779 679 820 ue
699 723 859 834 lelieitatis,
882 780 960 841 quse
993 729 1047 821 'irs
1070 761 1211 837 requiem
1232 775 1348 834 meum,
1368 755 1512 820 videlieet
1532 777 1568 818 ea
1588 759 1706 819 commi

371 848 502 928 reposita
517 847 613 908 estin
628 847 728 908 coelis.
1012 847 1134 907 natione
1147 844 1328 925 significans,
1344 844 1496 925 quandam
1507 844 1607 906 adhue
1621 846 1706 926 quie·

371 933 454 995 oscis
481 935 567 993 enim
588 933 727 1011 quodam
754 934 823 993 loeo
843 934 882 994 de
908 934 959 992 die
1012 941 1073 993 tem
1087 940 1200 993 restare
1223 930 1401 1012 sperandum
1420 931 1467 1004 iis,
1488 933 1520 993 in
1535 951 1613 1012 quoe
1628 952 1706 992 eom·

373 1038 395 1079 u
409 1021 464 1081 rie.
493 1021 596 1095 Dixit,
619 1019 757 1095 subaudi,
778 1021 958 1097 Scriptura,
1010 1020 1135 1080 minatio
1151 1039 1212 1079 nou
1226 1017 1316 1079 eadit.
1339 1016 1429 1078 Unde
1447 1019 1603 1098 sequitur:

372 1107 546 1168 testimonio
573 1108 683 1186 probat
702 1107 879 1167 mentionem
893 1107 958 1188 pri·
1056 1106 1084 1166 6.
1119 1107 1278 1187 Quoniam
1305 1123 1379 1182 erpo
1404 1113 1544 1181 raperent
1571 1106 1707 1167 introire

371 1194 476 1272 [uiatia
510 1195 624 1254 Letum
655 1204 754 1254 autem
776 1192 958 1274 Scripturas,
1011 1193 1165 1337 Ξνυεάσπι
1192 1194 1228 1253 ist
1257 1192 1358 1253 illum.
1392 1192 1559 1268 Superest,
1590 1191 1709 1254 Graece

371 1290 378 1339 t
400 1279 480 1342 Gen.
504 1282 543 1352 2.,
569 1301 630 1340 non
652 1281 737 1353 eitat,
764 1282 836 1360 quia
858 1279 960 1342 scribit
1034 1274 1223 1355 anselmae,
1240 1279 1443 1357 relinquitur.
1470 1278 1522 1340 sie
1537 1279 1615 1340 enim
1630 1279 1708 1340 infra

371 1368 409 1428 eis
424 1366 579 1427 literarum
594 1368 704 1447 peritis.
1012 1368 1100 1441 vertit
1115 1367 1183 1448 ipse
1198 1367 1362 1446 interpres:
1384 1367 1498 1442 Itaque
1512 1366 1709 1444 relinquitur

371 1456 520 1532 'quievit
531 1455 619 1514 Deus
630 1454 680 1514 die
692 1457 826 1530 septima
838 1454 877 1514 ab
890 1472 959 1515 om·
1011 1453 1226 1515 sabbatismus.
1270 1454 1417 1513 Erasmus
1446 1451 1627 1514 tententiam
1664 1454 1708 1513 itt

371 1541 599 1618 ›peribamie
615 1539 703 1620 Quod
716 1541 959 1620 supradixit21lt
1011 1539 1125 1601 reddit:
1154 1541 1365 1617 Posteaquam
1392 1541 1492 1616 ipitus
1516 1539 1600 1601 illud
1628 1539 1708 1600 reli-

371 1647 387 1687 u
403 1627 553 1705 operibus
568 1626 607 1687 ob
622 1630 821 1689 institutione
843 1627 958 1689 mundi
1011 1646 1108 1703 quum
1125 1633 1178 1702 est,
1195 1627 1320 1703 aliquos
1334 1628 1470 1688 introire
1484 1629 1521 1690 irs
1536 1645 1617 1688 eous.
1643 1628 1707 1688 lle·

371 1717 418 1790 tit,
443 1713 482 1775 ed
506 1712 631 1775 eundem
647 1713 726 1776 diem
741 1715 897 1795 septimum
913 1735 956 1775 re·
1011 1714 1134 1790 liquem
1154 1713 1289 1792 intelllge
1305 1733 1365 1794 ,per
1386 1713 1496 1775 bonam
1520 1715 1705 1776 eouseentie·

371 1816 417 1862 um
433 1811 486 1873 est,
502 1810 536 1861 ut
550 1810 634 1880 patet
644 1821 680 1862 ex
691 1801 757 1863 loeo
772 1802 958 1881 Seriptnrne3
1011 1820 1087 1874 nem,
1111 1820 1192 1881 quae
1210 1801 1275 1879 jam
1298 1808 1369 1860 ante
1393 1801 1467 1862 satis
1483 1802 1636 1882 explicate
1650 1806 1707 1875 est,

371 1910 380 1962 ·,
399 1895 438 1948 ut
452 1887 580 1948 alterum
595 1889 633 1947 sit
647 1888 771 1949 alterius
786 1887 958 1967 explicatio.
1012 1887 1063 1947 ubi
1078 1887 1271 1960 ostendimus,
1288 1886 1538 1969 quemadmodum
1553 1887 1583 1950 id
1600 1907 1707 1968 sequn-

371 1974 468 2036 teuim
476 1973 618 2035 Deusdie
627 1979 751 2056 septimo
765 1976 960 2055 complevisse
1011 1981 1060 2035 tur
1075 1993 1114 2036 ex
1128 1973 1230 2034 verbis
1245 1972 1410 2035 Davidieis.

371 2059 450 2143 prod
469 2059 591 2134 fecerat,
615 2063 686 2141 qnia
710 2062 855 2141 completo
871 2082 960 2142 opere
1054 2063 1098 2123 Et
1112 2063 1147 2135 ii,
1170 2060 1283 2139 quibus
1295 2061 1459 2138 prioribus
1472 2065 1708 2125 annuntiatum

371 2149 498 2229 puievit,
528 2168 585 2208 nee
610 2148 693 2209 eliud
720 2168 809 2228 snper
835 2148 957 2209 addidit
1012 2155 1065 2223 est,
1089 2166 1156 2209 non
1171 2151 1369 2209 introierunt
1383 2157 1516 2226 propter
1530 2149 1708 2211 inereduli·

371 2234 409 2296 tit
423 2233 567 2313 intellige,
590 2238 659 2315 qnia
683 2235 823 2315 deinceps
843 2235 958 2296 nullum
1011 2242 1115 2295 tutem.
1140 2233 1270 2295 Graece:
1296 2236 1341 2295 Et
1360 2238 1415 2312 qui
1435 2238 1529 2312 priua
1544 2236 1707 2313 evuuyeli·

371 2321 534 2402 pusleoit,
557 2321 638 2402 quod
652 2343 713 2382 non
737 2323 769 2381 iu
784 2323 885 2401 primis
899 2321 959 2382 illis
1011 2324 1076 2382 zeti
1095 2323 1240 2399 fueram,
1265 2321 1352 2400 qnasi
1374 2320 1472 2382 dieat:
1495 2322 1613 2403 Quibus
1636 2322 1707 2382 olim

371 2427 401 2469 ss
424 2408 512 2469 initio
527 2407 624 2481 laetis,
639 2419 698 2468 ent
714 2408 876 2469 seeundum
893 2429 957 2491 spe·
1010 2408 1221 2469 annuntiatum
1243 2405 1300 2467 init
1321 2405 1534 2486 Evangelinm,
1557 2428 1616 2491 quo
1639 2428 1706 2490 pro·

371 2503 419 2557 sut
443 2494 551 2556 saltem
571 2494 734 2556 seeundum
755 2494 907 2556 censalem
922 2516 958 2557 ae
1010 2495 1179 2555 mittebatur
1191 2495 1266 2575 ipsis
1281 2495 1399 2575 requies
1411 2496 1441 2555 iu
1456 2504 1537 2558 terra
1549 2495 1706 2569 Ohauaan,

371 2581 435 2643 lesu
459 2582 621 2655 rationem,
647 2584 854 2643 contineretur.
881 2583 958 2644 Nem
1011 2583 1153 2663 quoniam
1176 2581 1279 2642 iinon
1301 2580 1477 2644 introierunt
1498 2585 1531 2644 in
1552 2603 1617 2645 mm
1639 2603 1706 2663 pro·

371 2666 584 2741 orationales,
611 2687 686 2747 ques
709 2678 790 2730 creat
814 2669 958 2750 quotidie,
1010 2677 1077 2749 pter
1091 2687 1177 2729 suam
1192 2667 1439 2730 incredulitatem.
1495 2697 1504 2714 ·
1812 2725 1818 2734 .

371 2776 388 2817 n
415 2754 479 2815 illis
501 2753 663 2816 seeundum
690 2756 833 2837 speeiem,
864 2757 958 2818 mixta
1056 2759 1083 2816 7.
1107 2757 1226 2816 summ
1250 2757 1404 2817 sermtnot
1426 2757 1509 2819 diem
1528 2758 1708 2836 quondm.-

371 2861 488 2923 uxpore
496 2887 504 2916 ,
530 2860 740 2924 quaecumque
761 2842 800 2902 ab
827 2840 887 2902 illis
913 2841 957 2904 di·
1011 2843 1128 2919 Hodie,
1151 2844 1188 2903 in
1202 2841 1313 2903 Dauid
1328 2841 1472 2921 dicendo,
1493 2853 1566 2924 post
1579 2853 1706 2908 tertium

371 2928 554 3009 modum
578 2937 682 2989 exorta
697 2938 774 3003 suut,
795 2929 958 2994 seeundum
1011 2934 1169 3003 temporis.
1196 2931 1375 3006 Terminut,
1392 2929 1508 2994 Greeee
1524 2926 1631 3011 ὁρίζει,
1651 2933 1708 2994 de·

371 3015 566 3080 neemiuales
578 3016 609 3076 in
622 3014 682 3075 illis
695 3017 855 3078 latuerunt
873 3015 958 3097 Opus
1010 3018 1092 3096 finis,
1116 3023 1170 3078 ant
1189 3017 1353 3094 praefluit,
1377 3026 1412 3077 nt
1433 3019 1515 3100 apud
1533 3020 1706 3082 Ambrosia·

371 3102 610 3165 eensarvntionis
633 3120 741 3179 rernm,
764 3123 858 3184 aquo
873 3106 958 3167 Dans
1010 3125 1080 3165 unm
1094 3104 1213 3184 legitur.
1228 3104 1338 3184 Itaque
1352 3124 1458 3167 sensns
1473 3114 1525 3182 est,
1540 3107 1638 3169 Deum
1653 3116 1708 3168 sut

371 3208 425 3251 n
448 3198 562 3266 eetsat,
587 3210 648 3250 uon
669 3198 716 3252 est
737 3210 813 3273 opus
839 3211 956 3268 novum,
1011 3192 1197 3273 Seriptnram
1213 3198 1354 3266 sanetum,
1378 3201 1449 3272 post
1462 3202 1576 3256 tentum
1593 3204 1705 3275 tempe·

371 3278 513 3339 ttiuuttm
527 3278 641 3358 prioris.
1010 3279 1059 3351 ris,
1084 3285 1228 3358 qnantum
1243 3277 1330 3338 fluxit
1344 3297 1362 3339 a
1375 3279 1463 3342 Mosa
1478 3301 1574 3364 nsque
1589 3280 1629 3343 td
1644 3281 1706 3343 Da·

371 3362 435 3426 lam
451 3379 491 3425 ex
503 3364 560 3426 hoe
574 3365 640 3425 loeo
656 3361 780 3445 colligit,
797 3366 956 3429 abbatum
1010 3363 1121 3439 videm,
1143 3363 1201 3425 hoe
1215 3371 1269 3439 est,
1292 3373 1362 3443 post
1375 3368 1478 3428 annos
1488 3368 1617 3450 amplius
1631 3389 1705 3451 qua·

372 3453 544 3514 institutum
566 3452 604 3515 ab
622 3452 708 3513 initio
730 3452 841 3523 mundi,
862 3462 955 3536 atque
1010 3452 1193 3533 dringentes,
1215 3452 1324 3513 iterum
1347 3459 1478 3516 statuere
1494 3476 1530 3518 ae
1544 3456 1707 3537 designare

371 3540 578 3602 mationem
596 3539 678 3621 apud
692 3542 803 3621 primos
818 3540 953 3604 homines
1009 3538 1088 3601 diam
1128 3538 1277 3621 quendem
1320 3543 1537 3619 promerendae
1580 3545 1706 3624 requiei,

388 3626 499 3703 luisse,
522 3648 558 3688 eo
580 3626 662 3709 quod
684 3627 733 3687 hie
756 3628 955 3708 significatum
1009 3647 1102 3709 quum
1116 3628 1147 3689 iu
1157 3625 1287 3698 Davide,
1302 3624 1333 3687 id
1348 3637 1395 3688 est
1409 3649 1464 3709 per
1478 3628 1637 3707 Davidem,
1652 3640 1707 3693 aut

371 3722 417 3788 tet,
439 3711 574 3775 homines
591 3717 654 3795 jem
670 3714 740 3776 inde
763 3716 801 3776 ab
823 3717 909 3776 initio
924 3718 956 3778 in
1008 3717 1040 3775 in
1054 3715 1176 3777 Psalmo
1192 3712 1326 3788 Davidis,
1342 3713 1430 3777 dioit:
1446 3718 1559 3779 Hodie.

371 3821 393 3863 u
418 3801 539 3862 sabbati
561 3802 657 3864 inisse
679 3801 872 3863 introductos.
897 3803 953 3864 Ve
1051 3804 1139 3865 Siout
1153 3819 1254 3878 supro
1268 3800 1388 3863 dietum
1404 3811 1465 3865 eet:
1488 3805 1592 3868 Hodie
1606 3808 1634 3868 si
1647 3824 1706 3869 vo·

371 3887 507 3969 postolus
532 3889 605 3950 nihil
626 3889 687 3949 tela
710 3889 878 3968 signifieat,
901 3889 955 3951 sed
1008 3909 1072 3951 mm
1103 3893 1170 3965 ejus
1198 3887 1385 3964 audieritis,
1416 3893 1516 3953 nolite
1546 3892 1705 3955 obdurare

371 3983 443 4046 nem,
466 3975 548 4054 qnod
567 3974 724 4056 eujusdam
749 3978 873 4055 qnietis,
893 3996 954 4059 qne
1008 3976 1106 4037 eorda
1126 3983 1241 4037 vestro.
1263 3974 1386 4055 Repetit
1404 3978 1501 4039 verbe
1522 3978 1638 4042 Psalmi
1656 4000 1705 4044 su-

371 4061 534 4142 requiesit,
565 4065 595 4122 in
622 4082 659 4122 eo
685 4060 751 4122 loeo
779 4062 955 4143 Scripturas
1008 4083 1062 4143 pra
1078 4062 1178 4133 eiteta,
1194 4058 1303 4143 quibus
1318 4063 1423 4124 iterum
1436 4064 1633 4146 diesquidam
1648 4077 1706 4147 teu

371 4148 532 4224 ternomio,
560 4150 637 4210 sient
659 4168 751 4228 snpra
766 4170 785 4210 a
798 4151 884 4212 nobis
901 4150 952 4211 de·
1008 4149 1147 4225 minatur,
1162 4146 1307 4209 dieendo:
1331 4150 1444 4212 Hodie.
1466 4152 1527 4213 Sed
1543 4157 1706 4234 quaeritur,

370 4253 402 4295 m
425 4242 480 4294 est
508 4234 639 4315 Quando
661 4244 761 4296 antem
784 4237 954 4298 institutum
1007 4256 1095 4316 qnem
1111 4236 1192 4298 diem
1207 4240 1260 4294 ant
1275 4235 1358 4315 qnod
1374 4245 1489 4319 tempus
1504 4259 1542 4301 eo
1557 4242 1706 4303 venabulo

371 4320 534 4394 abbatum,
558 4331 588 4381 et
610 4322 759 4403 quomodo
782 4324 822 4383 sit
845 4325 952 4385 intelli·
1007 4322 1210 4403 significatum
1234 4321 1364 4383 voluerit
1378 4324 1546 4388 Psalmista.
1569 4328 1705 4409 Respon-

378 4408 578 4469 tsnetifleatio
600 4411 719 4490 septimi
740 4408 809 4481 diei,
833 4410 872 4473 de
894 4431 955 4490 qna
1008 4409 1072 4486 deo,
1094 4411 1173 4471 sieut
1187 4408 1321 4469 diximus
1337 4410 1368 4471 in
1384 4415 1514 4492 exposit
1538 4434 1602 4493 esp.
1618 4435 1704 4496 prae

371 4520 388 4568 .',
413 4495 597 4575 explicatum
620 4506 666 4557 est
681 4516 699 4555 a
714 4497 800 4557 nobis
821 4497 860 4557 ad
884 4498 951 4559 dist.
1007 4496 1081 4569 ted,
1101 4496 1211 4557 literali
1231 4494 1353 4575 quidem
1375 4517 1465 4560 sensu
1488 4509 1607 4582 tempus
1631 4499 1707 4562 illud

371 4629 373 4636 >
389 4584 418 4644 2.
433 4580 516 4643 Sent
1008 4582 1153 4664 intelligi,
1177 4602 1237 4663 qno
1253 4581 1356 4643 David
1371 4585 1451 4647 huno
1467 4587 1621 4649 Psalmnm
1637 4608 1655 4647 a
1669 4608 1705 4649 se

371 4668 453 4729 ltin
475 4670 535 4730 isto
553 4686 700 4731 turtum:
722 4672 757 4734 st
772 4672 952 4733 introibunt
1006 4673 1206 4751 compositum
1221 4670 1253 4731 in
1267 4678 1354 4730 eoetn
1376 4674 1497 4752 pnblieo
1512 4674 1550 4735 nd
1566 4674 1704 4736 exhorta·

371 4756 445 4815 um
462 4773 576 4816 meum.
600 4758 646 4816 Ao
660 4777 783 4831 rursum,
799 4758 905 4837 inquit,
920 4761 952 4821 in
1006 4758 1121 4819 tionem
1134 4757 1296 4821 Inatlitioi
1308 4759 1413 4838 populi
1429 4761 1582 4822 detentari
1592 4764 1703 4843 volnit3

371 4841 439 4904 elui
453 4841 531 4915 loeo,
553 4862 644 4924 quem
666 4852 838 4919 tractamus,
861 4844 951 4929 idque
1006 4852 1159 4907 eaeternm
1178 4867 1198 4906 a
1212 4844 1328 4925 Spiritu
1351 4857 1455 4908 saneto
1477 4848 1571 4909 verbe
1589 4849 1704 4926 Penlmi

371 4938 381 4991 t
401 4928 530 4990 suueuia
561 4928 600 4989 nb
621 4930 694 4991 orbe
717 4929 853 5002 tendito,
880 4931 951 4993 dieit
1005 4932 1309 5013 sietemperttaeese,
1322 4934 1702 5016 etsiveperellagoriem,

371 5033 407 5079 re
421 5034 461 5079 ex
474 5015 536 5079 Dei
549 5035 697 5099 persona:
719 5018 755 5083 St
769 5018 951 5083 introibunt
1004 5018 1072 5082 sive
1093 5038 1150 5102 per
1172 5016 1387 5097 extensionem,
1412 5020 1452 5092 ed
1474 5041 1578 5086 omnes
1599 5022 1707 5098 fidelen
