4442 5825
436 604 510 671 ⁶40
948 597 1230 653 nuenarianam
1248 598 1370 653 crnnr.

434 775 543 847 lunae,
566 772 645 831 sicut
660 771 717 832 Ina
732 771 825 848 solis3
849 780 878 833 ιι
901 774 958 834 lna
980 773 1054 834 solis
1069 778 1130 842 erit
1183 785 1300 856 tempus
1314 794 1458 855 praesens
1473 794 1528 856 pro
1543 770 1653 834 tuturo
1677 773 1792 854 posuit.
1818 773 1877 833 Ηι·

434 859 688 937 septempliciter,
703 861 783 919 eicnt
798 861 982 938 lnasrptem
995 861 1129 922 dierum.
1183 865 1263 923 bitot
1273 907 1283 937 ,
1312 861 1342 922 id
1369 872 1423 935 est,
1445 861 1620 935 habitabit,
1645 859 1745 942 idque
1768 880 1826 920 non
1847 857 1879 919 sd

479 949 572 1005 Porro
596 944 699 1005 dicens
722 947 884 1025 Apostolus
913 965 1033 1008 novam
1064 957 1130 1008 ter·
1183 959 1310 1028 tempus,
1326 947 1422 1009 sedin
1437 967 1554 1009 omnem
1569 949 1798 1019 aeternitatem,
1813 965 1879 1026 quse

434 1052 517 1109 rom,
542 1031 632 1092 simul
655 1052 763 1112 aquam
780 1035 845 1093 vult
867 1035 1004 1113 intelligi.
1043 1035 1131 1095 Haec
1183 1037 1468 1096 convenientissime
1498 1055 1553 1116 per
1590 1044 1720 1115 tempus
1751 1051 1880 1115 praeseus

435 1124 515 1182 euim
538 1120 598 1180 duo
618 1121 754 1198 proxime
782 1120 995 1181 elementorum
1010 1122 1131 1183 nomine
1183 1123 1378 1203 significatur.
1426 1123 1598 1185 Jesnnom
1642 1120 1793 1198 intelligit
1825 1138 1879 1200 pm

435 1205 713 1288 comprehenderat,
743 1226 822 1286 quae
846 1209 916 1287 igne
937 1207 1021 1267 velut
1035 1209 1129 1288 lique·
1183 1209 1302 1282 tectam,
1316 1209 1459 1289 velipsos
1478 1208 1619 1269 homines
1631 1207 1879 1289 periectsjustos

435 1294 517 1354 lecta
538 1312 643 1365 noves,
665 1301 758 1353 exuts
779 1302 938 1369 vetustate,
961 1294 1130 1376 qualitates,
1182 1298 1256 1358 Non
1270 1299 1353 1358 enim
1365 1295 1879 1374 illucintrabiioliqssidceinqsi·

436 1401 490 1442 ceu
514 1381 633 1453 formas,
654 1388 815 1460 acceptura
838 1384 907 1442 siut
933 1382 999 1442 Nec
1018 1382 1062 1443 bis
1078 1382 1129 1442 ob·
1182 1391 1307 1460 netum,
1321 1386 1415 1465 Apoc.
1428 1388 1478 1446 21.
1501 1383 1651 1444 Nominat
1662 1392 1771 1446 sutem
1782 1389 1879 1443 ιιιιι·

436 1477 511 1541 etat,
535 1466 617 1546 quod
640 1467 778 1528 Joannes
800 1469 831 1527 in
852 1469 1040 1550 Apocalypsi
1062 1478 1132 1550 poet
1185 1472 1240 1548 los,
1254 1480 1283 1531 ιι
1294 1479 1413 1532 terram
1427 1470 1634 1532 babitaculum
1643 1471 1811 1550 justorum,
1821 1468 1879 1549 quis

435 1554 532 1617 uerba
546 1554 637 1633 paulo
650 1563 720 1615 ante
734 1556 827 1615 citata
843 1564 1063 1635 consequenter
1077 1555 1130 1616 ad·
1184 1566 1264 1618 totus
1285 1557 1413 1619 mundus
1437 1559 1495 1618 erit
1508 1560 1667 1638 possessio
1694 1566 1727 1620 ιι
1750 1555 1878 1638 pulsem

433 1643 550 1723 jungit:
577 1642 620 1700 Et
638 1646 807 1716 mareiam
822 1661 891 1704 non
907 1651 958 1703 ιιι.
982 1644 1131 1725 Quamvis
1184 1654 1214 1706 et
1229 1665 1355 1725 regnum
1375 1644 1543 1706 electorum.
1578 1644 1677 1707 Unde
1694 1655 1727 1707 ιι
1741 1645 1776 1704 in
1790 1660 1878 1704 eorun

436 1749 472 1790 ea
498 1729 652 1806 Scriptura
676 1728 793 1789 Bedarn
825 1738 855 1789 et
881 1730 956 1790 alios
983 1729 1130 1810 quosdam
1185 1752 1311 1811 persone
1326 1731 1437 1793 dicitur
1448 1733 1543 1812 Apoc.
1557 1731 1605 1791 5.:
1621 1734 1668 1794 Ει
1684 1730 1877 1810 regnabimus

435 1815 562 1877 adduxit
583 1817 614 1874 in
634 1834 697 1875 cam
712 1817 901 1890 sententiam,
925 1825 959 1877 ut
980 1825 1131 1898 putarent,
1183 1826 1426 1896 superterram.
1448 1818 1498 1879 Ad
1512 1818 1595 1878 huuc
1611 1819 1744 1882 modum
1759 1817 1877 1898 loquitu

436 1902 615 1964 elementum
638 1921 738 1983 aquae
757 1904 789 1962 in
810 1905 914 1964 mnndi
937 1905 1132 1967 innovatione
1184 1906 1424 1967 etistustinus
1447 1914 1563 1985 martyr
1585 1906 1621 1967 in
1642 1903 1876 1987 quaestionibus.

435 2008 558 2072 prorsus
571 1991 768 2050 interiturum.
785 1990 863 2064 Non,
877 1993 1008 2071 inquam,
1021 1993 1131 2064 obstat,
1184 1992 1263 2052 Nam
1279 1993 1360 2073 quod
1376 1993 1496 2075 quidem
1519 1991 1615 2052 illud:
1640 1996 1679 2055 in
1696 1993 1821 2073 quibus,
1839 2009 1875 2050 ιι

436 2079 508 2160 quis
529 2094 589 2136 non
612 2076 685 2137 dicit
700 2077 845 2153 Joannes,
868 2097 979 2158 aquam
994 2101 1053 2140 non
1069 2099 1130 2140 am·
1183 2080 1283 2140 ferunt
1305 2081 1361 2141 ad:
1379 2083 1547 2157 promissa,
1574 2078 1631 2140 alii
1657 2100 1736 2144 vero
1758 2074 1876 2141 nonnulli

436 2163 518 2246 plius
534 2163 672 2237 futuram,
687 2164 740 2224 sed
757 2184 847 2240 mare,
864 2166 893 2224 id
910 2175 1014 2245 estet
1028 2167 1131 2246 Angu—
1184 2167 1223 2227 ad
1242 2167 1384 2229 verbnm:
1400 2174 1627 2244 exspectemus,
1651 2169 1760 2229 minus
1782 2164 1875 2226 obsiss

435 2256 531 2315 stium
547 2254 669 2331 exponit
683 2251 734 2312 lib.
754 2253 804 2311 20.
821 2251 858 2312 de
874 2253 955 2312 civit.
979 2256 1045 2327 Dei,
1065 2273 1131 2331 cap.
1184 2263 1253 2314 eunt
1269 2256 1482 2335 expositiones,
1498 2254 1636 2335 mihique
1652 2275 1719 2315 non
1730 2249 1876 2315 mmotm

438 2343 498 2413 16,
519 2338 577 2399 boc
599 2340 758 2399 saeculnm
775 2342 844 2399 vita
858 2343 1043 2401 mortalium
1060 2349 1132 2400 ιιι·-
1185 2341 1362 2422 probabiles.
1393 2342 1505 2402 Nostra
1528 2360 1761 2403 senecensem
1775 2348 1820 2402 ιιι
1839 2338 1877 2411 iit,

437 2427 598 2489 balantum
623 2435 653 2486 et
673 2428 881 2504 procellosum
891 2472 901 2501 ,
927 2429 1011 2504 quod
1033 2430 1133 2488 maris
1185 2448 1265 2508 quae
1288 2429 1391 2489 scribit
1411 2429 1533 2490 Jeseiss
1557 2447 1626 2508 cap.
1652 2429 1727 2502 65„
1750 2426 1803 2488 ubi
1822 2430 1877 2506 pud

436 2517 566 2577 nominc
581 2513 744 2590 figuravit.
760 2513 827 2588 Vel,
840 2522 873 2572 nt
885 2514 1007 2594 qnidam
1020 2516 1132 2586 volunt,
1187 2517 1411 2594 promissionem
1435 2513 1511 2575 coeli
1530 2518 1603 2575 novi
1619 2523 1652 2576 ιι
1666 2524 1771 2576 terrae
1786 2530 1877 2583 nossa

436 2620 520 2664 mare
535 2601 699 2662 secundum
718 2602 816 2675 situm,
839 2620 926 2682 quem
949 2622 1026 2661 nunc
1042 2601 1134 2661 babet
1185 2605 1228 2662 ita
1258 2601 1376 2664 subdit:
1416 2599 1599 2663 doudecim
1629 2609 1661 2662 ιι
1693 2599 1878 2664 muntiis

435 2691 467 2752 in
492 2689 650 2766 univers03
677 2698 710 2749 ιι
736 2687 922 2769 significetur
948 2708 1030 2749 mare
1056 2686 1131 2747 redi·
1185 2692 1333 2767 usquein
1354 2691 1581 2766 sempiternum
1598 2693 1634 2750 in
1649 2691 1713 2765 bis,
1736 2702 1876 2768 quassos

436 2785 537 2838 turum
560 2775 600 2835 ed
620 2776 720 2836 locum
742 2777 892 2849 universi,
916 2795 1006 2855 quem
1029 2775 1135 2834 babuit
1185 2794 1268 2850 creo,
1292 2775 1323 2835 id
1339 2783 1395 2847 est,
1413 2777 1443 2835 in
1459 2775 1543 2836 coelo
1557 2794 1639 2836 novo
1656 2787 1692 2837 et
1707 2783 1790 2837 terra
1802 2791 1876 2836 nost

435 2864 531 2937 initio,
558 2863 733 2943 priusquam
759 2879 860 2943 aquae
883 2870 1135 2943 congregarentur
1186 2864 1286 2944 Supra
1308 2882 1430 2944 quoque
1453 2860 1564 2924 dictum
1586 2871 1649 2938 est,
1674 2864 1709 2925 iu
1732 2863 1792 2924 bsc
1805 2869 1876 2944 parte

436 2953 469 3012 in
495 2953 577 3011 sinna
601 2950 765 3030 quosdam,
789 2959 823 3009 ut
849 2959 1008 3029 appareret
1030 2950 1133 3026 arida3
1186 2950 1358 3012 antithesim
1382 2969 1449 3010 esse
1471 2949 1511 3010 ad
1534 2969 1643 3029 opera,
1673 2970 1756 3033 quse
1780 2951 1811 3011 iu
1829 2948 1876 3009 ιιι

436 3056 518 3117 quoe
535 3041 793 3114 congregationes
808 3056 968 3114 aquarum
984 3037 1132 3113 appella·
1186 3046 1266 3099 terra
1284 3045 1362 3110 sunt,
1378 3036 1409 3097 id
1425 3045 1478 3112 ιιι,
1494 3035 1533 3097 ad
1548 3044 1688 3118 pcccsts.

437 3133 488 3186 tae
502 3129 704 3199 centonario,
721 3125 836 3187 Genl.
849 3125 906 3186 Vel
918 3126 1018 3204 potius
1032 3141 1131 3200 mare,
1232 3128 1280 3185 14.
1311 3126 1449 3201 Propter
1474 3123 1576 3202 qnod,
1605 3125 1786 3197 carissimi,
1811 3122 1875 3181 luet

437 3223 586 3294 qnatenus
601 3214 755 3293 impurum,
776 3231 917 3286 craesum,
930 3212 1053 3283 sabam,
1070 3220 1131 3271 tur·
1186 3218 1399 3287 expectantes
1409 3255 1419 3286 ,
1446 3214 1579 3287 satapite
1607 3211 1832 3284 immaculati,
1852 3212 1876 3266 ιι

436 3300 538 3361 bidnm
573 3309 603 3360 et
633 3300 808 3380 inquietum.
853 3299 931 3359 Nam
962 3295 1132 3376 hujusmodi
1186 3298 1335 3360 inviolati
1358 3300 1386 3357 ei
1403 3300 1544 3358 inveniri
1559 3301 1596 3358 in
1610 3316 1704 3374 pace.
1732 3298 1873 3372 Samniti,

437 3387 597 3469 qualitates
612 3389 771 3469 importare
786 3384 1057 3446 eoletvocabulum
1070 3404 1130 3444 ma·
1186 3385 1318 3447 Graece:
1346 3376 1560 3459 σπουδάσατε,
1588 3385 1730 3460 studete,
1759 3399 1875 3461 ιριιιιι

436 3477 498 3551 ris;
533 3473 663 3554 ideoque
686 3495 746 3534 non
768 3472 887 3547 dicitur,
912 3492 995 3532 msre
1020 3491 1132 3531 novum
1186 3473 1267 3532 date.
1291 3470 1376 3530 Idem
1389 3471 1511 3532 verbum
1528 3490 1593 3550 cap.
1613 3474 1640 3530 1.
1660 3473 1807 3532 vers.10.
1828 3470 1875 3530 In·

435 3560 587 3635 futurum,
612 3561 667 3622 sed
693 3559 885 3640 simpliciter,
910 3578 970 3620 non
997 3558 1132 3618 futurum
1185 3560 1314 3633 violati,
1339 3556 1472 3619 Graece:
1497 3548 1630 3635 ἄμωμοι,
1655 3558 1875 3635 irreprebensi-

437 3648 575 3729 amplius.
1186 3645 1269 3707 biles.
1289 3643 1386 3705 Vocat
1405 3652 1505 3705 autem
1524 3644 1681 3725 Scriptura
1696 3643 1876 3705 immacule-
1920 3641 1922 3676 ³

480 3734 576 3795 Addit
604 3736 732 3796 Petrus:
769 3734 939 3795 secundnm
973 3736 1132 3809 promissa
1185 3742 1233 3796 tos
1245 3740 1274 3792 et
1285 3730 1573 3809 irreprehensibiles
1585 3751 1647 3804 eoa,
1664 3734 1719 3814 qui
1735 3734 1795 3813 pie,
1804 3730 1876 3810 juste
1920 3799 1922 3804 ,

437 3820 501 3900 (rel
520 3818 725 3899 promissum)
748 3824 858 3898 ipsine,
882 3820 997 3881 scilicet
1019 3817 1133 3880 Christi
1186 3829 1217 3880 et
1231 3826 1335 3881 sancte
1349 3820 1470 3893 vivunt,
1494 3839 1513 3878 s
1532 3817 1732 3899 gravioribus
1746 3817 1877 3900 peccatis
1920 3807 1922 3880 l

437 3911 496 3972 Dei
520 3928 556 3969 sc
578 3910 709 3970 Domini.
740 3908 790 3970 Sic
812 3910 891 3968 enim
914 3907 1051 3988 promisit
1065 3905 1132 3967 Jes.
1186 3927 1222 3968 ac
1238 3904 1351 3967 sacculi
1366 3906 1596 3984 inquinamentis
1613 3904 1815 3967 abstinentes.
1836 3901 1875 3963 Iu

438 3996 506 4056 en:
529 3998 610 4057 Ecce
632 4016 687 4073 epo
709 4014 779 4057 creo
795 3998 894 4056 coelos
909 4012 1008 4057 novos
1023 4001 1052 4054 et
1067 4001 1133 4052 ter·
1186 3995 1245 4057 tert
1278 3992 1442 4073 Apostolus
1475 4011 1514 4052 ex
1546 3989 1650 4052 mnndi
1685 3992 1877 4062 moratione
1920 4031 1922 4068 :

437 4102 520 4159 ram,
549 4092 581 4143 et
606 4104 671 4166 csp.
699 4084 766 4143 66.:
795 4083 880 4145 Oceli
902 4084 979 4143 novi
1002 4087 1032 4141 ιι
1046 4087 1133 4140 terra
1187 4076 1877 4163 querniutnromdixithabitaculumjnstorurs,
1920 4081 1922 4086 '

438 4188 535 4244 nova,
558 4189 639 4247 qnae
662 4187 717 4245 epo
737 4171 824 4248 facio
847 4178 931 4230 stare
951 4185 1059 4229 coram
1074 4186 1133 4227 mc.
1187 4171 1229 4229 ita
1244 4166 1408 4227 vivendum
1422 4183 1505 4238 esee,
1528 4172 1562 4225 ιι
1580 4165 1613 4225 in
1634 4183 1706 4226 eum
1728 4186 1748 4226 a
1768 4165 1878 4229 Oluittt

437 4257 621 4337 Eademque
643 4260 799 4337 promissio
821 4259 982 4337 repetitur,
1010 4263 1134 4315 ostense
1186 4253 1283 4332 recipi
1308 4272 1482 4314 mereamur.
1526 4251 1570 4312 Et
1595 4270 1709 4312 sensus
1737 4263 1805 4314 este
1837 4248 1878 4311 lic

438 4343 553 4405 Josnni
568 4346 599 4404 in
615 4344 730 4404 visione
741 4344 835 4425 Apoc.
852 4347 901 4404 21.
924 4342 955 4403 Si
971 4343 1019 4402 cui
1032 4340 1134 4421 placet
1188 4337 1365 4403 auscultatis
1388 4337 1427 4398 ad
1445 4338 1539 4399 verba
1554 4338 1740 4399 dicentium:
1773 4339 1832 4401 Ubi
1843 4342 1878 4397 ιι

438 4431 493 4492 illa
507 4430 697 4512 quorundam
714 4429 850 4491 codicum
867 4430 971 4489 lectio:
998 4431 1041 4490 Et
1052 4446 1133 4505 pro·
1184 4428 1355 4505 promissio
1371 4425 1528 4487 adoemm
1543 4425 1638 4499 ejas?
1654 4427 1714 4487 aed
1729 4446 1811 4508 quse
1821 4444 1877 4507 pm

438 4523 533 4580 missa
558 4521 672 4595 ipsius,
701 4518 811 4597 exponi
837 4517 948 4596 poterit
973 4514 1012 4576 de
1037 4516 1133 4587 bonis,
1187 4516 1277 4576 misss
1293 4511 1415 4585 suntid
1431 4521 1484 4584 est,
1504 4511 1606 4573 coelos
1621 4530 1722 4574 novos
1737 4521 1769 4574 ιι
1782 4523 1878 4575 tesrsrs

439 4624 517 4685 quse
533 4603 671 4666 Obrietus
686 4607 808 4685 passim,
830 4612 891 4663 tam
905 4604 937 4661 in
953 4601 1134 4681 Evangelio,
1187 4618 1304 4674 novam,
1322 4598 1498 4678 Christique
1512 4618 1646 4678 reguum,
1661 4619 1722 4681 spe
1740 4600 1825 4662 firma
1838 4617 1877 4658 ex·

439 4712 531 4772 qnam
547 4694 577 4751 in
587 4691 780 4773 Apocalypsi,
793 4690 856 4750 suis
871 4689 972 4750 electis
985 4690 1134 4769 promisit:
1188 4694 1369 4769 spectantes,
1384 4686 1439 4746 toti
1455 4687 1485 4745 in
1500 4685 1558 4745 boc
1571 4685 1755 4763 incumbite,
1771 4683 1879 4748 ιιιιιιιι

438 4781 664 4839 resurrectionis
694 4777 839 4857 gloriam,
874 4775 1134 4847 immortalitatem,
1187 4797 1206 4835 a
1225 4774 1357 4834 Domino
1379 4771 1417 4832 sd
1436 4770 1639 4851 judicandum
1661 4783 1793 4836 venturo
1806 4790 1876 4855 repr

438 4868 524 4944 regni
544 4868 592 4925 sui
604 4866 786 4937 societatem,
805 4864 865 4923 Dei
883 4864 1036 4924 visionem.
1060 4860 1133 4940 Qui·
1187 4861 1314 4935 rismini,
1331 4858 1435 4940 quales
1452 4866 1570 4939 oportet
1586 4877 1655 4921 esse
1667 4880 1732 4939 eos,
1748 4862 1879 4943 quibons

437 4951 496 5012 bus
512 4953 598 5012 bonis
614 4951 778 5012 electorum
798 4948 952 5010 beatitudo
973 4947 1133 5026 perficitur.
1186 4947 1277 5009 abeo
1300 4948 1446 5028 promissa
1468 4946 1630 5025 recipiant,
1656 4948 1719 5011 boc
1742 4960 1796 5026 ιιι,
1821 4950 1878 5009 ine

481 5040 523 5100 In
549 5039 661 5117 quibus
681 5041 808 5112 justitia
834 5039 964 5098 habitat.
1004 5035 1133 5096 Rursum
1187 5032 1411 5116 prehensibilee,
1430 5051 1522 5113 puros
1537 5041 1570 5094 ιι
1585 5034 1809 5114 immaculatos,
1822 5050 1876 5115 spe
