4442 5825
440 589 491 659 50
876 642 878 647 ,
948 575 1193 633 aauusurserus
1210 579 1241 632 u
1260 578 1327 634 err.
1343 577 1371 632 ιι

438 760 535 820 innuit
549 758 728 839 mysterium
742 757 964 819 excaecationis
987 773 1021 814 so
1037 752 1135 815 deser·
1189 763 1314 817 sanctos
1334 755 1432 816 LXX.
1458 755 1648 834 interpretati
1668 762 1739 816 sunt
1753 753 1891 829 auaelaa

437 846 528 906 tionis
543 845 732 905 Judaeorum
747 842 922 916 infidelium,
941 842 978 902 de
994 859 1054 920 quo
1072 844 1135 921 agi·
1189 844 1306 903 Rursus
1322 841 1377 902 hoe
1400 842 1466 901 loco
1486 842 1526 902 de
1550 860 1686 903 sermone
1707 840 1789 919 legis
1803 859 1891 921 agere

438 939 485 992 tur
499 931 584 991 Rom.
603 935 651 992 11.
676 929 772 1010 Quasi
789 931 870 991 dicat
885 927 1066 1008 Apostolus.
1089 928 1137 989 Ne
1189 930 1331 1001 Paulum,
1352 930 1426 989 eatis
1450 929 1548 1009 arguit
1568 947 1640 1008 pars
1662 946 1813 1006 sequens,
1854 945 1892 987 ιιι

437 1026 469 1079 et
495 1038 549 1078 vos
577 1027 702 1118 propter
727 1015 971 1098 ingratitudinem
1000 1015 1137 1075 involvat
1189 1015 1263 1077 dicit
1284 1035 1400 1075 omnem
1423 1015 1716 1095 praevaricationem
1739 1015 1841 1073 eima

437 1106 601 1166 eommunis
617 1105 743 1183 abJ'eetio
759 1105 859 1185 gentis
876 1111 1005 1163 vestrae.
1189 1103 1332 1164 dientiem
1347 1102 1499 1181 accepisse
1510 1103 1625 1181 justam
1642 1097 1790 1161 mercedis
1806 1102 1888 1161 retri-

478 1192 545 1252 Nec
567 1198 612 1251 est
635 1187 900 1270 praetereundum,
927 1188 1007 1268 quod
1034 1187 1134 1248 Theo
1188 1188 1352 1250 barionem.
1375 1189 1444 1248 Hoc
1457 1190 1535 1249 enim
1548 1189 1688 1268 ipsscap
1703 1188 1754 1248 10.
1769 1186 1810 1251 de
1825 1187 1889 1291 lege

436 1278 595 1360 phylactus
630 1285 700 1356 post
727 1276 976 1358 chrysostomum
1004 1283 1135 1350 annotet,
1188 1278 1325 1337 Mosaios
1357 1277 1491 1355 exponit,
1518 1274 1633 1336 diceus:
1659 1276 1796 1334 irritam
1823 1277 1890 1351 quir

435 1364 615 1446 Apostolum
643 1363 781 1428 allusisse
808 1364 848 1425 ad
868 1364 968 1424 locum
991 1359 1134 1422 Prov.3.
1105 1364 1310 1442 3J⁴aoierss
1325 1363 1422 1437 legem
1439 1363 1520 1424 Masi
1535 1371 1591 1422 etc.

431 1453 523 1532 juxta
543 1452 709 1512 versionem
725 1451 840 1512 LXX:
869 1451 935 1512 Fili
957 1468 997 1509 ae
1020 1447 1136 1527 affluas
1230 1450 1324 1511 Porro
1340 1449 1494 1510 sciendum
1519 1458 1580 1522 est,
1600 1449 1642 1508 ita
1663 1446 1764 1527 legem
1781 1445 1884 1507 multo

435 1546 487 1599 aut
512 1557 553 1599 ree
579 1538 801 1616 praeterfluat
838 1537 897 1597 Pro
927 1557 988 1617 quo
1014 1555 1069 1596 nos
1096 1556 1134 1597 ex
1187 1558 1251 1597 rum
1279 1535 1455 1638 augelorum
1477 1536 1641 1596 ministerio
1669 1535 1759 1594 lutam
1782 1532 1886 1609 fuisse,

434 1625 576 1687 Hebraeo
591 1625 735 1705 legimus:
762 1625 829 1686 Fili
844 1626 905 1698 mi,
932 1641 973 1682 ae
996 1624 1136 1702 effluant
1187 1632 1230 1684 nt
1235 1634 1337 1684 tamen
1354 1642 1429 1683 unns
1446 1623 1476 1682 in
1498 1642 1533 1682 eo
1549 1622 1713 1682 ministerio
1729 1621 1887 1700 primarius

434 1714 510 1773 haee
526 1712 566 1773 ab
582 1713 681 1773 oeulis
696 1714 768 1773 tais.
801 1710 859 1771 Ειι
874 1711 953 1771 euim
968 1713 999 1769 iu
1015 1709 1133 1771 Graeco
1187 1731 1222 1771 ac
1258 1713 1394 1792 princeps
1430 1708 1532 1769 suerit
1582 1706 1675 1788 Quod
1704 1707 1893 1787 significavit

435 1797 516 1861 idem
538 1799 662 1861 verbam
678 1784 876 1877 παραρρυῇς.
914 1798 1034 1858 Etenim
1049 1797 1131 1857 ismi·
1186 1797 1404 1880 Stephanusrn
1420 1795 1526 1857 eadem
1542 1795 1749 1857 annotatione
1765 1795 1887 1868 noct,

434 1886 511 1946 liare
534 1892 580 1945 est
597 1885 745 1966 Apostolo
770 1904 824 1966 per
848 1894 942 1947 totam
965 1883 1043 1943 hane
1058 1883 1132 1963 Epi·
1188 1884 1310 1965 quando
1327 1883 1413 1956 dixit,
1429 1902 1550 1943 numero
1562 1881 1720 1964 singulari
1736 1881 1887 1963 Angelum

434 1971 542 2033 stolam
562 1991 599 2032 ex
621 1973 908 2052 interpretatione
883 1969 983 2029 ΙΧΧ.
1000 1970 1132 2072 Scriptu-
1187 1971 1263 2032 blosi
1279 1971 1411 2030 locutum
1429 1971 1541 2030 essein
1557 1978 1658 2031 monte
1673 1968 1755 2029 Sina
1788 1967 1886 2048 Quom

434 2077 483 2120 ras
513 2057 695 2139 depromere
739 2059 833 2118 Porro
863 2056 984 2137 quod
976 2078 1006 2116 ιιι
1037 2057 1134 2138 prima
1186 2057 1310 2143 quidem
1340 2056 1433 2116 fuisse
1459 2055 1639 2117 Micheiilem
1665 2055 1886 2135 archangelum,

434 2166 564 2226 persone
580 2146 728 2226 loquitur,
754 2144 838 2204 volut
860 2163 938 2204 anus
955 2162 1071 2215 eorum,
1095 2142 1134 2203 ad
1186 2145 1289 2226 populi
1312 2144 1472 2205 israelitici
1494 2142 1648 2204 ductorem
1670 2153 1766 2223 atque
1790 2153 1885 2203 custo

434 2251 510 2314 qnos
527 2232 646 2305 scribit,
661 2229 759 2291 ideo
744 2233 824 2304 tecit,
848 2231 930 2309 quod
945 2229 985 2289 ed
1000 2229 1134 2290 homines
1187 2232 1268 2305 dem,
1288 2233 1354 2310 jam
1370 2231 1409 2290 ad
1430 2231 1519 2290 finem
1536 2231 1650 2332 capitis
1665 2228 1807 2309 praeced.
1824 2230 1885 2289 atti·

434 2321 546 2381 ecribat
572 2338 645 2378 suae
667 2319 782 2399 gentis,
808 2317 952 2397 quibus
944 2338 974 2376 sn
997 2317 1135 2378 exhorta·
1186 2321 1293 2397 gimus.
1328 2317 1404 2377 Erat
1419 2320 1542 2376 eutem'
1535 2336 1560 2377 rs
1577 2319 1608 2376 in
1627 2316 1821 2396 legislatione
1836 2317 1885 2377 mi·

434 2408 516 2468 tione
547 2425 617 2466 sese
645 2405 803 2483 conjungit
838 2404 1003 2465 modestiae
1034 2423 1133 2463 cause.
1186 2407 1281 2466 nister
1319 2405 1493 2484 primarius,
1534 2407 1606 2485 quia
1642 2405 1887 2482 repraesentabat

434 2490 493 2554 Sed
508 2500 538 2551 et
554 2511 590 2552 ea
606 2513 654 2552 res
670 2494 742 2552 satis
757 2489 899 2566 ostendit,
914 2499 1064 2550 auctorem
1079 2490 1133 2548 hu·
1186 2493 1280 2573 ipsias
1297 2492 1357 2552 Dei
1379 2511 1554 2570 personam,
1582 2490 1700 2550 dicens:
1725 2491 1799 2565 Ege
1820 2508 1884 2551 sam

428 2578 482 2658 jus
497 2578 653 2656 Epistulae
669 2599 728 2639 nen
743 2594 811 2637 esse
827 2577 1008 2636 Clementem
1023 2576 1133 2636 Roma·
1188 2581 1347 2640 Domitius
1359 2579 1445 2638 Deua
1460 2586 1533 2638 taus
1544 2585 1610 2649 ete,
1627 2579 1702 2636 sieut
1714 2586 1746 2635 et
1761 2578 1794 2637 iu
1806 2577 1884 2649 rubo,

433 2683 523 2736 num,
547 2671 579 2723 ut
594 2661 717 2744 quidam
732 2663 881 2742 auspicati
897 2671 975 2722 sunt
1187 2665 1305 2725 dicens:
1332 2666 1401 2739 Eoo
1427 2682 1495 2724 sam
1523 2666 1609 2725 Deua
1634 2663 1800 2723 Abrabam
1831 2672 1884 2733 sta

478 2751 507 2810 2.
530 2750 566 2811 st
581 2752 666 2810 enim
682 2750 738 2826 qui
749 2767 811 2826 per
830 2749 960 2825 angelos
975 2747 1076 2808 distas
1090 2755 1134 2808 est
1154 2764 1156 2767 ·
1186 2750 1265 2810 Nem
1287 2750 1399 2810 caeteri
1423 2750 1523 2831 angeli
1547 2749 1596 2811 vel
1620 2741 1808 2809 assistebant
1824 2757 1884 2809 tan·

434 2852 538 2896 sermo
545 2881 556 2913 ,
582 2836 689 2914 suetus
713 2844 756 2894 est
770 2834 904 2910 firmas·
923 2837 983 2895 Aut
996 2835 1063 2913 fuit
1076 2835 1134 2911 {lr-
1186 2846 1248 2897 tum
1263 2835 1454 2918 legislationi,
1470 2836 1529 2911 vel,
1544 2846 1579 2895 ut
1595 2835 1670 2897 bene
1686 2836 1778 2895 sentit
1794 2834 1884 2917 0er-

432 2941 521 2997 mua,
552 2931 586 2982 ut
615 2922 668 2983 alii
698 2930 827 2982 vertunt
876 2922 955 2981 Nem
986 2920 1134 2983 Graecum
1186 2933 1351 2996 sostomus,
1381 2883 1553 2984 excitabant
1582 2925 1730 2995 tonitrua,
1757 2922 1885 3003 fulgura,

433 2999 556 3085 ἐγένετο
571 3008 655 3068 reddi
670 3016 769 3089 potest
784 3018 912 3089 utroque
927 3005 1026 3069 modo.
1059 3009 1133 3069 Ser·
1186 3011 1361 3091 clangorem
1382 3010 1488 3083 tubae,
1516 3009 1627 3069 fumum
1651 3018 1681 3069 et
1704 3010 1823 3087 iguem,
1849 3005 1886 3071 ad

432 3112 560 3156 mortem
575 3114 634 3172 per
648 3095 777 3171 angelos
800 3096 919 3156 dictum
936 3094 1096 3155 nonnulli
1088 3116 1131 3154 ιιι-
1187 3109 1328 3158 terrorem
1355 3095 1458 3177 populi
1492 3094 1587 3175 legem
1617 3094 1781 3173 audientis,
1809 3114 1886 3176 quae

433 3180 574 3261 telligunt
588 3179 687 3242 omnia
702 3182 760 3241 Dei
781 3190 958 3262 praecepte,
979 3199 1133 3260 respousa,
1185 3182 1394 3244 deseribuntur
1408 3181 1505 3242 Exod
1524 3183 1571 3242 19.
1588 3190 1619 3243 et
1634 3183 1684 3241 20.
1718 3140 1885 3261 Hicigitur

433 3266 570 3347 elloquio
585 3288 639 3347 per
654 3267 803 3347 ungslos'
795 3290 827 3327 ιιι
843 3269 936 3328 veteri
951 3274 1132 3328 testamento
1185 3290 1281 3331 sermo
1298 3290 1350 3349 per
1364 3270 1486 3349 angelos
1502 3278 1549 3330 est
1561 3268 1670 3343 dictas,
1687 3265 1717 3328 id
1733 3275 1778 3327 est
1794 3287 1884 3331 euan-

433 3352 473 3415 ed
487 3351 621 3415 homiues
636 3353 821 3434 dispensata.
856 3354 1015 3416 Verum
991 3375 1016 3414 ιι
1040 3356 1132 3434 respi
1185 3359 1274 3417 tiutus
1276 3358 1434 3435 ,p,rolatas
1444 3354 1657 3435 promulgatus.
1678 3353 1760 3414 Nam
1769 3347 1886 3416 Graece

317 3476 320 3481 ι
424 3442 546 3512 ⁴ciamus
561 3440 599 3499 ad
616 3459 740 3522 scopum
756 3442 911 3522 Apostoli
934 3449 965 3501 et
979 3441 1039 3501 alia
1054 3442 1131 3503 Scri·
1185 3442 1263 3503 idem
1279 3451 1325 3502 est
1336 3442 1525 3516 vocabulum
1541 3440 1644 3522 qnod
1636 3450 1782 3521 interpres
1793 3442 1885 3521 peulo

432 3534 538 3608 pturae
553 3525 618 3587 loce
630 3547 698 3588 eam
715 3529 981 3599 istoconieramns,
996 3527 1132 3600 nouerit,
1184 3539 1253 3608 post
1267 3529 1414 3589 reddidit:
1438 3533 1605 3603 enarrari,
1635 3528 1687 3589 scd
1710 3527 1818 3588 ecdem
1834 3530 1888 3592 hcc

433 3631 486 3673 eur
502 3610 689 3686 dubitemus,
713 3613 891 3695 Apostolum
914 3614 964 3674 hic
986 3612 1071 3694 loqui
1094 3612 1133 3673 de
1186 3635 1287 3676 seusu.
1319 3615 1404 3677 Idem
1420 3616 1469 3676 hic
1485 3636 1581 3676 sermo
1597 3616 1688 3694 legis,
1711 3613 1896 3696 angelorum·

432 3717 570 3758 sermone
584 3699 660 3778 legis
676 3697 765 3759 datas
781 3700 811 3760 in
828 3709 928 3760 monte
942 3698 1029 3772 Sina,
1052 3719 1133 3779 quae
1184 3704 1348 3762 ministerio
1365 3702 1472 3774 datae,
1490 3704 1595 3780 factus
1610 3709 1653 3762 est
1666 3699 1779 3780 firmas
1786 3745 1797 3775 ,
1818 3703 1893 3783 Deo·

432 3783 564 3855 subinde
576 3803 631 3864 per
647 3786 743 3846 verba
766 3785 842 3863 legia
863 3794 894 3846 st
910 3786 1006 3846 verba
1019 3786 1132 3864 foede·
1184 3789 1281 3869 tegern
1298 3788 1492 3849 confirmante
1508 3791 1602 3869 signis
1619 3788 1678 3849 illis
1694 3787 1887 3862 terribilibus,

431 3873 477 3931 ris
498 3872 530 3931 in
552 3870 788 3933 Deuteronomio
811 3872 1004 3954 significatur.
1043 3872 1142 3933 Oom·'
1185 3894 1262 3953 quae
1277 3876 1308 3934 in
1332 3871 1515 3934 auferenda
1537 3873 1638 3934 edidit.
1676 3874 1755 3933 Item
1774 3874 1890 3951 firmae

432 3963 522 4037 perat
544 3959 622 4018 enim
646 3959 812 4040 Apostolus
835 3959 934 4039 legem
957 3960 1037 4019 illam
1065 3979 1130 4021 curu
1182 3962 1259 4039 sarit,
1276 3960 1307 4020 id
1323 3970 1367 4021 est
1380 3960 1499 4042 pondus
1514 3981 1550 4021 ac
1562 3961 1733 4022 firmitatem
1747 3960 1888 4035 obtinuit,

432 4042 501 4123 lege
517 4042 644 4119 Christi,
672 4055 762 4110 etex
785 4047 941 4125 utriusque
965 4046 1133 4107 differentia
1185 4047 1368 4127 quianullus
1379 4067 1446 4108 eam
1457 4048 1553 4127 legem
1567 4050 1687 4126 impune
1698 4050 1887 4129 contempsit

431 4138 641 4209 argumentum
657 4132 797 4193 instituit.
819 4130 906 4191 Idem
917 4129 1034 4193 adGul.
1049 4138 1076 4196 3.
1093 4129 1132 4193 de
1186 4131 1276 4194 Unde
1291 4134 1443 4213 sequitur:

432 4214 500 4294 lege
514 4215 649 4276 Mosaios
665 4217 831 4293 disserens,
848 4225 983 4290 testatur,
1004 4238 1069 4280 eum
1085 4238 1130 4277 or·
1228 4222 1270 4281 Et
1286 4223 1387 4280 omnis
1399 4221 1640 4297 praevaricatio
1653 4227 1683 4281 et
1694 4220 1886 4283 inobedien-

434 4301 568 4363 dinstam
597 4301 692 4364 tuisse
720 4323 779 4382 per
808 4306 937 4380 angelos
965 4309 1001 4366 irs
1030 4323 1132 4365 mana
1184 4309 1231 4367 tia
1247 4309 1368 4383 accepit
1383 4311 1504 4382 iustam
1527 4307 1676 4367 mercedis
1697 4308 1886 4369 retributio·

432 4390 623 4451 mediatoris.
657 4390 802 4453 Similiter
822 4390 857 4452 B.
874 4390 1047 4471 Stephanus
1063 4392 1130 4451 Act
1184 4412 1265 4453 uem.
1299 4392 1386 4453 Inter
1397 4395 1711 4470 praeuaricationem
1728 4402 1758 4453 et
1774 4395 1887 4456 inobe-

434 4479 462 4536 7.
501 4475 636 4537 Judeeos
666 4478 837 4557 increpans:
869 4479 930 4557 Qui
958 4479 1130 4554 accepistis,
1187 4481 1341 4540 dieatiam
1372 4479 1496 4560 quidem
1527 4479 1730 4559 distinguuntJ
1764 4489 1796 4541 at
1826 4503 1889 4544 non

432 4564 543 4644 inquit,
558 4565 703 4640 lepemirr
715 4566 1130 4641 depostrtooronoelorom,
1185 4577 1377 4627 estnsoesse
1401 4566 1529 4627 Videtur
1540 4569 1621 4627 enim
1633 4567 1799 4648 Apostolus
1811 4567 1888 4629 haec

434 4655 464 4708 et
492 4668 560 4711 aare
589 4651 772 4712 custodietis.
809 4651 879 4731 Ipse
909 4653 1000 4711 etium
1030 4650 1130 4712 Moses
1185 4672 1239 4732 pro
1254 4653 1360 4714 eodem
1373 4673 1519 4731 accipere
1542 4652 1887 4734 Nisifortequisprae·

433 4734 523 4795 Dent
548 4741 597 4800 33.
626 4737 843 4817 legislationem
869 4738 932 4810 bis,
957 4741 1035 4798 iuter
1046 4739 1131 4810 'elia
1186 4742 1415 4801 caricationem
1445 4741 1475 4798 in
1506 4739 1696 4819 gravioribus
1724 4742 1886 4823 intellig-nt,

433 4821 535 4883 verbis
550 4823 708 4885 describit:
737 4828 895 4886 Dominus
914 4782 953 4884 de
968 4826 1060 4886 Sinai
1076 4845 1130 4884 ve·
1185 4827 1462 4887 inobedientia-m
1454 4847 1484 4885 ιιι
1510 4826 1693 4900 minoribus,
1719 4835 1755 4888 ut
1780 4849 1887 4891 sensus

433 4909 500 4984 rsit,
531 4917 560 4970 ct
582 4911 1131 4973 oameoroncrorammizao.1n
1184 4915 1223 4972 sit
1231 4912 1332 5016 ,legis
1347 4913 1427 4974 illius
1444 4924 1678 4993 transgressores
1695 4915 1827 4993 majores
1843 4926 1892 4980 at·¹

434 4994 563 5057 amaa
597 4999 664 5071 ejus
697 5004 793 5075 merea
828 4998 886 5059 lea.
936 4998 998 5057 Eos
1028 5007 1131 5059 sutem
1185 5018 1246 5079 que
1261 5001 1389 5068 minores
1411 5019 1520 5062 severe
1541 5002 1662 5080 punitos
1681 4999 1792 5077 luisse,
1819 5004 1888 5065 sire
