4442 5825
894 619 1299 677 nrnromsanusnmsos.
1492 686 1494 691 ι
1764 630 1811 697 21

405 796 440 856 Si
461 815 601 876 quaeres,
624 795 716 874 bujue
739 798 866 859 neminis
890 796 1062 878 amplitudo,
1118 799 1215 856 oium
1244 795 1280 856 ln
1304 796 1351 856 bis
1374 799 1452 857 enim
1473 796 1681 858 Hebraeorum
1704 817 1812 858 nomen

367 902 439 962 quoa
461 881 536 942 olim
563 883 654 942 fuerit
679 882 859 963 complexa?
884 883 1062 963 respondeo,
1116 882 1155 943 ad
1171 883 1263 942 solam
1280 883 1423 943 familiam
1438 883 1543 956 Jacob,
1559 902 1639 964 quae
1650 884 1813 964 Aegyptiis

365 969 434 1030 mibi
449 969 541 1029 valde
556 968 714 1050 probabile
737 989 813 1043 ease,
835 991 896 1032 non
914 969 953 1030 ad
968 970 1062 1031 solam
1116 969 1215 1030 adbuc
1237 970 1339 1048 ignota
1367 982 1444 1042 erat,
1470 971 1611 1048 restringi
1627 970 1812 1030 ‘nullatenus

365 1055 507 1116 Abrabae
530 1055 676 1116 familiam
699 1075 737 1116 ae
750 1058 950 1136 posteritatem
972 1058 1060 1136 perti·
1116 1063 1229 1135 potest,
1256 1055 1309 1115 sed
1336 1055 1470 1116 Hebraei
1496 1055 1671 1116 dicebantur
1696 1058 1811 1134 posteri

364 1145 464 1203 unisse
479 1142 539 1202 boe
555 1161 672 1214 nomen,
688 1162 788 1223 neque
799 1153 904 1222 postea
917 1143 955 1203 ud
967 1143 1061 1203 solum
1117 1141 1265 1215 Abrabae,
1281 1143 1487 1203 Palaestinam
1502 1150 1556 1201 aut
1570 1144 1670 1203 vicina
1685 1143 1754 1204 loca
1768 1145 1811 1204 in·

364 1227 509 1289 familiam
520 1229 625 1301 Israel,
641 1236 674 1288 ut
685 1228 806 1307 qnidam
823 1233 993 1309 opinantur,
1009 1228 1061 1289 sed
1115 1228 1256 1300 uolentes,
1269 1230 1322 1308 qui
1330 1230 1395 1307 jam
1408 1231 1438 1288 in
1452 1229 1578 1307 populos
1590 1238 1810 1303 succreverant,

363 1323 512 1396 quotquot
527 1335 566 1376 ex
589 1313 742 1378 Abraham
757 1325 789 1376 et
811 1316 870 1377 Lot
884 1317 980 1395 geniti
995 1315 1059 1376 lue·
1115 1324 1148 1375 et
1162 1335 1228 1375 eum
1243 1315 1405 1396 Aegyptiis
1421 1316 1550 1394 aliisque
1565 1315 1704 1394 gentibue
1717 1337 1809 1395 nego·

363 1413 437 1474 runt,
465 1403 556 1462 initio
570 1411 694 1463 voratos
715 1400 810 1463 inisse
824 1403 984 1464 Hebraeos
1000 1424 1060 1464 una
1115 1402 1273 1462 tiabantur.
1305 1403 1417 1462 Verum
1439 1403 1581 1481 temporis
1604 1421 1743 1462 successu
1767 1401 1810 1462 sa·

362 1510 426 1550 enm
441 1507 550 1549 eornm
565 1487 742 1549 vernaculis.
758 1487 855 1550 Simul
870 1491 948 1550 euim
963 1490 1058 1550 Abra·
1115 1498 1202 1559 etum,
1224 1498 1258 1547 ut
1272 1489 1482 1568 appellationis
1502 1487 1591 1566 hujus
1606 1490 1756 1566 possessio
1772 1489 1809 1549 si·

362 1576 427 1637 bam
448 1585 481 1635 et
503 1576 566 1635 Lot
588 1595 656 1635 oum
677 1575 739 1635 anie
753 1574 884 1650 familiis,
907 1576 1060 1656 Euphrate
1114 1575 1177 1633 mul
1199 1595 1266 1634 oum
1288 1574 1391 1654 lingna
1413 1575 1495 1654 apud
1516 1575 1596 1634 solos
1615 1575 1692 1634 filios
1714 1574 1810 1635 Israel

362 1663 546 1734 transmisso,
560 1664 591 1722 in
600 1662 802 1723 Palaestinam
812 1670 967 1724 venerunt.
980 1663 1059 1723 Sane
1114 1664 1300 1737 remanserit3
1328 1661 1472 1735 caeteris,
1501 1661 1539 1721 ob
1562 1662 1662 1721 avitae
1688 1660 1809 1740 linguae

361 1769 465 1809 nornen
481 1747 570 1821 illud,
592 1757 728 1828 tempere
741 1748 839 1809 Jacob
855 1749 1058 1822 Patriarobae‚
1113 1748 1284 1827 neglectum
1301 1757 1332 1808 et
1346 1748 1542 1827 corruptelam
1565 1749 1709 1827 paulatim
1726 1747 1809 1809 obre·

361 1836 445 1896 latius
461 1837 603 1916 patuisse
625 1852 716 1916 quum
738 1844 771 1895 ut
785 1837 864 1897 intra
886 1836 998 1896 limites
1013 1834 1057 1895 ie·
1113 1843 1249 1913 pentem,
1284 1835 1378 1896 etiarn
1404 1856 1423 1895 a
1449 1837 1576 1895 nominis
1602 1835 1808 1914 appellatione

361 1922 459 1983 miliae
491 1923 562 2002 eju
591 1924 807 1996 eontinentur,
849 1923 978 2001 probant
1006 1922 1059 1982 illa
1106 1922 1250 1993 *exclusis
1275 1921 1369 1982 Porro
1385 1921 1536 1983 sciendum
1553 1922 1633 2002 apud
1648 1921 1809 1984 Hebraeos

363 2009 449 2070 verba
471 2008 614 2071 mulieris
628 2007 737 2070 Ganos
751 2002 803 2072 89.
829 2011 884 2072 En
901 2009 1057 2070 §medu-
1111 2007 1169 2069 boo
1184 2007 1361 2070 vocabulum
1385 2029 1445 2069 non
1466 2010 1604 2087 aspirari.
1631 2008 1720 2071 Unde
1742 2009 1808 2089 qul·

361 2099 523 2157 mmmm
535 2091 730 2169 Hebraeum,
746 2103 782 2156 ut
794 2096 942 2157 illuderet
956 2096 1056 2157 uobis.
1111 2092 1180 2154 <lam
1203 2116 1241 2156 ex
1267 2095 1485 2155 recentioribus
1510 2095 1644 2156 Ebraeos
1675 2096 1810 2157 scribunt

361 2184 398 2244 Et
411 2185 539 2244 iterum:
564 2183 730 2258 Inprerrus
753 2190 796 2243 est
818 2184 863 2243 ad
885 2203 933 2244 me
947 2201 1056 2245 servus
1109 2182 1292 2261 aspiratione
1319 2183 1442 2258 rejecta.
1473 2181 1585 2241 Verum
1612 2202 1685 2243 sane
1709 2185 1806 2260 magia

362 2269 539 2345 ueram,
572 2287 666 2347 quem
696 2269 868 2331 adduxisti.
913 2271 951 2331 Et
980 2268 1056 2331 haee
1109 2267 1204 2346 probo
1226 2287 1338 2328 rnorem
1366 2277 1515 2340 veterum,
1542 2277 1602 2327 tem
1621 2260 1805 2329 Graecorum

362 2358 445 2436 ipsius
460 2355 589 2435 Joseph
604 2375 668 2434 esp.
685 2355 736 2415 40.
762 2357 890 2418 Furtim
913 2356 1055 2418 sublatus
1108 2373 1199 2433 quam
1215 2355 1398 2428 Latinorum,
1415 2356 1467 2434 qui
1482 2363 1518 2445 y,
1535 2355 1651 2416 literam
1666 2363 1800 2433 guttura·

363 2462 417 2503 tam
434 2444 475 2503 de
491 2450 586 2503 tes-ru
602 2441 830 2504 Hebraeorum.
846 2442 985 2524 Denique
1001 2434 1053 2505 illa
1107 2440 1176 2513 lem,
1197 2449 1232 2500 ut
1253 2443 1320 2520 ejus
1339 2440 1517 2501 densitatem
1540 2461 1612 2501 sono
1635 2441 1802 2522 exprimen-

366 2529 530 2611 luipturae
555 2528 652 2591 verba
674 2532 985 2608 oap.43.11lieitum
1010 2537 1054 2590 est
1108 2527 1176 2588 dam
1200 2528 1411 2608 significarent,
1435 2547 1501 2588 oum
1522 2529 1715 2608 aspirationis
1730 2535 1804 2588 nota

366 2620 517 2695 deruptas
543 2616 710 2678 comedere
734 2635 804 2678 eum
829 2618 993 2692 Hebraeis,
1025 2625 1054 2678 et
1106 2614 1237 2678 seribere
1252 2624 1482 2678 consuevemnt.

363 2705 532 2783 polanum
556 2710 684 2782 patant
705 2703 920 2779 hujuscemodi
941 2706 1053 2768 eonvi-
