4442 5825
396 589 471 661 304
748 664 751 672 Ι
911 582 1143 639 commutes
1161 582 1192 637 n
1209 581 1280 638 err.
1297 583 1337 637 u.

394 755 569 820 undeveret.
592 752 782 837 Quemquam
795 777 855 820 non
870 756 945 819 dicit
958 758 1084 839 Aposto·
1142 767 1200 819 out
1220 759 1359 834 ,iudicem
1383 778 1479 837 cuper
1497 760 1579 821 nor?
1602 761 1687 822 Num
1701 760 1800 822 mede

394 845 451 919 lus,
466 865 534 906 eum
549 861 617 905 cum
628 843 740 924 populo
751 843 810 904 Dei
820 845 961 906 efflictum
976 843 1088 922 fnisee3
1143 866 1192 908 me
1218 854 1254 908 tte
1281 851 1346 921 vie,
1375 851 1456 907 rtem
1480 849 1550 908 beri
1574 847 1714 909 oeeidisti
1733 852 1799 925 dm

395 930 553 1011 sedeffligi
575 931 704 1010 elegisse
722 933 831 1011 potine,
854 951 946 1012 quem
961 951 1089 994 momen·
1140 933 1269 1010 ptium?
1293 931 1387 995 Exod
1406 936 1436 993 2.
1467 934 1516 994 De
1537 954 1601 1015 qne
1624 932 1800 997 mammete

394 1020 492 1079 tensis
507 1017 623 1078 deliciis
637 1036 706 1077 eum
721 1027 845 1098 porceto
861 1019 1019 1080 fruuntur.
1041 1019 1089 1079 Ex
1142 1020 1265 1099 repulse
1286 1018 1423 1100 loquitur
1445 1023 1536 1082 etiem
1557 1021 1593 1082 B.
1612 1021 1800 1101 Stepheuesi

395 1122 455 1186 quo
467 1117 789 1184 nonestoonsequeus,
801 1104 975 1166 utefflietns
987 1106 1088 1166 tuerit
1143 1107 1237 1166 Actis.
1264 1107 1344 1168 Huic
1366 1107 1549 1187 expositioni
1572 1107 1800 1170 Theodoreus«

394 1190 437 1253 Ut
450 1201 549 1252 entem
566 1191 640 1251 boec
655 1209 728 1270 pree
743 1189 804 1252 illis
818 1191 950 1271 eligeret,
974 1194 1088 1254 exsite-
1143 1193 1278 1254 Thomas
1299 1193 1423 1277 addunt,
1446 1194 1523 1256 bene
1543 1192 1585 1268 id,
1608 1193 1692 1276 quod
1707 1195 1792 1256 lion

394 1276 447 1339 bet
461 1287 492 1339 et
514 1276 676 1340 roborsbet
698 1297 765 1338 enm
778 1276 871 1354 fidos3
897 1277 1087 1359 quemudmo·
1142 1278 1285 1340 frutribus
1297 1288 1470 1360 pessuseet,
1482 1282 1800 1358 impwerirsmcir'e

394 1362 466 1424 dum
481 1372 512 1425 et
526 1367 557 1426 in
572 1384 619 1438 eo,
638 1363 720 1444 quod
736 1367 891 1444 sequitur:
988 1376 990 1383 '
1144 1367 1252 1439 vocari,
1264 1367 1335 1447 quie
1347 1375 1441 1447 typus
1451 1377 1481 1427 et
1491 1368 1587 1447 figure
1598 1367 1659 1428 luit
1671 1369 1745 1448 ejus,
1754 1386 1800 1449 quo

436 1452 487 1512 33.
510 1451 650 1526 norom
674 1450 804 1512 divitior
825 1454 999 1513 oertimorts
1020 1452 1088 1512 the·
1143 1452 1281 1514 Christus
1297 1463 1363 1516 eret
1375 1473 1527 1534 pensurus.

392 1556 489 1599 rouro
505 1540 735 1616 Aeppptiorum
750 1539 981 1615 improperium
995 1539 1088 1601 Citri-
1186 1540 1299 1602 Verum
1321 1541 1396 1612 istu,
1418 1542 1443 1600 ei
1466 1541 1543 1602 bene
1563 1541 1742 1614 consideres.
1764 1540 1799 1603 tr

391 1628 440 1685 eti.
470 1624 628 1686 Neminem
654 1624 769 1697 turbet,
796 1627 879 1705 quod
903 1625 1089 1700 Ambrosius,
1143 1626 1210 1687 loco
1232 1646 1292 1687 nou
1318 1628 1479 1708 qnedrent.
1509 1628 1587 1691 Nem
1610 1628 1800 1709 Apostolus

391 1709 443 1773 lib.
459 1711 498 1773 de
513 1713 665 1793 perediso,
681 1731 750 1791 pro:
766 1711 942 1787 majoribus
956 1712 1087 1787 divitiis,
1143 1733 1180 1774 eo
1207 1713 1286 1774 loeo:
1312 1717 1415 1790 mopir
1440 1716 1557 1790 clipeus
1583 1723 1659 1790 eto,
1693 1716 1800 1776 retient

391 1798 484 1879 legit:
521 1802 674 1874 mm‘orem
709 1799 910 1861 honestum.
957 1797 1088 1878 Quidem
1142 1799 1242 1861 reddit
1257 1803 1332 1881 ejus,
1348 1800 1429 1881 quod
1445 1800 1570 1876 dixerut,
1590 1800 1697 1863 Mosen
1713 1816 1800 1882 nega

393 1889 473 1948 euim
494 1895 583 1946 retus
603 1887 757 1966 interpres,
779 1880 922 1962 πλοῦτον,
946 1886 1087 1962 divitior,
1143 1907 1175 1947 se
1197 1887 1292 1949 tilium
1314 1885 1397 1949 filine
1420 1888 1596 1949 Phsreonie.
1628 1891 1725 1968 Atqui
1750 1885 1800 1967 huj

393 1972 511 2034 residue
522 1973 631 2033 vertit:
646 1974 840 2034 honestatem
848 1997 861 2052 ,·
877 1972 930 2032 ille
940 1973 1087 2048 nimirum,
1142 1976 1217 2035 ratio
1247 1993 1315 2036 esse
1343 1995 1404 2035 non
1433 1984 1549 2054 potest,
1579 1975 1665 2056 quod
1691 1976 1800 2037 mssa

393 2078 430 2121 ex
441 2061 530 2140 enjus
544 2060 683 2122 versione
697 2058 843 2121 hebemus
857 2061 949 2121 libros
961 2060 1087 2140 Supisn·
1141 2061 1279 2142 Aegypti
1307 2071 1507 2142 praeponeret
1529 2064 1744 2143 improperium
1764 2060 1800 2122 'ud

391 2147 453 2208 tiso
476 2157 508 2209 et
530 2146 742 2209 Ecclesiastioi.
772 2145 882 2228 Neque
904 2147 984 2207 enim
1007 2148 1087 2207 idem
1142 2149 1269 2211 rendum
1284 2169 1302 2207 u
1318 2148 1460 2209 frutribus
1475 2150 1633 2211 Hebreeis.
1656 2149 1736 2210 Nem
1749 2146 1800 2209 re}

392 2244 436 2295 eet
452 2235 580 2295 omnium
603 2252 753 2295 sectorum
777 2231 921 2294 librorum
944 2233 1087 2312 vulgetee
1142 2255 1236 2316 quens
1256 2235 1364 2308 sulem,
1388 2255 1520 2316 suosque
1542 2236 1682 2310 visitans,
1703 2233 1800 2297 uonht

392 2321 530 2383 editionis
541 2324 700 2401 interpres,
711 2319 991 2381 utnoruntoruditi.
1007 2319 1088 2381 Vide
1142 2323 1344 2402 exspectabat,
1361 2331 1394 2382 ut
1408 2324 1529 2403 probris
1544 2322 1584 2384 ub
1599 2324 1638 2387 iis
1652 2323 1800 2384 offieusm

390 2409 462 2490 Sep.
487 2412 514 2469 7.
531 2409 560 2468 8.
577 2417 606 2469 et
623 2410 671 2469 10.
695 2416 725 2469 ot
747 2408 955 2469 Ecclesiastioi
972 2412 1020 2466 11.
1038 2412 1087 2472 13.
1142 2407 1196 2470 sed
1211 2411 1316 2490 mugio,
1340 2418 1375 2470 ut
1388 2417 1543 2491 temquem
1558 2409 1680 2472 iuturus
1697 2409 1800 2470 titum

393 2499 443 2559 tt
458 2497 509 2557 31.
533 2506 564 2557 et
588 2500 638 2559 37.
671 2495 766 2577 Atqui
794 2493 874 2555 idem
900 2493 1087 2569 Ambrosius,
1142 2497 1356 2576 susciperetur.

390 2583 442 2645 lib.
458 2584 488 2644 2.
511 2581 549 2643 de
570 2579 658 2654 Abel,
678 2602 744 2663 esp.
760 2582 799 2654 4.,
822 2602 892 2661 pro:
914 2581 1088 2655 mitioribus
1185 2580 1336 2660 Quociree
1372 2583 1424 2642 ulii
1461 2584 1574 2644 rectius
1604 2584 1800 2661 improperia

392 2670 524 2746 diuitiis,
540 2670 631 2749 legit:
646 2672 750 2744 moine
761 2671 1009 2744 patrimonium.
1143 2670 1258 2730 otrtut
1282 2671 1519 2749 interpretentur
1545 2669 1577 2731 id
1599 2688 1676 2745 osse,
1703 2666 1800 2752 quedl

433 2757 527 2818 Porro
549 2755 722 2828 noandum,
744 2755 905 2835 perticipis
924 2756 1041 2831 elipem
1057 2764 1088 2815 st
1142 2756 1235 2836 priori
1250 2755 1381 2817 membro
1398 2756 1491 2817 dixit:
1508 2757 1614 2836 offlipi
1628 2776 1701 2818 eum
1712 2752 1800 2835 popd

391 2844 572 2920 oeetimorts,
596 2845 627 2905 in
642 2841 760 2903 Graeco
779 2859 845 2902 esse
860 2844 986 2902 roriston
1001 2860 1087 2923 prue-
1142 2843 1213 2919 Dei,
1236 2851 1271 2902 ut
1285 2845 1517 2921 improperium
1538 2843 1732 2924 intelligetur,
1753 2858 1800 2925 que

391 2931 513 2991 teritum
541 2929 754 3011 significantes.
788 2927 877 2990 Unde
906 2938 988 2989 recte
1018 2948 1088 3009 pro:
1141 2931 1287 3011 Aegyptii
1309 2929 1419 2991 dicturi
1442 2940 1530 2991 erunt
1550 2932 1582 2991 in
1605 2925 1800 3005 Morem-sbi

392 3020 573 3094 oeetimom,
597 3017 651 3078 elii
667 3024 801 3077 vertente
817 3016 1006 3090 arbitratus,
1022 3015 1086 3075 Mo·
1141 3025 1254 3076 osntom
1271 3036 1336 3076 soe
1357 3018 1471 3097 regiam
1495 3017 1696 3099 edoptionem,
1718 3025 1747 3077 et
1765 3034 1800 3098 μ

392 3105 567 3185 ses,inqnit,
583 3105 967 3179 metauronepypttorum
981 3099 1086 3178 (Gree-
1140 3103 1294 3177 utentem,
1325 3123 1359 3163 so
1384 3103 1553 3164 Israeliten
1579 3124 1653 3167 esse
1688 3104 1800 3165 Probru

391 3211 443 3251 os:
460 3192 623 3265 tbeeourtr,
642 3192 748 3268 quiin
763 3195 907 3266 Aepypto
923 3185 1040 3266 erunt),
1056 3188 1088 3249 id
1141 3191 1198 3251 hoe
1225 3199 1305 3264 eret,
1332 3188 1412 3270 quod
1439 3191 1601 3253 Hebraeus
1623 3199 1717 3266 esset,
1742 3206 1800 3271 qut

392 3286 440 3339 est
454 3277 561 3359 opibus
576 3278 748 3359 Aegyptiis,
763 3277 874 3357 quibus
890 3274 1042 3336 ebondsre
1058 3283 1089 3336 et
1140 3285 1259 3356 gentem
1284 3275 1533 3338 abominabantur
1549 3278 1613 3358 jem
1637 3278 1710 3340 olim
1732 3278 1800 3356 hro

391 3384 458 3425 eum
489 3366 588 3444 quiete
617 3366 675 3425 frui
704 3372 837 3443 poteret,
875 3363 1088 3443 improperium
1141 3364 1206 3442 ptii,
1221 3372 1255 3423 ut
1269 3371 1355 3444 petet
1369 3361 1477 3425 Gener.
1494 3368 1545 3427 te.
1562 3369 1668 3440 otte,
1684 3377 1800 3446 queste

391 3450 505 3514 Christi
527 3451 676 3531 prestulit,
701 3461 852 3529 tamquam
868 3450 998 3529 majores
1014 3448 1088 3509 diri·
1142 3448 1254 3510 dudum
1280 3450 1311 3509 in
1341 3451 1518 3511 servitutem
1547 3450 1732 3533 redegerunt.
1762 3443 1800 3510 b

390 3539 464 3615 ties3
486 3538 537 3601 vel
552 3538 626 3617 quis
641 3536 750 3598 Christi
765 3537 979 3616 improperium
993 3536 1088 3616 magis
1141 3544 1239 3596 eutem
1266 3544 1356 3597 vocet
1381 3540 1616 3616 improperium
1643 3531 1800 3613 certat

390 3624 585 3686 honorificum
600 3624 657 3686 sihi
674 3621 815 3699 duoebet3
839 3622 890 3684 rel
905 3620 987 3701 quod
1002 3640 1086 3701 pree-
1142 3630 1204 3695 est,
1233 3621 1339 3702 populi
1363 3622 1421 3683 Dei
1447 3623 1598 3685 Christum
1624 3618 1800 3707 exspect&

391 3720 505 3772 sontem
535 3712 728 3793 ignominium
759 3709 818 3770 sibi
854 3709 1087 3769 convertendum
1141 3715 1287 3790 quotenus
1317 3709 1430 3788 injurie
1458 3712 1659 3773 membrorum
1687 3713 1718 3773 in
1743 3721 1800 3790 σιμ

391 3797 480 3859 seiret
509 3798 541 3859 in
570 3797 719 3859 coelestus
751 3794 874 3857 divitius
900 3802 931 3856 et
959 3794 1087 3875 glorium
1141 3794 1299 3856 redundet
1320 3797 1362 3857 Et
1377 3797 1433 3857 hoo
1442 3806 1533 3878 pecto
1545 3799 1630 3878 loqui
1641 3796 1800 3876 dieunthpt

391 3902 506 3964 semper
521 3904 702 3946 rnrnrursm.
1140 3883 1249 3943 etolum
1275 3882 1315 3944 ed
1342 3884 1555 3946 consolandum
1577 3904 1651 3945 suos
1675 3883 1800 3945 Hebru

433 3968 496 4032 Sed
533 3970 685 4051 quodnem
731 3969 814 4030 dieet
854 3970 1087 4046 improperium
1142 3970 1193 4048 qui
1216 3979 1338 4050 propter
1359 3969 1448 4031 tidem
1463 3968 1577 4032 Christi
1600 3990 1662 4032 uon
1677 3963 1800 4033 rotent

392 4055 517 4132 Chrieti,
540 4057 631 4119 vuldo
646 4057 809 4119 dubitetur.
833 4054 902 4117 Non
919 4057 995 4116 enim
1010 4054 1087 4116 Moci
1140 4055 1305 4136 reptionem
1319 4056 1465 4118 bonorum
1479 4055 1563 4138 presi
1579 4056 1710 4131 tument,
1724 4053 1802 4119 sed’!

390 4145 490 4223 potuit
512 4144 715 4226 improperari,
737 4143 820 4222 quod
837 4141 1027 4207 Christienus
1042 4161 1085 4204 es·
1141 4162 1231 4222 super
1258 4143 1447 4205 irrisionibus
1473 4152 1503 4205 et
1524 4143 1645 4224 probris
1671 4142 1800 4206 nitetur

391 4239 446 4303 set,
472 4238 526 4290 ent
551 4229 702 4293 Christum
729 4231 857 4300 coleret,
884 4230 1004 4307 queudo
1029 4249 1087 4289 uec
1141 4237 1227 4289 erunt
1242 4232 1381 4310 expositi.
1714 4239 1721 4249 “

390 4324 481 4377 nutus
496 4325 561 4377 eret
575 4317 721 4389 Christus,
742 4336 799 4378 neo
821 4312 959 4376 ruditum
975 4314 1086 4377 Christi
1183 4315 1340 4377 Diversum
1362 4316 1400 4377 eb
1419 4316 1465 4376 his
1479 4336 1516 4377 eo
1537 4317 1723 4397 peculiorum
1736 4307 1800 4394 αῖ]

389 4424 506 4467 nomen.
541 4402 776 4485 Chrysostomus
800 4422 836 4462 so
857 4400 994 4482 plerique
1017 4410 1087 4482 post
1140 4404 1288 4464 ortionem
1319 4404 1419 4465 odiert
1447 4401 1571 4464 Ribere.
1615 4402 1713 4467 Sentit
1744 4397 1800 4464 ι’·

388 4489 960 4572 illuminterpretonturimproperium
971 4489 1087 4550 Christi
1139 4489 1271 4563 hiesum,
1308 4492 1418 4571 spiritu
1455 4488 1632 4570 propbetioo
1668 4493 1800 4554 into*

389 4577 474 4651 ineo,
486 4577 577 4658 quod,
589 4575 838 4658 quemedmodum
851 4572 990 4635 Christus
1002 4575 1085 4654 igno·
1140 4575 1249 4637 Christi
1272 4579 1443 4655 pessiouem
1467 4584 1499 4636 et
1517 4577 1689 4658 opprobrie,
1713 4581 1800 4659 opt!

388 4666 482 4726 minio
507 4664 633 4726 effeetus
660 4672 707 4724 est
732 4683 751 4722 o
769 4659 915 4733 deducis,
942 4659 981 4720 od
1007 4680 1085 4742 qnos
1140 4663 1205 4742 ejus
1232 4661 1487 4738 conformitatem
1514 4671 1605 4746 etque
1625 4683 1664 4725 ex
1687 4683 1722 4726 ee
1739 4657 1800 4724 ni!

388 4752 499 4812 missus
521 4751 613 4825 venit,
640 4750 684 4810 ite
702 4749 802 4810 lioses
825 4746 1000 4808 eirntribus
1022 4749 1086 4810 suis
1139 4748 1297 4810 devotione
1325 4750 1467 4810 moluisse
1492 4749 1662 4831 opprobriis
1686 4736 1800 4824 efficii

389 4836 548 4910 Hebrreis,
571 4835 683 4918 quibus
699 4855 732 4897 se
746 4834 936 4896 liberatorem
951 4833 1083 4896 insinne-
1139 4842 1194 4908 est,
1210 4834 1330 4897 Christo
1346 4835 1566 4916 quodemmodo
1581 4839 1722 4918 competi,
1741 4841 1800 4918 μ

389 4921 450 4997 bet,
473 4923 686 4984 contumeliose
707 4921 764 4983 luit
784 4920 939 5002 repulsus,
965 4938 1033 4981 enm
1055 4922 1084 4981 ei
1138 4921 1304 4983 honoribus
1325 4943 1361 4984 eo
1384 4922 1501 4983 divinis
1528 4922 1686 4986 ebondere
1707 4911 1800 5000 ud

390 5008 558 5072 diceretur:
584 5012 660 5090 Quis
674 5011 837 5073 mmtuott
858 5014 888 5068 te
898 5010 1082 5085 prinoipem
1138 5007 1318 5070 Phnrsouis.
1340 5012 1383 5072 Et
1396 5010 1454 5071 boe
1469 5029 1546 5085 esse,
1569 5008 1653 5091 quod
1666 5005 1800 5102 diritdfl
