4442 5825
737 584 902 652 meretur
919 596 959 651 au
976 596 1142 653 muretus.
1178 594 1262 653 rme.
1283 601 1400 653 ru-ro.
1703 604 1776 674 343

359 775 500 837 mecm.
521 774 603 836 liam
619 773 745 837 Graecis
759 773 848 835 turbo
863 766 1027 853 στρόβιλος
1081 776 1231 854 interpres
1253 776 1285 836 in
1306 775 1366 835 illie
1391 775 1465 835 locis
1491 775 1597 835 vertite
1626 775 1777 836 deuitare.

359 871 466 933 matur,
487 862 564 922 etin
578 860 741 942 Scripturie
757 855 885 940 λαῖλαψ,
909 861 980 940 Sap.
997 861 1026 922 5.
1080 863 1240 941 Repetitur
1266 871 1298 924 et
1321 862 1399 922 iufra
1424 860 1515 923 eemcl
1539 871 1569 922 et
1592 864 1699 923 iterum
1722 862 1780 923 hoc

359 946 557 1011 t'deeleeiaet
581 949 650 1025 48.3
677 950 749 1011 item
771 941 897 1025 τροχὸς,
924 949 957 1008 id
981 956 1028 1009 eet
1080 951 1189 1029 cupite,
1205 950 1257 1009 ubi
1273 947 1348 1029 quid
1364 949 1522 1028 eignificet,
1542 948 1652 1010 ibidem
1669 948 1779 1010 dicturi

359 1040 416 1111 ste,
437 1034 547 1095 Psalm
562 1036 614 1097 'iu
629 1047 662 1097 οι
676 1038 741 1113 823
764 1028 903 1114 σιιομὸς,
927 1034 1027 1095 Naum
1080 1054 1192 1096 eumne.

359 1130 416 1185 ‚e
436 1115 633 1199 ονσοιιομὸς,
660 1124 680 1183 4
703 1123 776 1202 Reg.
803 1125 830 1182 i.
866 1121 1026 1183 Caeterum
1126 1122 1186 1182 Pro
1211 1142 1247 1182 ee
1269 1131 1370 1203 parte:
1397 1142 1437 1184 rte
1461 1125 1502 1183 eie
1524 1121 1613 1198 fleret
1635 1122 1777 1198 verbum,

359 1198 1025 1288 ripe<apudGraecoeeolipirremsignificut.
1080 1206 1198 1269 Graeca
1218 1210 1262 1269 eic
1283 1208 1407 1269 lurbeut:
1430 1229 1470 1270 rte
1493 1217 1714 1286 opponeretur
1736 1211 1779 1269 cie

359 1294 422 1357 lude
435 1294 534 1357 exod.
553 1300 601 1358 te.
618 1286 743 1373 νεφέλαι
757 1291 938 1373 γνοφώδιις,
962 1314 1026 1356 ιιιι·
1080 1314 1190 1356 sermo
1230 1293 1320 1374 Quod
1353 1295 1513 1376 tripliciter
1542 1297 1638 1377 recipi
1669 1303 1778 1375 poteet

359 1383 588 1463 ueuliginosae.
616 1382 719 1463 Quare
735 1390 873 1464 putorem
889 1382 969 1441 huuc
984 1381 1025 1441 lo·
1080 1383 1153 1458 Eie,
1181 1382 1294 1442 ecilicet
1316 1382 1415 1443 verbis
1439 1382 1607 1463 prioribus,
1638 1381 1689 1444 vel
1711 1404 1777 1463 pro·

359 1488 398 1531 nn
411 1471 455 1530 ita
470 1467 665 1531 vertendum:
688 1477 718 1531 et
732 1471 911 1546 eelipinem,
934 1476 964 1529 et
979 1476 1026 1528 te·
1080 1467 1179 1549 digiie,
1205 1487 1285 1549 quee
1310 1477 1543 1549 praecesserunt,
1569 1470 1620 1532 vel
1643 1472 1697 1545 eie,
1724 1470 1778 1549 qui

359 1556 456 1631 ὤιον,
472 1564 503 1617 et
514 1557 698 1633 procellam.
721 1556 768 1617 Ita
783 1565 935 1617 verterunt
949 1557 1026 1617 Her·
1080 1557 1247 1616 audieruut.
1270 1556 1371 1618 Primo
1393 1556 1481 1618 modo
1504 1576 1610 1618 eeueus
1636 1564 1693 1617 est:
1716 1557 1777 1619 Ex·

359 1643 801 1725 etue,'1¹lreodoretiinterprer,
817 1653 848 1703 et
862 1644 1027 1703 Louioerus
1081 1650 1225 1704 curarunt
1239 1663 1280 1716 ee,
1296 1652 1446 1723 rogantes,
1462 1641 1552 1704 need
1567 1644 1662 1705 verba
1678 1644 1778 1723 priora

359 1730 564 1812 lrecpbylacti,
585 1739 616 1791 et
638 1731 810 1792 Henteuius
832 1727 1027 1805 Oecumenii3
1081 1729 1247 1810 quidquam
1276 1731 1403 1810 emplius
1433 1730 1601 1792 adderetur.
1639 1729 1778 1793 Secundo

359 1817 496 1901 'siquod
519 1817 566 1878 liic
579 1827 747 1898 postremue
769 1818 835 1878 loeo
854 1818 1025 1893 procellae,
1080 1816 1185 1878 modo:
1225 1815 1273 1875 Ne
1302 1815 1517 1897 adjungeretur
1542 1837 1639 1881 eermo
1665 1817 1775 1878 talibus

359 1906 450 1979 ereio,
480 1924 543 1985 qno
571 1924 677 1978 censa,
708 1905 866 1966 turbinem
897 1905 1026 1984 ecripeit
1080 1905 1220 1964 monstris
1244 1903 1304 1981 jem
1326 1906 1409 1964 vinis.
1436 1906 1477 1965 lit
1499 1907 1556 1965 hoe
1578 1905 1674 1966 voluit
1687 1905 1777 1965 lirae-

359 2010 396 2053 ee
408 2010 485 2053 vero
497 2009 583 2053 seruc
595 1991 687 2052 hebet
698 1991 789 2054 editio
803 1991 938 2071 Syriaca.
955 1991 1026 2052 «λκιο
1080 2010 1155 2063 mue,
1172 1990 1239 2051 dum
1256 1991 1297 2050 ita
1311 1993 1417 2053 vertit:
1444 1994 1615 2071 Deprecari
1629 2000 1714 2067 eunt,
1737 2010 1777 2052 rte

359 2096 385 2139 re
399 2080 431 2139 in
446 2076 587 2138 Hebraeo
601 2079 739 2140 turbinis
751 2078 815 2140 ulle
830 2081 954 2153 mentio;
974 2076 1028 2137 eed
1080 2081 1128 2139 bie
1143 2078 1375 2153 edjunperetur
1390 2082 1503 2140 oratio.
1527 2081 1652 2140 Tertius
1672 2097 1778 2139 seusus

359 2164 636 2241 rbisetealipirrir.
666 2167 824 2246 Leguutur
841 2164 946 2226 eudem
968 2165 1028 2223 triu
1081 2174 1136 2237 eet,
1159 2166 1342 2242 deprecator
1362 2166 1470 2243 fuieee,
1497 2187 1538 2227 ue
1559 2169 1619 2227 eibi
1640 2168 1778 2243 emptius

359 2251 425 2313 aud.
443 2252 502 2325 10,
518 2252 572 2313 ubi
589 2253 680 2334 plage
702 2252 893 2313 tenebrarum
917 2252 1026 2313 descri-
1080 2252 1169 2329 fleret
1184 2271 1305 2329 ecrmo,·
1327 2255 1404 2313 sicut
1425 2254 1517 2314 hebet
1531 2255 1594 2314 elia
1609 2252 1776 2313 translatio.

359 2344 418 2399 tar.
442 2338 514 2419 Quo
531 2349 613 2401 certe
632 2341 699 2400 loco
713 2340 871 2400 turbinem
887 2338 1027 2418 intelligi,
1081 2341 1184 2417 Atque
1206 2339 1255 2398 hic
1272 2340 1439 2400 intellectus
1462 2343 1525 2400 eine
1548 2341 1638 2401 dubie
1660 2360 1776 2419 germa-

359 2444 416 2487 ιιιο
438 2425 557 2498 dixerit,
580 2434 613 2487 et
631 2428 683 2507 qui
698 2426 797 2487 Lxx.
813 2427 1028 2487 transtulerunt
1080 2445 1138 2488 une
1155 2434 1209 2485 eet.
1233 2425 1301 2487 Nou
1325 2428 1403 2487 enim
1426 2428 1574 2507 rogabunt
1595 2427 1649 2486 filii
1673 2426 1777 2498 leretil,

370 2512 524 2583 Latinum,
548 2505 663 2590 γνόφος
677 2514 856 2590 eelipinem,
879 2532 939 2574 non
955 2520 1026 2573 trer-
1080 2533 1119 2573 ue
1132 2514 1278 2572 Dominus
1293 2513 1455 2593 quidquam
1472 2513 1616 2593 adjiceret
1630 2513 1776 2592 prioribus

359 2608 433 2661 bem
449 2600 639 2676 interpretati
654 2609 732 2661 suut.
1079 2600 1190 2671 verbis,
1213 2598 1265 2658 eed
1288 2620 1325 2660 ne
1348 2599 1387 2660 ud
1410 2602 1492 2681 ipsos
1515 2609 1653 2681 pergeret
1674 2600 1775 2677 lequi3

371 2688 423 2747 19.
446 2686 492 2748 Ee
506 2704 614 2747 vocem
639 2686 815 2749 uerborum.
839 2686 961 2747 Scilicet
975 2704 1024 2746 eo·
1080 2707 1160 2767 quae
1188 2694 1289 2745 autem
1319 2686 1430 2750 addere
1456 2686 1564 2758 uellet,
1591 2707 1644 2768 por
1668 2685 1777 2747 Morou

359 2792 403 2841 mr,
426 2774 538 2852 quibus
552 2772 604 2835 lex
619 2773 657 2834 ed
674 2773 818 2855 populum
834 2773 1026 2852 pronuntiate
1080 2775 1153 2854 ipeis
1177 2772 1314 2834 truderet.
1339 2773 1375 2833 Id
1398 2784 1484 2855 putet
1505 2795 1542 2836 ex
1562 2773 1661 2835 verbio
1678 2773 1777 2833 Exodi

359 2866 425 2922 iae
440 2859 641 2941 promulgetur.
663 2862 714 2924 sie
735 2861 816 2921 euim
831 2870 900 2940 poet
915 2860 1024 2922 descri-
1077 2861 1141 2940 jem
1165 2861 1273 2933 eitutie,
1296 2861 1463 2923 clerieoime
1484 2882 1556 2923 vero
1578 2882 1616 2922 ex
1632 2862 1720 2921 Dent
1738 2860 1777 2932 iu,

359 2969 409 3010 am
456 2947 675 3026 legislationem
714 2949 815 3009 Moser
858 2948 1027 3026 subjungit:
1080 2948 1131 3009 ubi
1146 2947 1249 3008 eedem
1267 2948 1384 3026 pleniue
1407 2949 1586 3011 referuntur.
1609 2945 1779 3030 Applaudit

359 3041 470 3098 Μιιι
488 3043 595 3095 nutem
616 3037 757 3113 populun
779 3034 906 3095 videbat
928 3053 1026 3109 uoces,
1081 3034 1153 3095 huic
1168 3037 1269 3094 censui
1287 3037 1489 3115 interpretatio
1505 3038 1648 3117 Syriaca:
1673 3037 1778 3095 Petie-

380 3123 559 3198 iesnpedee,
586 3130 616 3183 et
636 3127 777 3184 seruitum
799 3122 950 3182 buccinae
972 3129 1026 3183 ete.
1080 3129 1170 3198 meret,
1186 3140 1226 3181 ae
1238 3123 1421 3199 adderetur,
1437 3132 1475 3184 ot
1489 3124 1690 3200 lleretserme
1706 3141 1776 3182 eum

359 3207 503 3272 ttouirer
525 3217 607 3283 note,
629 3212 737 3271 videre
754 3228 838 3268 more
853 3208 1028 3287 Scripturae
1080 3211 1166 3286 ipeie,
1183 3208 1278 3278 idest,
1293 3229 1333 3269 ue
1344 3212 1473 3287 emplius
1490 3231 1590 3271 eecum
1603 3210 1778 3288 loquentem

359 3299 457 3358 rurum
479 3317 535 3377 pro
555 3317 610 3372 eo,
633 3297 714 3375 quod
737 3313 830 3357 remu
850 3299 1026 3372 percipere,
1081 3297 1180 3356 Deum
1203 3298 1302 3374 ipsum
1325 3296 1471 3357 audirent.
1505 3299 1562 3358 list
1582 3298 1659 3357 onim
1683 3298 1778 3355 luteus

359 3393 437 3456 .eet,
464 3386 598 3462 speciem
624 3404 679 3462 pro
701 3401 819 3464 genere.
854 3383 923 3443 Nou
947 3384 1026 3444 enlm
1081 3384 1288 3453 Hebraienrus,
1312 3385 1409 3462 qualis
1434 3385 1562 3445 illudes.
1581 3387 1625 3443 i.:
1652 3383 1777 3458 Adiecit

359 3489 419 3534 ree·
443 3469 513 3532 illae
540 3469 637 3530 oculis
661 3470 813 3543 ridebant,
841 3468 895 3530 red
922 3469 1026 3530 ruditu
1081 3472 1241 3532 Dominur
1255 3471 1343 3545 loqui
1359 3471 1404 3530 ed
1418 3473 1534 3533 Aetna.

359 3559 544 3639 eripiebant,
559 3556 724 3618 secuudum
734 3558 772 3627 id,
784 3557 866 3637 quod
877 3558 1026 3636 requitur:
1125 3558 1175 3618 20.
1198 3559 1272 3618 Non
1288 3560 1372 3618 enim
1388 3558 1573 3633 portabunt.
1591 3556 1676 3633 quod
1691 3556 1777 3615 diee-

369 3647 476 3728 Quem
499 3649 556 3722 qui
579 3645 772 3719 audierunt,
797 3651 1027 3705 excusaverunt
1081 3645 1184 3704 batur.
1209 3642 1341 3703 Graece:
1358 3638 1393 3702 τὸ
1411 3635 1675 3720 διαστελλόμενον,
1692 3642 1778 3719 quud

359 3751 427 3808 ,sue
441 3734 488 3792 eir
508 3732 598 3808 fleret
622 3732 761 3792 uerbum.
784 3731 1028 3792 exercuerunt
1081 3732 1279 3805 edieebntur,
1315 3732 1602 3808 promulgabatur,
1634 3729 1776 3809 Syriuce:

359 3819 517 3896 ,Graeeer
539 3812 766 3898 mappularum.
790 3815 879 3894 Quod
894 3817 946 3877 elii
960 3838 1025 3879 ver·
1080 3819 1166 3895 quod
1191 3818 1430 3893 mandabatur,
1460 3819 1573 3879 ecilicet
1596 3815 1696 3876 edicto
1723 3836 1776 3895 pu·

359 3914 442 3968 nur:
464 3907 629 3983 deprecati
650 3913 733 3966 suat.
756 3905 807 3967 Sic
827 3905 909 3964 enirn
925 3903 1025 3964 ecribi·
1080 3905 1167 3965 blico.
1191 3905 1292 3964 Faber
1313 3906 1410 3965 minus
1432 3914 1529 3966 rector
1556 3903 1641 3980 quod
1663 3905 1778 3965 distin·

359 3993 493 4056 rnxoe.
508 3994 578 4053 9οα
604 3994 648 4054 Et
668 3994 835 4070 perterriti
849 4009 887 4051 oc
905 4009 1027 4066 pauore
1079 3992 1246 4069 praebetur,
1259 3990 1390 4051 referens
1403 3991 1507 4052 hocod
1518 3993 1680 4051 varietates
1691 4011 1774 4051 eono-

359 4081 632 4142 metueret-out
640 4080 766 4156 procul,
780 4079 918 4138 dicenter
930 4078 1027 4139 eree.-
1080 4088 1189 4141 mmet
1205 4078 1365 4138 verborum
1381 4077 1568 4139 terribilium.
1592 4077 1670 4138 Nam
1688 4097 1779 4139 reme

359 4183 475 4246 mere
495 4174 532 4228 ter
553 4167 661 4241 nobie,
695 4173 725 4226 et
747 4165 933 4243 erudiemur,⁸
959 4184 1027 4227 ιιοιι
1080 4173 1112 4228 et
1127 4168 1304 4247 perspicuus
1328 4184 1434 4225 seusus
1458 4176 1523 4227 eet:
1549 4166 1618 4226 Non
1640 4163 1779 4227 ferebant

359 4261 484 4334 quntw
503 4254 597 4314 nobie
611 4255 780 4329 Domiaue,
803 4271 845 4313 rte
857 4253 943 4329 {orte
958 4271 1027 4313 mo·
1080 4255 1271 4313 severitatem
1288 4252 1397 4328 edicti3
1413 4273 1508 4332 greve
1523 4252 1672 4314 etdurum
1690 4251 1779 4313 valde

359 4357 464 4403 m.
492 4341 568 4402 Fuit
581 4361 655 4422 ergo
677 4341 858 4420 deprecatio,
883 4339 936 4399 eod
959 4355 1027 4398 cum
1081 4342 1124 4400 eis
1149 4338 1330 4415 videbatur3
1361 4341 1500 4401 nimirum
1526 4340 1599 4411 hoc,
1627 4340 1707 4418 quod
1734 4359 1777 4400 ee-

359 4429 532 4498 rensatione,
548 4447 613 4506 qne
628 4426 787 4488 dicebant:
802 4425 943 4505 referte
957 4443 1027 4487 me·
1081 4427 1197 4508 quitur:

359 4531 463 4576 mr.
485 4515 569 4576 elui
589 4513 715 4576 verbum
736 4515 792 4574 hoc
808 4512 920 4573 nudem
936 4513 1026 4591 sigui·
1125 4515 1195 4575 Ere·
1211 4514 1308 4574 bertin
1323 4516 1459 4589 tetiperit
1473 4521 1624 4586 montem,
1650 4511 1779 4586 lepide·

359 4602 650 4671 namnetorum,
664 4602 783 4661 utLue.
798 4602 847 4661 14.
863 4601 895 4662 iu
911 4619 957 4669 eo,
972 4602 1026 4679 qui
1082 4602 1176 4662 bitur.
1207 4600 1277 4660 Non
1307 4600 1362 4658 hoe
1389 4599 1512 4661 totidem
1538 4600 1638 4660 verbis
1666 4597 1779 4659 dictum

359 4691 418 4752 aii:
446 4689 586 4752 vuum
601 4688 692 4762 due,
716 4689 746 4748 e't
767 4689 839 4748 ideo
861 4705 930 4749 ιιοιι
951 4706 1027 4764 pee-
1082 4695 1136 4757 eet,
1161 4686 1213 4746 sed
1238 4689 1406 4747 continetur
1428 4689 1458 4745 in
1483 4686 1583 4746 edicte
1607 4684 1686 4745 lucto
1707 4695 1780 4747 ente

359 4795 394 4838 ιιι
408 4778 532 4838 venire.
554 4774 626 4836 lion
640 4777 718 4836 enim
734 4773 850 4835 eddidit
864 4776 942 4834 sicut
958 4774 1026 4835 alii:
1080 4773 1310 4850 legislationem,
1326 4773 1423 4834 Exod.
1439 4777 1487 4834 19.
1512 4773 1561 4834 Sic
1578 4771 1655 4831 euim
1671 4771 1779 4833 babet:

359 4879 416 4944 m
430 4871 474 4939 te,
493 4862 638 4924 aetem
654 4868 847 4924 excecatum.
871 4860 1026 4922 Interdum
1081 4862 1209 4934 Orruit,
1243 4864 1298 4939 qui
1324 4862 1461 4935 tetipers't
1487 4866 1643 4934 montem,
1678 4869 1781 4921 morte

359 4969 396 5016 re
410 4949 583 5032 significate
605 4959 762 5022 recurrere,
778 4947 941 5026 repellere,
956 4953 1023 5010 utl
1080 4951 1243 5008 morietur.
1275 4949 1394 5009 Menoe
1407 4964 1475 5006 aee
1491 4953 1602 5023 turpet
1617 4966 1700 5020 eum,
1725 4949 1779 5009 red

359 5037 462 5102 heth
477 5039 508 5100 4
520 5035 596 5100 eti.
610 5041 644 5099 et
657 5035 720 5098 'l'it
733 5040 772 5112 3.,
788 5038 909 5099 ιιιοοιοί
923 5045 1026 5098 uerter
1079 5035 1241 5112 lapididus
1266 5037 1466 5113 opprimetur
1488 5041 1547 5097 eut
1572 5035 1779 5113 confodietur
