4442 5825
401 599 473 669 132
913 587 1148 643 cassaremus
1164 587 1196 643 lit
1214 589 1281 644 cti.
1298 589 1337 644 it.

396 768 521 830 consilio
540 769 631 847 juxta
652 765 732 827 bunc
753 767 948 844 posteriorem
971 765 1093 826 modum
1144 765 1223 828 bono
1239 768 1358 844 animo,
1372 766 1471 829 luctus
1486 777 1557 830 tuus
1572 768 1761 850 ingaudium
1773 790 1830 831 oon

395 855 582 916 immutabili.
621 852 723 932 Quare
746 852 785 913 ad
808 852 1018 912 declarandum
1038 851 1091 911 bu·
1146 862 1286 915 vertetur.
1310 854 1421 934 Itaque
1437 875 1545 917 sensns
1559 855 1702 936 Apostoli
1717 867 1779 918 est:
1793 855 1829 921 ld

393 941 525 1022 jusmodi
550 961 648 1001 rernm
673 939 889 1000 immutabilem
915 940 1091 1012 firmitatem,
1146 943 1224 1001 circo
1237 941 1320 1001 Deus
1336 943 1564 1020 promissionem
1575 944 1719 1004 Abrabae
1735 943 1830 1005 tuctur

397 1050 475 1109 quae
490 1028 637 1108 prioribus
653 1026 713 1087 illis
736 1048 795 1087 non
818 1028 973 1098 convenit,
1000 1044 1091 1105 appo·
1141 1029 1312 1106 juramento
1350 1029 1525 1091 confirmare
1563 1031 1676 1106 voluit,
1714 1039 1751 1091 nt
1784 1050 1830 1092 nes

398 1121 486 1177 sitnm
503 1125 550 1176 est
564 1118 594 1175 iu
610 1135 712 1175 earnm
734 1116 929 1193 promissione
940 1114 1092 1192 juramen·
1146 1114 1285 1174 Abrabae
1308 1113 1362 1176 filii
1385 1124 1416 1175 et
1437 1118 1644 1196 promissionis
1660 1119 1728 1198 ejus
1744 1117 1830 1180 beera

394 1212 466 1262 tum.
505 1201 594 1281 Quod
618 1205 647 1260 in
664 1201 731 1262 aliis
754 1200 864 1261 factum
880 1221 941 1260 non
956 1200 1092 1278 legimus.

398 1289 507 1351 Tradit
519 1290 596 1350 banc
618 1290 763 1349 rationem
787 1289 852 1368 ipse
868 1287 1031 1366 Apostolus
1047 1284 1091 1344 se·

395 1380 499 1457 quenti
515 1377 629 1455 capito,
656 1376 708 1435 ubi
723 1377 781 1435 ait:
811 1376 854 1435 Et
877 1381 1033 1450 quantum
1050 1379 1092 1432 eat

394 1482 462 1526 non
476 1467 543 1524 eine
554 1463 771 1538 jurejurando
787 1470 843 1521 etc.

443 1554 639 1627 Interposait
671 1549 913 1624 jusjurandum.
958 1545 1090 1606 Graece:

393 1641 547 1700 mediavit
557 1638 786 1712 jurejarando,
802 1635 862 1709 vel,
878 1642 912 1692 ut
924 1633 1088 1712 Theopby·

393 1726 464 1787 lacti
486 1728 649 1804 interpres,
675 1726 848 1784 intercessit
862 1721 1090 1796 iureiurando.

394 1811 557 1875 Caeterum
572 1814 719 1891 interpres
735 1808 909 1880 Oeeumenii
928 1809 1019 1867 vertit
1034 1808 1090 1867 boc

392 1899 499 1961 modo:
519 1899 679 1960 Mediator
690 1906 735 1958 eet
741 1896 966 1972 jurejarando.
989 1894 1089 1974 Siqui-

396 1986 463 2048 dem
477 1986 509 2046 bi
524 1986 583 2045 duo
604 1994 850 2047 commentatores
875 1990 944 2062 post
959 1980 1089 2061 Chryso·

394 2082 519 2135 eternum
535 2073 584 2133 hic
597 2072 761 2153 significari
776 2078 883 2151 putant
893 2070 1006 2129 Filium
1021 2070 1090 2141 Dei,

394 2182 430 2221 ac
454 2160 578 2221 verbum
602 2160 718 2232 Patris,
744 2177 804 2237 quo
830 2158 908 2218 inter
933 2157 1032 2215 Deum
1059 2164 1091 2215 et

392 2247 544 2308 Abraham
559 2247 739 2320 mediatore,
763 2244 844 2306 iacta
865 2247 903 2305 sit
919 2243 994 2302 haec
1005 2243 1088 2322 jura·

393 2337 471 2396 toria
488 2337 654 2415 promissio.
693 2333 791 2414 Quem
814 2351 936 2394 sensum
951 2330 1089 2411 pluribus

393 2425 578 2504 explicatum
593 2425 697 2484 videre
712 2430 760 2482 est
770 2419 851 2500 apud
864 2418 1088 2480 Oeeumeuiom.

394 2511 455 2574 Sed
477 2521 614 2572 coactum
637 2511 667 2571 id
690 2508 777 2569 nobis
800 2506 918 2567 videtur
944 2518 973 2567 et
1000 2506 1090 2584 longe

392 2598 530 2679 petitum.
552 2599 651 2677 Magis
666 2597 768 2676 placet
782 2595 915 2665 aliorum,
932 2602 993 2652 tam
1010 2603 1088 2653 vete-

391 2707 475 2759 rum,
501 2704 593 2764 quam
617 2683 831 2753 recentiorum,
854 2681 983 2759 simplex
1006 2679 1089 2741 intel·

390 2773 497 2845 lectus,
512 2772 654 2852 volgatae
669 2770 797 2831 versioni
815 2775 1042 2839 consentaneus,
1057 2777 1090 2825 nt

393 2881 453 2922 non
468 2857 552 2920 alind
568 2856 753 2923 sit-mediare
764 2853 979 2935 jurejurando,
999 2874 1089 2935 quam

389 2946 602 3029 jusjurandum
620 2948 823 3023 interponere,
838 2940 954 3002 scilicet
966 2941 1003 3000 ad
1021 2962 1088 3002 con-

396 3032 572 3095 firmandam
584 3031 826 3112 promissionem,
850 3028 931 3107 quod
946 3030 1089 3109 interpres

393 3121 488 3202 Syrus
515 3118 605 3180 dixit:
630 3116 849 3194 jurejurando
876 3135 944 3175 eam
976 3115 1089 3191 lipare,

391 3212 456 3270 rive
471 3209 695 3282 constrinpere.

438 3296 487 3355 18.
517 3295 557 3356 m
569 3312 628 3370 per
644 3293 726 3353 dnae
740 3308 789 3350 rea
803 3289 986 3350 immobiles.
1020 3288 1088 3349 Sar·

390 3401 507 3443 monem
530 3400 585 3441 seu
600 3378 823 3460 promissionem
842 3378 984 3456 intelligit
999 3386 1028 3436 et
1039 3377 1088 3455 jn·

391 3476 567 3530 rumentum.
603 3467 687 3546 Quas
703 3464 778 3524 dune
794 3483 839 3524 res
855 3484 908 3524 cur
924 3463 1088 3524 immobiles

392 3558 456 3616 sive
485 3554 684 3616 immutabiles
713 3560 818 3622 vocet,
847 3553 993 3611 rationem
1020 3549 1088 3610 sub·

387 3642 506 3721 jungit:
537 3641 656 3719 Quibus
681 3637 871 3713 impossibile
895 3645 939 3698 est
960 3639 1089 3697 mentiri

391 3730 504 3790 Deum.
528 3725 657 3786 Graece:
677 3728 713 3785 in
725 3723 856 3799 quibem
880 3723 933 3783 sed
945 3723 1086 3783 Hebrais·

391 3832 472 3876 mum
483 3822 563 3873 recte
575 3813 702 3873 mutavit
714 3811 868 3888 interpres.
892 3809 970 3869 Nem
983 3829 1088 3870 aeneus

392 3909 447 3973 est,
461 3900 561 3960 Deum
576 3920 633 3961 nec
649 3896 777 3976 simplici
800 3898 1010 3976 promissione,
1033 3916 1088 3956 nec

387 3988 557 4066 juramento
572 3986 692 4048 mentiri
706 3993 759 4045 aut
773 3983 879 4044 fallere
893 4003 998 4063 posse,
1021 4002 1087 4043 cum

390 4075 430 4134 sit
450 4075 518 4151 ipsu
539 4076 659 4133 veritae.

441 4162 662 4222 Fortissimum
710 4160 858 4219 solatium
908 4157 1086 4218 babeamus.

1145 1201 1216 1270 dee,
1232 1199 1271 1260 de
1287 1222 1324 1262 ea
1339 1205 1555 1281 promissione,
1571 1206 1645 1284 quin
1661 1217 1747 1265 certa
1761 1206 1830 1266 site

1145 1287 1261 1348 stabilis
1276 1308 1486 1369 permansura,
1501 1291 1586 1353 nullo
1602 1291 1691 1352 modo
1707 1291 1830 1363 dubitsu

1144 1383 1199 1446 tes,
1214 1377 1245 1434 in
1262 1376 1309 1436 his
1325 1375 1468 1447 adversis,
1485 1398 1562 1457 quae
1577 1379 1710 1441 mundus
1728 1378 1830 1459 ingeris

1144 1462 1273 1522 invicem
1296 1464 1479 1536 animemus,
1501 1476 1533 1526 et
1544 1466 1784 1527 consolationem
1798 1483 1830 1527 ea

1144 1550 1263 1627 piamus
1290 1549 1507 1626 firmissimam,
1537 1561 1641 1634 utpote
1671 1552 1829 1614 certissimi

1144 1638 1300 1714 promissis
1314 1639 1460 1698 innixam.
1826 1702 1829 1707 ,

1188 1727 1249 1801 (ini
1271 1725 1474 1800 construimus
1499 1725 1542 1785 ad
1565 1727 1742 1793 tenendam
1763 1743 1830 1803 pro

1141 1814 1279 1884 positam
1307 1830 1404 1887 spem.
1442 1814 1653 1890 confecimus
1686 1815 1830 1892 praeterit

1143 1901 1283 1976 temporis
1300 1909 1353 1970 ost,
1369 1897 1486 1960 Graece
1500 1891 1746 1977 καταφυγόντες.
1769 1899 1830 1961 Seu·

1144 2004 1194 2044 sus
1209 1994 1270 2044 est:
1292 1985 1361 2064 Qui,
1377 2004 1416 2045 ex
1430 2005 1490 2066 quo
1506 1985 1617 2048 Christi
1633 1986 1724 2048 tidem
1739 2005 1830 2048 sumus

1143 2072 1292 2151 amplexi,
1318 2071 1425 2133 relicto
1450 2073 1569 2134 iallams
1595 2074 1710 2135 saeculi
1730 2093 1829 2135 amore

1144 2158 1332 2237 confugimus
1347 2159 1386 2219 sd
1406 2180 1490 2238 spem
1505 2160 1650 2222 bonorum
1665 2161 1830 2223 coelestius

1143 2253 1176 2304 et
1189 2254 1394 2321 aeternornm,
1418 2267 1497 2326 quae
1511 2248 1598 2309 nobis
1612 2252 1771 2330 proposita
1785 2254 1829 2317 eat

1144 2333 1266 2402 firmiter·
1291 2354 1327 2393 ac
1353 2334 1502 2397 mordicus
1528 2334 1725 2398 retinendam.
1764 2337 1830 2399 Nau

1143 2421 1289 2494 Graecum
1306 2423 1429 2482 verbum
1452 2423 1603 2502 κρατήσαι
1617 2443 1678 2484 non
1691 2425 1830 2504 signiter

1143 2510 1423 2590 quomodocumque
1440 2522 1554 2582 tenera,
1569 2510 1622 2569 sed
1636 2512 1679 2570 ita
1693 2520 1797 2573 tenere
1811 2524 1830 2574 a

1142 2598 1319 2674 complecti,
1348 2610 1458 2659 utnon
1481 2598 1606 2677 patiaris
1621 2598 1708 2676 eripi.
1747 2594 1830 2660 Porri

1142 2702 1210 2759 spes
1236 2687 1404 2760 proposita
1434 2686 1541 2746 dieitur
1578 2683 1688 2763 objecti
1719 2688 1830 2756 ration

1142 2771 1214 2849 quia
1229 2791 1282 2850 per
1297 2788 1363 2829 eam
1380 2772 1477 2832 tendit
1491 2772 1609 2834 animus
1626 2775 1658 2831 in
1674 2771 1756 2833 bona
1772 2792 1830 2853 pre

1141 2859 1247 2931 missa,
1264 2865 1295 2919 et
1311 2856 1377 2918 loco
1392 2860 1516 2939 praemii
1530 2867 1691 2939 proposita

1188 2949 1234 3006 19.
1260 2948 1362 3023 Quam
1396 2950 1475 3007 sicot
1505 2964 1660 3008 ancoram
1689 2947 1830 3009 babemus

1142 3034 1272 3091 animae
1288 3038 1388 3093 tutam
1404 3053 1442 3094 ac
1460 3035 1597 3111 sirmam.
1634 3036 1775 3094 Animae
1788 3052 1830 3115 ge

1141 3120 1253 3178 nitivus
1276 3126 1321 3177 est
1337 3119 1556 3181 construendus
1576 3131 1642 3179 cum
1666 3122 1830 3182 sccuntiue

1141 3223 1293 3265 ancoram
1302 3249 1313 3279 ,
1341 3216 1374 3266 ut
1387 3206 1437 3267 bic
1458 3209 1500 3267 sit
1517 3206 1606 3266 ordo:
1633 3208 1739 3284 Quam
1753 3225 1830 3285 spem

1141 3291 1310 3364 babemus,
1333 3303 1400 3366 ant,
1423 3303 1457 3351 ot
1471 3294 1524 3354 alii
1538 3301 1674 3366 vertunt,
1693 3302 1830 3367 tenemus,

1141 3380 1228 3439 velat
1252 3398 1407 3439 ancoram
1433 3383 1561 3441 animae
1587 3386 1691 3440 tutam
1717 3399 1757 3440 ae
1780 3383 1830 3460 pir·

1142 3483 1237 3525 mam.
1274 3465 1352 3526 Sunt
1368 3468 1444 3528 enim
1460 3467 1535 3526 haec
1550 3466 1686 3546 epitheta
1699 3486 1830 3530 ancoras

1142 3549 1305 3631 Comparat
1330 3554 1493 3632 Apostolus
1522 3571 1606 3631 spem
1633 3550 1830 3616 Christianam

1142 3657 1208 3700 cum
1225 3659 1335 3699 ancora
1356 3641 1474 3713 navali,
1494 3640 1582 3718 cujus
1596 3641 1769 3720 proprietas
1785 3648 1830 3713 est

1142 3733 1236 3784 tntum
1251 3736 1282 3786 et
1296 3726 1409 3786 firmam
1427 3745 1503 3787 esse.
1541 3727 1620 3786 Nam
1635 3725 1712 3787 sicut
1726 3744 1830 3789 ancora

1142 3813 1172 3870 in
1187 3811 1311 3872 fundum
1326 3815 1417 3874 meris
1433 3814 1567 3891 projecta
1579 3814 1684 3874 navim
1698 3816 1794 3888 sistit,
1807 3819 1830 3886 et

1142 3900 1174 3957 iu
1189 3907 1270 3958 statu
1286 3901 1407 3973 retinet,
1434 3919 1487 3970 ne,
1513 3902 1543 3959 vi
1563 3902 1758 3978 tempestatis
1779 3901 1830 3962 bue

1142 3984 1212 4045 illuc
1234 3988 1362 4065 agitata,
1386 3996 1621 4065 conquassetur:
1647 3988 1690 4046 ita
1709 3988 1830 4068 speria

1141 4072 1238 4131 Deum
1254 4081 1284 4132 et
1299 4074 1329 4131 in
1351 4071 1431 4133 bona
1451 4071 1634 4146 invisibilia,
1656 4092 1738 4152 quae
1752 4073 1830 4136 Deus

1141 4160 1289 4238 promisit,
1312 4168 1452 4231 extensa,
1474 4168 1567 4239 atque
1582 4161 1614 4220 in
1629 4159 1696 4237 ejus
1711 4161 1830 4241 prom'ur

391 4245 524 4309 Graece:
543 4247 641 4307 Forte
656 4245 814 4305 solatiam
838 4244 928 4323 Quod
943 4245 1086 4305 Erasmus
1140 4246 1224 4304 aione
1237 4246 1306 4314 fixa,
1322 4245 1411 4307 fulcit
1425 4267 1460 4306 ec
1472 4245 1571 4306 firmat
1582 4248 1697 4307 animas
1709 4256 1830 4319 nostm

390 4334 496 4394 vertit:
526 4333 674 4392 Validam
690 4332 947 4392 consolationem.
972 4328 1087 4409 Quam-
1139 4351 1178 4392 ne
1200 4334 1399 4393 tentationum
1422 4333 1560 4412 procellis
1582 4333 1715 4411 undique
1734 4335 1830 4416 pulsa·

390 4439 482 4501 qnam
496 4440 550 4500 pro
574 4419 789 4479 consolatione
813 4418 923 4479 licebat
937 4418 1085 4478 suborta·
1139 4427 1190 4478 tae
1213 4419 1405 4480 succumbant
1425 4428 1456 4480 et
1478 4429 1613 4499 pereant.
1651 4420 1710 4480 Est
1735 4429 1830 4490 tamen

391 4510 510 4570 tionem
525 4504 669 4582 reddere,
692 4524 761 4565 nam
778 4504 894 4566 Graeca
909 4524 970 4563 vox
984 4496 1086 4581 παρά·
1140 4505 1251 4586 aliquid
1279 4506 1438 4578 dissimile,
1468 4526 1528 4587 qno
1555 4508 1619 4585 spei
1645 4504 1830 4569 Christianus

390 4590 499 4671 κλησις
521 4600 677 4673 utramque
695 4591 854 4670 significat.
899 4592 940 4650 Et
962 4590 1084 4669 quidem
1138 4594 1323 4670 praestantia
1350 4594 1447 4672 magis
1478 4594 1610 4669 elucent,
1647 4614 1709 4655 non
1739 4595 1830 4656 solun

390 4678 500 4742 Graeci
514 4681 693 4758 interpretes
713 4680 963 4739 exhortationem
984 4677 1084 4757 alege·
1138 4678 1218 4757 quod
1235 4698 1345 4739 ancora
1359 4681 1486 4739 mittitur
1505 4680 1643 4742 deorsum
1667 4682 1698 4741 in
1713 4691 1830 4751 terram

390 4773 475 4843 runt,
491 4767 521 4826 in
536 4773 620 4826 textu
636 4775 737 4825 autem
749 4765 874 4845 Syriaco
887 4785 925 4825 ea
935 4783 996 4824 vox
1011 4763 1085 4842 legi-
1139 4784 1207 4844 spes
1233 4775 1333 4826 antem
1356 4765 1460 4828 evolat
1481 4787 1597 4828 sursum
1621 4765 1660 4826 ad
1676 4768 1830 4843 coelestini

389 4859 454 4924 tur,
468 4871 546 4931 qnae
561 4873 621 4913 non
635 4851 728 4925 aliud,
747 4872 835 4931 qnam
852 4848 1086 4912 consolationem
1138 4871 1242 4911 verum
1257 4852 1314 4913 boc
1328 4855 1434 4925 etiam,
1460 4853 1541 4934 qnod
1560 4855 1662 4925 navis,
1689 4855 1830 4935 quamdiu

390 4938 554 5017 significet,
577 4940 625 4999 eni
645 4947 746 5000 tumen
766 4938 909 5021 adjuncta
924 4939 964 4998 ait
979 4936 1084 4997 adhor-
1138 4940 1281 5000 retinetur
1296 4940 1334 5000 eb
1350 4959 1468 5014 ancora,
1484 4961 1542 5002 non
1554 4951 1655 5021 potest
1669 4944 1700 5002 in
1716 4952 1830 5022 pertun

389 5023 482 5096 tatio,
496 5033 532 5086 nt
545 5044 614 5088 cum
628 5024 742 5087 bomini
757 5033 871 5087 moesto
887 5025 1013 5086 dicitur:
1035 5023 1086 5086 Sis
1139 5024 1279 5103 tandem
1294 5035 1327 5088 at
1341 5045 1412 5106 spes
1426 5028 1470 5088 ita
1480 5029 1594 5090 animus
1604 5036 1723 5091 naeuus
1736 5030 1830 5092 firmat
