4442 5825
788 616 951 671 susionis
968 617 986 670 1.
1003 617 1091 671 seru
1107 616 1242 673 saeuus.
1259 615 1344 672 vms.
1363 618 1404 670 u.
1416 618 1459 671 u.
1525 577 1534 584 ’

1745 621 1817 690 tet

371 791 470 872 pauci,
486 793 538 872 qui
554 793 634 854 vitiis
646 794 707 854 suis
720 802 750 854 et
760 793 972 874 voluptatibus
984 815 1068 856 man·
1121 797 1262 855 conscius
1276 813 1364 872 sum,
1387 795 1441 855 ced
1455 812 1523 856 uon
1537 795 1573 855 ia
1588 796 1645 853 boo
1656 793 1816 870 justitien-

371 879 483 956 cipati,
510 878 632 940 tandem
656 899 692 940 eo
716 882 848 962 stuporis
875 880 1069 955 devenerunt,
1122 889 1173 942 tus
1188 901 1268 955 aum,
1293 880 1395 942 lOar.
1411 884 1450 953 4.,
1474 883 1518 942 ita
1537 901 1594 942 nec
1618 879 1817 941 infallibiliter

371 971 483 1025 utnon
499 968 636 1038 sentiant,
655 987 687 1027 se
703 988 838 1047 peccare.
865 968 974 1049 Neque
989 971 1069 1029 enirn
1123 976 1206 1029 certa
1221 977 1266 1028 est
1280 968 1356 1029 baec
1369 967 1487 1041 fidncia,
1503 967 1584 1049 quod
1598 968 1744 1047 judicium
1759 967 1819 1026 Dei

371 1049 467 1126 bles,
490 1054 550 1112 etsi
572 1073 590 1113 a
613 1053 704 1114 eorde
727 1074 782 1115 sno
805 1072 865 1115 uon
886 1055 1068 1134 reprehensi,
1123 1057 1216 1115 simus
1236 1058 1365 1115 evasuri.
1387 1055 1476 1115 Unde
1499 1055 1618 1116 dicebat
1639 1053 1720 1115 idem
1736 1055 1817 1132 Apo·

371 1155 479 1198 veram
494 1138 607 1200 hahent
621 1139 760 1202 fiduciam
777 1141 814 1201 nd
831 1141 946 1218 Denm;
969 1161 1068 1222 neque
1122 1141 1230 1202 stolus:
1258 1143 1384 1218 Oastipo
1399 1159 1514 1219 corpus
1527 1160 1643 1217 meum,
1667 1160 1707 1201 ue
1722 1142 1818 1218 sorte,

371 1223 413 1286 de
428 1225 468 1286 iis
483 1245 588 1287 uerum
605 1235 659 1301 est,
675 1227 756 1308 qnod
768 1227 823 1288 boo
836 1226 901 1289 loco
917 1229 1069 1308 seqnitur:
1122 1246 1192 1288 cum
1209 1230 1281 1290 aliia
1293 1230 1561 1305 praedicaverim,
1584 1232 1650 1306 ipse
1664 1227 1820 1305 reprobus

371 1311 419 1373 Et
432 1312 592 1391 quidquid
604 1318 800 1391 petierimus,
825 1318 1014 1392 decipiemur
1029 1315 1069 1375 ab
1124 1316 1257 1393 efficiar,
1284 1320 1299 1375 1
1316 1313 1385 1376 Gor.
1403 1320 1431 1378 9.

371 1399 440 1475 Eo,
468 1403 621 1478 quoniam
647 1402 803 1463 maudato
830 1404 909 1478 Eius
931 1403 1069 1463 custodi-

371 1504 447 1547 mus
462 1494 515 1548 etc.
1167 1491 1216 1548 22.
1240 1491 1283 1550 Et
1296 1490 1452 1567 quidquid
1466 1492 1661 1565 petierimus,
1679 1490 1815 1564 accipie·

414 1572 609 1655 Responderi
623 1583 730 1655 potest,
754 1574 913 1637 admodum
931 1594 997 1636 esse
1012 1573 1068 1635 dii·
1122 1594 1192 1636 mus
1206 1576 1247 1636 ab
1263 1578 1320 1637 Eo.
1345 1575 1461 1637 Graeco
1484 1585 1516 1636 et
1534 1575 1678 1656 Syriace:
1699 1576 1819 1650 accipi-

371 1659 464 1734 herle,
487 1680 524 1722 ac
546 1660 676 1723 fortasse
697 1682 862 1744 numquam
886 1664 1069 1742 contingere,
1122 1681 1192 1723 mus
1215 1663 1255 1723 ab
1278 1681 1323 1738 eo,
1351 1662 1445 1724 serbo
1462 1657 1638 1744 ‘praesentis
1665 1662 1817 1741 temporie,

371 1764 554 1830 quemquam
581 1749 626 1808 ita
646 1767 712 1810 esse
733 1751 866 1830 peccatis
889 1751 1068 1821 immersum,
1123 1749 1237 1810 scilicet
1260 1748 1396 1829 ejusdem
1411 1770 1476 1811 cum
1493 1749 1687 1831 praecedenti
1710 1747 1819 1809 verbo:

371 1841 484 1896 utnon
505 1834 592 1896 rodat
611 1855 647 1896 ae
672 1835 808 1898 mordeat
829 1838 980 1898 interdurn
1003 1837 1069 1915 ojus
1122 1837 1282 1912 babemus,
1305 1835 1344 1898 ad
1360 1836 1589 1916 significandam
1605 1836 1817 1898 eertitudinem

371 1923 507 1983 animum
537 1923 647 1984 vermis
674 1925 888 1998 eonscientiae,
920 1923 1069 1997 dictantis,
1122 1924 1339 2004 promissionis.
1363 1924 1406 1996 Si,
1423 1925 1529 2005 inquit,
1550 1944 1601 1984 cor
1615 1930 1748 1984 nostrum
1762 1941 1818 1982 nos

371 2008 475 2090 ipsum
490 2009 697 2088 malaopera,
720 2012 839 2084 vermis,
862 2013 994 2091 inquam,
1017 2010 1071 2070 ille
1122 2032 1183 2071 non
1212 2009 1431 2091 reprehendet,
1462 2032 1522 2072 non
1548 2010 1645 2072 solum
1672 2009 1817 2070 babemus

371 2096 404 2157 in
419 2094 557 2177 reprobis
573 2115 736 2177 numquam
749 2101 917 2173 moriturus,
932 2097 1027 2158 Maro.
1040 2101 1068 2159 9.
1123 2097 1205 2178 apud
1220 2098 1320 2160 Deum
1342 2096 1482 2158 flduoiam
1500 2097 1677 2159 evadendae
1693 2097 1816 2157 demna·

371 2180 467 2244 Certe
489 2183 604 2244 Paulus
629 2184 711 2263 ipse,
738 2187 875 2266 quamvis
901 2183 968 2244 nelo
994 2184 1070 2263 legis
1123 2186 1211 2246 tionis
1226 2187 1257 2244 in
1274 2186 1325 2245 die
1344 2183 1465 2263 judicii3
1490 2205 1591 2245 verum
1616 2186 1708 2245 etiam
1724 2184 1816 2261 impo-

370 2268 499 2330 divinae
534 2280 762 2352 persequeretur
794 2271 964 2333 Ecclesiam
1002 2271 1069 2345 Dei,
1122 2270 1221 2332 trandi
1244 2279 1275 2330 et
1297 2270 1463 2350 aecipiendi
1482 2271 1521 2331 ab
1544 2291 1589 2345 oo,
1613 2268 1763 2351 quidquid
1779 2270 1818 2331 ab

371 2355 446 2418 Gal.
465 2358 494 2416 2.
517 2365 547 2417 et
570 2357 648 2417 Phil.
664 2357 703 2430 3.,
726 2366 757 2419 et
779 2360 809 2419 in
832 2377 867 2419 eo
887 2366 1016 2438 putaret,
1037 2377 1070 2418 se
1123 2378 1159 2420 eo
1184 2359 1368 2438 petierimus.
1403 2358 1479 2417 Nam
1504 2358 1670 2437 particula:
1693 2356 1733 2416 ab
1757 2358 1818 2431 Eo,

371 2443 452 2505 bene
469 2463 568 2523 agere,
591 2444 704 2504 interim
728 2453 829 2506 tamon
851 2447 882 2506 in
905 2444 975 2505 aliis
991 2445 1068 2505 desi·
1122 2444 1274 2516 utrolibet,
1290 2446 1349 2505 imo
1366 2447 1476 2523 pariter
1488 2442 1697 2524 adultamque
1712 2443 1818 2504 referri

371 2530 466 2591 demis
481 2539 574 2610 atque
597 2533 728 2611 peccatis
743 2542 837 2592 morte
856 2532 955 2611 dignis
970 2550 1069 2592 versu·
1123 2541 1230 2612 potest.
1255 2532 1335 2591 Huic
1358 2531 1424 2591 loco
1446 2530 1546 2593 simile
1568 2540 1614 2593 est
1632 2528 1709 2591 illud
1732 2529 1819 2590 Psal-

371 2617 472 2690 batur,
495 2637 576 2698 quae
592 2617 629 2678 sb
646 2619 711 2698 ipso
727 2630 940 2680 enumerantur
956 2617 1069 2698 Ephes.
1122 2621 1247 2679 mistae:
1271 2619 1478 2695 Iniquitatem
1500 2623 1527 2678 ci
1541 2619 1652 2696 asperi
1674 2619 1711 2677 iu
1725 2617 1820 2677 corde

371 2706 401 2765 2.
419 2714 451 2764 et
467 2704 529 2764 Tit.
542 2706 589 2782 3.;
605 2723 730 2786 quorum
746 2706 827 2767 male
842 2709 995 2767 conscium
1011 2704 1068 2766 sibi
1123 2724 1201 2779 meo,
1215 2722 1283 2766 uou
1296 2705 1445 2766 exaudiet
1456 2706 1625 2768 Dominus.
1642 2705 1819 2781 Propterea

371 2791 478 2863 luisse,
502 2800 536 2850 ut
551 2801 583 2851 et
597 2792 672 2851 alios
695 2811 853 2872 perversos
868 2795 944 2872 legis
959 2790 1068 2853 zelato-
1123 2790 1241 2872 (nempe
1267 2795 1342 2873 quia
1368 2812 1428 2852 non
1453 2795 1560 2873 repexi
1585 2794 1616 2853 in
1640 2790 1731 2851 eorde
1752 2809 1819 2851 meo

371 2896 429 2952 res,
444 2897 505 2938 non
519 2886 564 2939 eet
575 2878 706 2939 dubium.
721 2879 769 2940 De
781 2899 841 2961 qno
854 2900 964 2961 genere
976 2887 1069 2955 erant,
1122 2875 1326 2960 iniquitatem)
1343 2880 1508 2941 exaudivit
1523 2882 1621 2954 Deus,
1638 2886 1668 2940 et
1681 2877 1819 2939 attendit

371 2964 484 3046 quibua
499 2963 664 3025 adulteram
680 2966 835 3027 mulierem
849 2967 1070 3029 adducentibus
1122 2971 1193 3028 voci
1208 2967 1441 3043 deprecationis
1452 2987 1551 3044 meae,
1569 2967 1679 3028 Psalm.
1693 2965 1744 3027 65.
1759 2966 1819 3025 Ra·

371 3051 451 3112 dixit
467 3051 630 3112 Dominus:
654 3054 717 3131 Qui
731 3056 798 3113 siae
812 3062 941 3131 peccato
957 3062 1000 3114 est
1014 3073 1070 3115 ve·

371 3146 484 3211 meu,
498 3141 624 3214 primus
638 3143 673 3199 iu
690 3140 781 3199 illam
797 3141 937 3217 lapidem
952 3144 1068 3217 mittat,

371 3225 465 3288 Joan.
483 3229 512 3286 8.

412 3311 487 3371 Alta
501 3313 654 3391 responsio
679 3320 732 3386 est,
756 3333 856 3392 eaque
879 3318 976 3374 textui
1000 3333 1068 3374 con·

371 3400 543 3481 gruentior,
568 3397 721 3459 Joannem
741 3422 800 3460 non
823 3403 962 3461 universe
984 3401 1068 3479 loqui

371 3483 407 3547 de
424 3484 587 3565 quibusvis
602 3485 780 3560 bominibus,
796 3487 850 3547 sed
866 3486 903 3546 de
919 3486 1066 3547 Christia-

371 3575 416 3635 nis
434 3569 612 3631 Christiana
624 3569 760 3632 doctrina
771 3573 904 3645 imbutis,
921 3575 1068 3648 etDeum‚

371 3676 461 3744 quem
477 3666 633 3729 noverunt,
659 3660 789 3738 ejusque
806 3658 922 3737 judicia
939 3662 1065 3721 timenti·

371 3763 444 3821 sus,
469 3764 544 3824 quos
567 3746 592 3804 ei
613 3765 664 3806 eor
686 3765 770 3806 eoum
794 3766 853 3804 non
876 3746 1067 3826 reprehendit

371 3850 524 3912 umquam
545 3831 727 3911 hypocritae,
751 3841 782 3892 et
805 3832 995 3894 dilectionem
1010 3833 1068 3894 sra-

371 3930 489 3981 ‘ernam
505 3917 686 3991 simulantes,
710 3919 764 3979 sed
788 3930 890 3979 contra
914 3919 1009 3981 dietat
1024 3921 1068 3980 eis

371 4024 424 4068 ma
449 4006 643 4077 conscientia,
667 4004 749 4084 qnod
772 4005 879 4065 iratres
903 4007 1017 4067 sincere
1040 4017 1069 4066 et

371 4091 545 4157 Jhristiane
560 4091 703 4171 diligant:
726 4092 878 4168 fiduciam
893 4094 1010 4155 habeut
1024 4094 1068 4153 ad

371 4182 493 4252 Deum,
521 4188 610 4258 prout
636 4182 775 4257 superins
802 4179 987 4258 explicatum
1014 4189 1066 4240 est.

371 4264 545 4328 tutandum
568 4265 688 4345 quippe,
711 4266 861 4327 Joannem
876 4287 936 4326 non
953 4267 1066 4328 dicere:

371 4350 1065 4433 micumus,sed2fiduciambabemus5qno-

371 4439 1065 4520 dam,etsieornoetrumnonreprebendatnos,

371 4533 464 4587 ustest
474 4532 574 4585 tamen
585 4527 616 4586 in
625 4544 660 4585 eo
669 4525 770 4600 latere,
783 4526 866 4605 qood
875 4526 959 4587 Deus
968 4547 1064 4607 repre·

371 4610 490 4684 tendat,
502 4613 554 4690 qui
567 4617 672 4687 major
684 4619 728 4671 eet
739 4613 833 4674 corde
845 4620 962 4674 uostro.
981 4613 1064 4693 Quo·

371 4701 447 4762 ires
474 4697 582 4758 fiducia
607 4698 683 4758 haec
706 4706 792 4760 tanta
816 4698 906 4760 debet
928 4700 1064 4780 intelligi,

1124 3055 1168 3114 tio
1191 3062 1237 3115 est
1258 3053 1349 3132 hujus
1371 3053 1508 3126 fiduciae,
1532 3053 1604 3135 quia
1627 3052 1819 3132 diligentibus

1123 3141 1231 3201 fratres
1246 3148 1277 3200 et
1290 3140 1433 3201 mandata
1448 3141 1507 3201 Dei
1530 3140 1724 3202 serventibus
1737 3138 1820 3199 facts

1123 3236 1170 3289 eet
1199 3226 1253 3287 illa
1279 3229 1452 3306 promissio,
1482 3236 1529 3288 tot
1554 3227 1630 3287 locis
1655 3225 1818 3306 Evangelii

1123 3316 1310 3393 conscripta:
1337 3315 1448 3389 Petite,
1473 3321 1503 3375 ct
1524 3316 1690 3389 accipietis.
1722 3314 1819 3375 Omni

1120 3402 1244 3478 petenti
1264 3400 1403 3460 dabitur.
1427 3402 1462 3462 Si
1483 3401 1561 3477 quid
1580 3402 1738 3476 petieritis
1752 3401 1819 3459 Pa·

1123 3495 1202 3548 trem
1214 3490 1250 3548 iu
1261 3490 1391 3548 nomiae
1406 3505 1485 3562 meo,
1503 3488 1592 3547 dabit
1603 3488 1700 3548 vobis.
1716 3484 1818 3566 Quam

1123 3583 1222 3635 tamen
1237 3575 1462 3654 promissionem
1480 3577 1525 3634 sie
1538 3573 1688 3653 intellige:
1716 3573 1748 3634 Si
1764 3592 1816 3653 pe·

1123 3670 1221 3735 tatur,
1244 3659 1327 3741 quod
1350 3663 1511 3741 petendum
1532 3671 1590 3734 ost,
1615 3671 1645 3721 et
1669 3658 1819 3739 quomodo

1123 3746 1296 3827 petendum,
1320 3756 1347 3807 et
1362 3764 1506 3829 qnantum
1522 3768 1570 3809 res
1587 3754 1675 3809 tanta
1690 3747 1753 3827 peti
1767 3745 1817 3807 de

1122 3834 1187 3907 bet,
1211 3834 1303 3916 idque
1325 3842 1563 3914 perseveranter.
1589 3835 1638 3894 Au
1661 3840 1818 3913 praeterea

1123 3922 1160 3980 sit
1175 3922 1346 3981 necessaria
1361 3920 1503 3994 conditio,
1519 3922 1545 3981 si
1561 3940 1615 4001 pro
1628 3940 1660 3981 se
1671 3922 1738 4001 ipso
1750 3921 1819 4001 quis

1122 4015 1212 4087 petat,
1237 4007 1406 4068 videbimus
1429 4007 1508 4068 inira
1530 4006 1568 4069 ad
1592 4008 1669 4068 illud
1692 4027 1756 4087 cap.
1773 4006 1818 4067 5.:

1123 4096 1350 4172 Quodcumque
1372 4097 1556 4171 petierimus
1570 4095 1743 4155 secuudum
1759 4111 1816 4156 co·

1122 4182 1278 4241 teutatem
1306 4183 1403 4256 Eitea,
1435 4181 1528 4241 audit
1552 4198 1620 4242 uos.
1657 4182 1817 4241 Rationem

1121 4268 1259 4340 fiduciae,
1283 4287 1372 4347 quam
1396 4267 1471 4342 dixi,
1494 4266 1651 4329 declarant
1665 4266 1758 4328 verba
1773 4285 1817 4327 se·

1123 4357 1263 4433 quentia:

1165 4442 1324 4519 Quoniam
1341 4441 1500 4501 mandata
1515 4443 1596 4516 Eius
1617 4441 1817 4502 custodimus.

1120 4528 1165 4587 lis
1174 4525 1315 4587 mandata
1324 4535 1394 4588 sunt
1405 4528 1481 4588 haee
1490 4527 1550 4588 duo
1558 4529 1726 4607 praecipue,
1736 4545 1817 4587 man·

1119 4611 1223 4674 datum
1236 4613 1406 4674 dilectionis
1417 4614 1577 4687 fraternae,
1590 4623 1621 4674 st
1632 4631 1817 4694 consequeu-

1119 4708 1164 4759 ter
1173 4698 1347 4761 mandatum
1358 4699 1525 4761 dilectionis
1536 4702 1593 4761 Dei
1602 4699 1684 4777 (num
1694 4703 1746 4781 qui
1757 4698 1817 4760 fra·

371 4792 478 4870 quauta
497 4787 660 4865 respondet
683 4787 851 4845 testimonio
874 4786 973 4847 bonae
996 4806 1063 4846 oon·
1118 4794 1192 4847 trem
1215 4787 1322 4866 diligit,
1346 4795 1382 4847 ut
1398 4795 1534 4867 oportet,
1556 4787 1589 4847 id
1611 4795 1672 4859 est,
1695 4796 1818 4868 propter

371 4871 519 4934 cientiae.
542 4871 585 4930 Ut
600 4871 747 4932 enimhao
761 4874 963 4933 eonscientiae
980 4876 1060 4932 testi·
1117 4873 1224 4948 Deum,
1248 4875 1354 4952 utique
1378 4874 1478 4933 Deum
1504 4870 1623 4952 diligit),
1646 4882 1677 4934 et
1696 4872 1817 4934 manda·

371 4960 496 5022 nonium
511 4958 542 5018 in
555 4957 642 5018 nobis
654 4978 713 5018 non
726 4967 771 5017 est
782 4958 983 5020 infallibiliter
999 4980 1060 5020 eer-
1115 4968 1178 5019 tum
1192 4959 1334 5020 credendi
1347 4962 1378 5019 in
1391 4959 1557 5020 Christum.
1573 4961 1630 5019 His
1642 4962 1718 5019 enim
1733 4981 1816 5039 prae·

371 5063 433 5121 um,
450 5045 598 5127 Apostolo
612 5044 711 5107 Paulo
727 5046 862 5107 dicenter
879 5048 967 5107 Nihil
982 5030 1061 5107 meis·
1115 5049 1212 5126 ceptis
1228 5047 1370 5121 caritatis,
1386 5065 1466 5127 quae
1483 5046 1665 5127 colliguntur
1675 5066 1713 5107 ex
1728 5066 1815 5125 prae·
