4442 5825
432 442 481 510 10
1035 434 1258 492 monueram

428 611 476 673 fra
489 608 666 673 videbimus.
680 608 826 673 Attamen
838 632 872 673 eo
884 630 1035 685 concesso,
1050 630 1124 673 non-
1221 612 1317 674 Porro
1331 613 1497 692 utriusque,
1513 619 1574 672 tam
1585 612 1690 673 Lucae
1701 630 1792 692 quam
1804 609 1873 671 (lle

429 698 501 758 dum
521 697 598 757 haec
619 697 747 758 solvitur
769 697 910 776 objectio.
932 698 1012 758 Nem
1033 697 1125 777 hujus
1177 700 1297 771 mentis,
1318 699 1452 760 meminit
1470 695 1617 776 Origenes
1639 696 1720 778 apud
1744 697 1872 758 eundem

429 782 587 864 Epistolee
601 784 706 864 stylus,
732 785 845 862 siquis
868 786 1018 862 sagaciter
1035 794 1064 844 et
1079 792 1123 844 at·
1176 784 1342 845 Eusebium
1364 784 1498 862 ejusdem
1522 784 1572 844 lib.
1590 786 1618 844 6.
1644 805 1709 863 cap.
1737 788 1794 857 19,
1820 786 1873 843 ubi

429 877 513 931 iente
542 869 729 944 consideret,
757 891 819 930 non
848 871 1036 942 Hebreeem,
1070 868 1124 930 sed
1176 871 1320 948 postelis
1342 890 1407 931 cum
1431 873 1477 943 iis,
1501 889 1581 950 quae
1603 869 1641 930 de
1655 869 1737 949 stylo
1753 878 1785 929 et
1800 871 1873 929 che·

430 954 578 1017 Graecam
598 955 718 1017 redolet
740 956 960 1035 eloquentiam,
986 958 1064 1018 sicut
1086 955 1124 1016 de
1175 966 1289 1018 ractere
1305 958 1462 1036 Epistolee
1472 956 1538 1034 jam
1553 954 1624 1029 dixi,
1641 956 1731 1035 plane
1746 976 1872 1015 consen·

430 1042 507 1103 libro
522 1041 656 1121 Sapient.
680 1046 852 1121 pronuntiet
874 1043 1077 1121 Hieronymus
1093 1043 1124 1101 in
1176 1043 1291 1116 cientis,
1314 1044 1397 1104 velut
1415 1041 1607 1115 concludens,
1629 1042 1733 1101 scribit
1747 1043 1778 1102 in
1792 1043 1873 1102 hunc

428 1129 537 1209 Epist,
552 1147 613 1205 que
625 1129 781 1208 praefatur
796 1130 828 1188 in
839 1129 932 1189 libros
943 1128 1121 1189 Salomonis.
1174 1129 1312 1188 modum:
1329 1131 1398 1205 Epo
1413 1135 1601 1189 commorer·
1610 1128 1783 1203 csflmnobo
1798 1147 1872 1187 sen-

428 1214 550 1274 Etenim
577 1233 776 1294 unaquaeque
801 1215 904 1294 lingua
927 1233 1012 1274 suurn
1032 1233 1121 1294 pecu·
1174 1235 1227 1276 sos
1256 1233 1317 1275 esse
1344 1215 1506 1290 Apostoli,
1534 1215 1678 1290 phrasim
1708 1222 1814 1274 autem
1842 1222 1872 1273 et

430 1299 533 1360 liarem
547 1299 639 1360 habet
653 1300 831 1362 elocutionis
851 1300 981 1373 modum,
1003 1320 1039 1361 ac
1053 1321 1121 1381 pro·
1175 1305 1438 1362 constructionem
1467 1301 1633 1360 uerborum
1660 1301 1792 1360 alterius
1815 1320 1873 1359 co-

429 1386 503 1466 priis
532 1386 712 1466 quibusdem
750 1386 863 1464 gaudet
897 1386 1056 1467 phrasibus
1085 1406 1123 1447 ac
1170 1388 1310 1463 jusdem,
1326 1390 1492 1449 conciones
1502 1387 1695 1461 Aporsotisn
1710 1404 1872 1447 commert-

428 1472 589 1552 figurarum
612 1475 808 1545 ornamentis,
836 1471 1005 1552 exquibus
1031 1473 1122 1533 facile
1175 1476 1274 1534 tortos
1300 1474 1489 1549 redipentis,
1521 1479 1550 1531 et
1578 1474 1662 1532 uelut
1685 1473 1806 1531 dictato
1834 1491 1873 1533 ec

430 1645 564 1704 oratione
586 1644 743 1718 transfusa,
764 1643 1013 1725 quemadmodum
1029 1647 1120 1705 maui-
1173 1664 1239 1722 qno
1260 1647 1400 1706 Ecclesia
1425 1647 1518 1704 istam
1538 1645 1655 1703 bobect
1678 1645 1869 1720 Epictetum,

428 1731 508 1791 feste
521 1737 604 1810 patet
618 1729 657 1791 de
668 1731 752 1790 libris
768 1731 997 1812 Prophetarum,
1013 1732 1080 1790 sive
1092 1732 1122 1790 in
1174 1750 1244 1792 eom
1259 1734 1329 1807 ipso
1345 1731 1499 1807 approbet
1514 1739 1550 1790 ot
1563 1731 1671 1804 Porcii,
1699 1731 1794 1807 idque
1809 1733 1870 1791 boc

429 1815 575 1878 Graecum
590 1835 755 1877 sermonem
770 1819 835 1877 eive
850 1819 881 1877 in
895 1818 1038 1877 Latinum
1054 1836 1121 1877 con·
1173 1822 1300 1879 ratione
1312 1835 1484 1893 permenso:
1499 1834 1567 1877 noa
1582 1821 1666 1876 enim
1681 1823 1796 1877 temere
1813 1836 1869 1876 ve·

428 1904 532 1973 versis,
547 1903 638 1962 etiam
653 1902 691 1963 ab
707 1903 861 1982 eloquenti
875 1904 1045 1982 interprete.
1173 1913 1252 1965 teres
1277 1922 1347 1963 eom
1368 1904 1467 1964 Ponti
1494 1921 1555 1962 esse
1577 1902 1792 1963 tradiderunt.
1828 1906 1872 1962 At

471 1988 583 2067 Quare,
599 2008 664 2049 cum
680 1988 747 2048 eliis
762 1991 884 2049 omnino
901 1988 1058 2048 dicendum
1075 2009 1120 2048 ar·
1173 1993 1242 2068 quis
1252 1993 1410 2066 scripserit
1422 1990 1612 2065 Epistolom,
1627 1991 1713 2048 Deos
1724 2007 1796 2049 vere
1807 2006 1870 2048 sso-

427 2073 582 2146 bitramur‚
599 2075 765 2152 subjectum
782 2077 847 2135 sire
861 2075 1016 2136 materiem
1031 2076 1121 2134 totius
1172 2081 1228 2137 vit.
1244 2077 1308 2137 Nos
1323 2083 1430 2136 tomen
1445 2095 1465 2135 o
1478 2076 1664 2151 quibusdam
1680 2079 1868 2150 occepimus,

427 2160 594 2238 Epistolse,
606 2161 733 2221 simulet
743 2160 875 2221 ordinem
888 2180 906 2218 a
918 2161 1015 2220 Paulo
1026 2159 1121 2220 fuisse
1174 2164 1364 2225 Clementem
1380 2165 1547 2223 Romanae
1562 2162 1719 2222 Ecclesiae
1734 2162 1868 2237 Episco-

428 2245 699 2321 subministrstum,
729 2247 782 2307 sed
813 2247 1061 2325 compositionem
1092 2257 1122 2306 et
1171 2267 1249 2325 pum
1273 2266 1343 2307 eam
1363 2247 1541 2322 Epistulam
1569 2250 1800 2322 perscripsisse:
1827 2248 1868 2307 ob

427 2342 563 2392 ornatum
590 2351 656 2392 esse
683 2332 840 2412 eujusdam
865 2332 1008 2407 alterius,
1034 2333 1121 2411 cujus
1172 2336 1245 2394 otiis
1266 2335 1399 2408 Lucam,
1427 2336 1481 2409 qoi
1503 2333 1717 2408 Evcnpeliom
1743 2339 1773 2393 et
1787 2337 1869 2391 Acta

427 2437 518 2498 opera
547 2418 661 2479 Paulus
688 2418 830 2478 utendum
860 2420 1026 2497 putaverit,
1056 2420 1122 2479 sive
1173 2421 1397 2496 Apostolorum
1429 2419 1528 2478 literis
1557 2419 1742 2492 mandarit,
1775 2418 1868 2477 illam

428 2503 566 2565 Clemens
590 2504 746 2565 Romanus
770 2505 916 2578 infuerit,
942 2512 975 2564 ut
998 2503 1120 2584 quidam
1172 2508 1374 2567 contexuisse.
1399 2505 1467 2564 Huc
1488 2522 1586 2583 usque
1602 2503 1758 2582 Origenes,
1781 2505 1868 2582 cujus

429 2590 543 2669 opinati
558 2599 637 2664 sunt,
654 2593 719 2650 sive
734 2590 833 2650 Lucae
849 2589 1024 2650 individuus
1041 2590 1119 2670 Apo·
1172 2592 1265 2651 verba
1278 2592 1388 2670 repetit
1402 2591 1592 2669 Nicephorus
1606 2591 1674 2651 hist.
1691 2590 1740 2649 lib.
1758 2590 1786 2649 ὃ.
1803 2610 1869 2669 cap.

428 2675 496 2736 stoli
510 2695 611 2735 comes
626 2696 662 2736 sc
677 2676 810 2736 laborum
830 2677 938 2747 socius,
962 2676 1042 2756 quod
1058 2695 1120 2735 ma·
1174 2680 1223 2738 16.
1240 2686 1331 2756 atque
1346 2677 1423 2736 hauc
1442 2677 1621 2753 objectionis
1635 2677 1806 2756 propositae
1821 2696 1868 2737 so-

427 2762 475 2841 gis
497 2768 543 2821 est
564 2763 734 2822 verisimile.
758 2762 806 2821 De
821 2760 976 2822 Clemente
997 2760 1121 2843 quidem
1150 2763 1331 2842 lotionem,
1353 2763 1438 2822 velut
1459 2760 1669 2840 simpliciorem
1692 2771 1721 2822 et
1744 2761 1867 2840 expedi-

427 2847 540 2908 sontire
554 2847 676 2908 videtur
691 2848 842 2907 Eusebius
857 2848 925 2908 hist
941 2850 1046 2909 eccles.
1066 2846 1119 2906 lib.
1171 2852 1278 2910 tiorem
1303 2849 1442 2909 adferunt
1472 2846 1640 2908 Oardinalis
1665 2846 1868 2909 Bellarminus

427 2937 456 2995 3.
473 2953 538 3015 cap.
554 2936 604 2995 32.
629 2945 660 2996 et
674 2935 878 3014 Hieronymus
899 2933 949 2995 lib.
970 2935 1007 2995 de
1021 2936 1120 3011 script.
1172 2938 1210 2997 de
1232 2936 1324 2996 verbo
1340 2937 1400 2995 Dei
1415 2935 1466 2995 lib.
1485 2939 1512 2995 1.
1535 2954 1600 3015 cap.
1620 2939 1667 2995 17.
1691 2944 1722 2995 et
1736 2935 1867 2997 Michattl

427 3020 532 3083 eccles.
556 3022 587 3080 in
609 3020 704 3082 Paulo
727 3030 757 3082 et
778 3020 944 3094 Clemente,
968 3020 1037 3081 dnm
1059 3039 1121 3081 non
1171 3022 1294 3083 Medius
1309 3020 1347 3082 de
1362 3031 1444 3083 recta
1459 3023 1489 3081 in
1504 3020 1604 3082 Deum
1618 3021 1677 3081 fide
1692 3020 1741 3083 lib.
1757 3022 1784 3080 6.
1801 3041 1869 3100 cap.

427 3104 537 3168 nudum
558 3110 726 3169 versionem
745 3108 910 3188 Epistulae,
933 3106 986 3168 sed
1008 3106 1120 3187 stylum
1172 3109 1222 3170 25.
1253 3107 1368 3168 Eadem
1397 3108 1551 3187 responsio
1581 3108 1726 3186 probatur
1751 3107 1868 3167 Joauni

428 3202 461 3254 et
493 3193 696 3272 eloquentiam
721 3197 865 3255 sermonis
891 3192 1039 3254 Clementi
1068 3193 1120 3253 tri·
1171 3193 1315 3255 Hesselio
1341 3195 1372 3254 in
1398 3193 1522 3274 prologo
1549 3201 1706 3254 comment
1733 3196 1764 3254 iu
1789 3194 1869 3253 hanc

427 3279 532 3340 buuut.
556 3278 670 3341 Lucem
691 3300 764 3341 vero
780 3280 1003 3360 compositionis
1019 3290 1121 3339 aucto·
1174 3282 1271 3360 Epist.

426 3386 489 3427 rem
513 3383 588 3437 esse,
609 3375 786 3446 argumento
809 3376 863 3439 est,
885 3365 966 3447 quod
982 3364 1122 3426 Clemens
1215 3367 1245 3427 S.
1266 3367 1378 3427 Lucam
1394 3386 1460 3427 esse
1476 3367 1698 3445 compositionis
1715 3373 1868 3426 auctorem

427 3449 653 3512 Alexandrinus
668 3452 750 3532 apud
766 3452 931 3513 Eusebium
946 3451 1015 3511 hist.
1028 3452 1078 3511 lib.
1092 3454 1120 3512 6.
1173 3454 1263 3513 etiam
1286 3453 1342 3512 hoc
1366 3462 1543 3531 argumento
1566 3460 1625 3523 est,
1651 3450 1732 3533 quod
1755 3453 1786 3511 in
1808 3452 1868 3511 hac

427 3559 492 3617 cap.
512 3540 560 3597 11.
584 3546 709 3598 testatur
723 3539 800 3598 banc
815 3538 983 3618 Epistolam
999 3546 1028 3597 et
1044 3538 1122 3596 Acta
1172 3539 1309 3618 Epistola
1334 3548 1404 3600 sunt
1427 3538 1574 3617 quaedam
1600 3537 1750 3598 vocabula
1775 3556 1865 3616 pecu·

426 3624 657 3704 Apostolorum,
694 3643 774 3704 quae
802 3625 899 3684 Lucas
936 3625 1121 3702 conscripsit,
1172 3626 1268 3697 lieris,
1292 3625 1401 3704 quibus
1423 3625 1513 3685 etiam
1537 3626 1568 3685 in
1591 3624 1760 3703 Evangelio
1784 3630 1815 3681 et
1839 3624 1871 3682 in

426 3709 553 3772 eundem
563 3710 706 3770 orationis
714 3711 827 3790 stylum
835 3709 954 3771 habere
967 3707 1026 3770 Oui
1034 3707 1120 3782 adde,
1172 3711 1257 3770 Actis
1275 3710 1488 3791 Apostolorum
1502 3713 1596 3771 utitur
1609 3710 1644 3769 Β.
1659 3711 1767 3780 Lucas,
1791 3728 1870 3789 quae

426 3795 508 3874 quod
522 3795 623 3856 Lucas
638 3797 810 3876 Scripturas
832 3796 1002 3856 testimonis
1018 3814 1120 3875 perpe·
1173 3798 1204 3856 in
1227 3795 1294 3856 aliia
1308 3795 1482 3874 Scripturas
1504 3796 1586 3857 libris
1608 3794 1690 3855 haud
1713 3794 1808 3855 facile
1822 3813 1868 3854 re-

426 3890 478 3941 tuo
498 3882 572 3942 citat
589 3883 680 3960 juxta
702 3883 870 3942 versionem
887 3881 986 3942 LXX.
1011 3882 1120 3942 tamin
1172 3884 1280 3961 perias.
1304 3882 1455 3962 Exemplo
1470 3883 1511 3941 sit
1526 3874 1682 3955 εὐλάβεια,
1698 3882 1871 3941 reverentia

425 3967 595 4047 Evangelio
607 3987 698 4047 quam
709 3970 740 4028 in
751 3968 842 4030 Actis.
867 3967 957 4047 Quod
972 3976 1004 4028 et
1017 3969 1049 4028 in
1063 3966 1121 4028 bec
1172 3988 1238 4047 cap.
1255 3969 1284 4028 5.
1299 3970 1451 4029 116111.
1466 3968 1557 4046 hujus
1573 3968 1680 4047 Epist,
1696 3968 1782 4045 cujus
1799 3986 1869 4027 con·

425 4053 568 4132 Epistola
582 4053 697 4114 facturn
719 4052 865 4114 videmus.
887 4053 968 4113 Huic
982 4051 1021 4113 de
1036 4053 1121 4111 Luca
1173 4062 1284 4113 oretum
1310 4047 1446 4131 εὐλαβὴς
1471 4052 1552 4132 epod
1578 4053 1691 4114 Lucam
1717 4054 1879 4131 reperitur,

425 4139 591 4202 sententiae
613 4150 647 4199 ut
663 4139 863 4201 verisimiliori
878 4137 1012 4201 Galenus
1029 4140 1120 4200 etiam
1172 4141 1290 4218 Evaug.
1306 4160 1371 4219 cap.
1389 4145 1426 4211 2.,
1443 4140 1511 4199 Act.
1529 4144 1556 4200 2.
1573 4148 1605 4199 et
1619 4139 1648 4197 8.
1678 4138 1752 4198 Item
1769 4130 1815 4204 εἰς
1831 4129 1867 4195 τὸ

426 4225 598 4288 subscribit.
623 4225 715 4305 Quod
730 4227 755 4286 si
770 4225 869 4304 stylus
891 4224 983 4304 hujus
998 4226 1118 4306 Episto·
1172 4217 1323 4293 παντελὲς
1348 4225 1459 4305 legitur
1481 4228 1555 4286 Luc.
1581 4228 1629 4286 13.
1657 4234 1687 4283 et
1712 4224 1804 4284 Hebr.
1831 4226 1870 4295 7.,

426 4312 491 4384 lae,
521 4313 661 4393 cuiquam
691 4312 830 4373 videatur
855 4312 997 4392 grandior
1027 4331 1120 4391 quem
1172 4308 1869 4392 quodillicinterpresvetuereddiditomnino,

425 4399 586 4480 Evangelii
598 4396 773 4458 'secundum
789 4400 901 4459 Lucem
923 4406 954 4459 et
975 4397 1119 4459 Actorum
1171 4398 1221 4459 hic
1243 4400 1279 4458 im
1298 4406 1500 4475 perperaum,
1524 4396 1563 4457 de
1586 4415 1646 4475 quo
1668 4396 1738 4456 uide
1758 4395 1801 4455 ibi
1815 4415 1869 4455 no-

424 4483 645 4564 Apostolorum,
666 4504 728 4544 uon
742 4482 775 4543 id
789 4504 843 4545 nos
865 4504 1007 4545 revocare
1029 4482 1121 4545 debet
1172 4492 1264 4544 etrum
1281 4493 1434 4545 comment.
1459 4483 1506 4543 Ee
1522 4483 1642 4552 locutio,
1658 4480 1708 4542 ubi
1723 4482 1871 4561 reperitur

425 4571 616 4630 aseutentia.
640 4570 738 4631 Aliam
759 4573 837 4632 euim
853 4569 1013 4632 dictionem
1029 4570 1120 4631 histo·
1171 4571 1202 4629 in
1217 4570 1370 4650 Scriptura
1393 4578 1477 4632 extra
1492 4570 1545 4630 hos
1561 4567 1665 4628 locos?
1688 4567 1741 4628 Sic
1756 4583 1868 4644 perpru-

424 4657 470 4716 rle
483 4656 625 4737 postulat,
648 4657 739 4717 aliam
759 4657 921 4738 disputatio
942 4656 982 4718 ad
996 4675 1119 4738 persua·
1172 4649 1318 4734 ρούμενος
1334 4677 1386 4737 pro
1402 4677 1448 4728 eo,
1471 4658 1524 4736 qui
1548 4656 1626 4716 bene
1647 4652 1740 4723 audit,
1764 4673 1818 4714 seu
1833 4661 1868 4713 ut

424 4740 555 4803 dendnm
570 4752 713 4822 suscepta
727 4741 767 4804 de
781 4746 899 4826 magnis
915 4749 946 4804 et
960 4741 1119 4824 profundis
1171 4752 1273 4804 noster
1288 4744 1435 4823 interpres
1457 4740 1556 4802 reddit
1570 4759 1616 4813 eo,
1639 4741 1692 4819 qui
1706 4740 1800 4801 habet
1815 4739 1867 4799 bo-

383 4841 387 4846 ·
425 4827 496 4891 fidei
511 4829 671 4912 mysteriis.
938 4857 958 4887 ι
1171 4845 1242 4890 num
1256 4828 1540 4891 testimoniumAct
1557 4825 1865 4888 e.10.1s.otflebr.
