4442 5825
787 624 949 681 nerones
972 628 1013 681 sn
1031 626 1200 682 mneos.
1232 625 1317 683 snae.
1334 628 1360 679 a.
1420 636 1424 644 ·
1727 629 1799 698 lte

354 802 509 864 Hebraeos
523 801 651 864 alterurn
663 823 783 865 sensum
795 805 983 885 apertissime
998 786 1048 866 de·
1102 824 1183 866 marn
1205 822 1364 884 personam
1390 801 1549 882 significat.
1582 798 1645 862 Sed
1669 797 1715 860 ilii
1739 814 1804 863 nen

355 890 493 950 finivisses
1103 889 1306 964 attenderunt,
1323 889 1404 971 apud
1411 890 1566 952 Hebraeus
1573 887 1798 948 usitatissimum

389 977 463 1037 Jasn
479 996 540 1037 uec
562 976 636 1037 illud
660 976 870 1057 recipiendum,
894 977 976 1057 qued
992 975 1048 1037 Oa·
1103 997 1179 1051 esse,
1202 986 1235 1036 ut
1252 979 1284 1038 in
1305 976 1406 1038 medio
1424 975 1648 1056 compositionis
1671 973 1799 1035 duorum

353 1065 468 1140 jetenus
494 1065 526 1123 in
542 1063 684 1125 Genesim
707 1063 839 1123 scribens
862 1065 960 1124 etalii
975 1084 1047 1124 nen·
1103 1066 1256 1125 nominum
1267 1062 1322 1143 jod
1337 1066 1551 1145 interponatur,
1575 1081 1636 1130 nen
1651 1059 1690 1121 ad
1706 1061 1800 1140 signi·

356 1151 421 1210 nulli
449 1151 592 1212 decimes
617 1153 852 1229 interpretantur
880 1170 940 1211 non
970 1150 1048 1210 deci·
1103 1150 1254 1212 beandum
1278 1150 1411 1231 aliquid,
1438 1150 1494 1211 sed
1514 1148 1684 1228 euphoniae
1703 1148 1801 1226 gratia

355 1258 424 1296 nam
451 1248 577 1316 partem,
600 1237 656 1298 sed
678 1256 801 1297 munera
822 1237 974 1316 quaedam
997 1236 1049 1297 he·
1103 1240 1259 1312 duntaxat,
1281 1246 1317 1298 nt
1337 1239 1499 1299 observare
1520 1243 1567 1297 est
1589 1237 1620 1295 in
1638 1234 1688 1294 -bis
1710 1243 1740 1294 et
1763 1234 1807 1293 sir

356 1327 428 1384 neris
449 1326 551 1403 gratia
574 1325 612 1385 ab
634 1323 787 1384 Abraham
809 1324 959 1384 sacerdoti
974 1323 1048 1383 Mel·
1102 1324 1238 1385 milibus:
1260 1326 1452 1400 Abimeleeh,
1479 1320 1702 1393 Adunieedeclr,
1729 1319 1802 1381 Abi·

355 1411 515 1471 chisedech
529 1411 640 1472 oblata.
663 1410 821 1490 Nunquam
836 1413 914 1470 enim
930 1410 1049 1471 inSeri-
1102 1431 1158 1490 sag
1180 1419 1237 1473 etc.
1273 1412 1423 1473 Admonet
1448 1411 1504 1470 hoc
1529 1410 1595 1470 lece
1621 1406 1808 1485 Oejetanua·

356 1498 444 1576 pteris
469 1500 624 1558 invenitur
646 1497 722 1556 hacc
744 1497 939 1557 deeimarum
957 1498 1048 1576 signi-
1103 1498 1324 1559 Melchisedech
1338 1518 1399 1560 nen
1414 1498 1506 1560 luisse
1524 1515 1632 1558 nemen
1647 1495 1801 1574 preprium

356 1586 462 1644 ficatio.
491 1584 654 1646 Manifesta
681 1585 771 1642 etiam
795 1594 945 1663 repugnat
967 1585 1050 1662 Ape·
1102 1584 1185 1645 illius
1210 1588 1286 1658 riri,
1314 1585 1369 1646 sed
1395 1603 1553 1647 commune
1573 1580 1697 1662 regibus
1716 1581 1802 1641 illius

356 1671 463 1744 stilus,
491 1672 547 1748 qui
569 1671 750 1749 scripturam
773 1669 850 1729 hane
877 1671 915 1729 ad
939 1671 1049 1731 Christi
1103 1673 1255 1746 civitatis,
1271 1672 1350 1731 meat
1363 1673 1507 1735 Caesaris
1521 1687 1632 1731 nomeu
1644 1686 1809 1729 commune·

356 1758 555 1819 secerdotium
567 1758 730 1838 applicans,
745 1757 784 1816 de
795 1755 917 1816 decimis
929 1758 1051 1837 proprie
1103 1759 1159 1819 fnit
1185 1759 1329 1819 Romanis
1355 1756 1593 1840 imperatoribus,
1619 1760 1652 1815 et
1665 1754 1802 1816 ,Pherae

357 1845 436 1905 dictis
469 1864 539 1904 eam
567 1848 599 1906 in
632 1843 886 1923 consequentibus
917 1847 1049 1923 exponit,
1103 1844 1226 1924 regibus
1249 1846 1393 1926 Aegypti.
1416 1846 1517 1906 Docet
1540 1844 1598 1905 hoc
1620 1839 1710 1914 idem,
1731 1841 1801 1902 aeri·

358 1930 460 2010 quales
486 1933 628 1992 nimirum
649 1932 782 1992 Levitici
806 1929 980 1990 sacerdotes
1003 1950 1049 1991 se·
1103 1932 1178 1992 bens
1197 1934 1228 1992 in
1242 1931 1490 2006 Psalmnm109.,
1505 1930 1557 1992 ubi
1572 1933 1695 2008 insuper
1710 1926 1803 2000 addit,

358 2018 483 2079 cendum
493 2018 738 2098 legemapepnle
747 2017 946 2096 accipiebant
960 2016 1050 2098 Quod
1104 2018 1238 2096 ejusdem
1251 2021 1383 2081 civitatis
1396 2039 1481 2099 reges
1497 2019 1562 2098 pari
1578 2017 1695 2077 ratione
1709 2014 1805 2076 luisse

359 2109 378 2164 si
390 2105 579 2166 decimarum
594 2108 715 2165 nemine
728 2122 855 2163 munera
869 2112 986 2164 tantum
1001 2103 1051 2164 ho·
1104 2114 1228 2165 vocatos
1249 2105 1468 2180 Adonisedech,
1491 2106 1581 2184 quasi
1601 2101 1736 2163 dominos
1753 2103 1801 2180 ju·

359 2194 472 2252 erraris
495 2193 752 2270 significarentur,
778 2189 853 2250 nihil
876 2210 913 2251 aa
934 2209 984 2250 res
1006 2189 1049 2251 la·
1104 2193 1205 2252 stitiaa
1220 2211 1273 2252 seu
1289 2192 1424 2254 domines
1435 2194 1544 2270 justes.
1568 2191 1626 2259 His
1641 2189 1803 2250 euim-tite·
1833 2224 1844 2241 κ

360 2288 432 2339 reret
460 2277 503 2338 ad
528 2278 669 2359 Apostoli
696 2277 876 2340 institutum.
908 2275 999 2336 Unde
1019 2277 1050 2338 S.
1104 2279 1141 2338 lis
1157 2299 1175 2337 a
1187 2279 1305 2358 justitia
1326 2281 1453 2359 sumptis
1471 2277 1617 2359 populum
1632 2275 1718 2336 illurn
1731 2293 1813 2339 suos·

361 2366 488 2426 Thomas
505 2367 535 2425 2.
560 2384 619 2425 sec.
642 2385 672 2445 q.
696 2367 746 2425 87.
769 2373 823 2422 art
850 2370 877 2423 1.
893 2363 931 2423 ad
948 2367 986 2436 3.,
1009 2361 1050 2423 lo·
1105 2384 1194 2444 reges
1223 2385 1354 2426 ornasse
1381 2365 1479 2426 -Nam
1513 2361 1809 2435 &adonisedech--

361 2471 448 2532 quens
463 2450 505 2512 de
516 2454 636 2530 proprie
651 2452 739 2513 dictia
755 2448 886 2522 decimis,
903 2451 953 2522 ait,
969 2448 1052 2528 quod
1106 2450 1187 2530 qued
1201 2471 1256 2513 rex
1272 2452 1443 2514 Jerusalem
1457 2452 1558 2524 luerit,
1582 2451 1694 2528 legitur
1706 2447 1812 2510 Jesue·

361 2538 508 2599 Abraham
523 2538 696 2619 prophetico
712 2538 855 2596 instinctu
872 2535 957 2597 dedit
971 2535 1051 2596 deci·
1086 2561 1088 2564 ·
1108 2540 1155 2599 10.
1172 2537 1315 2599 Similiter
1326 2542 1486 2620 opinantur
1502 2537 1668 2598 Abulensis
1679 2536 1710 2596 in
1725 2555 1810 2609 cern-2

361 2645 414 2685 nas
428 2623 667 2693 Melchisedech,
689 2622 838 2684 secerdoti
854 2622 913 2683 Dei
928 2623 1052 2698 summi,
1106 2634 1195 2691 ment
1220 2645 1312 2706 seper
1324 2625 1438 2687 Genea.
1460 2633 1489 2686 et
1504 2625 1620 2686 Masius
1642 2641 1733 2702 snper
1748 2621 1811 2684 Je·-

362 2722 383 2770 et
395 2711 481 2789 qued
496 2710 635 2772 similiter
650 2710 750 2772 Jacob
767 2708 880 2770 Genea
894 2710 944 2768 28.
956 2711 1052 2782 vovit,
1105 2731 1169 2773 sue
1185 2710 1246 2773 Sed
1262 2713 1350 2792 hujus
1360 2712 1522 2791 opinionis,
1537 2719 1572 2772 ut
1585 2710 1670 2790 apud
1684 2717 1803 2770 satem

361 2796 485 2859 decimas
502 2817 535 2858 se
551 2798 697 2869 deutrum
714 2799 745 2857 in
760 2795 894 2856 divinum
908 2795 1054 2856 uidelicet
1105 2798 1220 2859 nullum
1237 2809 1282 2860 est
1297 2801 1466 2880 vmtigium,
1481 2801 1526 2859 -its
1536 2817 1597 2859 nec
1606 2795 1810 2877 probabilitas

361 2883 744 2958 mltum,sdsacrilieiorum
755 2884 1051 2944 consummationem
1105 2884 1183 2957 nlla;
1207 2886 1265 2946 nisi
1286 2888 1413 2959 dicatur,
1437 2889 1530 2949 etiarn
1553 2883 1681 2946 alierum
1696 2902 1804 2964 regum

391 2975 546 3034 Pemam
578 2972 705 3050 quidem
735 2972 792 3048 qui
819 2974 1059 3046 interpretatus·-
1106 2974 1225 3033 nemina
1246 2980 1307 3033 tam
1327 2973 1430 3048 mults,
1456 2992 1539 3054 quae
1560 2972 1593 3032 in
1614 2971 1691 3032 llbrn
1707 2970 1805 3032 Jesne

359 3062 570 3135 rcxjustitiea
594 3058 727 3120 Verbum
739 3061 973 3134 interpretetur
983 3076 1052 3137 pas·
1106 3068 1137 3119 et
1148 3058 1222 3119 alibi
1233 3070 1514 3135 commemorantur,
1522 3060 1691 3122 communia
1701 3056 1805 3130 inisse,

359 3146 415 3209 sire
432 3147 565 3223 pesitum
581 3155 626 3207 ost
641 3145 680 3205 ab
695 3147 868 3223 interprete
886 3152 920 3203 ut
934 3154 965 3204 et
979 3143 1053 3205 alibi
1105 3164 1166 3206 non
1181 3148 1312 3227 propris.
1335 3146 1428 3228 Quod
1442 3166 1528 3209 nemo
1545 3145 1662 3206 dixerit

359 3231 514 3294 interdum.
538 3232 684 3293 Erasmus
703 3232 808 3292 vertit:
832 3249 870 3292 ce
892 3234 1052 3307 interpre-
1148 3233 1274 3293 Deinde
1288 3242 1395 3295 erstem
1412 3234 1639 3307 atrocitatem,
1659 3231 1745 3310 quod
1759 3235 1805 3292 est

357 3324 475 3380 worse
505 3320 632 3380 dicitur.
645 3310 775 3396 ‘Incipit
799 3318 981 3397 Apostolus,
1005 3337 1053 3391 aa,
1104 3336 1162 3379 rau
1176 3324 1273 3394 pacis.
1290 3319 1335 3381 ‘Id
1359 3331 1405 3382 eet
1422 3340 1478 3381 rex
1494 3320 1647 3400 pacificus.
1671 3315 1741 3378 Non
1755 3325 1804 3377 ser'

356 3426 432 3485 quae
447 3405 489 3466 de
501 3403 725 3468 Melchisedech
737 3402 865 3465 adduxit
877 3423 914 3464 ex
928 3404 1054 3465 historia
1105 3405 1183 3477 lum,
1209 3407 1322 3486 inquit,
1344 3409 1376 3469 in
1396 3409 1517 3469 nemine
1536 3407 1673 3487 proprie,
1700 3424 1804 3470 verunt

356 3493 499 3566 Genesis,
529 3492 569 3553 sd
595 3514 664 3555 eum
691 3489 935 3563 accommodare,
966 3492 1053 3571 cujus
1106 3493 1197 3552 etiam
1214 3494 1246 3553 in
1260 3493 1380 3555 nomine
1396 3494 1525 3555 civitatis
1543 3493 1628 3571 regui
1643 3492 1699 3564 sui,
1721 3509 1809 3572 magr·

354 3582 451 3658 grstia
465 3580 544 3640 hsce
566 3580 694 3650 dixerat,
716 3579 812 3639 idest
834 3576 872 3637 ad
889 3575 1052 3653 Christum,
1106 3598 1177 3637 num
1192 3579 1309 3659 aliquid
1322 3579 1503 3652 deOhriste,
1518 3580 1682 3658 cujnserat
1696 3576 1803 3658 ligore,

354 3668 410 3729 Dei
424 3665 549 3739 Filium,
571 3667 657 3746 cujus
680 3672 787 3744 typum
810 3665 906 3742 gessit
926 3665 1051 3725 Melchi·
1106 3664 1299 3744 significarit
1322 3667 1403 3729 Vere
1417 3669 1497 3728 enim
1513 3664 1811 3727 etexeellentissimo·

355 3753 471 3815 sedech
495 3751 620 3815 Orditur
634 3763 735 3814 autem
751 3752 789 3812 ab
805 3752 1052 3830 interpretatione
1106 3726 1238 3833 quodam
1261 3753 1349 3815 medo
1365 3754 1505 3817 Obristns
1527 3762 1576 3813 eet
1592 3770 1646 3813 rex
1665 3752 1811 3830 justitiae*

354 3841 515 3901 nominum.
542 3842 591 3901 lix
613 3860 676 3919 qna
697 3857 731 3899 re
753 3839 851 3899 obiter
870 3836 955 3898 disce
977 3837 1051 3898 divi·
1106 3846 1138 3899 et
1152 3846 1206 3898 'rex
1222 3841 1315 3919 pacis.
1337 3842 1404 3903 Rex
1422 3840 1568 3921 justitias,
1591 3848 1653 3900 turn
1668 3841 1739 3920 quia
1755 3840 1804 3921 ju·

354 3946 459 3986 narum
482 3925 703 4005 Scripturarum
726 3924 944 3996 excellentiam,
967 3933 1001 3983 ut
1021 3926 1052 3984 in
1106 3926 1269 3986 stissimum
1285 3936 1405 3987 exercet
1419 3928 1587 4009 imperium,
1607 3927 1699 4005 juxta
1709 3928 1804 3989 versi·

354 4013 463 4093 quibus
478 4031 572 4094 saepe
594 4015 685 4073 etiam
709 4013 831 4072 nomina
844 4012 975 4090 propria,
998 4030 1052 4070 seu
1106 4012 1207 4071 culum
1223 4013 1336 4072 Psalmi
1352 4017 1403 4075 44.
1426 4013 1659 4092 supracitatum
1675 4033 1741 4093 cap.
1760 4018 1807 4075 1.:

354 4119 558 4178 pensaurum,
581 4118 635 4160 seu
659 4098 802 4171 locorum,
825 4117 885 4158 nen
907 4106 1052 4158 vacante
1112 4099 1210 4174 Virpe
1233 4101 1406 4176 mositatis
1426 4104 1518 4178 sirpo
1536 4102 1628 4176 repat
1654 4101 1720 4177 trei3
1750 4101 1803 4160 ‹tt-

353 4186 517 4266 mysteriis.
541 4185 682 4258 Primum,
706 4186 813 4264 inquit,
828 4182 1052 4245 Melchisedech
1105 4184 1209 4247 laetate·
1229 4189 1393 4260 justitiam
1415 4196 1446 4248 et
1466 4190 1561 4261 odisti
1580 4188 1813 4267 iniquitatem:

353 4276 418 4354 ipse
430 4274 552 4333 nornine
563 4293 692 4352 magnae
704 4271 860 4351 cujusdam
872 4272 916 4331 rai
927 4270 1052 4350 figuram
1105 4280 1167 4332 tum
1180 4273 1280 4346 etiam,
1297 4266 1377 4354 quia*
1378 4276 1519 4353 justitiae
1530 4274 1618 4336 uubis
1631 4282 1738 4335 auctor
1748 4283 1805 4347 eet,

353 4359 520 4440 praetulit,
543 4357 623 4419 idem
638 4360 717 4420 enim
734 4358 825 4431 valet,
843 4356 924 4438 qued
939 4377 993 4418 rex
1004 4358 1051 4437 jn·
1106 4380 1166 4420 nen
1181 4379 1242 4440 qna
1251 4362 1329 4438 justi
1344 4362 1432 4422 medo
1448 4369 1630 4442 reputemur,
1654 4369 1687 4421 nt
1701 4360 1803 4421 haere·

353 4450 465 4519 stitiae,
480 4444 512 4507 id
526 4454 572 4506 est
587 4466 640 4508 rex
652 4448 763 4524 justus,
786 4444 888 4525 phrasi
903 4445 1052 4518 Hebraea,
1105 4447 1156 4506 tici
1171 4445 1285 4521 velunt,
1308 4446 1363 4508 sed
1378 4465 1440 4528 qua
1462 4448 1628 4510 secuudum
1645 4449 1805 4508 veritatem

352 4535 433 4595 sicut
454 4534 580 4613 exponit
599 4533 803 4611 Hieronymus
825 4531 865 4593 ad
879 4532 1053 4611 Evagrinm,
1102 4534 1178 4612 justi
1201 4535 1392 4595 nominamur
1413 4541 1445 4595 ct
1470 4537 1571 4598 simus.
1608 4534 1678 4594 Rex
1704 4541 1807 4595 sutem

353 4630 385 4681 et
398 4629 472 4681 ante
486 4640 556 4681 eum
572 4619 729 4699 Josephus
751 4618 804 4679 lib.
823 4625 849 4680 1.
865 4620 968 4699 Antiq.
985 4638 1051 4698 cap.
1106 4619 1191 4699 pacis
1212 4620 1266 4681 vel
1287 4629 1412 4701 prepter
1433 4621 1554 4685 felicem
1577 4641 1613 4680 ae
1628 4639 1806 4700 prosperum

356 4713 406 4771 11.
430 4705 524 4786 Quod
547 4726 638 4788 quam
662 4726 735 4767 vere
756 4705 954 4768 inebriatum
973 4724 1051 4765 cem·
1106 4708 1190 4786 regni
1206 4708 1256 4767 sui
1271 4716 1390 4781 statum,
1413 4728 1500 4789 quam
1523 4708 1607 4789 pacis
1622 4707 1743 4769 nemine
1757 4727 1816 4780 soz

353 4803 445 4873 petat,
459 4795 492 4854 in
506 4801 598 4874 parte
612 4795 754 4873 sequenti
769 4811 965 4872 exponemus.
1106 4792 1169 4854 lent
1199 4793 1335 4855 Hebraei
1359 4795 1556 4874 significare,
1592 4812 1653 4872 qua
1682 4793 1812 4874 quidem.

395 4878 532 4962 Quidam
544 4878 699 4941 Hebraice
714 4881 803 4960 periti
817 4898 924 4940 nomeu
939 4879 996 4938 hcc
1009 4879 1053 4939 ita
1107 4882 1224 4942 ratione
1233 4882 1427 4957 potissimum
1446 4902 1501 4961 per
1516 4878 1713 4953 Salomonem,
1737 4883 1805 4962 ipso

353 4964 616 5048 interpretandum
638 4976 777 5028 censent:
805 4984 862 5028 ree
886 4984 973 5026 messa
993 4967 1052 5038 jas·
1107 4967 1197 5026 etiam
1212 4968 1341 5038 nominc,
1357 4968 1579 5046 praefiguratus
1591 4974 1653 5040 est,
1669 4967 1719 5027 uel
1731 4971 1817 5049 quiav

351 5059 477 5138 mitten
499 5063 627 5137 propter
643 5052 701 5137 jod
721 5052 866 5128 medium,
887 5050 972 5133 quod
989 5053 1049 5133 pst
1106 5049 1279 5134 pacificatur
1304 5062 1409 5115 mater
1432 5061 1496 5129 est,
1524 5052 1724 5128 monsilians
1743 5075 1803 5121 -nes
